4024 6196
325 393 400 454 89
831 387 1352 452 COMMENTAR.
1400 391 1479 452 IN
1525 390 1786 452 EVANG
1800 391 1960 452 ELII

2087 388 2464 451 ΜΑΤΤΗᾸΞΙ
2509 389 2657 450 LIB.
2706 388 2783 448 Il.
2831 386 3002 449 CAP.
3049 387 3214 448 Xlll.
3647 383 3726 447 90

316 525 410 593 lis,
445 523 666 581 dicens.
703 545 732 573 ››
762 524 956 579 Turba
985 540 1100 579 non
1145 523 1318 580 unius
1362 525 1662 580 sententiae
1715 527 1822 588 est,
1856 524 1959 578 sed
1993 525 2044 590 Α
2077 527 2191 592 tur,
2223 522 2521 578 aufertur:
2558 523 2658 577 sed
2691 521 2846 593 quod
2873 519 3154 592 apostolis
3177 519 3235 575 in
3257 519 3482 576 Christo
3505 519 3722 576 haben-

320 614 680 671 diversarum
715 613 775 668 in
825 611 1073 684 singulis
1104 611 1481 668 voluntatem.
1518 613 1680 669 Unde
1709 613 1970 683 loquitur

323 705 394 759 ad
425 719 552 759 eam
582 701 643 757 in
677 701 883 757 multis
914 700 1226 772 parabolis,
1260 706 1325 757 ut
1347 703 1521 773 juxta
1549 702 1739 758 varias
1767 701 1970 756 volun-

319 796 490 860 tates,
522 791 782 847 diversas
805 791 1128 862 reciperent
1158 791 1518 862 disciplinas.
1545 795 1612 846 Et
1642 791 1965 846 notandum

318 882 471 954 quod
505 897 622 936 non
664 880 862 935 omnia
891 879 1123 935 locutus
1170 881 1247 935 sit
1276 881 1360 935 eis
1393 881 1452 935 in
1502 879 1829 952 parabolis;
1865 880 1965 934 sed

317 968 525 1026 multa.
557 970 610 1024 Si
635 969 792 1024 enim
825 967 1068 1024 dixisset
1089 969 1286 1024 omnia
1317 970 1375 1023 in
1407 969 1720 1041 parabolis,
1743 969 1966 1040 absque

317 1058 714 1116 emolumento
744 1056 946 1128 populi
979 1057 1382 1114 recessissent.
1414 1057 1730 1129 Perspicua
1761 1057 1968 1112 miscet

317 1147 602 1214 obscuris,
634 1152 698 1201 ut
727 1162 828 1217 per
857 1162 925 1201 ea
954 1162 1080 1218 qua:
1116 1145 1452 1218 intelligunt
1481 1150 1864 1218 provocentur
1895 1147 1965 1201 ad

315 1251 517 1292 eorum
550 1235 821 1290 notitiam
853 1251 982 1306 quas
1014 1251 1128 1289 non
1160 1235 1516 1307 intelligunt.

383 1325 576 1392 (Vers.
610 1325 665 1389 3,
700 1324 776 1395 4.)
809 1346 836 1373 ‹‹
871 1324 1016 1378 Ecce
1047 1323 1184 1378 exiit
1215 1323 1314 1394 qui
1348 1323 1620 1390 seminat,
1654 1323 1962 1378 seminare.

310 1413 384 1469 Et
425 1413 566 1468 dum
619 1413 890 1468 seminat.
928 1434 955 1460 »
1005 1413 1171 1468 Intus
1217 1417 1359 1480 erat,
1394 1412 1552 1468 domi
1600 1413 1963 1479 versabatur,

309 1501 664 1573 loquebatur
703 1500 1007 1572 discipulis
1055 1505 1442 1556 sacramenta.
1477 1501 1662 1556 Exivit
1709 1517 1844 1572 ergo
1895 1501 1966 1556 de

308 1590 489 1646 domo
530 1607 640 1645 sua
670 1589 770 1661 qui
819 1590 1069 1645 seminat
1115 1591 1355 1645 verbum
1387 1589 1507 1660 Dei,
1540 1595 1605 1644 ut
1652 1589 1967 1646 seminaret

304 1678 366 1734 in
401 1679 614 1734 turbis.
638 1678 1017 1750 Signiﬁcatur
1035 1682 1228 1733 autem
1252 1683 1409 1733 sator
1430 1678 1538 1734 iste
1561 1679 1661 1750 qui
1689 1679 1962 1746 seminat,

303 1783 437 1823 esse
469 1767 655 1823 Filius
683 1768 810 1834 Dei,
840 1772 896 1823 et
924 1767 1110 1822 Patris
1140 1767 1200 1822 in
1231 1767 1466 1840 populis
1522 1768 1810 1824 seminare
1843 1783 1962 1823 ser-

305 1872 570 1911 monem.
611 1857 682 1911 Et
725 1854 900 1911 simul
950 1856 1192 1911 observa
1239 1873 1367 1911 esse
1414 1856 1665 1927 primam
1717 1857 1963 1928 parabo-
1995 1893 2042 1958 B

302 1943 596 2015 lam,quae
627 1961 762 1999 cum
786 1944 1264 2016 interpretatione
1296 1962 1405 2000 sua
1436 1945 1625 2017 posita
1651 1945 1745 2001 sit.
1769 1945 1834 1999 Et
1863 1958 1964 2000 ca-

302 2033 564 2088 vendum
595 2041 680 2088 est
711 2031 1046 2104 ubicunque
1081 2033 1360 2088 Dominus
1401 2033 1637 2106 exponit
1667 2050 1965 2090 sermones

299 2138 470 2186 suos,
507 2126 565 2177 et
613 2125 854 2192 rogatus
903 2139 936 2176 a
965 2121 1270 2193 discipulis
1319 2122 1676 2178 intrinsecus
1706 2122 1962 2193 disserit,

299 2227 377 2266 ne
412 2208 501 2265 vel
533 2209 715 2276 aliud,
750 2227 856 2265 nec
903 2209 1036 2282 plus
1065 2211 1206 2282 quid
1239 2210 1325 2265 vel
1375 2211 1572 2267 minus
1603 2211 1850 2268 velimus
1878 2212 1965 2267 in-

299 2298 591 2371 telligere,
625 2315 804 2370 quam
839 2300 854 2333 ¹
887 2299 957 2354 ab
989 2315 1055 2354 eo
1087 2299 1418 2372 expositum
1451 2305 1558 2356 est.

379 2387 570 2459 (Vers.
594 2389 646 2453 5,
678 2388 759 2459 8.)
803 2412 829 2437 ‹‹
865 2388 1139 2452 Quaedam
1194 2389 1532 2444 ceciderunt
1563 2405 1730 2447 secus
1760 2390 1913 2445 viam
1949 2406 1962 2444 :

297 2480 364 2532 et
397 2481 678 2532 venerunt
707 2477 972 2533 volucres
1004 2477 1153 2543 coeli,
1187 2481 1244 2532 et
1293 2479 1673 2534 comederunt
1704 2495 1770 2534 ea
1802 2495 1814 2532 :
1853 2479 1967 2534 alia

297 2569 506 2622 autem
537 2564 873 2621 ceciderunt
903 2566 961 2620 in
995 2570 1227 2638 petrosa
1258 2566 1367 2635 [Αἱ.
1395 2567 1684 2638 petrosis],
1719 2567 1817 2622 ubi
1849 2585 1964 2623 non

293 2653 602 2710 habebant
632 2659 851 2709 terram
888 2653 1137 2710 multam
1173 2671 1184 2708 :
1221 2658 1277 2710 et
1308 2656 1584 2710 continuo
1634 2660 1833 2711 exorta
1864 2656 1963 2711 88

297 2748 466 2813 sunt,
503 2743 640 2813 quia
695 2759 813 2797 non
863 2741 1159 2798 habebant
1209 2742 1579 2799 altitudinem
1611 2748 1798 2798 terra}.
1834 2743 1966 2800 Sole

298 2836 502 2887 autem
552 2836 700 2902 orto,
731 2835 1171 2888 aestuaverunt:
1222 2835 1279 2888 et
1333 2833 1473 2903 quia
1522 2848 1638 2888 non
1672 2832 1966 2888 habebant

297 2919 585 2985 radicem,
618 2924 918 2974 aruerunt.
961 2919 1091 2975 Alia
1138 2925 1336 2976 autem
1373 2920 1706 2976 ceciderunt
1752 2923 1811 2976 in
1845 2922 1964 2993 spi-

298 3025 414 3064 nas
448 3025 463 3062 :
497 3012 553 3064 et
582 3013 891 3064 creverunt
920 3010 1126 3081 spinae,
1157 3013 1214 3064 et
1254 3010 1686 3065 suﬁ'ocaverunt
1717 3026 1803 3066 ea.
1838 3009 1966 3066 Alia

298 3101 503 3152 autem
563 3097 898 3153 ceciderunt
952 3097 1010 3152 in
1061 3103 1276 3154 terram
1339 3100 1575 3166 bonam,
1635 3102 1692 3154 et
1747 3099 1966 3154 dabant

297 3187 564 3241 fructum
601 3203 614 3241 :
650 3187 808 3241 aliud
853 3186 1262 3254 centesimum,
1295 3187 1454 3242 aliud
1505 3188 1958 3260 sexagesimum,

296 3273 475 3329 aliud
518 3274 898 3329 tricesimum.
935 3297 964 3324 »
996 3279 1158 3330 Hanc
1208 3275 1549 3347 parabolam
1600 3277 1671 3330 ad
1704 3293 1964 3348 compro-

296 3362 566 3418 bandam
614 3362 881 3418 haeresim
933 3380 1102 3420 suam
1148 3364 1494 3418 Valentinus
1539 3365 1812 3430 assumit,
1846 3369 1962 3421 tres

297 3450 685 3506 introducens
705 3456 967 3518 naturas,
985 3451 1374 3524 spiritualem,
1391 3452 1718 3508 naturalem
1737 3452 1824 3507 vel
1846 3455 1966 3508 ani-

300 3538 519 3594 malem
571 3545 745 3612 atque
792 3544 1085 3596 terrenam
1115 3542 1137 3574 ί
1165 3566 1178 3608 ;
1210 3557 1343 3596 cum
1375 3541 1471 3596 hic
1515 3545 1764 3613 quatuor
1793 3543 1912 3597 sint
1947 3561 1959 3598 :

298 3643 421 3682 una
459 3629 630 3699 juxta
659 3628 848 3694 viam;
885 3628 997 3683 alia
1023 3634 1294 3700 petrosa;
1331 3629 1506 3684 tertia
1548 3630 1721 3701 plena
1752 3630 1960 3702 spinis,

302 3721 517 3788 quarta
547 3716 712 3772 terrae
745 3717 931 3772 bonae.
963 3718 1300 3773 Differimus
1333 3735 1649 3790 parumper
1679 3719 1958 3791 interpre-

299 3793 583 3859 tationem
615 3806 748 3876 ejus
777 3821 912 3860 cum
960 3805 1289 3878 discipulis,
1322 3806 1578 3862 volentes
1610 3811 1826 3863 secrete
1856 3825 1959 3863 au-

301 3893 431 3948 dire
461 3894 615 3964 quod
643 3893 878 3949 dicitur.

382 3979 567 4049 (Vers.
613 3980 689 4052 9.)
738 3982 845 4046 Qui
898 3982 1071 4038 habet
1120 4000 1290 4038 aures
1339 3972 1614 4038 audiendi
1664 3983 1881 4040 audiat.
1933 4007 1960 4034 »

300 4073 696 4125 Provocamur
747 4071 818 4126 ad
868 4070 1157 4127 dictorum
1208 4071 1677 4145 intelligentiam,
1731 4073 1961 4144 quoties

300 4158 393 4214 his
427 4159 806 4215 sermonibus
855 4176 1300 4216 commonemur
1332 4162 1438 4230 [AL
1474 4163 1959 4233 commovemur).

368 4247 564 4315 (Vers.
613 4249 701 4314 10,
729 4248 814 4318 11)
855 4270 875 4298 ε
908 4251 977 4303 Et
1007 4250 1347 4305 accedentes
1379 4249 1653 4321 discipuli
1687 4251 1962 4306 dixerunt

298 4335 350 4391 ei
386 4351 400 4390 :
435 4335 628 4399 Quare
657 4336 717 4391 in
769 4336 1062 4407 parabolis
1107 4337 1367 4409 loqueris
1418 4339 1503 4394 eis
1526 4338 1554 4393 ?
1586 4338 1691 4403 Qui
1724 4355 1961 4411 respon-

301 4421 448 4477 dens
469 4423 554 4477 ait
581 4420 702 4477 illis
726 4438 740 4477 :
769 4423 914 4487 Quia
942 4424 1105 4480 vobis
1138 4425 1337 4480 datum
1367 4431 1456 4481 est
1487 4444 1659 4483 nosse
1682 4428 1960 4499 mysteria

300 4511 465 4583 regni
489 4509 770 4566 ccelorum
787 4529 798 4567 :
815 4511 931 4568 illis
953 4518 1148 4568 autem
1164 4530 1277 4569 non
1297 4515 1621 4570 estdatum.
1642 4537 1671 4565 »
1687 4503 1954 4582 Quaeren-

299 4599 442 4655 dum
475 4606 566 4655 est
588 4601 878 4672 quomodo
912 4603 1191 4658 accedant
1222 4605 1294 4658 ad
1327 4620 1459 4659 eum
1494 4605 1790 4677 discipuli,
1823 4623 1954 4662 cum

297 4687 472 4744 Jesus
493 4689 553 4743 in
580 4688 714 4745 navi
737 4689 972 4758 sedeat;
1002 4691 1115 4746 nisi
1137 4692 1281 4748 forte
1303 4693 1549 4766 intelligi
1583 4694 1775 4762 datur,
1803 4698 1957 4767 quod

303 4777 529 4832 dudum
557 4794 691 4833 cum
715 4778 842 4850 ipso
866 4796 1070 4835 navem
1106 4782 1572 4850 conscenderint,
1606 4789 1664 4838 et
1693 4784 1773 4838 ibi
1797 4789 1959 4840 stan-

308 4868 393 4920 tes
432 4883 610 4938 super
641 4867 1120 4940 interpretatione
1151 4870 1439 4942 parabolae
1472 4871 1748 4927 sciscitati
1782 4873 1919 4927 sint.

379 4953 560 5025 (Vers.
590 4957 700 5028 12.)
724 4979 752 5006 ‹‹
788 4958 894 5022 Qui
926 4959 1085 5013 enim
1109 4959 1303 5026 habet,
1323 4961 1560 5015 dabitur
1589 4960 1663 5027 ei,
1693 4967 1748 5016 et
1779 4962 1959 5017 abun-

301 5042 462 5098 dabit
496 5061 508 5097 :
544 5045 646 5116 qui
678 5050 877 5101 autem
910 5062 1025 5102 non
1061 5046 1255 5119 habet,
1289 5053 1346 5105 et
1379 5050 1534 5120 quod
1567 5049 1762 5116 habet,
1795 5053 1954 5106 aufe-

298 5136 459 5187 retur
479 5134 555 5188 ab
577 5149 643 5189 eo
662 5153 688 5184 ι)
739 5134 866 5190 Non
892 5134 952 5190 in
973 5139 1302 5207 aequalitate
1318 5139 1338 5172 ³
1355 5138 1567 5209 judicii
1587 5138 1942 5196 habentibus

300 5221 558 5290 additur,
589 5226 649 5278 et
677 5239 794 5278 non
827 5222 1182 5281 habentibus
1234 5225 1294 5280 in
1327 5227 1482 5299 quod
1513 5227 1727 5284 habere
1755 5228 1953 5284 viden-

374 5418 389 5448 ί
420 5415 605 5474 Iidem
649 5433 831 5494 mss.,_
871 5418 1182 5494 velgaliud,
1211 5420 1300 5478 vel
1343 5423 1470 5494 plus
1521 5422 1678 5494 quid,
1718 5425 1800 5479 vel
1847 5425 1955 5479 mi-

301 5502 404 5564 nas
444 5504 755 5564 praesumus
807 5489 1137 5564 intelligere,
1169 5489 1382 5564 ’quam,
1445 5489 1553 5549 etc'.
1608 5494 1668 5549 In
1720 5495 1952 5551 Victorii

296 5559 428 5636 edd.
467 5561 546 5636 vel
599 5559 1221 5636 minus__desid'eratur;
1246 5581 1458 5632 errore,
1497 5570 1556 5620 ut
1603 5566 1853 5636 videtur,
1886 5583 1954 5623 ex

295 5632 376 5685 vel
407 5632 595 5687 minus
625 5637 683 5689 et
712 5633 941 5688 velimus
973 5633 1359 5692 similitudine
1391 5654 1597 5692 vocum
1631 5641 1788 5693 nato.

365 5702 387 5735 ⁸
416 5703 601 5760 Palat.
631 5705 1051 5778 mss.editique
1085 5706 1224 5764 olim
1254 5707 1389 5766 libri
1420 5710 1794 5782 spiritualem,
1828 5713 1951 5768 ani-

2076 612 2236 667 tibus
2270 613 2466 677 ﬁdem,
2492 610 2723 666 etiamsi
2756 610 2896 681 quid
2926 609 3126 663 minus
3144 608 3426 663 virtutum
3448 608 3729 674 habeant,

2076 701 2448 756 conceditur:
2481 701 2700 756 Judaeis
2732 703 2950 763 autem,
2980 698 3081 769 qui
3114 713 3228 751 non
3259 697 3630 752 crediderunt
3662 697 3720 751 in

2077 789 2288 844 Filium
2318 790 2436 857 Dei,
2459 788 2691 844 etiamsi
2725 788 2865 860 quid
2898 804 3001 860 per
3031 790 3253 841 natura
3285 786 3502 840 bonum
3537 785 3726 857 possi-

2077 878 2234 946 dent,
2270 877 2516 934 tollitur.
2549 879 2747 949 N'eque
2779 877 2934 931 enim
2969 880 3214 946 possunt
3243 873 3467 945 aliquid
3497 874 3728 944 sapien-

2075 971 2162 1022 ter
2190 967 2534 1040 intelligere,
2559 967 2660 1039 qui
2691 972 2870 1038 caput
2901 983 3014 1021 non
3050 965 3267 1019 habent
3295 962 3624 1036 sapientiae.

2147 1056 2329 1128 (Vers.
2366 1058 2453 1124 13,
2487 1057 2598 1129 14.)
2649 1057 2844 1111 «Ideo
2889 1055 2949 1109 in
2997 1053 3291 1126 parabolis
3343 1052 3551 1124 loquor
3597 1050 3682 1106 eis
3718 1068 3730 1106 :

2074 1146 2212 1217 quia
2239 1146 2525 1212 videntes,
2557 1163 2671 1202 non
2702 1145 2901 1200 vident
2935 1162 2947 1200 :
3001 1148 3058 1200 et
3106 1142 3431 1212 audientes,
3476 1157 3588 1196 non
3622 1157 3726 1195 au-

2074 1234 2261 1299 diunt,
2312 1250 2500 1305 neque
2541 1233 2924 1306 intelligunt:
2981 1237 3045 1288 ut
3091 1231 3487 1304 adimpleatur
3535 1229 3596 1283 in
3644 1228 3731 1284 eis

2074 1323 2379 1395 prophetia
2413 1323 2572 1379 Isaiae
2618 1323 2866 1378 dicentis
2903 1339 2914 1378 :
2969 1321 3190 1376 Auditu
3222 1319 3498 1386 audietis,
3529 1321 3585 1372 et
3616 1334 3732 1372 non

2075 1412 2411 1484 intelligetis
2437 1429 2450 1477 ;
2480 1418 2536 1467 et
2555 1413 2818 1467 videntes
2840 1409 3134 1476 videbitis,
3159 1413 3216 1464 et
3238 1426 3352 1463 non
3381 1405 3675 1462 videbitis.
3703 1428 3730 1455 »

2075 1500 2204 1555 Haec
2253 1501 2323 1555 de
2371 1501 2463 1556 his
2513 1500 2776 1572 loquitur
2824 1500 2922 1572 qui
2974 1502 3132 1554 stant
3161 1498 3219 1552 in
3250 1496 3464 1561 littore,
3497 1501 3553 1550 et
3584 1494 3729 1550 divi-

2075 1589 2297 1644 duntur
2343 1591 2414 1645 ab
2465 1590 2626 1660 Jesu,
2661 1593 2717 1645 et
2748 1589 2941 1644 sonitu
2977 1588 3264 1642 fluctuum
3296 1586 3730 1656 perstrepentes

2072 1695 2189 1734 non
2241 1679 2489 1734 audiunt
2518 1679 2590 1734 ad
2620 1678 2912 1750 liquidum
2947 1694 3072 1748 qua
3103 1676 3202 1731 89
3235 1674 3510 1730 dicuntur
3542 1691 3554 1728 :
3608 1673 3720 1728 im-

2073 1768 2380 1841 pleturque
2411 1769 2468 1823 in
2501 1769 2584 1824 eis
2618 1767 2919 1840 prophetia
2951 1767 3110 1821 Isaias
3147 1781 3158 1820 :
3210 1763 3417 1820 Audita
3463 1762 3724 1817 audietis.

2072 1865 2123 1912 et
2179 1875 2291 1913 non
2348 1859 2715 1928 intelligetis;
2772 1861 2822 1912 et
2882 1856 3123 1911 videntes
3175 1853 3454 1920 videbitis,
3504 1855 3556 1906 et
3610 1866 3728 1905 non

2072 1945 2322 2002 videbitis
2379 1949 2506 2018 (Isa.
2551 1963 2626 2008 v1,
2679 1946 2754 2016 9).
2815 1945 2944 2000 Haec
3002 1945 3072 1998 de
3131 1942 3320 1997 turbis
3379 1940 3728 2012 prophetata

2075 2039 2233 2101 sunt,
2284 2052 2411 2107 quae
2463 2039 2620 2089 stant
2670 2034 2727 2087 in
2779 2033 2990 2102 littore,
3038 2035 3095 2086 et
3125 2031 3221 2086 Dei
3266 2047 3382 2085 non
3429 2031 3731 2083 merentur

2074 2124 2275 2180 audire
2324 2139 2674 2178 sermonem.
2729 2121 3092 2176 Accedamus
3139 2135 3274 2190 ergo
3327 2121 3384 2173 et
3432 2133 3538 2171 nos
3583 2131 3717 2170 cum

2074 2211 2380 2284 discipulis
2413 2211 2484 2266 ad
2507 2211 2732 2275 Jesum,
2757 2214 2813 2264 et
2843 2224 3116 2280 rogemus
3146 2223 3278 2262 eum
3311 2205 3721 2261 dissertionem

2074 2300 2384 2374 parabolae,
2416 2317 2488 2355 ne
2535 2315 2668 2354 cum
2718 2299 2907 2354 turbis
2956 2298 3177 2354 frustra
3225 2312 3396 2351 aures
3435 2299 3491 2350 et
3519 2293 3720 2350 oculos

2073 2389 2290 2445 habere
2329 2388 2652 2444 videamur.

2145 2482 2334 2547 (Vers.
2372 2477 2482 2547 15.)
2540 2499 2561 2526 «
2597 2477 2994 2531 Incrassatum
3045 2477 3133 2530 est
3179 2472 3336 2528 enim
3382 2489 3480 2527 cor
3522 2468 3722 2544 populi

2075 2566 2274 2637 hujus,
2305 2570 2361 2622 et
2384 2565 2628 2621 auribus
2657 2564 2909 2637 graviter
2939 2563 3268 2618 audierunt.
3294 2583 3321 2612 ››
3359 2559 3567 2616 Reddit
3587 2575 3722 2614 cau-

2074 2672 2171 2711 sas
2221 2671 2401 2726 quare
2444 2654 2710 2710 videntes
2751 2670 2866 2710 non
2897 2652 3152 2719 videant,
3184 2656 3243 2707 et
3271 2649 3572 2706 audientes
3604 2665 3721 2704 non

2075 2745 2355 2799 audiant:
2390 2744 2529 2815 quia
2559 2743 2953 2798 incrassatum
2987 2745 3094 2806 est,
3143 2740 3359 2811 inquit,
3393 2755 3493 2794 cor
3520 2736 3721 2810 populi

2074 2833 2272 2904 hujus,
2306 2837 2361 2887 et
2392 2832 2634 2886 auribus
2685 2831 2809 2888 suis
2840 2829 3092 2902 graviter
3122 2828 3436 2884 audierunt
3470 2845 3482 2883 :
3535 2843 3598 2882 ac
3646 2842 3723 2882 ne

2073 2923 2218 2977 forte
2265 2922 2614 2976 arbitremur
2663 2919 3113 2975 crassitudinem
3156 2917 3349 2972 cordis
3379 2921 3436 2970 et
3465 2914 3723 2988 gravita-

2071 3016 2191 3066 tem
2223 3010 2455 3065 aurium
2491 3014 2712 3063 natura:
2743 3024 2893 3074 esse,
2920 3023 3034 3061 non
3055 3004 3394 3073 voluntatis,
3414 3002 3725 3073 subjungit

2074 3099 2307 3170 culpam
2341 3096 2587 3164 arbitrii,
2622 3102 2678 3152 et
2709 3096 2848 3151 dicit
2881 3112 2893 3149 :
2941 3117 2969 3145 «
3001 3095 3072 3148 Et
3103 3092 3302 3148 oculos
3333 3108 3471 3147 suos
3503 3089 3723 3146 clause-

2074 3192 2215 3242 runt
2240 3202 2253 3241 :
2289 3185 2598 3257 nequando
2624 3185 2857 3238 videant
2879 3181 3085 3246 oculis,
3109 3185 3165 3236 et
3195 3180 3436 3236 auribus
3461 3179 3726 3248 audiant,

1995 3261 2037 3328 C
2075 3280 2133 3332 et
2181 3275 2351 3330 corde
2401 3273 2748 3345 intelligant,
2810 3275 2866 3327 et
2920 3274 3351 3337 convertantur,
3407 3274 3463 3324 et
3520 3285 3723 3325 sanem

2074 3381 2193 3420 eos.
2231 3386 2258 3413 »
2311 3364 2371 3417 In
2419 3361 2712 3434 parabolis
2759 3376 2895 3432 ergo
2943 3359 3194 3414 audiunt
3240 3363 3298 3413 et
3337 3358 3396 3412 in
3437 3357 3720 3428 aenigma-

2072 3458 2161 3521 te,
2215 3452 2343 3524 qui,
2406 3451 2622 3507 clausis
2677 3449 2891 3519 oculis,
2951 3448 3160 3503 nolunt
3217 3462 3450 3502 cernere
3505 3446 3723 3501 verita-

2075 3546 2215 3598 tem.

2146 3631 2328 3703 (Vers.
2366 3631 2473 3700 16).
2529 3651 2556 3678 ‹‹
2590 3627 2776 3683 Vestri
2809 3631 3005 3682 autem
3037 3624 3191 3681 beati
3230 3623 3403 3690 oculi,
3451 3622 3589 3695 quia
3635 3622 3719 3677 vi-

2072 3722 2213 3776 dent
2242 3736 2253 3775 :
2289 3724 2345 3774 et
2376 3735 2548 3774 aures
2578 3722 2802 3784 vestra,
2833 3717 2972 3788 quia
3001 3714 3268 3771 audiunt.
3303 3735 3331 3762 ››
3380 3712 3504 3768 Nisi
3544 3729 3724 3784 supra

2073 3809 2421 3882 legissemus
2455 3807 2752 3862 auditores
2777 3805 2848 3861 ad
2879 3803 3328 3877 intelligentiam
3361 3806 3719 3874 provocatos,

2071 3900 2365 3955 Salvatore
2416 3897 2640 3951 dicente
2674 3913 2686 3950 :
2739 3897 2845 3962 Qui
2892 3894 3051 3950 habet
3091 3909 3257 3948 aures
3295 3891 3582 3957 audiendi,
3613 3908 3719 3945 au-

2071 3987 2205 4052 diat,
2257 3990 2603 4058 putaremus
2652 4000 2807 4038 nunc
2847 3983 3047 4037 oculos
3086 3985 3144 4037 et
3175 3997 3344 4036 aures
3375 3997 3502 4051 quae
3534 3979 3716 4034 beati-

2070 4075 2338 4132 tudinem
2361 4072 2674 4146 accipiunt,
2702 4072 2895 4127 carnis
2926 4071 3040 4142 [Αι.
3065 4069 3416 4142 corporales]
3450 4067 3715 4139 intelligi.

2073 4165 2183 4221 Sed
2208 4163 2350 4219 mihi
2376 4162 2648 4220 videntur
2673 4160 2757 4216 illi
2790 4160 2944 4215 beati
2967 4158 3142 4230 oculi,
3168 4159 3266 4229 qui
3296 4160 3544 4229 possunt
3564 4155 3724 4211 Chri-

2071 4253 2145 4309 sti
2199 4269 2547 4325 cognoscere
2597 4253 2986 4316 sacramenta,
3019 4252 3075 4303 et
3123 4264 3270 4318 quos
3321 4246 3495 4301 levari
3547 4245 3724 4301 Jesus

2069 4341 2128 4396 in
2179 4340 2432 4397 sublime
2481 4338 2774 4411 praecepit,
2833 4341 2896 4392 ut
2945 4337 3265 4392 candentes
3309 4342 3535 4407 segetes
3570 4333 3726 4406 aspi-
3809 4407 3820 4411 _

2071 4431 2228 4486 ciant
2258 4430 2436 4501 (Joan.
2474 4447 2546 4498 iv,
2579 4429 2669 4498 35)
2696 4444 2709 4494 ;
2742 4430 2799 4482 et
2829 4425 2940 4481 illas
2977 4443 3148 4482 aures
3177 4427 3376 4492 beatae,
3409 4425 3481 4479 de
3511 4424 3728 4496 quibus

2069 4519 2251 4574 Isaias
2299 4518 2560 4589 loquitur
2594 4534 2606 4572 :
2663 4518 2924 4573 Dominus
2955 4518 3204 4589 apposuit
3234 4517 3379 4570 mihi
3407 4513 3725 4570 auriculam

1993 4631 2036 4695 Β
2069 4609 2195 4680 (Isa.
2231 4625 2280 4677 L,
2317 4608 2393 4675 5).

2141 4701 2330 4767 (Vers.
2367 4699 2452 4767 17,
2487 4696 2598 4767 18.)
2651 4718 2679 4745 «
2710 4701 2896 4751 Arnen
2925 4695 3140 4767 quippe
3184 4693 3311 4748 dico
3360 4691 3540 4760 vobis,
3575 4689 3715 4762 quia

2072 4787 2240 4841 multi
2275 4786 2567 4858 prophetae
2601 4790 2657 4841 et
2677 4785 2826 4857 justi
2850 4786 3159 4856 cupierunt
3188 4783 3380 4836 videre
3403 4797 3528 4852 quae
3551 4781 3712 4836 vide-

2069 4877 2165 4947 tis,
2191 4880 2248 4930 et
2277 4892 2392 4930 non
2424 4875 2731 4930 viderunt:
2767 4879 2822 4929 et
2854 4873 3052 4928 audire
3085 4888 3210 4942 qua:
3242 4869 3479 4939 auditis,
3509 4873 3565 4924 et
3596 4887 3712 4925 non

2071 4964 2401 5020 audierunt.
2421 4963 2536 5018 Vos
2556 4980 2692 5036 ergo
2716 4962 2910 5017 audite
2935 4959 3270 5032 parabolam
3294 4959 3661 5015 seminantis.
3685 4983 3711 5007 ››

2069 5054 2314 5109 Videtur
2341 5053 2479 5109 huic
2508 5052 2634 5108 loco
2666 5051 2810 5106 illud
2844 5067 2972 5105 esse
3003 5047 3360 5104 contrarium
3391 5048 3543 5120 quod
3575 5047 3713 5103 alibi

2069 5143 2317 5198 dicitur:
2355 5143 2628 5198 Abraham
2657 5142 2866 5210 cupivit.
2904 5139 3051 5194 diem
3090 5155 3270 5194 meum
3299 5137 3500 5205 videre,
3531 5144 3582 5192 et
3619 5138 3708 5191 vi-

2065 5231 2166 5301 dit,
2198 5239 2248 5286 et
2277 5232 2496 5288 laetatus
2527 5239 2604 5286 est
2631 5231 2826 5300 (Joan.
2862 5246 2984 5297 vm,
3005 5229 3118 5299 56).
3150 5227 3274 5284 Non
3305 5231 3500 5281 autem
3531 5225 3711 5280 dixit:

2063 5428 2273 5482 malem
2309 5434 2469 5499 atque
2509 5430 2809 5490 terrenam,
2842 5429 3144 5499 egxpunctar
3171 5423 3395 5499 scilicet
3433 5437 3571 5499 v_o_ce
3599 5437 3711 5499 na-

2065 5500 2322 5568 turalem,
2350 5494 2478 5569 quas
2507 5502 2562 5552 et
2592 5497 2884 5552 contextui
2915 5494 3401 5568 superabundare
3421 5494 3708 5549 videatur.

2065 5571 2425 5636 Quibuscum
2459 5574 2514 5624 et
2544 5569 2769 5637 Rhabb,
2804 5575 3105 5625 consonat.

2134 5643 2154 5675 ²
2185 5647 2306 5698 Duo
2330 5659 2359 5697 e
2385 5641 2622 5709 nostris,
2647 5657 2914 5713 unusque
2938 5658 3114 5713 penes
3138 5639 3533 5698 Martiantemn
3562 5651 3706 5702 mss,

2061 5716 2324 5786 wquilale
2355 5714 2689 5787 praeferunt,
2724 5730 2824 5784 pro
2853 5714 3185 5785 aequalitate.
