4024 6196
309 322 382 390 91
1556 327 1620 388 S.
1667 327 1982 389 EUSEBII
2026 327 2470 390 HIERONYMI
3632 333 3712 394 93

312 455 528 512 Omnes
557 453 851 526 propheta:
889 460 946 513 et
973 457 1114 529 justi
1146 457 1456 532 cupierunt
1485 458 1676 514 videre
1707 477 1833 532 quae
1869 460 1948 514 vi-
1978 461 2034 526 Α
2071 461 2238 530 Venit,
2284 460 2493 532 inquit,
2550 462 2730 516 malus
2777 464 2829 517 et
2873 461 3020 534 rapit
3065 461 3207 532 quod
3250 463 3588 519 seminalum
3633 469 3714 522 est

314 545 481 610 detis,
515 543 615 600 sed
647 543 832 600 Multi.
866 547 1019 601 Inter
1061 547 1278 604 multos
1308 553 1498 619 potest
1545 548 1689 614 fieri,
1739 552 1804 602 ut
1851 548 1949 602 alii

308 631 578 701 viderint,
611 632 708 690 alii
741 651 854 689 non
886 635 1134 691 viderint
1164 653 1178 691 :
1227 637 1362 692 licet
1401 643 1456 692 et
1488 639 1546 692 in
1592 638 1700 692 hoc
1733 638 1955 710 pericu-

307 719 434 778 losa
465 721 542 776 sit
579 721 1000 796 interpretatio,
1037 730 1101 780 ut
1150 727 1301 782 inter
1348 732 1682 782 sanctorum
1746 726 1953 783 merita

307 809 721 868 discretionem
789 814 1113 885 quamlibet
1170 816 1358 872 facere
1415 816 1733 871 videamur.
1803 817 1951 887 Ergo

307 899 604 956 Abraham
635 901 778 956 vidit
806 902 864 956 in
897 903 1224 976 aenigmate,
1259 921 1372 960 non
1413 905 1556 959 vidit
1601 905 1658 960 in
1710 905 1900 976 specie
1933 908 1949 941 ί

307 987 455 1059 (Gen.
497 1007 672 1057 xxxu,
715 993 843 1062 30):
878 1009 979 1047 vos
1017 997 1212 1048 autem
1247 994 1304 1048 in
1350 995 1656 1065 praesentia
1695 1010 1828 1048 eum
1868 998 1951 1048 te-

305 1075 477 1143 netis,
536 1081 594 1132 et
649 1077 876 1136 habetis
932 1081 1248 1137 Dominum
1307 1086 1588 1149 vestrum,
1629 1085 1731 1138 90
1771 1089 1828 1138 et
1880 1082 1951 1136 ad

301 1164 666 1222 voluntatem
707 1168 1108 1240 interrogatis,
1148 1176 1204 1225 et
1243 1172 1654 1228 convescirnini
1699 1171 1769 1226 ei.

377 1256 564 1326 (Vers.
611 1257 722 1327 19.)
767 1280 792 1309 ‹‹
824 1259 1030 1315 Omnis
1072 1259 1171 1332 qui
1213 1260 1376 1315 audit
1405 1262 1645 1316 verbum
1679 1261 1861 1333 regni,
1895 1264 1952 1316 et

307 1361 422 1398 non
464 1344 755 1418 intelligit.
805 1369 832 1396 »
874 1351 993 1403 Hoc
1033 1349 1392 1420 praemittens
1434 1351 1702 1405 hortatur
1739 1366 1846 1406 nos
1885 1353 1952 1404 ut

308 1447 437 1502 quae
478 1431 756 1490 dicuntur
793 1435 1132 1510 diligentius
1173 1438 1503 1494 audiamus.

378 1520 561 1592 (Vers.
607 1524 818 1596 19-21.)
877 1548 905 1575 «
938 1526 1110 1582 Venit
1148 1527 1338 1582 malus
1380 1532 1436 1583 et
1475 1528 1624 1600 rapit
1665 1529 1818 1599 quod
1860 1544 1948 1584 se-

307 1610 596 1684 minatum
629 1617 716 1668 est
745 1614 803 1668 in
838 1615 1007 1670 corde
1039 1615 1203 1685 ejus:
1239 1615 1332 1672 hic
1363 1620 1451 1673 est
1481 1618 1580 1688 qui
1607 1635 1774 1673 secus
1795 1618 1949 1672 viam

304 1698 630 1771 seminatus
660 1704 767 1756 est.
793 1702 898 1767 Qui
932 1707 1127 1760 autem
1160 1721 1338 1775 super
1369 1710 1602 1777 petrosa
1627 1705 1951 1762 seminatus

302 1790 410 1862 est,
451 1787 547 1842 hic
588 1795 676 1844 est
715 1791 814 1862 qui
856 1793 1097 1848 verbum
1147 1795 1332 1863 audit,
1373 1799 1431 1850 et
1480 1795 1755 1851 continuo
1813 1810 1948 1850 cum
1979 1832 2028 1896 Β

295 1875 518 1954 (gaudio
576 1878 785 1949 accipit
841 1878 1006 1946 illud,
1053 1899 1166 1936 non
1209 1882 1384 1938 habet
1422 1889 1616 1940 autem
1659 1884 1717 1938 in
1758 1901 1820 1940 se
1859 1900 1950 1938 ra-

300 1963 512 2034 dicem,
547 1967 647 2022 sed
679 1972 767 2024 est
796 1969 1154 2042 temporalis.
1189 1993 1216 2021 »
1261 1973 1448 2028 Malus
1487 1974 1707 2029 bonum
1753 1989 1951 2028 semen

306 2054 478 2127 rapit.
503 2059 568 2110 Et
600 2057 777 2112 simul
809 2058 1066 2132 intellige
1098 2061 1252 2132 quod
1287 2062 1344 2116 in
1379 2063 1549 2118 corde
1581 2063 1754 2117 fuerit
1776 2062 1952 2118 semi-

306 2149 530 2211 natum,
565 2150 621 2201 et
652 2146 957 2204 diversitas
991 2153 1152 2204 terrae
1186 2150 1395 2208 animae
1419 2150 1538 2206 sint
1566 2151 1948 2207 credentium.

306 2255 334 2281 «
368 2233 542 2289 Facta
588 2239 783 2290 autem
842 2237 1218 2294 tribulatione
1257 2245 1314 2294 et
1354 2241 1776 2312 persecutione,
1818 2257 1952 2312 pro-

305 2325 436 2394 pter
490 2324 729 2379 verbum
789 2326 1066 2382 continuo
1123 2328 1570 2385 scandalizatur.
1615 2352 1642 2378 ››
1706 2330 1953 2385 Attende

309 2413 464 2483 quod
497 2413 716 2468 dictum
762 2415 860 2483 sit,
893 2416 1169 2472 continuo
1201 2418 1650 2474 scandalizatur.
1684 2420 1785 2473 Est
1814 2434 1951 2490 ergo

305 2500 504 2572 aliqua
541 2503 822 2560 distantia
861 2504 1014 2560 inter
1048 2522 1182 2560 eum
1224 2507 1324 2578 qui
1367 2506 1573 2562 multis
1621 2506 1951 2562 tribulatios

305 2588 482 2645 nibus
518 2591 824 2664 poenisque
865 2593 1237 2666 compellitur
1273 2595 1571 2650 Christum
1622 2611 1853 2667 negare,
1896 2598 1953 2650 et

303 2694 440 2734 eum
479 2681 579 2751 qui
619 2681 690 2736 ad
730 2682 984 2753 primam
1027 2684 1490 2755 persecutionem
1539 2684 1739 2740 statim
1781 2700 1951 2740 scan-

307 2765 612 2839 dalizatur,
653 2774 710 2825 et
748 2772 986 2828 corruit.

378 2856 563 2927 (Vers.
596 2860 711 2927 22.)
743 2883 769 2909 ‹‹
804 2859 910 2924 Qui
943 2864 1138 2918 autem
1169 2862 1495 2918 seminatus
1526 2867 1616 2919 est
1646 2863 1705 2919 in
1740 2861 1950 2934 spinis,

305 2940 402 2998 hic
460 2949 548 3000 est
601 2946 701 3017 qui
759 2948 1000 3003 verbum
1061 2949 1243 3018 audit,
1285 2953 1342 3005 et
1380 2950 1714 3006 sollicitudo
1756 2949 1952 3006 saeculi

302 3031 476 3090 istius
533 3038 590 3090 et
647 3033 876 3092 fallacia
930 3037 1267 3106 divitiarum
1309 3039 1554 3095 suffocat
1593 3041 1854 3108 verbum,
1896 3043 1954 3094 et

302 3121 429 3182 sine
467 3122 658 3178 fructu
709 3126 977 3192 efficitur.
1013 3149 1041 3177 ››
1093 3127 1234 3184 Mihi
1264 3128 1493 3184 videtur
1521 3133 1580 3184 et
1609 3128 1753 3184 illud
1790 3128 1946 3200 quod

2063 551 2119 604 in
2151 551 2311 605 corde
2339 552 2455 620 ejus
2479 567 2500 612 ;
2532 555 2588 605 et
2616 551 2872 606 secundo
2904 567 2967 605 ac
2996 551 3191 618 tertio,
3216 551 3308 606 hic
3340 556 3451 617 est,
3481 553 3582 617 ait,
3609 555 3713 625 qui

2061 639 2305 694 verbum
2339 640 2522 696 audit.
2559 641 2619 695 In
2661 639 3019 712 expositione
3051 656 3286 711 quoque
3314 645 3477 697 terra;
3522 642 3710 713 bonae,

2063 727 2174 784 iste
2221 734 2310 783 est
2361 730 2460 800 qui
2515 730 2680 784 audit
2733 730 2995 785 verbum.
3039 729 3302 784 Primum
3353 745 3488 802 ergo
3535 731 3712 786 debe-

2064 833 2198 871 mus
2239 819 2458 887 audire,
2491 819 2702 873 deinde
2754 818 3095 890 intelligere,
3129 821 3184 872 et
3213 822 3344 889 post
3387 818 3714 891 intelligen-

2062 907 2202 960 tiam
2254 907 2479 962 fructus
2529 908 2769 963 reddere
2816 907 3235 972 doctrinarum,
3287 911 3342 962 et
3387 907 3573 962 facere
3625 907 3715 963 vel

2063 995 2448 1050 centesimum
2497 997 2772 1067 fructum,
2804 995 2892 1050 vel
2938 996 3390 1068 sexagesimum,
3417 996 3505 1050 vel
3545 996 3716 1051 trice-

2063 1085 2302 1148 simum,
2335 1085 2406 1140 de
2439 1085 2655 1156 quibus
2688 1084 2919 1157 plenius
2952 1085 3009 1138 in
3042 1083 3190 1139 libro
3222 1089 3424 1139 contra
3452 1085 3712 1141 Jovinia-

2064 1190 2205 1228 num
2231 1173 2507 1237 diximus,
2533 1178 2590 1228 et
2613 1191 2767 1229 nunc
2789 1173 3040 1228 breviter
3061 1173 3514 1245 perstringimus
3537 1192 3549 1230 :
3575 1191 3713 1230 cen-

2062 1263 2341 1317 tesimum
2374 1264 2627 1318 fructum
2671 1261 3018 1336 virginibus,
3063 1262 3489 1334 sexagesimum
3520 1262 3713 1318 viduis

2061 1355 2119 1407 et
2165 1352 2623 1423 continentibus,
2658 1350 3022 1407 tricesimum
3072 1355 3231 1406 casto
3261 1352 3284 1384 ‘
3330 1351 3710 1408 matrimonio

2061 1441 2430 1512 deputantes.
2497 1441 2854 1496 Honorabiles
2903 1442 3056 1496 enim
3121 1441 3352 1511 nuptiz,
3409 1445 3466 1495 et
3534 1440 3715 1496 cubile

2062 1530 2479 1585 immaculatum
2527 1531 2708 1600 (Hebr.
2761 1547 2885 1596 x111,
2943 1530 3016 1601 4).
3070 1529 3318 1593 Quidam
3375 1533 3712 1594 nostrorum

2062 1618 2448 1674 centesimum
2482 1619 2737 1674 fructum
2792 1619 2864 1675 ad
2900 1623 3186 1691 martyres
3217 1617 3476 1673 referunt
3507 1635 3520 1674 :
3554 1619 3712 1691 quod

2062 1708 2113 1763 si
2151 1708 2230 1764 ita
2260 1713 2367 1775 est,
2397 1713 2599 1764 sancta
2629 1709 2924 1764 consortia
2954 1708 3294 1780 nuptiarum
3324 1705 3716 1764 excluduntur

2062 1815 2096 1852 a
2127 1798 2318 1853 fructu
2350 1798 2522 1853 bono.

2133 1889 2322 1958 (Vers.
2382 1888 2641 1956 24—30.)
2688 1910 2716 1936 ‹‹
2766 1885 2954 1942 Aliam
3013 1885 3350 1958 parabolam
3406 1885 3715 1958 proposuit

2061 1975 2198 2042 illis,
2235 1976 2435 2032 dicens
2471 1993 2482 2032 :
2517 1975 2717 2031 Simile
2749 1980 2837 2031 est
2880 1991 3127 2047 regnum
3177 1974 3455 2030 ccelorum
3487 1974 3714 2030 homini

2062 2065 2163 2136 qui
2207 2065 2517 2120 seminavit
2563 2066 2783 2121 bonum
2839 2081 3038 2120 semen
3091 2063 3151 2118 in
3199 2079 3336 2136 agro
3388 2080 3515 2118 suo.
3565 2063 3712 2119 Cum

2061 2159 2258 2210 autem
2297 2154 2617 2210 dormirent
2665 2153 2954 2219 homines,
2979 2152 3139 2208 venit
3167 2151 3445 2208 inimicus
3475 2153 3624 2223 ejus,
3658 2155 3718 2208 et

2062 2244 2552 2316 superseminavit
2595 2242 2817 2298 zizania
2865 2242 2922 2296 in
2972 2240 3162 2296 medio
3211 2241 3409 2303 tritici,
3442 2245 3499 2296 et
3545 2241 3712 2296 abiit.

2061 2333 2208 2389 Cum
2254 2337 2448 2387 autem
2490 2332 2768 2388 crevisset
2812 2330 3014 2396 herba,
3055 2335 3111 2384 et
3154 2330 3408 2385 fructum
3459 2329 3712 2399 fecisset,

2061 2427 2204 2477 tunc
2257 2426 2656 2494 apparuerunt
2724 2424 2780 2475 et
2826 2418 3067 2474 zizania.
3122 2419 3474 2475 Accedentes
3518 2424 3715 2474 autem

2063 2511 2211 2567 servi
2263 2508 2730 2583 patrisfamilias,
2765 2507 3038 2564 dixerunt
3081 2507 3132 2563 ei
3167 2524 3180 2562 :
3225 2507 3490 2574 Domine,
3524 2524 3717 2562 nonne

2060 2601 2284 2657 bonum
2324 2615 2522 2654 semen
2569 2597 2871 2654 seminasti
2918 2597 2975 2652 in
3009 2613 3146 2670 agro
3198 2597 3346 2652 tuo?
3379 2596 3542 2653 Unde
3573 2613 3712 2669 ergo

2061 2688 2239 2744 habet
2268 2686 2534 2742 zizania?
2563 2686 2632 2741 Et
2662 2686 2742 2740 ait
2772 2685 2891 2740 illis
2919 2701 2932 2741 :
2974 2683 3251 2740 Inimicus
3278 2683 3454 2739 homo
3487 2683 3596 2738 hoc
3629 2684 3711 2738 fe-

2063 2777 2158 2832 cit.
2192 2777 2350 2832 Servi
2383 2780 2579 2831 autem
2633 2774 2906 2831 dixerunt
2933 2772 2985 2828 ei
3021 2789 3033 2827 :
3068 2772 3192 2840 Vis,
3229 2772 3405 2840 imus,
3439 2777 3496 2826 et
3549 2771 3712 2826 colli-

2062 2865 2257 2938 gimus
2315 2881 2383 2920 ea
2428 2865 2455 2918 ‘I
2514 2866 2580 2920 Et
2634 2863 2716 2918 ait
2771 2879 2784 2918 :
2845 2862 2991 2929 Non,
3048 2877 3119 2916 ne
3177 2861 3322 2916 forte
3375 2859 3714 2932 colligentes

2061 2954 2303 3017 zizania,
2327 2953 2634 3009 eradicetis
2657 2950 2834 3008 simul
2855 2967 2988 3006 cum
3013 2950 3097 3005 eis
3132 2953 3188 3004 et
3215 2948 3494 3004 triticum.
3528 2948 3712 3004 Sinite

2062 3047 2309 3113 utraque
2338 3057 2596 3096 crescere
2637 3056 2822 3111 usque
2853 3040 2924 3094 ad
2970 3053 3245 3106 messem,
3276 3042 3332 3096 et
3359 3037 3417 3092 in
3448 3043 3711 3110 tempore

2062 3131 2273 3186 messis
2304 3130 2493 3184 dicam
2522 3128 2886 3185 messoribus
2920 3143 2932 3181 :
2967 3125 3229 3198 Colligite
3269 3125 3520 3199 primum
3550 3125 3706 3180 ziza-

293 3209 466 3298 juxta
507 3209 760 3266 litteram
809 3214 880 3268 ad
929 3217 1116 3270 Adam
1163 3217 1375 3272 dicitur
1409 3235 1422 3273 :
1473 3220 1621 3274 Inter
1665 3198 1854 3290 spinas
1898 3221 1950 3273 et
1980 3198 2022 3266 ί)
2062 3219 2179 3288 nia,
2211 3225 2268 3274 et
2297 3219 2530 3291 alligata
2560 3235 2628 3274 ea
2658 3218 2716 3272 in
2757 3215 3069 3272 fasciculos
3099 3217 3170 3271 ad
3201 3198 3706 3282 comburendum;

307 3296 536 3353 tribulos
575 3315 778 3370 panem
818 3309 973 3357 tuum
1002 3305 1363 3359 manducabis
1392 3305 1544 3372 (Gen.
1579 3324 1662 3374 III,
1701 3309 1810 3376 18),
1841 3307 1950 3361 hoc

309 3384 640 3459 signiﬁcare
697 3391 962 3463 mystice,
1023 3393 1175 3464 quod
1229 3393 1566 3465 quicunque
1620 3395 1847 3450 dederit
1891 3411 1953 3450 se

305 3475 502 3531 saeculi
533 3476 932 3550 voluptatibus
963 3481 1240 3553 curisque
1273 3481 1444 3537 istius
1478 3483 1704 3553 mundi,
1739 3498 1948 3554 panem

307 3563 599 3634 omlestem
647 3571 703 3622 et
751 3566 947 3623 cibum
993 3586 1196 3626 verum
1236 3570 1388 3626 inter
1427 3571 1628 3643 spinas
1661 3574 1948 3629 comedat.

308 3652 379 3726 Et
408 3652 702 3727 eleganter
729 3656 997 3728 adjunxit
1023 3674 1035 3712 :
1070 3660 1320 3715 Fallacia
1351 3660 1679 3720 divitiarum
1727 3663 1954 3734 suﬁocat

310 3742 551 3814 verbum.
575 3743 811 3801 Blanda:
831 3747 987 3802 enim
1012 3753 1153 3804 sunt
1177 3749 1408 3819 divitiae,
1429 3755 1487 3806 et
1509 3750 1668 3805 aliud
1691 3757 1952 3824 agentes,

312 3834 369 3885 et
397 3831 556 3887 aliud
589 3833 946 3906 pollicentes.
982 3837 1231 3893 Lubrica
1261 3843 1350 3894 est
1388 3855 1588 3894 earum
1637 3841 1953 3911 possessio,

313 3920 456 3976 dum
477 3921 590 3977 huc
612 3922 869 3997 illucque
891 3925 1404 3994 circumferuntur,
1419 3931 1472 3982 et
1497 3928 1754 3984 instabili
1770 3930 1953 4001 gradu

311 4009 400 4065 vel
453 4009 734 4069 habentes
783 4015 1080 4084 deserunt,
1130 4015 1216 4072 vel
1266 4034 1379 4072 non
1439 4017 1721 4072 habentes
1779 4019 1954 4073 refer-

313 4100 477 4160 ciunt
495 4103 536 4157 ³.
571 4104 734 4159 Unde
763 4109 820 4160 et
851 4104 1131 4160 Dominus
1163 4105 1374 4160 divites
1405 4105 1615 4161 asserit
1641 4105 1958 4162 difﬁculter

315 4189 530 4246 intrare
583 4191 641 4247 in
697 4209 942 4266 regnum
990 4193 1268 4250 ccelorum
1301 4195 1508 4265 (Matth.
1541 4212 1657 4258 xxx,
1687 4195 1799 4265 23),
1835 4195 1956 4250 suf-

311 4277 641 4337 focantibus
693 4283 912 4339 divitiis
959 4283 1200 4340 verbum
1245 4283 1368 4350 Dei,
1401 4288 1458 4339 et
1487 4285 1743 4356 rigorem
1775 4284 1956 4339 virtu-

309 4372 437 4424 tum
467 4369 922 4428 emollientibus.

387 4458 572 4530 (Vers.
604 4461 718 4533 23.)
773 4484 802 4511 «
837 4461 943 4528 Qui
993 4478 1124 4518 vero
1171 4462 1229 4518 in
1277 4466 1492 4518 terram
1535 4463 1746 4519 bonam
1789 4462 1961 4519 semi-

2059 3309 2321 3364 triticum
2371 3312 2565 3363 autem
2618 3309 2964 3378 congregata
2997 3305 3055 3362 in
3105 3305 3380 3360 horreum
3427 3320 3644 3359 meum.
3679 3327 3702 3357 ι

2060 3401 2194 3452 Haec
2243 3397 2502 3452 secunda
2545 3395 2823 3468 parabola
2889 3398 2979 3450 est
3023 3409 3155 3449 cum
3227 3393 3712 3465 interpretatione

2062 3502 2172 3541 sua
2217 3501 2331 3539 non
2364 3485 2562 3540 statim
2613 3483 2824 3557 posita,
2859 3484 2959 3539 sed
2991 3481 3314 3554 interjectis
3365 3480 3495 3537 aliis
3545 3498 3717 3554 para-

2062 3573 2212 3630 bolis
2262 3573 2566 3628 edisserta.
2621 3573 2720 3628 Hic
2771 3571 2928 3627 enim
2980 3570 3346 3644 proponitur,
3403 3574 3461 3626 et
3519 3574 3723 3643 postea

2063 3661 2326 3718 dimissis
2358 3661 2547 3717 turbis
2565 3662 2796 3717 venitur
2816 3662 3058 3717 domum
3093 3665 3149 3715 et
3169 3658 3452 3716 accedunt
3484 3659 3555 3714 ad
3583 3674 3718 3714 eum

2063 3748 2334 3820 discipuli
2390 3749 2520 3820 ejus
2573 3753 2848 3822 rogantes
2879 3769 2897 3803 :
2939 3750 3156 3804 Dissere
3195 3748 3350 3803 nobis
3398 3747 3726 3819 parabolam

2062 3839 2414 3893 zizaniorum
2463 3841 2591 3908 agri
2640 3840 2802 3910 (vers.
2857 3839 2969 3910 36),
3021 3842 3080 3893 et
3127 3836 3370 3908 reliqua.
3412 3836 3536 3891 Non
3587 3851 3726 3907 ergo

2064 3928 2346 3984 debemus
2369 3943 2732 4000 praepropero
2755 3925 3118 4000 intelligendi
3141 3925 3428 3984 desiderio
3451 3925 3723 3996 anteejus

2066 4016 2333 4072 notitiam
2367 4033 2641 4087 quaerere,
2678 4033 2854 4088 quam
2886 4033 2920 4070 a
2950 4015 3204 4071 Domino
3235 4015 3577 4070 disseratur.

2136 4105 2320 4172 (Vers.
2373 4106 2490 4173 31.)
2542 4128 2570 4154 «
2621 4104 2813 4160 Aliam
2866 4103 3205 4178 parabolam
3260 4103 3567 4175 proposuit
3613 4100 3718 4170 eis,

2065 4193 2266 4249 dicens
2301 4210 2313 4250 :
2351 4216 2379 4243 ››
2413 4195 2663 4250 Sedebat
2703 4194 2986 4249 Dominus
3033 4193 3093 4248 in
3125 4193 3276 4260 navi,
3311 4197 3368 4247 et
3417 4193 3590 4247 turba
3617 4191 3720 4248 92

2067 4283 2263 4338 stabat
2290 4283 2350 4338 in
2382 4283 2575 4339 littore
2611 4299 2623 4337 :
2657 4283 2741 4338 illi
2774 4282 2998 4355 procul,
3029 4280 3306 4355 discipuli
3337 4281 3586 4340 vicinius
3615 4297 3722 4336 au-

2067 4371 2307 4427 diebant
2341 4389 2353 4427 :
2388 4373 2659 4444 proponit
2702 4372 2785 4428 eis
2833 4381 2890 4428 et
2933 4371 3107 4427 aliam
3161 4369 3520 4443 parabolam,
3553 4369 3723 4442 quasi

2068 4461 2228 4516 dives
2253 4461 2674 4533 paterfamilias
2702 4461 2973 4518 invitatos
2996 4459 3242 4516 diversis
3265 4460 3531 4515 reficiens
3553 4459 3721 4527 cibis,

313 4552 487 4605 natus
517 4553 624 4616 est,
649 4549 742 4605 hic
772 4556 864 4606 est
890 4550 989 4623 qui
1023 4551 1187 4606 audit
1215 4551 1477 4622 verbum,
1501 4556 1557 4606 et
1585 4552 1876 4626 intelligit,
1905 4557 1961 4608 et
1991 4567 2038 4632 D
2070 4556 2135 4606 ut
2165 4551 2572 4623 unusquisque
2620 4551 2944 4607 secundum
2979 4555 3252 4606 naturam
3304 4549 3592 4606 stomachi
3632 4548 3725 4606 sui

315 4638 572 4694 fructum
607 4639 784 4696 facit:
814 4645 872 4696 et
902 4640 1058 4696 aliud
1094 4641 1332 4713 quidem
1364 4641 1771 4713 centesimum,
1800 4641 1958 4697 aliud

315 4729 766 4801 sexagesimum,
813 4727 971 4784 aliud
1017 4746 1150 4785 vero
1193 4730 1642 4785 tricesimum.»
1693 4730 1854 4785 Sicut
1901 4729 1959 4784 in

313 4819 468 4873 terra
516 4818 670 4875 mala
717 4824 836 4875 tres
873 4821 1029 4875 fuere
1059 4819 1462 4875 diversitates:
1497 4836 1665 4875 secus
1696 4819 1872 4889 viam,
1907 4824 1964 4875 et

315 4909 571 4978 petrosa,
629 4913 686 4964 et
732 4909 970 4981 spinosa
1011 4909 1137 4965 loca
1172 4927 1184 4964 :
1235 4910 1317 4964 sic
1349 4909 1407 4963 in
1440 4913 1596 4965 terra
1627 4909 1778 4965 bona
1809 4909 1963 4965 trina

314 4993 622 5051 diversitas
670 5001 760 5053 est
791 5014 803 5053 :
855 4998 1182 5065 centesimi,
1213 4999 1560 5071 sexagesimi
1593 5002 1649 5054 et
1677 4998 1958 5055 tricesimi

314 5085 556 5140 fructus.
583 5085 651 5139 Et
674 5085 733 5140 in
764 5085 864 5141 illa
892 5094 1086 5144 autem
1108 5093 1164 5145 et
1187 5088 1244 5143 in
1275 5088 1388 5144 ista
1419 5105 1534 5143 non
1566 5093 1828 5143 mutatur
1850 5090 1944 5144 9|

319 5173 654 5231 substantia
685 5175 724 5239 ³,
758 5175 858 5230 sed
890 5175 1158 5232 voluntas
1191 5194 1203 5233 :
1255 5182 1312 5233 et
1343 5182 1463 5233 tam
1497 5177 1956 5248 incredulorum,

315 5279 493 5334 quam
517 5263 875 5320 credentium
898 5267 1074 5321 corda
1095 5270 1232 5323 sunt
1261 5285 1387 5340 quae
1417 5283 1614 5323 semen
1648 5266 1954 5339 recipiunt.

387 5446 404 5481 ί
438 5443 673 5499 Rectius
723 5444 945 5516 absque
988 5443 1240 5515 negandi
1288 5445 1572 5516 particula
1619 5445 1678 5502 in
1728 5444 1953 5518 pridem

389 5513 562 5569 laatis
595 5514 777 5569 libris.
810 5515 946 5569 vidit
979 5517 1039 5569 in
1067 5517 1260 5569 specie.

309 5515 562 5586 vulgatis
595 5515 777 5581 libris,
810 5515 946 5571 vidit
979 5517 1039 5570 in
1067 5517 1260 5596 specie.
1294 5515 1302 5516 ί
1728 5515 1745 5518 “

317 5661 352 5670 Α
383 5587 496 5670 ’“ln
529 5587 753 5670 aliquot
783 5603 925 5643 mss.
951 5587 1254 5670 reﬁciunt;
1288 5587 1426 5644 olim
1457 5594 1599 5656 erat,
1625 5591 1950 5646 resarciunt.

313 5661 546 5732 Optima
576 5659 863 5734 impressa
901 5664 990 5718 est
1019 5658 1207 5716 lectio.

2070 4640 2230 4695 varia
2263 4639 2540 4695 alimenta
2590 4641 2931 4712 susciperet.
2967 4640 3129 4695 Unde
3161 4645 3217 4694 et
3247 4637 3306 4692 in
3354 4637 3534 4711 priori
3564 4653 3727 4710 para-

2071 4728 2204 4785 bola
2249 4746 2366 4784 non
2405 4729 2553 4785 dixit
2606 4730 2871 4800 alteram,
2907 4730 3010 4784 sed
3045 4727 3241 4784 aliam.
3276 4727 3336 4784 Si
3388 4727 3545 4784 enim
3573 4743 3723 4801 pras-

2073 4817 2333 4875 misisset
2377 4819 2641 4890 alteram,
2677 4823 3008 4892 exspectare
3057 4818 3292 4876 tertiam
3348 4834 3463 4873 non
3495 4821 3726 4890 potera-

2073 4927 2226 4978 mus,
2262 4909 2546 4982 przsmisit
2575 4908 2772 4977 aliam,
2803 4913 2868 4964 ut
2897 4909 3093 4982 plures
3123 4910 3468 4981 sequantur.

2143 4999 2327 5071 (Vers.
2373 5001 2461 5066 31,
2512 4999 2623 5068 3'3.)
2672 5021 2700 5049 «
2751 4997 2954 5054 Simile
3002 5001 3091 5054 est
3145 5012 3394 5070 regnum
3444 4995 3724 5052 cmlorum

2069 5105 2250 5163 grano
2282 5086 2521 5159 sinapis,
2556 5087 2711 5158 quod
2757 5087 3052 5161 accipiens
3097 5087 3273 5142 homo
3319 5083 3634 5150 seminavit
3662 5083 3725 5138 in

2070 5195 2211 5250 agro
2243 5193 2370 5247 suo,
2405 5177 2561 5248 quod
2595 5175 2908 5232 minimum
2941 5176 3180 5249 quidem
3211 5179 3298 5232 est
3329 5172 3602 5230 omnibus
3633 5187 3726 5230 se-

2070 5267 2349 5323 minibus.
2383 5268 2528 5322 Cum
2555 5270 2751 5322 autem
2783 5267 3044 5338 creverit,
3077 5266 3270 5337 majus
3325 5267 3414 5320 est
3446 5261 3726 5320 omnibus

2133 5447 2155 5478 ³
2186 5450 2294 5502 Pro
2341 5446 2666 5513 substantia,
2713 5447 2828 5502 duo
2876 5461 2905 5502 e
2951 5444 3230 5502 Palatinis
3281 5459 3420 5500 mss.
3458 5441 3530 5498 ad
3586 5439 3721 5500 libri

2065 5534 2224 5572 oram
2260 5516 2566 5590 legenduim
2594 5523 2861 5590 monent,
2891 5520 3184 5574 sententia.

2141 5591 2162 5622 ⁴
2192 5583 2390 5663 [idem
2422 5589 2668 5663 Palatini
2720 5583 2863 5645 mss'.
2907 5594 3120 5663 sancte,
3157 5606 3259 5663 pro
3304 5595 3447 5663 pasto
3492 5583 3718 5659 legunt.

2069 5660 2278 5719 Confer
2307 5661 2559 5735 priorem
2592 5661 2869 5720 adversus
2896 5659 3276 5720 Jovinianum
3304 5659 3546 5718 librum.
