4024 6196
291 343 371 407 93
807 339 1326 404 COMMENTAR.
1373 339 1450 400 IN
1498 340 1949 403 EVANGELIU

2061 337 2441 402 ΜΑΤΤΗᾹΞΙ
2488 337 2638 398 LIB.
2684 335 2762 398 ll.
2807 335 2982 397 CAP.
3026 334 3184 396 XIII.
3619 333 3697 394 94

288 473 564 541 oleribus,
597 475 656 528 et
689 473 754 527 fit
782 472 954 528 arbor
984 489 996 526 :
1039 472 1122 528 ita
1154 476 1218 526 ut
1246 471 1508 529 volucres
1549 471 1677 528 caeli
1707 473 1941 528 veniant
1971 473 2024 540 Α
2054 473 2167 528 fide
2197 472 2500 540 dubitare;
2545 487 2678 526 cum
2711 467 3008 540 apostolus
3041 467 3273 533 Paulus,
3306 466 3480 521 ﬁdem
3513 480 3697 537 grano

291 569 349 621 et
371 563 638 618 habitent
659 562 718 616 in
747 563 925 616 ramis
945 562 1262 630 ejus.»Non
1290 561 1366 616 sit
1389 561 1702 618 molestum
1721 561 1942 629 lectori,

291 653 345 710 si
373 656 524 708 totas
554 650 866 723 parabolas
900 652 1299 722 proponimus.
1333 652 1466 716 Quae
1505 651 1662 707 enim
1696 652 1947 707 obscura

291 747 454 805 sunt,
499 739 734 812 plenius
775 739 1116 795 disserenda
1145 745 1302 811 sunt,
1333 757 1404 795 ne
1457 740 1735 796 brevitate
1766 740 1948 795 nimia

289 829 668 886 involvantur
698 829 887 902 magis
935 846 1148 885 sensus
1199 846 1375 901 quam
1417 834 1801 902 exponentur.
1839 831 1944 885 Re-

287 936 474 994 gnum
543 918 843 989 cmlorum,
931 918 1262 991 praedicatio
1335 918 1628 991 Evangelii
1706 923 1812 990 est,
1891 924 1948 975 et

287 1009 503 1064 notitia
545 1007 976 1079 Scripturarum
1028 1024 1154 1078 qua;
1213 1006 1376 1062 ducit
1425 1008 1496 1062 ad
1528 1008 1706 1063 vitam
1742 1025 1755 1062 :
1790 1011 1845 1063 et
1876 1009 1947 1063 de

289 1115 411 1170 qua
439 1097 652 1153 dicitur
681 1097 753 1152 ad
798 1097 1034 1152 Judaos
1095 1113 1107 1152 :
1149 1097 1451 1154 Auleretur
1479 1115 1512 1153 a
1542 1099 1689 1154 vobis
1718 1113 1948 1169 regnum

283 1189 405 1254 Dei,
455 1191 506 1243 et
551 1187 774 1243 dabitur
818 1188 970 1257 genti
1014 1185 1254 1260 facienti
1309 1183 1528 1259 fructus
1573 1189 1692 1259 ejus
1722 1187 1942 1258 (Matth.

281 1291 399 1346 xxi,
463 1275 573 1346 43).
624 1273 824 1330 Simile
892 1278 982 1330 est
1029 1290 1166 1346 ergo
1233 1273 1644 1345 hujuscemodi
1702 1292 1945 1349 regnum

281 1380 470 1437 grano
502 1363 748 1436 sinapis,
782 1364 938 1435 quod
972 1363 1264 1434 accipiens
1305 1363 1479 1420 homo
1539 1364 1850 1420 seminavit
1886 1363 1945 1418 in

283 1469 430 1525 agro
485 1469 611 1508 suo.
644 1453 828 1508 Homo
887 1451 986 1523 qui
1038 1451 1294 1508 seminat
1341 1453 1398 1506 in
1432 1469 1570 1525 agro
1603 1471 1732 1521 suo,
1766 1470 1798 1509 a
1826 1453 1946 1526 ple-

284 1542 490 1614 risque
522 1539 785 1596 Salvator
831 1539 1202 1611 intelligitur,
1254 1542 1409 1612 quod
1461 1541 1518 1596 in
1568 1542 1784 1597 animis
1833 1559 1948 1598 cre-

283 1629 559 1686 dentium
592 1628 863 1686 seminet.
894 1629 981 1682 Ab
1012 1627 1162 1695 aliis,
1196 1629 1322 1700 ipse
1351 1629 1526 1685 homo
1559 1631 1860 1686 seminans
1885 1630 1945 1685 in

282 1734 429 1791 agro
461 1735 590 1788 suo,
627 1717 737 1772 hoc
767 1721 876 1785 est,
909 1716 968 1772 in
1001 1717 1315 1789 semetipso
1374 1722 1432 1773 et
1493 1718 1552 1773 in
1583 1719 1755 1774 corde
1814 1735 1943 1774 suo.

2053 562 2196 617 dicit
2255 567 2653 632 comparatam
2705 558 3020 614 maximam
3059 557 3304 626 judicet.
3346 554 3493 620 Quid
3538 554 3696 610 enim

2054 651 2241 706 dicit?
2271 651 2331 706 Si
2360 651 2595 706 habuero
2619 654 2790 704 totam
2825 647 2982 702 ﬁdem
3010 647 3050 713 ³,
3085 647 3165 700 ita
3195 649 3255 698 ut
3281 653 3483 698 montes
3515 647 3701 698 trans-

2053 744 2232 816 feram
2263 759 2281 795 :
2312 740 2642 796 charitatem
2692 739 2870 793 autem
2913 751 3023 791 non
3071 735 3328 797 habeam,
3381 731 3522 785 nihil
3559 732 3702 785 mihi

2050 831 2268 905 prodest
2299 830 2345 901 (ι
2374 830 2495 885 Cor.
2546 845 2670 894 xm,
2701 831 2778 895 2).
2827 827 2974 896 Ergo
3025 823 3180 894 quod
3229 820 3513 876 Dominus
3559 819 3703 873 dixit

2057 921 2169 975 ﬁde
2217 919 2365 985 fieri,
2424 935 2548 989 quae
2614 933 2796 989 grano
2859 914 3082 985 sinapis
3134 914 3523 982 comparetur,
3591 908 3701 963 hoc

2058 1008 2370 1082 Apostolus
2392 1008 2559 1062 docet
2583 1010 2704 1061 tota
2734 1006 2845 1060 fide
2877 1019 3046 1076 posse
3079 1001 3223 1056 ﬁeri.

2127 1097 2311 1169 (Vers.
2363 1095 2476 1167 33.)
2529 1117 2556 1144 ‹‹
2607 1093 2796 1150 Aliam
2849 1091 3186 1165 parabolam
3238 1090 3471 1144 locutus
3499 1090 3590 1143 est
3619 1084 3703 1141 eis

2054 1185 2254 1240 Simile
2282 1190 2369 1241 est
2400 1201 2646 1256 regnum
2678 1182 2950 1238 cmlorum
3002 1181 3308 1250 fermento,
3351 1177 3506 1249 quod
3539 1191 3702 1232 acce-

2056 1277 2222 1347 ptum
2278 1273 2490 1329 mulier
2549 1271 2858 1328 abscondit
2915 1271 2972 1325 in
3023 1269 3221 1325 farinae
3289 1267 3432 1323 satis
3489 1265 3700 1333 tribus,

2055 1363 2238 1420 donec
2263 1363 2677 1418 fermentatum
2707 1365 2796 1416 est
2826 1364 3035 1416 totum.
3074 1383 3094 1407 ι»
3160 1357 3432 1422 Diversus
3480 1359 3569 1411 est
3601 1353 3702 1409 ho-

2057 1451 2282 1508 minum
2316 1450 2658 1507 stomachus
2690 1468 2702 1505 :
2743 1448 2838 1505 alii
2873 1447 3111 1516 amaris,
3145 1445 3243 1502 alii
3274 1445 3570 1510 dulcibus,
3603 1442 3702 1498 alii

2055 1540 2162 1610 [Αἰ.
2215 1540 2344 1595 hi...
2393 1539 2502 1610 illi]
2567 1539 2922 1605 austeribus,
2987 1537 3084 1592 alii
3133 1534 3365 1591 lenibus
3408 1531 3700 1587 delectan-

2053 1633 2151 1685 tur
2181 1629 2349 1684 cibis.
2382 1629 2663 1701 Proponit
2693 1629 2891 1699 itaque
2940 1625 3243 1692 Dominus,
3278 1627 3342 1678 ut
3371 1623 3488 1692 iam
3522 1636 3702 1691 supra

2055 1717 2328 1786 diximus,
2380 1719 2642 1773 diversas
2687 1714 3020 1790 parobolas,
3071 1718 3135 1769 ut
3177 1715 3348 1784 juxta
3391 1709 3700 1766 vulnerum

279 1807 428 1872 Quis
457 1811 549 1862 est
579 1807 690 1862 iste
722 1807 821 1879 qui
871 1805 1151 1873 seminat,
1201 1806 1315 1862 nisi
1361 1823 1568 1863 sensus
1622 1812 1836 1877 noster,
1889 1811 2021 1916 etB
2053 1807 2364 1864 varietates
2429 1812 2486 1863 et
2542 1806 2833 1864 medicina
2887 1806 3116 1860 diversa
3166 1803 3260 1860 sit.
3310 1801 3521 1857 Mulier
3566 1797 3699 1862 ista,

283 1889 521 1916 '__:_____
585 1895 677 1916 ___:
731 1894 1052 1916 _____:__:-_-
1113 1911 1349 1916 ~_-___x_
1404 1896 1829 1916 _.__,__ISA-1‘_,2-
1889 1901 1932 1916 ,ι
2059 1914 2168 1916 _,__,,
2207 1897 2548 1916 p,,,,__-,l,,,--
2601 1896 2807 1916 ,--_x:l
2873 1900 2918 1916 ,ι
2957 1890 3436 1916 -ι.----.ι;ι;11..,ι
3472 1888 3527 1916 ε..
3564 1888 3667 1916 ι’...ηε

279 1889 546 1963 animus,
579 1895 680 1967 qui
727 1894 1054 1966 suscipiens
1107 1911 1356 1967 granum
1403 1896 1852 1968 praedicationis,
1882 1901 1940 1952 et
1973 1888 2021 1916 "
2049 1914 2174 1969 quae
2205 1897 2559 1953 fermentum
2592 1896 2834 1968 accepit,
2866 1900 2923 1951 et
2955 1892 3264 1949 abscondit
3295 1890 3440 1945 illud
3472 1888 3532 1943 in
3563 1888 3700 1943 fari-

278 1977 487 2040 fovens
544 1989 867 2040 sementem
926 1983 1172 2040 humore
1207 1985 1364 2052 ﬁdei,
1427 1985 1564 2040 facit
1594 1986 1651 2040 in
1684 2003 1821 2058 agro
1847 1985 1939 2041 sui

277 2073 539 2145 pectoris
569 2071 908 2145 pullulare?
967 2073 1312 2129 Praedicatio
1366 2075 1663 2147 Evangelii
1696 2075 1942 2130 minima

277 2166 370 2218 est
406 2162 682 2217 omnibus
738 2160 1088 2234 disciplinis.
1122 2164 1207 2217 Ad
1267 2163 1520 2234 primam
1577 2165 1791 2237 quippe
1840 2165 1940 2220 do-

281 2250 543 2308 ctrinam
572 2250 748 2306 ﬁdem
780 2267 895 2306 non
920 2250 1096 2306 habet
1115 2251 1702 2323 veritatis,hominem
1737 2258 1943 2317 Deum,

284 2341 482 2398 Deum
531 2347 852 2410 mortuum,
901 2345 956 2396 et
985 2341 1328 2398 scandalum
1378 2342 1568 2398 crucis
1603 2343 1942 2414 praedicans.

287 2428 513 2485 Confer
556 2428 896 2499 hujusmodi
953 2429 1280 2485 doctrinam
1328 2431 1704 2504 dogmatibus
1766 2431 1947 2504 philo-

291 2517 648 2590 sophorum,
679 2522 736 2574 et
766 2517 932 2574 libris
976 2535 1200 2586 eorum,
1253 2519 1549 2592 splendori
1581 2520 1945 2594 eloquentiae,

293 2612 354 2664 et
407 2606 818 2678 compositioni
887 2623 1247 2678 sermonum,
1316 2613 1372 2664 et
1439 2609 1662 2666 videbis
1729 2615 1948 2682 quanto

293 2697 499 2751 minor
545 2696 622 2752 sit
667 2695 890 2756 caeteris
939 2696 1262 2754 seminibus
1302 2699 1586 2756 sementis
1632 2699 1948 2772 Evangelii.

290 2784 409 2840 Sed
443 2783 546 2840 illa
574 2800 708 2840 cum
741 2785 1002 2851 creverit,
1037 2784 1184 2840 nihil
1208 2787 1468 2853 mordax,
1503 2787 1651 2842 nihil
1671 2788 1950 2854 vividum,

293 2873 445 2930 nihil
479 2871 652 2929 vitale
683 2873 1070 2939 demonstrat,
1104 2875 1204 2930 sed
1232 2881 1423 2931 totum
1455 2877 1764 2933 ﬂaccidum
1796 2894 1950 2933 mar-

304 2963 629 3034 cidumque
688 2967 745 3017 et
769 2962 1081 3019 molitum‘
1139 2964 1357 3020 ebullit
1425 2966 1483 3020 in
1533 2966 1708 3035 olera,
1771 2972 1828 3022 et
1891 2967 1951 3021 in

292 3050 534 3120 herbas,
557 3068 684 3122 quae
705 3051 822 3107 cito
855 3057 1147 3120 arescunt,
1181 3057 1237 3108 et
1266 3060 1564 3110 corruunt.
1599 3056 1728 3111 Haec
1755 3061 1952 3111 autem

291 3139 656 3212 praedicatio,
690 3157 818 3212 quae
854 3157 1031 3212 parva
1059 3143 1160 3197 98
1208 3142 1517 3200 videbatur
1554 3145 1612 3199 in
1646 3145 1952 3217 principio,

2048 2002 2136 2041 ne
2167 1986 2314 2042 satis
2359 1987 2570 2056 tribus,
2621 1987 2804 2041 donec
2853 1985 3306 2039 fermentaretur
3352 1984 3562 2045 totum,
3611 1975 3700 2032 vel

2048 2075 2378 2147 praedicatio
2429 2075 2574 2131 mihi
2617 2075 2847 2130 videtur
2894 2071 3212 2144 apostolica
3269 2067 3358 2124 vel
3415 2065 3693 2135 Ecclesia,

2049 2180 2180 2236 quae
2227 2165 2296 2220 de
2343 2165 2589 2220 diversis
2649 2163 2923 2236 gentibus
2981 2163 3330 2232 congregata
3390 2162 3498 2213 est.
3567 2157 3698 2212 Haec

2049 2253 2201 2308 tollit
2231 2254 2605 2319 fermentum,
2624 2252 2890 2309 notitiam
2912 2250 3134 2307 scilicet
3164 2255 3219 2306 et
3248 2245 3696 2319 intelligentiam

2053 2342 2508 2414 Scripturarum,
2560 2347 2616 2398 et
2658 2342 2965 2398 abscondit
3012 2339 3158 2395 illud
3211 2338 3269 2394 in
3323 2337 3521 2392 farina:
3553 2333 3700 2390 satis

2053 2432 2265 2499 tribus,
2326 2437 2392 2488 ut
2441 2432 2702 2504 spiritus,
2763 2431 2979 2499 anima,
3030 2435 3086 2485 et
3143 2443 3354 2499 corpus
3406 2427 3464 2480 in
3508 2439 3695 2479 unum

2056 2523 2310 2587 redacta,
2343 2539 2459 2578 non
2489 2523 2821 2594 discrepent
2853 2521 3003 2576 inter
3031 2537 3129 2586 se;
3163 2518 3265 2575 sed
3297 2533 3433 2573 cum
3464 2514 3696 2570 duobus

2056 2617 2113 2670 et
2175 2611 2364 2667 tribus
2438 2611 2832 2682 convenerint,
2909 2611 3013 2666 94
3071 2609 3386 2681 impetrent
3442 2622 3476 2661 a
3531 2604 3702 2659 Patre

2058 2702 2451 2774 quodcunque
2526 2700 2947 2772 postulaverint
3032 2700 3239 2771 (Matth.
3329 2712 3486 2762 xvm,
3590 2693 3698 2764 19).

2063 2791 2379 2847 Disseritur
2424 2790 2587 2847 locus
2634 2791 2763 2857 iste,
2814 2794 2870 2846 et
2920 2788 3104 2844 aliter.
3156 2785 3428 2858 Legimus
3477 2783 3535 2838 in
3568 2781 3703 2839 Pla-

2037 2864 2217 2949 tone,
2249 2884 2307 2935 et
2335 2879 2840 2952 philosophorum]
2877 2879 3092 2950 dogma
3121 2877 3228 2948 [Αἰ.
3252 2871 3546 2946 dogmate]
3578 2868 3706 2924 vul-

2061 2976 2262 3042 gatum
2295 2974 2402 3035 est,
2436 2975 2558 3024 tres
2588 2986 2716 3024 esse
2746 2969 2804 3022 in
2836 2968 3096 3022 humana
3125 2965 3324 3020 anima
3376 2959 3704 3032 passiones,

2059 3055 2121 3112 τὸ
2182 3054 2404 3130 λογικὸν
2437 3058 2588 3128 quod
2620 3074 2725 3112 nos
2811 3070 3126 3128 possumus
3183 3047 3552 3122 interpretari
3607 3062 3702 3102 ra-

2065 3149 2335 3202 tionabile
2367 3165 2385 3201 :
2413 3145 2475 3199 τὸ
2533 3144 2756 3217 θυμικὸν
2811 3143 2966 3215 quod
3020 3141 3308 3206 dicamus,
3339 3139 3561 3210 plenum
3593 3137 3716 3200 ira,

297 3245 442 3286 cum
474 3228 565 3286 vel
595 3230 653 3283 in
710 3230 908 3286 anima
957 3231 1273 3300 credentis,
1325 3233 1413 3288 vel
1456 3233 1514 3287 in
1569 3238 1689 3288 toto
1738 3235 1956 3288 mundo
1989 3219 2032 3287 (ἶ
2070 3235 2157 3290 vel
2208 3235 2583 3290 irascibite‘:
2633 3234 2694 3287 τὸ
2741 3230 3065 3304 ἒπιθυμικὸν
3116 3229 3270 3302 quod
3332 3225 3716 3299 appellamus,

301 3322 439 3389 sata
461 3317 660 3384 fuerit,
694 3335 806 3374 non
838 3319 1100 3392 exsurgit
1155 3320 1215 3375 in
1274 3321 1449 3392 olera,
1512 3323 1613 3378 sed
1656 3323 1867 3378 crescit
1895 3323 1955 3377 in

299 3407 576 3465 arborem
613 3424 627 3461 :
661 3407 744 3465 ita
776 3414 841 3464 ut
869 3407 1134 3480 volucres
1186 3408 1312 3466 caeli
1365 3411 1534 3482 (quas
1586 3410 1674 3467 vel
1731 3411 1958 3468 animas

297 3495 689 3567 credentium,
722 3495 811 3551 vel
853 3497 1230 3554 fortitudines
1288 3498 1390 3554 Dei
1449 3499 1682 3556 servitio
1742 3500 1958 3556 manci-

297 3589 493 3658 patas,
543 3584 762 3642 sentire
819 3585 1124 3657 debemus)
1172 3587 1408 3643 veniant
1464 3593 1521 3643 et
1578 3589 1847 3646 habitent
1896 3589 1956 3645 in

297 3673 485 3728 ramis
515 3673 664 3744 ejus.
710 3673 927 3732 Ramos
958 3679 1100 3745 puto
1138 3674 1483 3754 evangelica
1532 3677 1776 3746 arboris,
1831 3695 1956 3749 quae

297 3762 374 3818 de
401 3778 584 3834 grano
615 3762 842 3834 sinapis
880 3763 1142 3831 creverit,
1175 3764 1516 3837 dogmatum
1555 3781 1685 3822 esse
1715 3766 1956 3824 diversi-

297 3854 473 3922 tates,
505 3851 567 3905 in
599 3851 817 3923 quibus
849 3852 1316 3922 supradictarum
1349 3853 1652 3911 volucrum
1686 3872 1958 3927 unaquae-

299 3956 422 4012 que
450 3940 1161 4009 requiescit.Assumanus
1192 3945 1248 3996 et
1277 3958 1384 3998 nos
1415 3960 1637 4014 pennas
1668 3943 1954 4000 columbis

300 4027 478 4099 (Psat.
513 4044 622 4094 ων,
652 4029 728 4096 7),
795 4033 859 4084 ut
913 4029 1223 4086 volitantes
1275 4032 1347 4086 ad
1379 4030 1610 4099 altiora,
1657 4033 1956 4105 possimus

297 4115 568 4187 habitare
599 4117 657 4172 in
691 4116 872 4174 ramis
905 4117 1085 4189 hujus
1136 4119 1383 4186 arboris,
1417 4125 1472 4176 et
1519 4121 1753 4178 nidulos
1784 4123 1955 4180 nobis

300 4205 492 4262 facere
523 4205 949 4276 doctrinarum,
1000 4213 1346 4280 terrenaque
1400 4209 1706 4282 fugientes,
1736 4213 1807 4268 ad
1842 4229 1956 4269 caa-

298 4297 473 4352 lestia
503 4294 807 4352 festinare.
843 4295 1013 4352 Multi
1038 4296 1294 4369 legentes
1324 4315 1572 4370 granum
1596 4301 1819 4372 sinapis
1851 4302 1957 4356 mi-

299 4384 534 4441 nimum
594 4384 871 4440 omnibus
923 4385 1268 4457 seminibus,
1329 4392 1386 4443 et
1443 4387 1590 4444 illud
1649 4391 1804 4461 quod
1893 4390 1952 4446 in

303 4472 616 4544 Evangelia
651 4490 685 4530 a
737 4473 1044 4545 discipulis
1102 4475 1320 4530 dicitur
1371 4495 1383 4531 :
1447 4479 1698 4546 Domine,
1745 4479 1956 4551 adauge

299 4561 462 4655 nobis
510 4562 672 4632 ﬁdem
721 4563 871 4655 (Luc.
929 4581 1067 4655 xvii,
1125 4565 1220 4636 5);
1283 4571 1338 4622 et
1371 4567 1760 4638 respondetur
1807 4569 1891 4625 eis
1923 4587 1956 4625 a
1987 4590 2033 4655 ι)

299 4649 599 4706 Salvatore
658 4669 672 4705 :
732 4654 907 4707 Amen
943 4653 1069 4707 dico
1115 4655 1285 4717 vobis,
1341 4656 1392 4709 si
1443 4655 1744 4712 habueritis
1789 4657 1955 4728 ﬁdem

303 4741 462 4810 quasi
489 4756 728 4810 granum
756 4743 986 4812 sinapis,
1017 4750 1071 4796 et
1099 4742 1359 4799 dixeritis
1388 4747 1565 4800 monti
1593 4747 1742 4813 huic,
1773 4749 1955 4820 migra

303 4827 366 4884 de
397 4830 508 4885 loco
544 4831 666 4897 isto,
723 4829 983 4902 migrabit
1027 4832 1048 4865 ²
1096 4831 1254 4903 (Ibid.
1303 4835 1378 4904 6),
1412 4838 1621 4906 putant
1659 4836 1953 4906 apostolos

306 4916 397 4983 vel
427 4934 663 4989 parvam
696 4919 873 4978 fidem
922 4923 1136 4992 petere,
1178 4921 1266 4977 vel
1319 4922 1600 4979 Dominus
1650 4925 1722 4980 de
1777 4941 1954 4996 parva

301 5170 324 5221 ι
374 5097 390 5131 ί
425 5094 657 5176 Voculae
685 5100 738 5161 et
764 5095 1054 5154 mollitum
1083 5097 1142 5154 in
1173 5099 1391 5155 nostris
1429 5115 1573 5174 mss.
1607 5099 1954 5158 desideran-

331 5184 417 5221 nr.

331 5184 566 5315 “:ITres
595 5238 777 5315 Palat.
812 5239 982 5315 codzl.
1017 5239 1077 5294 Si
1121 5241 1389 5315 haberetis
1419 5242 1582 5313 ﬁdem
1620 5246 1789 5315 quasi
1817 5263 1947 5315 gra-

305 5327 435 5393 num
456 5311 709 5393 sinapis,
727 5313 990 5368 diceretis
1019 5314 1194 5368 monti
1213 5311 1357 5382 huic,
1383 5311 1568 5386 migra
1598 5311 1664 5373 de
1695 5317 1806 5372 loco
1819 5311 1949 5384 isto,

309 5385 358 5435 et
389 5385 670 5451 migraret.
1472 5385 1481 5386 ί

375 5452 397 5487 ⁸
423 5453 532 5509 Pro
564 5460 755 5521 totam,
789 5455 903 5511 duo
935 5453 1182 5511 Palatini
1215 5454 1309 5512 hic
1348 5461 1413 5512 ut
1445 5460 1502 5512 et
1557 5457 1708 5514 infra
1737 5458 1954 5515 habent

301 5527 546 5581 tantam.
577 5525 872 5601 In_Gra2co
891 5532 1097 5601 tamen
1130 5532 1219 5583 est
1246 5532 1438 5601 niqav,
1473 5527 1533 5582 in
1590 5546 1764 5601 quem
1813 5547 1950 5586 sen-

303 5611 434 5652 sum
465 5602 524 5653 et
554 5597 802 5678 Vulgata
839 5599 1016 5678 editio
1043 5615 1318 5678 _omne-m_
1347 5597 1486 5673 legit
1518 5617 1530 5655 :
1572 5597 1640 5678 et
1670 5602 1952 5678 Hierony-

306 5684 460 5741 mus,
521 5670 692 5741 quod’
733 5674 790 5728 et
839 5670 1096 5728 Victorio
1165 5670 1432 5730 notatum
1499 5677 1607 5743 est,
1676 5670 1952 5732 subdit':

2065 3324 2490 3397 concupiscibile
2519 3342 2537 3378 :
2568 3329 2624 3380 et
2657 3326 2824 3394 putat
2846 3321 2940 3376 ille
2965 3318 3347 3393 philosophus
3371 3313 3717 3371 rationabile

2067 3418 2334 3469 nostrum
2366 3414 2425 3468 in
2458 3413 2712 3482 cerebro,
2762 3411 2911 3466 iram
2970 3410 3030 3464 in
3063 3408 3214 3475 felle,
3265 3404 3619 3462 desiderium
3651 3403 3711 3458 in

2061 3503 2256 3573 jecore
2305 3501 2674 3556 commorari.
2741 3501 2806 3555 Et
2853 3515 2960 3554 nos
3021 3513 3158 3569 ergo
3207 3495 3255 3552 si
3316 3492 3716 3565 acceperimus

2067 3591 2422 3648 fermentum
2447 3589 2845 3661 evangelicum
2870 3592 3206 3643 sanctarum
3230 3581 3712 3655 Scripturarum‘,

2067 3680 2138 3736 de
2185 3696 2300 3750 quo
2356 3694 2537 3749 supra
2589 3677 2811 3734 dictum
2870 3682 2980 3745 est,
3031 3680 3150 3731 tres
3197 3674 3466 3729 humanas
3506 3669 3713 3728 animae

2067 3767 2370 3840 passiones
2419 3767 2478 3821 in
2528 3783 2713 3822 unum
2743 3766 3102 3840 redigentur,
3135 3767 3199 3818 ut
3229 3765 3286 3818 in
3319 3762 3543 3818 ratione
3575 3775 3712 3830 pos-

2067 3857 2362 3912 sideamus
2393 3855 2764 3927 prudentiam
2791 3881 2804 3923 ;
2838 3857 2896 3910 in
2927 3854 3033 3924 ira,
3069 3853 3268 3908 odium
3296 3856 3504 3907 contra
3531 3849 3709 3906 vitia:

2066 3946 2126 4001 in
2149 3945 2460 4011 desiderio,
2495 3944 2876 4016 cupiditatem
2907 3943 3191 3998 virtutum
3220 3985 3232 4008 ,
3269 3945 3327 3996 et
3356 3940 3464 3995 hoc
3517 3943 3711 3993 totum

2066 4036 2168 4090 fiet
2197 4051 2299 4107 per
2329 4033 2658 4090 doctrinam
2690 4033 3061 4106 evagelicam,
3123 4046 3299 4103 quam
3331 4029 3498 4084 nobis
3528 4030 3714 4082 mater

2066 4123 2326 4180 Ecclesia
2364 4123 2650 4196 praestitit.
2682 4123 2880 4178 Dicam
2927 4126 2983 4176 et
3031 4119 3262 4176 tertiam
3315 4115 3710 4189 quorumdam

2067 4212 2538 4284 intelligentiam,
2600 4217 2666 4267 ut
2714 4211 2982 4266 curiosus
3012 4209 3222 4266 lectore
3255 4206 3523 4278 pluribus
3555 4203 3706 4275 quod

2066 4301 2371 4374 placuerit,
2401 4301 2578 4373 eligat
2633 4317 2645 4354 :
2707 4299 3009 4356 Mulierem
3069 4298 3238 4353 istam
3300 4301 3355 4352 et
3385 4294 3496 4367 ipsi
3529 4291 3714 4350 Eccle-

2067 4391 2217 4446 siam
2272 4391 2754 4461 interpretantur,
2789 4405 2914 4460 quae
2965 4387 3139 4443 ﬁdem
3199 4384 3454 4442 hominis
3513 4382 3709 4438 farinae

2065 4481 2214 4535 satis
2273 4480 2464 4534 tribus
2521 4477 2956 4534 commiscuerit
3014 4474 3344 4532 credulitati
3380 4472 3591 4538 Patris,
3651 4475 3708 4526 et

2067 4569 2214 4635 Filii,
2250 4573 2306 4624 et
2335 4567 2588 4640 Spiritus
2619 4568 2828 4623 sancti.
2882 4568 3146 4637 Cumque
3197 4565 3257 4620 in
3316 4578 3497 4618 unum
3532 4559 3708 4614 fuerit

2063 4658 2429 4724 fermentata,
2463 4673 2579 4712 non
2645 4674 2752 4712 nos
2812 4657 2882 4711 ad
2923 4654 3212 4726 triplicem
3245 4658 3448 4717 Deum,
3499 4649 3598 4704 sed
3631 4647 3705 4702 ad

2067 4747 2245 4802 unius
2301 4745 2624 4802 divinitatis
2656 4745 2924 4818 perducit
2965 4743 3249 4800 notitiam.
3311 4740 3528 4795 Farinae
3560 4753 3706 4809 quo-

2066 4852 2176 4908 que
2208 4836 2313 4906 [Αι.
2347 4836 2583 4908 quippe]
2616 4839 2742 4892 sata
2773 4835 2903 4901 tria,
2938 4835 3076 4889 dum
3106 4849 3219 4887 non
3253 4836 3342 4886 est
3370 4829 3429 4884 in
3463 4825 3714 4898 singulis

2064 4925 2294 4981 diversa
2315 4930 2545 4992 natura,
2569 4930 2627 4980 et
2657 4925 2728 4980 ad
2761 4925 3045 4979 unitatem
3078 4920 3321 4977 trahunt
3344 4915 3710 4974 substantiae.

2063 5106 2201 5174 Ergo
2231 5104 2371 5176 quod
2410 5105 2671 5161 Dominus
2699 5102 2846 5176 dixit
2873 5101 2977 5176 ﬁde
3022 5101 3168 5176 ﬁeri,
3201 5115 3327 5176 quae
3351 5113 3525 5176 grano
3551 5097 3710 5176 sinu-

2059 5168 2157 5248 pis'
2194 5168 2561 5248 comparatur,
2621 5176 2718 5230 hoc
2744 5168 3030 5246 Apostolus
3082 5168 3229 5228 docet
3285 5168 3398 5227 tota
3452 5168 3556 5240 ﬁde
3585 5168 3708 5238 ﬁeri

2131 5263 2231 5302 sse.

2061 5265 2154 5352 pot
2194 5317 2274 5390 In
2332 5317 2626 5390 plerisque
2676 5333 2817 5390 mss.
2881 5317 2942 5390 τὸ
3004 5313 3313 5390 λθγιᾳτικὸν
3375 5311 3534 5390 quod,
3577 5314 3704 5390 etc.

2064 5389 2288 5444 Rhabb.
2332 5383 2692 5459 rationabile,
2737 5386 2813 5462 716
2874 5383 3221 5462 ὁργῃστίκόγς
3251 5383 3420 5462 _qu0d
3475 5383 3708 5462 dicimus

2059 5463 2288 5534 plenum
2315 5463 2412 5516 im
2444 5462 2527 5516 vel
2558 5455 2838 5517 irascibile
2863 5481 2874 5530 ;
2897 5455 2962 5513 λςὸ
2989 5455 3325 5529 summa,
3358 5455 3500 5529 quod
3524 5459 3710 5526 appet-

2222 5549 2246 5586 s
2397 5574 2408 5586 .
3771 5577 3776 5582 .

2064 5538 2440 5670 taTltthaelih,
2487 5607 2828 5675 fermentum
2879 5605 3170 5677 Evangelii
3223 5618 3349 5657 cum
3401 5601 3718 5655 sanctarum

2061 5676 2473 5749 Scripturarum
2502 5679 2717 5735 notitia.
