4024 6196
293 330 371 386 97
760 327 1280 389 COMMENTAR.
1330 329 1405 388 ΙΝ
1459 324 1966 388 ΕΧΛΝΟΕῌΠΜ
2017 326 2392 387 MATTH/El
2443 326 2586 386 LIB.
2637 328 2712 388 Il.
2761 329 2930 387 CAP.
2977 327 3138 388 XIII.
3613 331 3693 393 98

293 460 462 517 hodie
492 459 664 515 noxio
717 459 1066 531 depravatus
1123 465 1212 515 est
1251 461 1540 533 dogmate,
1577 475 1705 514 eras
1737 457 1936 528 resipi-
1964 472 2019 536 Α

291 553 415 606 scat
445 554 500 603 et
532 549 845 603 defendere
875 548 1115 619 incipiat
1146 549 1470 604 veritatem:
1512 548 1656 602 Illud
1709 562 1942 618 quoque

291 638 446 712 quod
478 637 786 707 sequitur:
841 635 1015 690 Sinite
1075 646 1306 709 utraque
1361 655 1604 694 crescere
1664 651 1828 706 usque
1873 635 1943 689 ad

293 743 516 782 messem
549 729 714 796 (vers.
749 726 860 796 30),
891 725 1121 780 videtur
1151 725 1235 780 illi
1300 732 1584 797 praecepto
1639 740 1767 779 esse
1807 740 1941 778 con-

293 815 579 871 trarium:
616 815 836 884 Auferte
889 815 1098 868 malum
1149 815 1213 869 de
1259 815 1433 870 medio
1487 817 1719 869 vestrum
1759 813 1939 884 (De-ut.

289 920 418 974 xm,
446 904 501 974 5)
529 921 542 969 ;
575 906 632 957 et
663 919 1035 974 nequaquam
1062 903 1397 959 societatem
1451 903 1778 958 habendam
1811 916 1942 956 cum

292 991 389 1047 his
421 991 524 1064 qui
554 992 759 1046 fratres
789 992 886 1046 97
923 993 1319 1059 nominentur,
1354 996 1411 1048 et
1441 997 1580 1046 sunt
1609 989 1860 1046 adulteri
1891 992 1946 1044 et

293 1080 674 1137 fornicatores
705 1081 838 1152 (Isa.
874 1098 911 1147 ι,
936 1080 1012 1151 4.)
1045 1081 1104 1135 Si
1138 1081 1292 1136 enim
1327 1080 1668 1152 prohibetur
1697 1078 1948 1134 eradica-

295 1170 462 1237 tio,et
491 1185 673 1240 usque
704 1169 774 1223 ad
809 1185 1060 1224 messem
1093 1170 1345 1224 tenenda
1377 1173 1465 1225 est
1499 1168 1944 1239 patientia,quo-

293 1259 470 1314 modo
485 1257 754 1329 ejiciendi
777 1262 914 1312 sunt
934 1257 1172 1329 quidam
1189 1259 1259 1313 de
1273 1259 1465 1313 medio
1486 1256 1782 1313 nostrum?
1798 1257 1950 1310 Inter

289 1347 555 1403 triticum
587 1352 643 1401 et
671 1346 911 1412 zizania,
954 1347 1110 1416 quod
1161 1363 1267 1401 nos
1312 1346 1679 1418 appellamus
1731 1345 1946 1410 loli-um,

291 1435 559 1508 quandiu
595 1435 778 1490 herba
829 1439 942 1502 est,
970 1439 1026 1489 et
1080 1435 1342 1490 nondum
1403 1433 1634 1490 culmus
1690 1434 1846 1488 venit
1876 1433 1946 1487 ad

290 1527 544 1597 spicam,
575 1523 816 1595 grandis
848 1523 1172 1578 similitudo
1223 1529 1330 1591 est,
1365 1529 1420 1579 et
1474 1525 1532 1578 in
1565 1523 1948 1578 discernendo

289 1624 395 1670 aut
420 1612 712 1680 nulla,aut
737 1629 840 1684 per
860 1612 1118 1667 difficilis
1141 1613 1422 1668 distantia
1443 1614 1548 1683 (At.
1575 1611 1945 1682 substantia).

288 1704 623 1758 Prae-monet
651 1718 788 1774 ergo
819 1701 1120 1767 Dominus,
1173 1718 1244 1757 ne
1281 1702 1379 1756 ubi
1431 1701 1570 1772 quid
1605 1703 1948 1773 ambiguum

288 1797 401 1858 est,
434 1791 548 1846 cito
579 1789 928 1846 sententiam
979 1791 1386 1862 proferamus;
1440 1791 1538 1845 sed
1591 1791 1706 1846 Deo
1737 1788 1944 1861 judicii

291 1879 618 1936 terminum
651 1896 1034 1948 reservemus,
1069 1884 1134 1934 ut
1185 1896 1317 1934 cum
1367 1879 1573 1949 judicii
1624 1880 1748 1934 dies
1778 1895 1946 1933 vene-

288 1970 390 2036 rit,
427 1969 526 2024 ille
557 1986 672 2024 non
734 1969 1130 2040 suspicionem
1187 1967 1472 2033 criminis,
1515 1969 1615 2024 sed
1677 1967 1948 2022 manifes-

296 2063 431 2113 tum
465 2063 693 2112 reatum
733 2057 805 2112 de
835 2062 1173 2112 sanctorum
1205 2061 1354 2112 cmtu
1386 2057 1596 2128 ejiciat.
1633 2057 1794 2122 Quod
1845 2073 1948 2111 au-

286 2152 415 2202 tem
444 2147 608 2216 dixit,
642 2146 995 2200 zizianorum
1031 2145 1338 2201 fasciculos
1404 2147 1637 2217 ignibus
1684 2145 1833 2200 tradi
1895 2148 1951 2199 et

287 2235 559 2292 triticum
591 2235 928 2308 congregari
959 2236 1017 2289 in
1051 2235 1278 2301 horrea,
1312 2236 1688 2291 manifestum
1719 2240 1807 2290 est
1833 2233 1948 2288 ha:-

289 2325 512 2380 reticos
541 2340 803 2396 quosque
836 2328 892 2378 et
930 2323 1262 2396 hypocritas
1293 2324 1426 2378 fidei
1484 2325 1758 2396 gehennae
1800 2322 1948 2394 igni-

285 2413 415 2468 bus
446 2412 938 2479 concremandos;
991 2417 1229 2468 sanctos
1285 2429 1418 2468 vero
1451 2413 1549 2484 qui
1583 2411 1952 2484 appellantur

284 2501 586 2569 triticum,
616 2501 858 2569 horreis,
901 2501 956 2556 id
1009 2506 1116 2569 est,
1176 2501 1585 2557 mansionibus
1617 2501 1950 2556 «:cnlestibus

287 2587 542 2660 suscipi.

364 2677 560 2748 (Vers.
593 2677 706 2748 43.)
741 2678 960 2733 «Tunc
1000 2677 1151 2749 justi
1211 2677 1518 2750 fulgebunt
1577 2678 1728 2733 sicut
1771 2677 1857 2732 sol
1892 2678 1950 2732 in

287 2783 482 2838 regno
513 2767 701 2821 Patris
732 2782 933 2822 eorum
964 2767 1071 2838 (Al.
1114 2767 1246 2838 sui).
1283 2768 1388 2830 Qui
1433 2767 1607 2822 habet
1647 2783 1816 2822 aures
1849 2784 1952 2822 au-

289 2855 519 2922 diendi,
553 2855 771 2911 audiat.
801 2878 827 2904 ››
857 2860 922 2910 ln
953 2855 1223 2927 praesenti
1248 2855 1460 2911 saeculo
1487 2856 1668 2927 fulget
1699 2855 1799 2910 lux
1821 2873 1953 2910 san-

291 2949 530 3000 ctorum
564 2961 758 2999 coram
793 2943 1168 3011 hominibus;
1204 2949 1336 3016 post
1383 2945 1950 3000 consummationem

289 3038 497 3089 autem
533 3033 737 3088 mundi
768 3033 880 3105 ipsi
902 3033 1051 3105 justi
1111 3033 1418 3106 fulgebunt
1465 3033 1616 3089 sicut
1655 3033 1740 3088 sol
1772 3033 1829 3087 in
1863 3050 1949 3088 re-

289 3137 415 3196 gno
449 3122 641 3177 Patris
673 3121 786 3178 sui.

1979 1841 2027 1904 Β

2121 456 2306 522 (Vers.
2343 459 2428 522 45,
2464 459 2577 530 46.)
2610 482 2637 508 «
2676 460 2891 514 lterum
2924 459 3114 514 simile
3143 465 3229 515 est
3259 477 3505 534 regnum
3537 465 3701 522 caelo-

2051 563 2179 599 rum
2216 545 2437 600 homini
2487 547 2856 619 negotiatori,
2888 549 3167 616 quaerenti
3201 551 3379 606 bonas
3411 555 3696 626 margari-

2053 639 2159 689 tas.
2197 635 2432 690 Inventa
2464 642 2657 691 autcm
2691 653 2802 690 una
2838 636 3092 705 pretiosa
3121 637 3226 708 (At.
3253 640 3698 714 pretiosissima)

2055 724 2391 793 margarita,
2425 725 2570 778 abiit
2600 729 2656 779 et
2685 723 2944 778 vendidit
2989 725 3184 778 omnia
3227 742 3354 797 quae
3386 727 3610 797 habuit,
3643 738 3701 787 et

2054 812 2197 866 emit
2228 829 2376 867 eam.
2417 836 2435 860 ιι
2474 813 2620 868 Aliis
2649 814 2840 868 verbis
2871 813 3131 884 idipsum
3165 815 3317 884 quod
3350 832 3528 887 supra
3558 819 3699 875 dici-

2056 905 2170 954 tur.
2207 901 2374 954 Bonrc
2408 901 2754 973 margaritae,
2784 918 2932 974 quas
2965 904 3174 972 quaerit
3217 903 3468 975 institor,
3505 906 3618 961 Lex
3647 915 3702 963 et

2056 989 2354 1061 Prophetas
2385 995 2544 1044 sunt.
2578 990 2747 1058 Audi,
2803 991 3096 1058 Marcion;
3147 992 3305 1060 audi,
3339 993 3697 1052 Munichaze:

2057 1079 2217 1132 home
2252 1079 2582 1151 margarita;
2616 1084 2752 1133 sunt
2782 1079 2894 1134 Lex
2935 1083 2992 1135 et
3041 1080 3362 1153 Prophetas,
3394 1088 3452 1138 et
3492 1084 3702 1140 notitia

2055 1167 2281 1222 Veteris
2311 1169 2714 1223 Instrumenti.
2749 1167 2939 1223 Unum
2973 1174 3167 1224 autem
3217 1175 3305 1226 est
3343 1172 3702 1243 pretiosissi-

2059 1273 2218 1310 mum
2255 1257 2701 1328 margaritum’,
2753 1257 2990 1312 scientia
3037 1258 3370 1331 Salvatoris,
3411 1266 3469 1317 et
3516 1279 3704 1320 sacra-

2061 1351 2320 1400 mentum
2347 1345 2636 1417 passionis
2655 1345 2898 1410 illius,et
2921 1349 3364 1406 resurrectionis
3396 1368 3699 1408 arcanum.

2059 1434 2218 1496 Quod
2253 1451 2384 1488 cum
2419 1435 2701 1488 invenerit
2731 1435 2904 1490 homo
2938 1437 3282 1507 negotiator,
3308 1439 3518 1496 similis
3540 1441 3704 1497 Pauli

2060 1523 2330 1594 apostoli,
2362 1523 2558 1578 omnia
2588 1523 2732 1594 legis
2770 1525 3300 1598 prophetarumque
3332 1531 3626 1602 mysteria,
3651 1538 3708 1588 et

2060 1613 2492 1667 observationes
2524 1613 2822 1684 pristinas,
2871 1614 2927 1668 in
2969 1615 3183 1685 quibus
3222 1616 3515 1689 inculpate
3544 1621 3703 1676 vixe-

2060 1706 2168 1765 rat,
2203 1701 2370 1771 quasi
2403 1706 2788 1773 purgamenta
2819 1705 3141 1760 contemnit
3170 1711 3227 1760 et
3256 1707 3706 1780 quisquilias,ut

2059 1788 2353 1843 Christum
2384 1789 2706 1845 lucrifaciat
2763 1791 3028 1864 (Philipp.
3093 1812 3169 1863 ιιι,
3201 1797 3278 1866 8).
3313 1796 3436 1852 Non
3479 1815 3593 1870 quo
3624 1799 3708 1854 in-

2056 1879 2246 1932 ventio
2280 1894 2435 1932 novze
2480 1879 2805 1950 margaritae
2873 1882 3280 1938 condemnatio
3330 1886 3406 1940 sit
3446 1894 3704 1944 veterum

2058 1967 2548 2037 margaritarum:
2585 1967 2683 2022 sed
2719 1984 2831 2039 quo
2863 1971 3296 2042 comparatione
3343 1976 3470 2046 ejus
3509 1978 3704 2034 omnis

2057 2053 2171 2108 alia
2199 2071 2432 2125 gemma
2460 2055 2628 2109 vilior
2657 2055 2751 2111 sit.

2130 2142 2312 2214 (Vers.
2349 2145 2555 2211 47-50.)
2587 2167 2613 2193 ‹‹
2648 2144 2863 2200 iterum
2899 2146 3091 2202 simile
3122 2153 3210 2204 est
3241 2167 3485 2222 regnum
3531 2155 3703 2211 ccelo-

2059 2249 2187 2286 rum
2223 2248 2447 2302 sagenae
2483 2231 2672 2286 missae
2706 2233 2764 2288 in
2824 2251 3003 2300 mare,
3037 2241 3095 2290 et
3152 2255 3219 2292 ex
3276 2241 3433 2294 omni
3495 2260 3705 2314 genere

2061 2320 2308 2392 piscium
2332 2321 2916 2392 congreganti.0uam
2940 2340 3073 2378 cum
3106 2325 3345 2398 impleta
3365 2336 3538 2396 esset,
3562 2333 3703 2388 edu-

2061 2414 2277 2474 centes,
2310 2414 2365 2463 et
2395 2426 2564 2464 secus
2597 2408 2763 2464 littus
2796 2412 3084 2478 sedentes,
3109 2414 3410 2487 elegerunt
3442 2419 3624 2476 bonos
3647 2422 3704 2476 in

2059 2515 2197 2554 vasa
2218 2499 2259 2567 ³,
2293 2497 2476 2553 malos
2514 2502 2707 2553 autem
2770 2500 2922 2555 foras
2979 2502 3297 2559 miserunt:
3357 2505 3440 2562 sic
3487 2509 3597 2564 erit
3648 2511 3705 2565 in

2061 2587 2566 2643 consummatione
2597 2586 2818 2655 saeculi,
2849 2589 3087 2645 exibunt
3129 2593 3342 2665 angeli,
3376 2599 3432 2650 et
3477 2614 3708 2669 separa-

2061 2678 2207 2731 bunt
2237 2677 2421 2731 malos
2453 2677 2522 2730 de
2554 2678 2743 2732 medio
2788 2679 3107 2747 justorum,
3142 2687 3198 2736 et
3246 2684 3477 2740 mittent
3517 2703 3615 2742 eos
3645 2688 3704 2741 in

2060 2766 2357 2820 caminum
2392 2765 2564 2837 ignis,
2596 2765 2676 2820 ibi
2708 2767 2818 2821 erit
2849 2767 3017 2822 fletus
3047 2774 3103 2823 et
3133 2771 3349 2827 stridor
3377 2774 3700 2830 dentium.»

2061 2855 2302 2926 Impleto
2331 2855 2593 2910 Jeremia)
2624 2855 2917 2927 vaticinio,
2951 2858 3235 2914 dicentis:
3269 2867 3406 2916 Ecce
3435 2879 3528 2933 ego
3576 2867 3704 2920 mit-

2061 2953 2174 2998 tam
2205 2945 2274 2998 ad
2307 2961 2393 2999 vos
2419 2945 2717 3015 piscatores
2748 2946 2940 2999 multos
2973 2946 3186 3017 (Jerem.
3221 2966 3333 3018 XVI,
3369 2952 3490 3020 16):
3547 2959 3706 3022 post-

2061 3051 2240 3105 quam
2298 3033 2612 3087 audierunt
2677 3032 2879 3087 Petrus
2937 3039 2993 3087 et
3048 3035 3327 3103 Andreas,
3369 3038 3623 3096 Jacobus
3653 3047 3710 3095 et

2058 3122 2335 3188 Joannes,
2374 3119 2474 3174 ﬁlii
2503 3121 2791 3175 Zebedzei:
2825 3121 3134 3190 Sequimini
3161 3140 3264 3194 me,
3294 3129 3346 3180 et
3372 3125 3584 3198 faciam
3613 3146 3703 3184 vos

367 3209 559 3282 (Vers.
595 3211 707 3282 44.)
737 3233 763 3260 «
794 3210 990 3266 Simile
1049 3215 1134 3266 est
1195 3228 1440 3283 regnum
1495 3211 1772 3266 cmlorum
1818 3210 1947 3264 the-
1980 3206 2022 3272 C
2059 3213 2350 3282 piscatores
2388 3210 2680 3262 hominum
2739 3209 2946 3279 (Matth.
2998 3228 3075 3276 IV,
3125 3214 3233 3283 19),
3283 3220 3707 3272 contexuerunt

289 3317 481 3356 sauro
513 3300 850 3355 abscondito
880 3300 938 3354 in
971 3316 1136 3372 agro,
1169 3317 1341 3373 quem
1378 3301 1478 3372 qui
1528 3300 1748 3356 invenit
1777 3299 1950 3354 homo

290 3388 643 3444 abscondit:
688 3393 744 3442 et
800 3406 913 3460 prre
963 3389 1175 3460 gaudio
1223 3389 1384 3444 illius
1433 3389 1610 3455 vadit,
1662 3394 1719 3444 et
1756 3388 1954 3443 vendit

291 3479 576 3534 universa
604 3495 729 3548 qua:
760 3477 953 3543 habet,
976 3482 1033 3533 et
1089 3478 1232 3533 emit
1283 3495 1487 3550 agrum
1537 3477 1724 3532 illum.
1760 3500 1788 3526 »
1820 3481 1952 3532 Cre-

292 3567 418 3622 bris
452 3567 866 3639 parabolarum
889 3567 1345 3622 obscuritatibus
1370 3567 1670 3634 retardati,
1693 3583 1953 3622 comma-

293 3657 475 3712 ticam
498 3655 1037 3728 interpretationem
1059 3656 1416 3724 excedimus,
1438 3662 1502 3710 ut
1530 3673 1706 3728 prope
1733 3657 1803 3710 de
1839 3655 1952 3711 alio

296 3743 800 3816 interpretationis
816 3761 1025 3816 genere
1048 3745 1118 3799 ad
1144 3743 1302 3798 aliud
1325 3745 1607 3800 transisse
1628 3746 1952 3813 videamur,

293 3833 637 3888 Thesaurus
659 3833 770 3888 iste
802 3834 859 3887 in
902 3850 1014 3904 quo
1056 3839 1194 3888 sunt
1216 3851 1418 3888 omnes
1440 3833 1701 3888 thesauri
1725 3833 1952 3904 sapien-

294 3922 393 3976 tia:
428 3928 486 3976 et
515 3922 762 3976 scientiae
795 3922 1121 3978 absconditi
1166 3923 1386 3993 (Cotoss.
1424 3939 1485 3985 ιι,
1534 3923 1613 3992 3),
1655 3927 1757 3976 aut
1807 3927 1952 3977 Deus

293 4010 562 4065 Verbum
593 4015 696 4079 est,
729 4011 826 4083 qui
860 4011 918 4065 in
951 4027 1122 4066 carne
1165 4011 1374 4066 Christi
1432 4011 1661 4065 videtur
1716 4011 1954 4066 abscon-

293 4099 460 4155 ditus
491 4101 709 4170 (Cotoss.
747 4101 830 4171 ιι),
866 4105 965 4154 aut
995 4105 1208 4155 sanctae
1266 4099 1601 4171 Scripturae,
1635 4102 1694 4153 in
1737 4100 1951 4170 quibus

293 4189 558 4260 reposita
582 4195 669 4244 est
700 4190 906 4244 notitia
936 4188 1254 4244 Salvatoris
1281 4205 1291 4244 :
1340 4205 1512 4259 quem
1563 4205 1697 4243 cum
1729 4191 1861 4260 quis
1894 4190 1950 4243 in

293 4278 380 4333 eis
413 4278 721 4348 invenerit,
754 4279 926 4334 debet
983 4277 1182 4333 omnia
1241 4278 1412 4333 istius
1472 4278 1674 4332 mundi
1735 4277 1953 4332 emolu-

291 4370 494 4422 menta
525 4371 917 4436 contemnere,
951 4373 1017 4421 ut
1066 4366 1233 4421 illum
1289 4367 1476 4438 possit
1525 4367 1735 4421 habere
1776 4384 1948 4438 quem

292 4456 534 4527 reperit.
567 4456 728 4520 Quod
761 4460 954 4511 autem
985 4455 1250 4526 sequitur
1277 4472 1289 4511 :
1324 4457 1494 4523 Quem
1523 4472 1647 4509 cum
1679 4458 1952 4510 invenerit

2059 3300 2170 3355 sibi
2203 3316 2271 3354 ex
2299 3297 2489 3352 Veteri
2519 3302 2576 3352 et
2604 3297 2758 3353 Novo
2809 3299 3182 3356 Testamento
3232 3319 3509 3375 sagenam
3539 3323 3705 3362 evan-

2059 3387 2376 3460 gelicorum
2409 3387 2753 3458 dogmatum
2775 3387 2834 3452 ‘;
2869 3391 2925 3442 et
2958 3387 3241 3444 miserunt
3269 3407 3397 3445 eam
3451 3391 3510 3446 in
3544 3410 3706 3449 mare

2061 3477 2230 3548 hujus
2263 3475 2455 3532 sweuli
2481 3494 2492 3542 ;
2523 3492 2648 3546 qua:
2681 3491 2868 3546 usque
2897 3475 3067 3532 hodie
3097 3479 3157 3532 in
3191 3479 3399 3535 mediis
3431 3481 3707 3539 fluctibus

2059 3566 2339 3630 tenditur,
2381 3564 2616 3635 capiens
2666 3563 2736 3618 de
2785 3563 2958 3620 salsis
3010 3570 3066 3620 et
3111 3567 3328 3622 amaris
3377 3570 3709 3642 gurgitibus

2062 3654 2346 3728 quidquid
2381 3653 2670 3718 inciderit,
2730 3653 2786 3706 id
2845 3659 2956 3721 est,
2987 3659 3045 3708 et
3101 3655 3286 3711 bonos
3344 3656 3612 3714 homines
3653 3667 3710 3715 ct

2062 3743 2270 3806 malos,
2304 3747 2359 3797 et
2387 3743 2486 3795 99
2520 3741 2772 3812 optimos
2802 3743 2991 3813 pisces
3022 3748 3079 3799 et
3109 3745 3413 3816 pessimos.
3437 3752 3579 3803 Cum
3611 3766 3709 3804 au-

2060 3838 2176 3888 tem
2210 3833 2427 3887 venerit
2471 3831 2899 3886 consummatio
2947 3836 3006 3887 et
3052 3833 3188 3888 finis
3229 3837 3456 3901 mundi,
3490 3843 3554 3892 ut
3584 3837 3707 3909 ipse

2063 3924 2211 3977 intra
2241 3919 2607 3975 manifestius
2637 3919 2890 3990 disserit,
2925 3925 3063 3975 tunc
3104 3939 3320 3994 sagena
3375 3925 3710 3981 extrahetur

2061 4013 2130 4066 ad
2168 4011 2328 4065 littus
2355 4027 2366 4072 ;
2400 4017 2538 4063 tunc
2569 4025 2768 4062 verum
2799 4011 3289 4066 secernendarum
3321 4012 3571 4085 piscium
3611 4017 3710 4085 ju-

2062 4101 2279 4156 dicium
2312 4100 2416 4168 (At.
2452 4095 2710 4170 signum]
2763 4098 3287 4170 domonstrabitur,
3349 4106 3403 4156 et
3452 4103 3620 4174 quasi
3650 4104 3708 4158 in

2061 4190 2314 4260 quodam
2346 4187 2714 4259 quietissimo
2750 4191 2942 4258 portu,
2974 4188 3109 4242 boni
3152 4189 3458 4245 mittentur
3488 4191 3548 4246 in
3577 4209 3717 4249 vasa

2060 4278 2384 4334 caelestium
2416 4276 2789 4331 mansionum
2816 4293 2826 4328 :
2865 4275 3052 4332 malos
3083 4282 3278 4333 autem
3320 4281 3626 4337 torrendos
3656 4286 3715 4338 et

2060 4366 2435 4423 exsiccandos
2464 4364 2742 4435 gehennae
2774 4364 3009 4419 flamma
3039 4367 3339 4438 suscipiet.

2131 4457 2310 4526 (Vers.
2345 4456 2458 4521 51.)
2490 4476 2517 4501 ‹‹
2553 4451 2927 4508 lntellexistis
2958 4454 3077 4509 haec
3109 4457 3346 4512 omnia?
3376 4457 3587 4514 Dicunt
3615 4461 3665 4515 ci
3693 4479 3705 4527 ;

294 4545 459 4600 homo
488 4543 589 4597 98
622 4543 940 4598 abscondit:
973 4543 1188 4599 idcirco
1219 4543 1453 4610 dicitur,
1501 4561 1618 4599 non
1655 4545 1809 4616 quod
1842 4545 1950 4600 hoc
1979 4577 2026 4640 Β
2058 4546 2267 4600 Etiam.
2301 4543 2399 4598 Ait
2429 4542 2566 4596 illis.
2601 4564 2626 4592 »
2662 4543 2747 4596 Ad
2779 4543 3072 4614 apostolos
3103 4546 3333 4617 proprie
3370 4564 3562 4603 sermo
3584 4555 3704 4614 est;

293 4631 366 4686 de
397 4632 619 4688 invidia
650 4633 840 4702 faciat,
897 4634 996 4687 sed
1050 4632 1205 4704 quod
1250 4633 1458 4688 timore
1517 4634 1863 4701 servantis‘,
1896 4643 1951 4690 et

293 4720 552 4776 nolentis
581 4723 842 4793 perdere,
886 4723 1206 4777 abscondat
1263 4721 1321 4776 in
1373 4722 1544 4776 corde
1593 4738 1719 4789 suo,
1773 4739 1950 4794 quem

295 4809 565 4880 pristinis
596 4810 845 4881 praetulit
875 4810 1272 4867 facultatibus.

379 4935 392 4966 ¹
427 4934 550 4990 Duo
579 4952 610 4990 e
642 4936 857 4992 nostris
889 4953 1030 4991 mss.
1063 4953 1076 4990 :
1121 4935 1222 4990 Sed
1279 4935 1416 5005 quod
1466 4951 1614 4990 more
1656 4942 1947 4994 servantis.

300 5007 580 5080 Cgeterum
614 5007 1173 5080 proximasuperior
1201 5012 1322 5080 tota
1351 5006 1630 5080 expositio
1661 5024 1728 5062 ex
1759 5008 1951 5080 Orige-

299 5077 852 5150 ni§__Gommentario
883 5079 941 5133 in
981 5077 1156 5133 hunc
1211 5077 1400 5132 locum
1428 5077 1772 5150 idesumpta
1819 5077 1906 5136 est
1935 5100 1947 5137 :

300 5171 325 5197 α
361 5147 608 5203 Videtur
632 5149 780 5222 mihi
812 5150 1291 5222 secundumhzec
1340 5165 1482 5222 ager,
1524 5150 1620 5222 ille
1651 5147 1951 5222 Scriptura

298 5235 444 5293 esse,
479 5221 709 5293 consita
732 5222 802 5277 iis
822 5239 947 5293 quae
973 5221 1282 5293 perspicua
1304 5230 1441 5293 sunt
1472 5220 1808 5293 inhistorire
1831 5241 1951 5278 ver-

301 5291 389 5365 bis
421 5297 478 5365 et
508 5291 655 5365 legis
677 5291 1188 5364 etprophetarum,
1232 5297 1288 5346 et
1338 5291 1946 5365 reliquiisscntentiis.

299 5362 547 5435 Qopiosa
563 5362 781 5435 quippe
802 5362 1035 5419 et‘varia
1057 5366 1201 5419 ratio
1215 5367 1304 5418 est
1319 5363 1814 5434 totiusScriptura:
1835 5383 1951 5421 ver-

303 5433 530 5506 borum.
556 5433 892 5490 The'saurus
915 5442 1106 5490 autem
1130 5437 1187 5489 in
1212 5451 1348 5506 agro
1367 5433 1740 5490 absconditus
1763 5438 1950 5492 occul-

297 5503 351 5578 ti_
372 5511 523 5578 sunt,
547 5512 606 5578 et
635 5507 748 5578 sub
772 5507 1096 5578 perspicuis
1125 5503 1316 5561 verb—is
1339 5506 1596 5578 abstrusi
1624 5524 1832 5564 sensus
1863 5526 1948 5565 sa-

293 5575 530 5651 pientiae
558 5575 1044 5651 delitescentisin
1078 5578 1350 5651 mysterio
1382 5581 1439 5633 et
1469 5576 1714 5651 Christo.

367 5647 391 5686 ³
416 5651 551 5709 Hec
582 5665 815 5727 quoque
846 5667 915 5708 ex
943 5647 1191 5725 Origene
1229 5649 1618 5724 Hieronymus
1659 5648 1840 5710 ferme
1877 5653 1948 5714 de

2060 4640 2118 4689 et
2143 4632 2259 4686 illis
2292 4630 2540 4696 dicitur;
2587 4629 2939 4684 Intellexistis
2982 4631 3100 4687 haec
3139 4634 3329 4687 omnia
3348 4633 3375 4686 ?
3401 4635 3554 4697 Quos
3586 4651 3699 4688 non

2059 4722 2187 4779 vult
2215 4721 2416 4776 audire
2446 4722 2677 4773 tantum
2710 4725 2773 4774 ut
2802 4718 3105 4790 populum,
3135 4721 3234 4774 sed
3280 4720 3600 4792 intelligere
3643 4729 3708 4779 ut

2062 4811 2374 4884 magistros
2405 4808 2649 4863 futuros.

2060 4934 2315 5006 scripsit,
2349 4949 2474 5004 qua:
2511 4931 2705 5006 Latine
2735 4930 2875 5006 satis
2907 4931 2985 4986 sit
3034 4932 3346 5006 recitasse:
3412 4957 3439 4984 «
3491 4934 3595 4990 Illa
3623 4942 3708 4992 est

2060 5003 2314 5080 pretiosa
2354 5003 2670 5080 margarita
2712 5003 3009 5080 (Christus,
3059 5003 3159 5057 Dei
3206 5004 3473 5080 Verbum,
3533 5024 3704 5080 supe-

2063 5075 2197 5134 rans
2223 5077 2504 5149 pretiosas
2537 5075 2867 5144 Scripturas
2914 5079 3226 5149 etsensus
3274 5077 3441 5147 Legis
3463 5075 3545 5132 ac
3575 5075 3705 5134 Pro-

2060 5144 2393 5223 phetarum,
2426 5163 2540 5216 quo
2581 5151 2843 5223 reperto,
2895 5144 3120 5223 reliqua
3163 5144 3379 5202 omnia“
3402 5149 3575 5223 facile
3619 5167 3707 5206 ca-

2060 5218 2319 5294 piuntur,
2344 5241 2371 5269 ››
2406 5225 2463 5271 et
2493 5221 2715 5294 caetera,
2738 5232 2875 5294 (quae
2895 5220 3030 5294 tute
3060 5218 3184 5289 ipse
3215 5219 3597 5294 consulueris.

2129 5297 2149 5326 ³
2180 5293 2419 5345 Addunt
2448 5294 2564 5342 tres
2592 5285 2781 5340 Palat.
2807 5287 2974 5342 codd.
2994 5285 3114 5357 sua,
3142 5291 3296 5361 quod
3332 5307 3435 5346 nec
3467 5291 3524 5346 in
3557 5291 3709 5346 Grai}-

2061 5381 2125 5419 co
2159 5365 2408 5418 resonat.

2131 5435 2150 5468 δ
2181 5430 2542 5489 Conferenda
2573 5427 2870 5504 0rigenis_
2899 5429 3292 5502 interpretatio
3346 5433 3551 5504 hujus,
3575 5432 3704 5501 loci,

2060 5507 2152 5561 cui
2183 5511 2271 5560 est
2301 5501 2750 5573 Hieronymiana
2781 5501 3002 5575 isthaze
3025 5501 3128 5574 per
3158 5520 3332 5575 quam
3377 5501 3700 5562 simillima.

2057 5572 2531 5652 Theophylactus’
2550 5589 2781 5646 quoque
2812 5573 2968 5631 hunc
2990 5572 3192 5632 locum
3208 5591 3277 5636 ex
3307 5575 3540 5651 Origine
3562 5578 3700 5635 arri-

2057 5649 2206 5730 puit.
