4024 6196
310 342 391 403 99
1550 337 1616 397 S.
1662 336 1977 451 EUSJEBII
2022 338 2467 400 HIERONYMI

3592 318 3725 403 100³

377 471 698 545 (Vers.52.)
730 491 755 517 ‹‹
788 467 920 524 Ideo
942 467 1133 523 omnis
1176 468 1379 525 Scriba
1409 469 1615 526 doctus
1670 468 1725 523 in
1777 485 1953 541 regno
1982 471 2037 536 Α
2067 485 2133 524 ca
2165 469 2334 543 signa
2365 470 2581 538 fecerit,
2616 487 2688 527 ne
2716 469 2951 543 penitus
3008 467 3430 528 inexcusabiles
3483 472 3710 528 fierent.

304 561 579 619 ccelorum
608 556 818 613 similis
840 562 930 613 est
958 557 1183 614 homini
1215 558 1645 631 patrifamilias,
1679 558 1778 629 qui
1822 574 1958 630 pro-

307 652 421 706 fort
449 649 521 704 de
547 645 823 703 thesauro
855 662 960 703 suo
994 663 1140 702 nova
1170 652 1227 703 et
1255 652 1465 704 vetera.
1500 646 1772 703 Instructi
1794 650 1961 702 erant

308 735 578 811 apostoli,
611 735 826 792 Scriba:
856 738 914 791 et
943 735 1154 791 notarii
1186 735 1522 804 Salvatoris,
1555 738 1655 808 qni
1686 737 1861 792 verba
1894 735 1959 790 il-

303 827 420 883 lius
449 829 507 882 et
535 828 823 897 praecepta
854 824 1169 897 signabant
1199 823 1258 879 in
1291 823 1510 880 tabulis
1540 824 1730 880 cordis
1752 840 1956 879 carna-

301 916 479 986 libus,
511 929 825 986 regnorum
859 911 1183 968 caelestium
1230 913 1636 981 sacramentis,
1669 917 1726 968 et
1774 911 1956 985 polle-

300 1005 446 1061 bant
475 1002 686 1075 opibus
734 1000 1177 1073 patrisfamiliae,
1213 1001 1509 1073 ejicientes
1567 1001 1637 1058 de
1678 1001 1955 1057 thesauro

299 1093 700 1150 doctrinarum
733 1107 975 1147 suarum
1008 1107 1158 1146 nova
1187 1096 1243 1146 et
1270 1095 1506 1147 vetera:
1557 1094 1623 1146 ut
1666 1089 1953 1163 quidquid

300 1183 360 1238 in
392 1179 704 1253 Evangelio
762 1179 1175 1250 praedicabant,
1235 1178 1381 1253 legis
1441 1184 1497 1236 et
1536 1179 1953 1252 prophetarum

298 1270 539 1328 vocibus
593 1269 1061 1341 comprobarent.
1122 1268 1289 1324 Unde
1352 1272 1414 1325 et
1460 1284 1679 1340 sponsa
1722 1267 1863 1323 dicit
1889 1268 1951 1324 in

299 1359 539 1416 Cantica
593 1357 991 1427 canticorum;
1053 1361 1203 1414 Nova
1275 1362 1329 1413 et
1399 1361 1603 1425 vetera,
1668 1356 1955 1428 fratruelis

302 1466 453 1505 meus
473 1450 515 1517 ³,
546 1447 763 1504 servavi
790 1447 893 1502 tibi
922 1447 1101 1514 (Cant.
1136 1463 1234 1514 vn,
1268 1446 1382 1517 13.)

371 1537 558 1610 (Vers.
590 1536 682 1603 53,
713 1536 829 1603 511.)
868 1555 890 1582 α
925 1535 993 1589 Et
1018 1535 1237 1590 factum
1264 1539 1353 1591 est
1383 1550 1518 1590 cum
1551 1551 1952 1590 consummas-

302 1631 391 1683 set
415 1626 590 1683 Jesus
621 1623 930 1697 parabolas
959 1625 1129 1692 istas,
1160 1624 1395 1679 transiit
1424 1624 1579 1679 inde.
1614 1625 1683 1678 Et
1712 1623 1950 1679 veniens

299 1717 360 1772 in
393 1715 645 1788 patriam
673 1714 779 1784 (Al.
814 1716 1052 1780 terram)
1100 1729 1291 1781 suam,
1344 1714 1590 1769 docebat
1634 1729 1733 1768 eos
1771 1712 1830 1767 in
1861 1729 1951 1786 sy-

300 1820 530 1878 nagoga
587 1818 811 1869 eorum,
864 1801 947 1856 ita
1002 1806 1067 1856 ut
1122 1801 1478 1857 mirarentur
1519 1805 1577 1858 et
1607 1801 1883 1856 dicerent.
1920 1823 1947 1851 »

299 1894 436 1950 Post
464 1891 791 1965 parabolas,
825 1907 973 1963 quas
1022 1889 1252 1946 locutus
1300 1894 1388 1946 est
1444 1891 1517 1946 ad
1557 1889 1861 1963 populum,
1894 1894 1951 1945 et

298 1997 446 2054 quas
476 1980 585 2037 soli
633 1978 880 2051 apostoli
928 1977 1286 2051 intelligunt,
1337 1979 1550 2035 transit
1590 1979 1650 2034 in
1699 1978 1947 2051 patriam

295 2087 488 2138 suam,
519 2073 584 2125 ut
609 2069 687 2124 ibi
721 2068 979 2141 apertius
1010 2069 1233 2123 doceat.
1272 2088 1293 2118 ι
1329 2067 1491 2123 Unde
1541 2067 1675 2123 huic
1715 2068 1947 2140 sapien-

289 2162 374 2216 tia
401 2160 544 2226 hzec,
568 2162 625 2214 et
651 2156 895 2212 virtutes
915 2157 943 2211 ‘2
965 2179 992 2206 »
1017 2157 1163 2212 Mira
1193 2155 1443 2213 stultitia
1471 2157 1945 2222 Naznrmnorum;

297 2249 588 2305 mirantur
618 2247 773 2302 unde
802 2246 1384 2318 habeat'sapientiam
1406 2246 1723 2318 Sapientia,
1757 2252 1814 2302 et
1839 2245 1951 2301 vir-

294 2341 454 2394 tutes
483 2337 724 2403 Virtus;
758 2336 861 2391 sed
892 2351 1055 2392 error
1082 2334 1144 2389 in
1193 2339 1468 2407 promptu
1517 2340 1625 2405 est,
1658 2335 1816 2407 quod
1865 2336 1949 2390 fa-

296 2426 388 2483 bri
420 2424 611 2480 ﬁlium
644 2424 1039 2497 suspicantur.

334 2538 338 2542 ι
370 2514 557 2588 (Vers.
578 2514 793 2581 55-57.)
816 2534 843 2563 «
867 2512 1067 2568 Nonne
1097 2511 1192 2568 hic
1223 2516 1311 2568 est
1342 2512 1489 2568 fabri
1521 2511 1722 2568 illius?
1754 2526 1949 2566 nonne

297 2610 487 2661 mater
510 2604 639 2674 ejus
669 2601 884 2657 dicitur
913 2602 1112 2672 Maria,
1162 2606 1220 2657 et
1268 2601 1475 2658 fratres
1522 2602 1649 2671 ejus
1694 2600 1948 2656 Jacobus

296 2698 354 2751 et
379 2692 622 2765 Joseph,
665 2696 722 2747 et
771 2692 995 2762 Simon,
1051 2695 1107 2745 et
1145 2690 1379 2747 Judas‘?
1427 2694 1485 2747 et
1533 2706 1762 2746 sorores
1818 2690 1947 2760 ejus

293 2799 487 2839 nonne
546 2798 750 2838 omnes
798 2781 953 2852 apud
1014 2797 1120 2836 nos
1176 2780 1361 2836 sunt?
1392 2780 1553 2835 Unde
1583 2796 1718 2851 ergo
1749 2778 1949 2834 omnia

272 2871 453 2928 ‘ista?
483 2876 550 2926 Et
579 2869 1127 2927 scandalizabantur
1173 2869 1231 2923 in
1281 2886 1366 2923 eo.
1420 2890 1455 2917 »
1501 2870 1672 2923 Error
1723 2868 1946 2922 Judzeo-

293 2978 422 3017 rum
456 2960 619 3016 salus
651 2963 851 3016 nostra
871 2963 980 3027 est,
995 2964 1054 3014 et
1074 2956 1481 3013 haereticorum
1513 2956 1942 3012 condemnatio.

291 3052 591 3106 Intantum
620 3049 778 3104 enim
810 3047 1126 3104 cernebant
1165 3044 1461 3101 hominem
1518 3045 1721 3102 Jesum
1780 3045 1943 3100 Chri-

293 3143 451 3195 stum
482 3141 547 3192 ut
575 3137 721 3192 fabri
756 3141 1032 3207 putarent
1060 3128 1233 3190 100'
1257 3133 1441 3190 filium
1471 3152 1483 3201 ;
1536 3136 1724 3190 Non-ne
1752 3135 1839 3190 hic
1866 3137 1946 3189 est

2070 558 2289 629 Majora
2318 564 2513 616 autem
2548 560 2717 633 signa
2745 559 3003 632 quotidie
3026 560 3085 615 in
3136 560 3409 633 gentibus
3440 577 3544 633 per
3572 578 3714 635 apo—

2068 648 2248 704 stolos
2280 650 2436 718 facit,
2469 666 2584 705 non
2616 655 2735 706 tam
2765 649 2826 705 in
2853 648 3157 706 sanatione
3185 664 3516 723 corporum,
3535 665 3715 723 quam

2066 736 2127 791 in
2159 737 2488 793 animarum
2521 736 2727 795 salute.

2136 826 2292 899 (Cap.
2326 826 2468 882 XIV.
2503 858 2569 869 —
2599 827 2763 884 Vers‘.
2858 868 2870 881 .
2916 827 2995 898 2.)
3031 850 3053 877 ι
3095 827 3159 882 In
3190 825 3288 882 illo
3317 830 3579 901 tempore
3610 843 3717 885 au-

2064 912 2209 970 divit
2246 915 2499 972 Herodes
2532 916 2824 972 tetrarcha
2873 917 3089 972 famam
3116 916 3280 982 Jesu,
3306 920 3364 972 et
3407 917 3487 972 ait
3516 917 3717 989 pueris

2072 1003 2241 1060 suis:
2298 1004 2397 1061 Hic
2436 1009 2526 1062 est
2579 1005 2837 1062 Joannes
2882 1005 3162 1077 Baptista,
3213 1003 3339 1077 ipse
3381 1005 3635 1062 surrexit
3682 1022 3718 1062 a

2064 1093 2314 1149 mortuis
2335 1115 2354 1149 .-
2385 1097 2441 1149 et
2468 1094 2597 1150 ideo
2639 1095 2885 1150 virtutes
2938 1098 3254 1165 operantur
3303 1094 3362 1148 in
3392 1111 3479 1150 eo.
3506 1114 3534 1145 ι»
3573 1093 3715 1160 Qui-

2062 1181 2196 1237 dam
2227 1181 2755 1239 ecclesiasticorum
2810 1184 3191 1255 interpretum
3235 1198 3442 1238 causas
3481 1184 3714 1256 quaerit,

2062 1286 2243 1342 quare
2274 1271 2525 1327 Herodes
2552 1271 2668 1328 ista
2699 1270 2775 1328 sit
2804 1272 3156 1344 suspicatus,
3191 1275 3255 1326 ut
3301 1275 3467 1344 putet
3489 1288 3524 1327 a
3554 1288 3713 1328 mor-

2062 1358 2180 1414 tuis
2198 1359 2487 1415 Joannem
2519 1360 2926 1427 resurrexisse,
2964 1364 3022 1416 et
3050 1360 3178 1416 ideo
3206 1359 3456 1416 virtutes
3483 1360 3715 1433 operari

2059 1447 2118 1502 in
2151 1465 2238 1516 eo,
2258 1449 2426 1520 quasi
2457 1449 2670 1505 erroris
2701 1442 2874 1504 alieni
2906 1448 3075 1504 nobis
3107 1448 3403 1505 reddenda
3431 1448 3512 1505 sit
3541 1448 3711 1518 ratio,

2060 1542 2162 1593 aut
2194 1536 2674 1609 μετεμψυχώσεως
2706 1542 2864 1593 secta
2890 1555 2959 1594 ex
3016 1537 3109 1592 his
3158 1538 3349 1594 verbis
3379 1537 3593 1595 habeat
3618 1555 3714 1595 oc-

2059 1626 2372 1694 easionem,
2406 1642 2541 1681 cum
2573 1628 2775 1697 utique
2805 1643 2871 1682 eo
2902 1630 3166 1699 tempore
3197 1643 3310 1699 quo
3335 1627 3591 1683 Joannes
3621 1628 3719 1684 de-

2059 1713 2306 1770 collatus
2362 1721 2471 1781 est,
2530 1715 2815 1771 Dominus
2870 1715 3117 1788 triginta
3174 1720 3328 1772 esset
3383 1726 3713 1772 annorum:

2064 1802 2486 1876 μετεμψύχωσις
2515 1808 2711 1859 autem
2771 1808 2904 1875 post
2950 1803 3166 1859 multos
3210 1820 3501 1860 annorum
3531 1802 3718 1862 circu-

2058 1907 2168 1962 los,
2201 1892 2263 1947 in
2294 1892 2520 1949 diversa
2557 1908 2800 1963 corpora
2828 1891 2983 1948 dicat
3013 1892 3241 1949 animas
3270 1892 3579 1950 insinuari.

2128 1980 2316 2049 (Vers.
2349 1982 2403 2047 3,
2432 1981 2510 2052 4.)
2558 1980 2815 2036 Herodes
2862 1982 3017 2036 enim
3066 1981 3256 2037 tenuit
3298 1985 3603 2053 Joannem,
3656 1985 3716 2038 et

2058 2068 2316 2142 alligavit
2346 2084 2502 2139 eum,
2535 2074 2593 2125 et
2622 2069 2817 2141 posuit
2848 2070 2906 2125 in
2940 2084 3229 2126 carcerem
3269 2075 3505 2143 propter
3534 2060 3714 2128 Hero-

2059 2159 2290 2214 dialem
2313 2175 2553 2214 uxorem
2574 2159 2827 2231 Philippi
2848 2159 2870 2193 ⁸
2890 2160 3088 2215 fratris
3110 2160 3222 2216 sui.
3266 2159 3506 2217 Dicebat
3554 2161 3713 2217 enim‘

2060 2246 2143 2302 illi
2165 2246 2589 2303 Joannes:Non
2618 2247 2756 2303 licet
2783 2247 2887 2302 tibi
2921 2248 3135 2304 habere
3165 2265 3314 2305 eam.
3334 2270 3362 2299 ››
3386 2249 3563 2305 Vetus
3584 2266 3716 2306 nar-

2059 2340 2149 2391 rat
2176 2336 2443 2403 historia,
2471 2335 2804 2409 Philippum
2824 2336 3067 2392 Herodis
3099 2336 3339 2408 majoris
3370 2337 3558 2393 ﬁlium
3580 2326 3715 2410 (sub

2058 2441 2175 2494 quo
2207 2424 2493 2480 Dominus
2526 2424 2673 2497 fugit
2729 2425 2788 2479 in
2832 2424 3193 2497 Egyptu‘m),
3248 2426 3485 2482 fratrem
3532 2418 3715 2499 hujus

2057 2514 2324 2580 Herodis,
2357 2513 2466 2569 sub
2500 2529 2614 2584 quo
2646 2529 2857 2584 passus
2888 2517 2977 2568 est
2998 2513 3288 2580 Christus,
3311 2515 3548 2572 duxisse
3570 2520 3715 2571 uxo-’

2058 2618 2179 2657 rem
2213 2600 2595 2656 Herodiadem
2627 2601 2807 2656 ﬁliam
2837 2604 3020 2657 Aretae
3047 2602 3276 2673 regis‘;
3328 2608 3530 2675 postea
3576 2610 3715 2661 vero

2058 2692 2204 2745 101
2244 2691 2553 2746 socerum5
2618 2691 2766 2762 ejus,
2824 2691 3035 2746 exortis
3093 2691 3449 2762 quibusdam
3508 2699 3713 2750 contra

2056 2795 2336 2852 generum
2367 2778 2787 2847 simultatibus,
2838 2779 3045 2835 tulisse
3092 2779 3275 2835 ﬁliam
3337 2797 3528 2850 suam,
3561 2787 3618 2838 et
3648 2768 3713 2838 in

2056 2867 2313 2923 dolorem
2349 2868 2559 2940 prioris
2592 2869 2808 2933 mariti,
2842 2869 3085 2924 Herodis
3134 2869 3356 2925 inimici
3396 2871 3523 2940 ejus
3555 2882 3711 2943 nup-

2054 2957 2151 3013 tiis
2183 2955 2508 3029 copulasse.
2542 2957 2680 3020 Quis
2714 2956 2790 3013 sit
2818 2960 3016 3013 autem
3052 2957 3146 3014 hic
3175 2958 3499 3031 Philippus,
3524 2958 3713 3016 evan-'

2054 3043 2263 3116 gelista
2297 3051 2475 3100 Lucas
2515 3044 2744 3116 plenius
2801 3045 3004 3100 docet:
3057 3047 3211 3102 Anno
3252 3047 3707 3121 quintodecicimo

2053 3134 2278 3204 imperii
2308 3134 2507 3189 Tiberii
2535 3136 2797 3203 Cesaris,
2818 3138 3149 3206 procurante
3176 3137 3374 3192 Pontio
3403 3138 3593 3193 Pilato
3615 3139 3709 3195 Ju-

292 3228 444 3299 fabrz'
472 3225 621 3294 ﬁlius
645 3228 669 3277 ?
698 3224 931 3279 Miraris
957 3224 1007 3277 si
1039 3228 1234 3279 errent
1262 3224 1321 3278 in
1362 3223 1660 3290 fratribus,
1693 3241 1827 3279 cum
1860 3240 1944 3280 er-
1975 3208 2017 3275 C
2057 3222 2238 3280 dwam
2265 3241 2278 3291 ;
2311 3222 2583 3279 tetrarcha
2634 3227 2817 3279 autem
2864 3224 3099 3281 Galileaz
3147 3223 3402 3293 Herode;
3450 3225 3706 3299 Philippo

294 3319 426 3371 rent
453 3313 515 3368 in
548 3311 755 3385 patre?
820 3312 1005 3367 Locus
1052 3311 1165 3365 iste
1213 3311 1446 3382 plenius
1496 3311 1556 3364 in
1605 3312 1941 3383 supradicto

292 3408 494 3462 contra
521 3401 864 3458 Helvedium
898 3399 1091 3456 libello
1122 3399 1418 3469 expositus
1443 3403 1553 3453 est.
1580 3421 1607 3448 «
1638 3398 1668 3452 J
1677 3413 1814 3454 esus
1843 3415 1941 3454 au-

287 3499 407 3551 tem
439 3493 586 3549 dixit
614 3491 734 3547 eis:
769 3490 892 3545 Non
925 3492 1014 3544 est
1056 3486 1341 3559 propheta
1388 3487 1515 3541 sine
1554 3487 1792 3554 honore,
1825 3486 1938 3542 nisi

286 3584 348 3638 in
380 3580 569 3655 patria
593 3598 701 3637 sua
746 3582 803 3635 et
848 3579 907 3633 in
948 3578 1122 3633 domo
1154 3593 1281 3631 sua.
1316 3598 1344 3625 ››
1378 3576 1802 3648 Propemodum
1836 3593 1938 3630 na-

284 3670 473 3727 turale
503 3673 592 3725 est
613 3670 767 3725 cives
798 3683 1030 3739 semper
1059 3666 1284 3722 civibus
1313 3664 1589 3720 invidere.
1624 3665 1746 3720 Non
1779 3664 1937 3720 enim

285 3760 662 3817 considerant
692 3756 1001 3830 praesentia
1045 3754 1154 3811 viri
1204 3770 1402 3826 opera,
1436 3755 1535 3810 sed
1594 3754 1817 3826 fragilis
1849 3770 1935 3809 re-

284 3850 605 3906 cordantur
631 3846 913 3911 infantiae,
946 3844 1115 3917 quasi
1147 3860 1262 3899 non
1293 3847 1351 3899 et
1409 3842 1521 3915 ipsi
1571 3859 1674 3915 per
1701 3844 1934 3898 eosdem

285 3942 521 3996 etatum
553 3937 772 4011 gradus
803 3936 874 3991 ad
907 3937 1200 3990 maturam
1230 3936 1459 3987 aetatem
1489 3931 1773 3988 venerint.

355 4027 541 4100 (Vers.
570 4026 687 4098 58.)
738 4047 766 4075 ‹‹
816 4025 886 4080 Et
940 4039 1055 4078 non
1107 4021 1243 4077 fecit
1288 4021 1370 4077 ibi
1425 4020 1669 4077 virtutes
1718 4020 1935 4077 multas

284 4122 521 4190 propter
547 4114 1019 4172 incredulitatem
1076 4127 1299 4167 eorum.
1337 4132 1365 4159 »
1417 4110 1542 4164 Non
1576 4110 1729 4181 quod
1757 4111 1934 4165 etiam

284 4206 400 4262 illis
432 4205 750 4262 incredulis
774 4204 962 4260 facere
982 4217 1097 4257 non
1129 4199 1383 4273 potuerit
1406 4198 1652 4255 virtutes
1683 4198 1932 4268 multas;

285 4294 389 4350 sed
418 4294 573 4366 quod
604 4309 677 4347 ne
705 4291 923 4347 multas
975 4289 1194 4346 faciens
1240 4288 1505 4359 virtutes,
1552 4288 1705 4343 cives
1753 4288 1935 4342 incre-

283 4381 453 4438 dulos
484 4382 918 4437 condemnaret.
951 4380 1141 4434 Potest
1187 4382 1382 4433 autem
1430 4380 1488 4432 et
1524 4376 1693 4433 aliter
1719 4375 1933 4432 intelli-

278 4470 359 4544 gi,
392 4471 550 4543 quod
578 4470 752 4525 Jesus
808 4466 1165 4539 despiciatur
1215 4467 1276 4521 in
1334 4467 1506 4522 domo
1562 4473 1620 4523 et
1656 4466 1717 4521 in
1745 4464 1934 4538 patria

2050 3328 2172 3367 vero
2202 3314 2376 3383 fratre
2405 3314 2521 3383 ejus
2550 3313 2827 3367 tetrarcha
2877 3314 3102 3370 Ituran?
3154 3318 3207 3369 et
3238 3315 3599 3371 Tracom'tz'dz's
3628 3333 3709 3373 re-

2047 3402 2229 3471 gionis
2261 3404 2411 3472 (Luc.
2446 3419 2530 3469 IlI,
2564 3401 2639 3472 1).
2679 3403 2827 3474 Ergo
2869 3402 3125 3459 Joannes
3176 3404 3433 3475 baptista
3471 3405 3569 3476 qui
3602 3422 3700 3461 ve-

2050 3494 2215 3544 nerat
2243 3490 2300 3544 in
2335 3490 2542 3561 spiritu
2577 3495 2635 3545 et
2663 3490 2874 3546 virtute
2924 3491 3057 3546 Elite
3090 3493 3240 3564 (Luc.
3276 3510 3314 3560 ι,
3350 3493 3457 3563 l7),
3500 3493 3713 3550 eadem

2048 3579 2390 3634 auctoritate
2421 3595 2539 3651 qua
2567 3578 2664 3634 ille
2695 3580 2893 3635 Achab
2926 3580 3304 3652 corripuerat,
3356 3585 3414 3637 et
3465 3578 3701 3639 Jezabel

2047 3668 2146 3738 (III
2170 3669 2297 3739 Reg.
2328 3684 2446 3737 xxx,
2480 3667 2690 3739 18-24),
2732 3668 2926 3741 arguit
2982 3669 3266 3725 Herodem
3316 3673 3372 3725 et
3421 3670 3696 3727 Herodia-

2047 3757 2201 3825 dem,
2236 3757 2389 3829 quod
2422 3756 2654 3812 illicitas
2685 3758 2923 3830 nuptias
2955 3758 3214 3825 fecerint,
3247 3762 3304 3814 et
3352 3774 3463 3815 non
3497 3759 3691 3828 liceat,

2047 3845 2222 3901 fratre
2249 3845 2474 3901 vivente
2502 3862 2806 3918 germano,
2838 3863 3074 3903 uxorem
3105 3847 3264 3904 illius
3294 3848 3539 3904 ducere:
3574 3865 3696 3904 ma-

2043 3934 2169 3990 lens
2201 3934 2513 4007 periclitari
2545 3936 2700 4007 apud
2733 3951 2950 4008 regem,
3003 3952 3183 4008 quam
3223 3941 3456 4010 prepter
3486 3937 3696 3993 adula-

2044 4022 2263 4079 tionem
2292 4039 2420 4079 esse
2450 4024 2761 4079 immemor
2791 4029 3213 4096 praeceptorum
3247 4024 3371 4081 Dei.

2113 4111 2295 4183 (Vers.
2320 4112 2399 4183 5.)
2430 4134 2458 4163 «
2490 4113 2561 4167 Et
2589 4112 2789 4167 volens
2832 4112 3000 4168 illum
3048 4113 3329 4181 occidere,
3372 4113 3573 4170 timuit
3602 4131 3697 4187 po-

2042 4199 2280 4273 pulum:
2312 4200 2449 4271 quia
2478 4199 2630 4256 sicut
2659 4200 3005 4273 prophetam
3038 4217 3174 4257 eum
3205 4201 3549 4258 habebant.»
3588 4203 3695 4259 Se-

2045 4289 2327 4345 ditionem
2387 4288 2625 4360 quidem
2685 4290 2792 4361 (Αι.
2845 4290 3083 4362 quippe)
3141 4290 3341 4363 populi
3389 4291 3699 4347 verebatur

2042 4386 2275 4449 propter
2302 4377 2612 4448 Joannem,
2646 4394 2680 4433 a
2710 4393 2824 4450 quo
2857 4377 3078 4435 sciebat
3106 4379 3311 4435 turbas
3356 4378 3416 4435 in
3445 4381 3717 4437 Jordane'

2041 4465 2326 4539 plurimas
2359 4465 2715 4538 baptizatas;
2748 4467 2849 4523 sed
2880 4483 3078 4523 amore
3098 4467 3438 4523 vincebatur
3474 4469 3698 4538 uxoris,

280 4577 409 4632 sua,
441 4560 550 4617 hoc
579 4563 690 4626 est,
721 4557 781 4613 in
813 4554 1025 4630 populo
1052 4556 1413 4611 Judaeorum.
1439 4556 1508 4610 Et
1528 4555 1656 4611 ideo
1686 4554 1767 4611 ibi
1794 4572 1933 4628 pau-
1961 4580 2008 4645 Β
2039 4555 2111 4611 ob
2138 4555 2310 4627 cujus
2342 4555 2608 4612 ardorem
2658 4556 2839 4612 etiam
2883 4556 2985 4613 Dei
3016 4560 3301 4629 praecepta
3343 4555 3694 4630 neglexerat.

354 4741 370 4774 ¹
404 4738 654 4810 Rbabb.,
689 4741 739 4792 et
763 4733 1125 4810 pullulabatu
1145 4736 1202 4810 et
1230 4734 1530 4810 pollebant.

350 4811 373 4844 ²
406 4812 465 4865 In
497 4805 648 4866 mss.
669 4805 1110 4879 exemplaribus
1144 4806 1480 4879 Monasterii
1513 4805 1697 4879 nostri
1729 4806 1785 4879 S.
1813 4806 1928 4860 An-

282 4881 433 4936 dreae
454 4898 625 4937 secus
648 4876 996 4945 Avenionem
1020 4882 1076 4933 et
1096 4878 1294 4949 inuno
1317 4878 1609 4949 S.Remigi
1638 4876 1887 4949 legimus
1913 4892 1928 4931 :

281 4952 429 5007 Nova
457 4968 583 5006 cum
612 4952 882 5006 veteribus
925 4948 1217 5022 fratruelis
1272 4964 1445 5016 meus,
1497 4948 1828 5022 etc._M_Aa'r.
1861 4979 1929 4987 —

283 5022 477 5078 Nostri
507 5039 732 5091 omnes,
766 5028 823 5077 et
852 5019 999 5093 quos
1034 5021 1407 5093 Martianzeus
1437 5019 1750 5087 consuluit,
1784 5035 1926 5093 mss.

281 5095 438 5171 libri,
467 5095 615 5149 Nova
640 5110 760 5148 cum
792 5090 1083 5171 veteribus,
1114 5091 1407 5171 fratruelis
1438 5106 1609 5171 meus,
1642 5096 1750 5171 etc.
1799 5090 1929 5146 Por-

278 5182 341 5221 ro
374 5165 762 5235 Hieronymus
791 5179 859 5217 ex
887 5162 1235 5219 Adam’antio
1283 5164 1461 5232 hujus
1501 5162 1608 5217 loci
1645 5162 1927 5234 interpre-

277 5238 561 5293 tationem
594 5234 665 5292 de
699 5250 858 5290 more
889 5236 1188 5307 expressit.
1221 5234 1617 5290 Conferendus
1644 5238 1839 5289 autem
1870 5238 1929 5307 et

276 5309 727 5381 Chrysostomus
752 5304 978 5381 Homil.‘
1026 5307 1092 5360 47
1142 5307 1200 5359 in
1241 5307 1616 5381 Matthaeum,
1656 5304 1930 5381 Augusti-

279 5376 637 5457 nus'Quzest.
660 5379 731 5457 in
781 5379 975 5457 ipsum
1019 5376 1459 5457 evangelistam,
1491 5384 1547 5433 et
1577 5376 1825 5450 Cyrillus
1855 5378 1926 5433 de

276 5450 627 5507 Adoratione
657 5450 714 5504 in
749 5448 955 5507 spiritu
987 5453 1042 5503 et
1069 5448 1327 5503 veritate.

346 5522 371 5558 ³
400 5522 621 5581 Nomen
654 5518 909 5593 Phifippi
934 5519 1117 5593 nostri
1149 5518 1420 5593 ignorant
1445 5535 1591 5593 mss.

346 5595 371 5630 ⁴
406 5595 645 5650 Addunt
693 5589 823 5649 duo
846 5589 1033 5648 Palat.
1087 5589 1266 5662 mss”,
1312 5590 1603 5662 Aratum;
1664 5589 1785 5662 alii,

273 5667 477 5749 Arata,
505 5664 709 5751 legunt
735 5662 1019 5742 Phethraz’,
1042 5678 1222 5741 quam
1240 5660 1562 5724 lectionem
1590 5664 1648 5720 et
1684 5660 1921 5722 Merita;

2044 4751 2203 4808 nazus
2255 4738 2417 4790 notat
2465 4751 2535 4790 ex
2580 4750 2696 4808 uno
2743 4735 2801 4808 S.
2864 4734 3113 4808 Remigii
3155 4734 3373 4805 codice,
3398 4734 3695 4808 additque

2042 4806 2283 4879 Phetros
2314 4823 2526 4879 nomen
2558 4807 2813 4879 regionis
2860 4824 3008 4878 esse,
3040 4806 3187 4879 'quae
3230 4806 3717 4879 Arabia'Petraea

2039 4878 2276 4951 dicitur.
2305 4878 2541 4933 Interim
2567 4878 2947 4951 etOrigenes,
2970 4878 3150 4951 tradit
3199 4882 3400 4951 contra
3448 4878 3693 4934 nonnul-

2040 4948 2146 5022 los,
2173 4950 2281 5022 qui
2315 4955 2624 5022 postquam
2656 4948 2899 5005 obiisset
2930 4948 3252 5021 Philippus,
3277 4948 3574 5019 ﬁliamque
3601 4965 3689 5005 re-

2039 5020 2745 5093 liquisset,_Herodiadom
2795 5022 2989 5076 fratris
3036 5020 3274 5093 uxorem
3308 5022 3546 5076 duxisse
3579 5022 3688 5093 He-

2039 5091 2239 5165 rodem
2270 5091 2557 5165 volebant,
2591 5094 2783 5165 majus
2843 5094 3023 5148 fuisse
3081 5091 3366 5165 ﬂagitium
3416 5091 3681 5165 Herodis,
3716 5158 3719 5163 ξ

2038 5164 2137 5235 qui
2170 5179 2376 5234 nempe
2408 5180 2441 5217 a
2480 5164 2656 5219 fratre
2712 5164 3036 5220 etiamnum
3095 5163 3318 5219 vivente
3374 5163 3686 5235 conjugem

2037 5233 2395 5307 abduxisset.
2431 5235 2759 5291 Concinunt
2788 5251 2921 5291 vero
2953 5236 3011 5291 S.
3049 5236 3402 5307 Hieronymo
3426 5233 3686 5307 alii,gBa-

2037 5306 2204 5362 silius
2234 5306 2618 5362 Seleuciensis
2653 5313 2797 5362 orat.
2825 5308 2891 5362 18
2922 5307 3166 5363 Herodis
3195 5304 3328 5361 cu'm
3362 5304 3687 5361 Herodiade

2036 5378 2274 5452 nuptias
2310 5382 2559 5452 pqzxsiav
2590 5378 2863 5452 appellat,
2898 5394 3153 5452 eumque
3185 5378 3267 5433 ait
3314 5392 3489 5452 usum
3522 5392 3688 5452 regno

2035 5448 2282 5523 libidinis
2311 5448 3040 5523 administraﬂonferendi
3061 5448 3331 5523 'insuper
3367 5448 3685 5523 Josephus,

2033 5518 2134 5575 lib.
2167 5535 2326 5588 XVIII,
2361 5536 2487 5593 cap.
2527 5522 2581 5591 5,
2629 5520 3096 5594 recentioresque
3142 5518 3365 5595 passim
3408 5518 3687 5596 interpre-

1818 5605 1923 5662 pro
2029 5596 2139 5648 tes.

2101 5664 2125 5702 ⁸
2152 5654 2402 5738 Rhabb.,
2433 5674 2673 5725 socrum.
