4024 6196
278 302 381 369 {Ol

776 301 1294 363 COMMENTAR.
1339 303 1417 361 IN
1463 295 1981 362 EVANGELIUM
2026 297 2404 358 ΜΑΤἸἩᾺΕΙ
2452 298 2600 358 LIB.
2648 295 2726 356 II.
2776 295 2948 357 CAP.
2996 298 3155 359 XIV.

3549 300 3666 361 102

338 437 522 509 (Vers.
569 423 653 508 6.)
702 457 731 485 «
768 433 867 490 Die
895 438 1089 489 autem
1123 433 1338 490 natalis
1386 433 1629 489 Herodis
1678 430 1916 487 saltavit
1942 432 1990 497 A
2026 430 2325 485 hominem
2356 427 2730 495 decollatum,
2752 444 3031 484 assensus
3062 428 3141 483 sit
3170 434 3234 485 ut
3263 447 3396 486 reus
3425 430 3670 503 quidam

272 526 389 584 ﬁlia
416 523 764 582 Herodiadis
783 523 844 578 in
868 521 1058 578 medio
1088 541 1101 578 :
1134 527 1192 578 et
1217 522 1437 596 placuit
1465 521 1693 581 Herodi.
1723 544 1749 569 ››
1782 519 1917 575 Nul-

272 616 394 673 lum
414 614 595 670 alium
620 611 955 668 invenimus
976 611 1321 667 observasse
1342 611 1497 666 diem
1523 608 1736 666 natalis
1757 608 1849 664 sui
1872 610 1912 672 ι,

274 705 387 761 nisi
442 702 750 771 Herodem,
809 704 867 756 et
924 700 1281 756 Pharaonem
1330 700 1483 767 (Gen.
1543 717 1632 769 xc,
1682 698 1795 770 20),
1852 701 1918 752 ut

274 809 522 868 quorum
570 797 696 847 erat
741 807 848 863 par
890 789 1187 862 impietas,
1219 794 1374 846 esset
1402 794 1459 844 et
1488 805 1606 843 una
1635 785 1917 843 solemni-

275 890 386 939 tas.
822 920 828 925 -

346 971 536 1044 (Vers.
578 970 659 1039 7.)
715 990 744 1018 ‹‹
774 967 940 1025 Unde
979 984 1114 1024 cum
1138 969 1477 1040 juramento
1507 964 1804 1038 pollicitus
1833 966 1923 1019 est

276 1061 328 1119 ei
356 1062 496 1117 dare
519 1059 905 1132 quodcunque
934 1057 1292 1130 postulasset
1321 1056 1395 1112 ab
1424 1072 1513 1112 eo.
1544 1058 1620 1110 At
1648 1052 1750 1108 illa
1777 1069 1924 1126 prae-

276 1149 563 1206 monitaa
593 1151 778 1204 matre
808 1163 936 1202 sua.
970 1169 999 1196 »
1048 1146 1168 1219 Ego
1199 1162 1314 1201 non
1346 1161 1559 1201 excuso
1612 1142 1921 1208 Herodem,

276 1239 430 1313 quod
462 1237 682 1293 invitus
711 1240 768 1292 et
798 1235 1004 1292 nolens
1035 1239 1273 1308 propter
1295 1234 1703 1305 juramentum
1732 1229 1922 1287 homi-

272 1328 497 1384 cidium
529 1325 731 1382 fecerit
755 1326 804 1392 ³,
849 1325 949 1397 qui
982 1325 1051 1380 ad
1086 1323 1195 1379 hoc
1226 1323 1371 1379 forte
1395 1321 1639 1393 juravit,
1673 1325 1739 1376 ut
1766 1320 1925 1375 futu-

270 1434 344 1473 rae
375 1413 658 1473 occisioni
689 1412 993 1470 machinas
1044 1414 1415 1485 praepararet.
1465 1409 1739 1483 Alioquin
1772 1408 1821 1464 si
1853 1408 1925 1464 ob

263 1504 694 1577 jusjurandum
744 1502 952 1558 fecisse
1000 1517 1063 1557 se
1112 1500 1273 1570 dicit,
1322 1499 1372 1555 si
1403 1498 1606 1571 patris,
1641 1498 1689 1553 si
1722 1496 1928 1553 matris

272 1592 635 1667 postulasset
680 1589 1003 1655 interitum,
1056 1592 1320 1643 facturus
1376 1588 1585 1657 fuerat,
1639 1602 1712 1641 an
1763 1584 1928 1640 non?

270 1683 437 1749 Quod
466 1682 528 1736 in
559 1696 623 1737 se
652 1695 791 1752 ergo
820 1677 1237 1750 repudiaturus
1265 1676 1366 1743 [AL
1393 1674 1762 1748 repudiatus]
1793 1674 1926 1742 fuit,

272 1778 649 1828 contemnere
679 1767 881 1824 debuit
908 1772 967 1822 et
997 1766 1057 1821 in
1090 1765 1392 1838 propheta.

1959 1805 2008 1871 B

2024 516 2291 589 capitalis
2340 517 2605 573 criminis
2656 517 2713 572 in
2759 516 3017 572 convivio
3048 520 3436 585 truncaretur,
3470 537 3504 575 a
3532 536 3671 576 cen-

2025 607 2258 663 soribus
2311 605 2547 679 pulsum
2576 606 2758 672 curia,
2799 606 2955 677 quod
2986 604 3189 677 epulas
3219 607 3491 679 sanguini
3521 609 3669 665 mis-

2026 698 2232 764 cuerit,
2255 699 2311 751 et
2331 700 2599 761 mortem,
2624 693 2893 767 quamvis
2919 694 3073 750 noxii
3096 694 3374 763 hominis,
3398 695 3459 751 in
3480 696 3669 753 alteri-

2028 785 2153 840 rius
2198 782 2438 840 delicias
2487 783 2840 855 praestiterit,
2883 787 2951 838 ut
2988 782 3168 838 libido
3201 789 3258 838 et
3288 783 3670 840 homicidium

2028 873 2246 945 pariter
2275 876 2684 928 miscerentur.
2708 875 2935 939 Quanto
2967 869 3306 927 sceleratior
3331 871 3590 929 Herodes
3620 862 3683 929 et

2028 960 2309 1018 Herodias
2340 978 2405 1016 ac
2435 960 2647 1033 puella,
2681 978 2805 1032 quae
2837 959 3088 1031 saltavit,
3129 961 3189 1016 in
3236 960 3492 1033 pretium
3543 979 3677 1019 san-

2030 1049 2225 1124 guinis
2251 1054 2427 1122 caput
2454 1051 2712 1122 postulat
2740 1049 3055 1123 prophetae,
3089 1055 3156 1105 ut
3181 1049 3395 1107 habeat
3424 1052 3483 1107 in
3514 1055 3677 1125 pote-

2034 1143 2182 1194 state
2212 1138 2497 1211 linguam,
2537 1155 2665 1210 qua
2694 1136 2931 1194 illicitas
2961 1138 3196 1211 nuptias
3226 1140 3529 1211 arguebat.
3561 1145 3682 1197 Hoc

2026 1229 2199 1299 juxta
2226 1228 2481 1283 litteram
2516 1228 2732 1282 factum
2764 1228 2878 1291 sit:
2924 1244 3030 1284 nos
3061 1232 3257 1284 autem
3290 1246 3478 1301 usque
3506 1229 3680 1285 hodie

2035 1315 2329 1372 cernimus
2358 1316 2419 1371 in
2453 1316 2640 1388 capite
2668 1315 2913 1373 Joannis
2944 1316 3238 1389 propheta:
3258 1317 3494 1373 Judaaos
3521 1317 3685 1374 Chri-

2035 1410 2216 1473 stum,
2266 1405 2368 1477 qui
2416 1409 2593 1478 caput
2644 1405 2795 1460 103
2841 1409 2931 1461 est
2988 1405 3431 1478 prophetarum,
3488 1407 3683 1478 perdi-

2036 1494 2214 1550 disse.

2108 1582 2294 1654 (Vers.
2328 1582 2439 1654 12.)
2498 1605 2518 1631 ι
2554 1583 2624 1637 Et
2652 1583 2995 1638 accedentes
3034 1582 3308 1655 discipuli
3354 1585 3503 1656 ejus,
3535 1585 3685 1642 tule-

2037 1676 2177 1727 runt
2205 1688 2416 1743 corpus
2444 1671 2601 1742 ejus,
2634 1676 2690 1727 et
2720 1670 3046 1744 spelierunt
3075 1671 3244 1728 illud.
3279 1697 3307 1724 ››
3365 1673 3557 1730 Refert
3582 1675 3685 1731 Jo-

2039 1761 2259 1835 sepbus
2289 1761 2347 1815 in
2379 1760 2634 1832 quodam
2654 1761 2878 1815 Arabia:
2907 1763 2929 1797 ⁶
2958 1761 3171 1834 oppido
3191 1765 3473 1820 Joannem
3499 1764 3691 1838 capite

341 1858 538 1931 (Vers.
570 1857 651 1928 8.)
706 1878 735 1906 «
768 1856 854 1911 Da
885 1854 1053 1925 mihi,
1088 1853 1299 1925 inquit,
1331 1852 1427 1907 hic
1471 1852 1533 1907 in
1566 1851 1727 1907 disco
1758 1852 1934 1922 caput
1961 1850 2008 1871 ⁸³
2039 1855 2397 1907 truncatum.
2450 1850 2517 1904 Et
2545 1851 2700 1922 quod
2735 1852 3039 1922 sequitur:
3081 1852 3399 1909 Accedentes
3428 1854 3692 1927 discipuli

272 1947 526 2005 Joannis
554 1944 845 2017 Baptistae.
880 1966 910 1994 »
966 1942 1248 1999 Herodias
1295 1942 1511 1997 timens
1560 1957 1634 1996 ne
1677 1940 1933 1996 Herodes

279 2036 607 2109 aliquando
657 2032 1047 2106 resipisceret,
1102 2030 1188 2086 vel
1247 2030 1513 2102 Philippo
1566 2030 1718 2086 102
1770 2027 1936 2083 fratri

285 2126 521 2182 amicus
549 2123 731 2193 ﬁeret,
764 2126 939 2192 atque
968 2120 1183 2176 illicita:
1229 2118 1444 2191 nuptiae
1478 2118 1719 2191 repudio
1750 2117 1936 2172 solve-

284 2217 517 2284 rentur,
570 2214 769 2266 monet
814 2208 1019 2277 ﬁliam,
1055 2212 1120 2264 ut
1160 2208 1219 2262 in
1263 2208 1391 2279 ipso
1421 2207 1622 2263 statim
1655 2205 1937 2273 convivio,

287 2306 472 2376 caput
491 2299 737 2357 Joannis
758 2297 1013 2371 postulet
1036 2313 1049 2351 :
1084 2297 1261 2369 digno
1287 2295 1450 2369 operi
1471 2294 1821 2361 saltationis,
1846 2294 1938 2350 di-

284 2403 484 2465 gnum
512 2387 815 2462 sanguinis
844 2386 1172 2459 pmmium.

359 2478 556 2550 (Vers.
590 2476 668 2547 9.)
711 2497 740 2527 ‹‹
769 2475 840 2531 Et
871 2473 1254 2531 contristatus
1286 2477 1375 2530 est
1403 2490 1521 2529 rex.
1559 2496 1581 2524 ιν
1617 2472 1937 2529 Consuetu-

283 2567 451 2623 dinis
496 2567 932 2637 Scripturarum
983 2567 1091 2634 est,
1147 2567 1213 2618 ut
1253 2562 1584 2635 opinionem
1616 2560 1940 2617 multorum

284 2656 373 2711 sic
407 2658 606 2711 narret
632 2653 969 2724 historicus,
995 2651 1288 2724 quomodo
1318 2668 1385 2707 eo
1416 2655 1678 2723 tempore
1708 2650 1780 2705 ab
1812 2665 1943 2705 om-

285 2744 470 2801 nibus
502 2742 864 2798 credebatur.
890 2741 1051 2797 Sicut
1068 2740 1287 2814 Joseph
1321 2741 1393 2796 ab
1424 2740 1552 2813 ipsa
1572 2755 1805 2812 quoque
1829 2742 1941 2793 Ma-

288 2834 382 2889 ria
430 2830 835 2905 appellabatur
881 2833 1046 2901 pater
1094 2829 1232 2885 Jesu
1282 2830 1432 2896 (Luc.
1488 2846 1564 2895 II,
1600 2828 1712 2900 48),
1761 2828 1842 2882 ita
1888 2832 1946 2883 et

288 2936 456 2976 nunc
510 2919 769 2975 Herodes
815 2917 1030 2973 dicitur
1072 2916 1476 2983 contristatus,
1510 2916 1650 2988 quia
1679 2915 1788 2971 hoc
1820 2916 1944 2970 dis-

288 3009 643 3065 cumbentes
699 3008 1007 3079 putabant.
1059 3005 1472 3062 Dissimulator
1526 3006 1683 3060 enim
1731 3004 1946 3060 mentis

287 3114 417 3155 suae
447 3097 472 3132 ³
526 3102 585 3152 et
614 3095 822 3151 artifex
849 3094 1151 3157 homicidii
1179 3096 1221 3161 ‘,
1275 3094 1577 3150 tristitiam
1607 3094 1949 3165 praeferebat

288 3186 347 3241 in
386 3184 561 3251 facie,
595 3200 730 3239 cum
759 3182 1017 3239 laetitiam
1051 3184 1293 3239 haberet
1319 3182 1378 3237 in
1410 3187 1624 3239 mente.

357 3274 561 3343 (Vers.
594 3272 792 3344 9,10.)
838 3295 867 3321 ‹‹
902 3272 1142 3344 Propter
1179 3272 1601 3343 jusjurandum
1652 3275 1846 3326 autem
1891 3273 1950 3324 et

291 3367 542 3436 propter
571 3378 672 3418 eos
702 3361 803 3433 qui
834 3361 1054 3433 pariter
1092 3360 1564 3427 discumbebant,
1586 3358 1770 3431 jussit
1798 3358 1944 3413 dari.

293 3448 600 3523 Misitque,
632 3455 692 3505 et
721 3449 1031 3505 decollavit
1057 3453 1344 3505 Joannem
1374 3449 1434 3503 in
1464 3464 1712 3504 carcere.
1744 3470 1774 3499 ››
1808 3448 1947 3502 Sce-

294 3541 387 3597 lus
419 3543 664 3596 excusat
686 3540 1046 3610 juramento,
1092 3543 1159 3593 ut
1206 3538 1317 3593 sub
1366 3537 1669 3593 occasione
1714 3536 1949 3609 pietatis

293 3630 523 3702 impius
572 3629 757 3683 ﬁeret.
813 3629 967 3693 Quos
1016 3631 1213 3682 autem
1268 3627 1560 3697 subjecit:
1611 3628 1677 3680 Et
1725 3630 1953 3697 propter

291 3734 387 3776 eo:
437 3718 535 3788 qui
574 3718 789 3788 pariter
836 3715 1265 3784 discumbebant,
1312 3714 1436 3770 vult
1478 3731 1682 3771 omnes
1712 3713 1950 3770 sceleris

295 3807 391 3862 sui
414 3822 546 3861 esse
574 3808 895 3872 consortes,
924 3810 988 3860 ut
1016 3805 1073 3859 in
1106 3803 1404 3860 luxurioso
1436 3804 1785 3876 impuroque
1813 3820 1952 3859 con-

294 3894 459 3950 vivio
489 3898 735 3949 cruentae
766 3892 948 3965 epulae
978 3894 1361 3949 deferrentur.

376 3978 568 4053 (Vers.
603 3981 710 4051 11.)
759 4003 787 4031 ‹‹
818 3982 888 4037 Et
917 3980 1162 4037 allatum
1193 3986 1283 4037 est
1314 3985 1491 4054 caput
1518 3982 1646 4053 ejus
1677 3981 1736 4036 in
1768 3981 1950 4050 disco,

298 4076 360 4128 et
391 4071 600 4126 datum
631 4076 721 4126 est
750 4070 977 4143 puellae,
1009 4076 1067 4126 et
1096 4070 1295 4126 attulit
1327 4069 1500 4125 matri
1530 4088 1670 4126 suae.
1703 4092 1731 4121 »
1784 4068 1953 4142 Legi-

297 4177 440 4216 mus
462 4160 522 4215 in
546 4160 810 4215 Romana
835 4159 1106 4225 historia,
1135 4158 1482 4215 Flaminium
1505 4160 1713 4216 ducem
1748 4159 1955 4215 Roma-

298 4266 473 4318 num,
504 4248 661 4320 quod
692 4248 1057 4304 accumbenti
1107 4249 1213 4317 [ΑΖ.
1248 4248 1577 4319 accubanti]
1621 4250 1791 4321 juxta
1832 4264 1952 4303 me-

298 4337 594 4395 retriculaz
641 4335 797 4392 latus
837 4353 963 4409 quae
992 4338 1013 4371 ⁵
1061 4353 1368 4408 nunquam
1399 4354 1461 4392 se
1491 4336 1709 4393 vidisse
1737 4336 1958 4393 diceret

2039 1942 2178 2013 ejus,
2211 1940 2456 1995 tulerunt
2485 1955 2699 2010 corpus,
2729 1943 2786 1994 et
2813 1939 3002 2011 ipsius
3043 1941 3309 2009 Joannis,
3340 1945 3398 1998 et
3424 1943 3689 2000 Salvato-

2043 2030 2124 2084 ris
2156 2026 2476 2100 discipulos
2507 2043 2824 2100 possumus
2855 2026 3198 2102 intelligere.

2115 2115 2299 2188 (Vers.
2335 2117 2421 2186 l2,
2462 2116 2567 2184 I3.)
2600 2136 2629 2165 ‹‹
2657 2116 2728 2171 Et
2755 2117 3051 2172 venientes
3081 2118 3503 2176 nuntiaverunt
3524 2120 3689 2179 Jesu.

2045 2206 2207 2270 Quod
2239 2222 2373 2260 cum
2402 2204 2664 2261 audisset
2690 2209 2884 2272 Jesus,
2921 2206 3161 2262 secessit
3189 2207 3325 2264 inde
3354 2209 3416 2265 in
3450 2211 3692 2268 navicu-

2044 2295 2163 2351 lam
2196 2296 2255 2349 in
2301 2293 2493 2349 locum
2524 2298 2824 2350 desertum
2853 2311 3141 2351 seorsum.
3174 2318 3203 2347 »
3255 2297 3465 2354 Necem
3496 2299 3692 2373 Bapti-

2048 2390 2148 2442 stae
2178 2384 2454 2439 nuntiant
2500 2383 2808 2452 Salvatori,
2849 2400 2965 2456 qua
2992 2385 3213 2454 audita,
3246 2389 3490 2444 secessit
3517 2389 3578 2446 in
3608 2390 3696 2447 lo-

2048 2490 2182 2531 cum
2231 2475 2529 2529 desertum
2558 2474 2599 2527 7.
2651 2473 2802 2541 Non,
2834 2479 2899 2528 ut
2929 2474 3173 2545 quidam
3205 2477 3588 2549 arbitrantur,
3620 2481 3694 2536 ti-

2049 2580 2210 2619 more
2255 2562 2484 2628 mortis,
2526 2562 2623 2617 sed
2660 2578 2906 2634 parcens
2937 2562 3193 2620 inimicis
3223 2566 3372 2635 suis,
3405 2584 3477 2624 ne
3506 2568 3695 2626 homi-

2051 2652 2203 2708 cidio
2246 2651 2630 2706 homicidium
2674 2652 3013 2724 jungerent.
3041 2651 3145 2708 Vel
3185 2655 3243 2709 in
3277 2655 3430 2712 diem
3461 2660 3697 2715 Pascha;

2051 2758 2225 2798 suum
2279 2740 2578 2796 interitum
2623 2740 2919 2813 differens,
2966 2741 3027 2796 in
3072 2758 3187 2814 quo
3231 2750 3468 2817 propter
3504 2764 3698 2804 sacra-

2053 2835 2316 2887 mentum
2348 2828 2746 2885 immolandus
2776 2835 2867 2885 est
2894 2846 3104 2902 agnus,
3138 2835 3195 2887 et
3223 2839 3421 2904 postes
3453 2838 3694 2892 creden-

2051 2919 2201 2975 tium
2252 2918 2539 2991 sanguine
2582 2918 2955 2990 respergendi
2984 2919 3180 2990 (Exod.
3214 2937 3318 2987 xu,
3349 2924 3403 2991 6,
3434 2923 3513 2993 7).
3565 2924 3698 2981 Sive

2054 3009 2183 3063 ideo
2233 3006 2494 3075 recessit,
2544 3010 2609 3059 ut
2639 3005 2807 3060 nobis
2840 3005 3121 3076 praeberet
3150 3007 3483 3079 exemplum
3515 3009 3699 3066 vitan-

2056 3096 2140 3150 da:
2196 3094 2349 3149 ultro
2396 3092 2753 3148 tradentium
2799 3109 2862 3148 se
2905 3094 3343 3151 temeritatis”:
3394 3097 3536 3168 quia
3583 3116 3700 3156 non

2058 3199 2261 3239 omnes
2283 3183 2485 3238 eadem
2513 3182 2844 3237 constantia
2871 3187 3245 3254 perseverant
3276 3184 3336 3240 in
3366 3188 3701 3256 tormentis,

2056 3290 2173 3345 qua
2202 3289 2264 3328 se
2293 3270 2650 3342 torquendos
2681 3270 2954 3326 offerunt.
2986 3271 3070 3326 Ob
3101 3271 3253 3329 hanc
3282 3290 3523 3333 causam
3553 3281 3612 3332 et
3639 3277 3701 3333 in

2056 3361 2169 3418 alio
2200 3360 2322 3415 loco
2354 3360 2647 3432 praecipit:
2684 3358 2818 3414 Cum
2848 3376 2939 3416 vos
2963 3364 3236 3432 persecuti
3260 3364 3474 3434 fuerint
3505 3367 3567 3420 in
3595 3368 3704 3423 ista

2056 3452 2293 3515 civitate,
2341 3451 2514 3521 fugite
2562 3451 2623 3504 in
2669 3449 2843 3504 aliam
2880 3451 3103 3519 (Matth.
3146 3467 3204 3520 x,
3241 3451 3353 3524 23).
3403 3453 3713 3527 Eleganter

2057 3555 2290 3612 quoque
2320 3538 2676 3610 evangelista
2705 3555 2819 3594 non
2851 3538 2951 3607 ait,
2987 3539 3138 3612 fugit
3180 3540 3239 3595 in
3285 3541 3479 3598 locum
3509 3546 3705 3602 deser-

2057 3635 2206 3695 tum,
2250 3628 2350 3682 sed
2396 3627 2658 3695 secessit,
2689 3632 2756 3682 ut
2785 3633 3190 3699 persecutores
3217 3629 3490 3687 vitaverit
3517 3634 3710 3706 magis

2060 3733 2237 3790 quam
2268 3715 2548 3771 timuerit.
2581 3716 2799 3772 Aliter:
2834 3721 3151 3787 Postquam
3181 3735 3216 3775 a
3242 3720 3459 3776 Iudaeis
3488 3727 3545 3778 et
3574 3739 3710 3796 rege

2057 3806 2398 3861 Judaeorum
2428 3804 2723 3876 propheta:
2756 3808 3092 3861 truncatum
3125 3810 3215 3863 est
3251 3815 3447 3881 caput,
3488 3816 3547 3867 et
3597 3810 3708 3868 lin-

2060 3912 2238 3968 guam
2267 3910 2333 3949 ac
2365 3910 2563 3949 vocem
2595 3894 2750 3965 apud
2782 3910 2883 3950 eos
2914 3895 3165 3964 perdidit
3184 3898 3506 3971 prophetia,
3533 3900 3733 3958 Jesus‘

2060 3984 2274 4039 transit
2318 3982 2377 4036 in
2428 3983 2726 4038 desertum
2782 3983 3052 4039 Ecclesiae
3096 3986 3312 4056 locum,
3353 4004 3481 4059 quae
3518 3989 3709 4045 virum

2062 4076 2196 4127 ante
2226 4087 2341 4127 non
2372 4070 2678 4127 habuerat.
2713 4094 2741 4122 ‹‹
2774 4072 2844 4127 Et
2876 4089 3009 4128 cum
3041 4074 3350 4130 audissent
3378 4077 3584 4144 turbae,
3617 4095 3707 4134 se-

2062 4166 2207 4217 cuta:
2257 4164 2396 4216 sunt
2434 4177 2570 4215 eum
2611 4161 2909 4232 pedestres
2941 4162 3013 4217 de
3042 4162 3394 4220 civitatibus.
3430 4187 3460 4215 ››
3511 4166 3714 4224 Potest

2063 4253 2122 4304 et
2150 4248 2326 4304 aliam
2358 4248 2431 4302 ob
2460 4264 2723 4314 causam,
2748 4248 2947 4304 audito
2972 4249 3215 4307 Joannis
3245 4252 3505 4326 interitu,
3527 4272 3711 4314 seces-

2063 4337 2212 4394 sisse
2242 4336 2302 4391 in
2334 4336 2632 4392 desertum
2661 4335 2880 4405 locum,
2922 4342 2986 4393 ut
3023 4340 3385 4399 credentium
3438 4345 3709 4417 probaret

376 4555 395 4635 ξ
441 4549 712 4637 Totidem
741 4549 904 4637 bona.
928 4549 1265 4637 ﬁdenverhis
1307 4549 1428 4637 haec
1468 4550 1859 4637 Hieronymus
1888 4566 1957 4607 ex
1988 4540 2032 4604 D
2058 4553 2245 4634 potius
2302 4554 2457 4634 erat,
2531 4567 2697 4622 quam
2734 4552 3077 4637 ‘juramento
3133 4555 3411 4637 standum.
3497 4558 3721 4615 Temere

299 4620 552 4698 Origene
594 4621 914 4698 descripsit
946 4638 959 4676 :
1135 4617 1706 4698 _0685uta;m7pacpﬁ_cv
1727 4622 1953 4698 ab'pppev

300 4688 438 4747 ἔνι-ιε’)⁷
458 4688 672 4745 δικαίου
720 4688 993 4765 γεγῖεθλιον
1047 4688 1336 4765 ἀγόμενοὶο,
1383 4688 1701 4776 ἅόιίἑοςίίνάρ
1738 4688 1950 4765 μᾶλλον

306 4762 512 4818 ἔπιείνου
562 4768 671 4838 νοῦᾲ
706 4762 908 4838 Φαραὼ
952 4763 988 4838 ὁγ
1019 4760 1286 4838 Ἡρῳδης.
1325 4765 1537 4838 Nultibi
1571 4770 1838 4836 scriptum
1864 4782 1950 4821 re-

306 4794 512 4818 ιιιινυυ
565 4794 658 4816 νυυ
706 4794 908 4838 Ψαρῑιω
952 4794 979 4816 υ
1033 4794 1286 4835 υρωυιλς.
1325 4794 1535 4820 ινιιιιιυι
1571 4794 1838 4836 δωτμιιιηι
1864 4794 1951 4821 7⁷6·

303 4838 554 4906 petimus
578 4852 613 4891 a
641 4836 793 4907 justo
825 4837 1083 4907 quopiam
1108 4837 1277 4905 fuisse
1310 4836 1596 4907 celebrata
1641 4838 1904 4892 natatitia
1934 4856 1951 4891 :

306 4905 559 4978 iniquior
586 4905 786 4978 quippe
813 4905 911 4962 hoc
932 4905 1223 4962 Pharaone
1267 4905 1419 4978 (Gen.
1460 4924 1549 4975 XL,
1580 4908 1670 4976 20)
1700 4910 1812 4978 fuit
1840 4913 1951 4964 He-

304 4977 488 5034 rodes.
520 4977 777 5033 Et’bo’m.
811 4980 845 5033 8
874 4979 933 5032 in
968 4978 1201 5033 Levitic.
1238 4996 1250 5034 :
1299 5001 1327 5027 «
1360 4978 1539 5034 Nemo
1578 4995 1647 5034 ex
1677 4977 1953 5035 Omnibus

304 5052 532 5106 sanctis
580 5049 876 5105 invenitur
917 5049 1069 5104 diem
1103 5050 1315 5104 festum
1345 5049 1431 5105 vel
1463 5051 1791 5105 convivium
1826 5068 1954 5105 ma-

304 5137 492 5193 gnum
524 5120 716 5193 egisse
747 5122 804 5176 in
838 5119 1172 5194 dienatalis
1204 5121 1316 5194 sui.
1350 5143 1379 5171 ››
1430 5121 1729 5194 νθιειιωᾲεῐ
1759 5126 1955 5194 Αενὲρο

304 5191 445 5264 pain
478 5191 699 5262 regem,
729 5199 788 5247 et
814 5191 1187 5264 Antiochum,
1237 5191 1499 5264 aliosque
1543 5192 1760 5249 multos
1792 5191 1953 5249 50an

306 5262 499 5336 frugis
528 5264 684 5336 viros
716 5262 969 5336 natalem
1001 5280 1175 5336 suum
1207 5262 1555 5336 celebrasse,
1588 5265 1828 5320 tradunt
1855 5266 1954 5319 Hi-

309 5333 524 5407 storiae.
549 5334 694 5390 Vide
723 5333 1076 5407 peculiarem
1101 5334 1211 5391 hoc
1231 5335 1302 5390 de
1323 5341 1669 5407 argumento
1690 5336 1956 5392 canonici

308 5406 625 5462 Frontonis
654 5406 1146 5462 dissertationem.

381 5479 407 5512 ²
436 5478 650 5551 Eodem
681 5495 860 5551 sensu
888 5477 1186 5551 Origenes,
1225 5472 1435 5551 μᾶλλον
1478 5474 1761 5551 ἐπιορκεῖν-
1792 5477 1827 5545 ἢ
1862 5475 1955 5551 εὖ·

304 5554 492 5625 ορκεῖν
550 5545 677 5625 ἔδει·
719 5548 783 5604 οὑ
812 5543 1021 5625 fama;
1065 5543 1179 5624 γὰρ
1223 5543 1480 5624 gmw“
1506 5543 1950 5625 npgmezagsp-

300 5617 444 5698 nos,
496 5619 588 5677 καὶ
642 5625 743 5696 τῆς
804 5617 1095 5703 ἀναιρεσωέ
1141 5617 1519 5703 nmmum.
1550 5617 1955 5699 'Pejerandu'm

2063 4622 2264 4697 quippe
2282 4626 2652 4697 furassenon
2677 4622 2808 4697 adeo
2838 4625 3174 4697 culpandum
3201 4630 3339 4695 erat,
3370 4644 3536 4697 quam
3573 4646 3706 4697 pro-

2063 4646 2264 4695 quippe
2282 4646 2509 4693 μιν-(ωδε
2539 4646 2652 4677 τιυη
2677 4646 2808 4678 aueo
2838 4646 3174 4697 cutpanuum
3201 4646 3339 4695 erat,
3405 4646 3536 4683 nam
3647 4646 3705 4685 0·

2063 4694 2523 4768 pterjuramenti
2551 4696 2911 4751 temeritatem
2938 4696 3265 4767 prophetam
3294 4646 3436 4759 ιυιῖο
3479 4646 3705 4757 dﬂigi”.

2134 4766 2157 4800 ³
2186 4766 2369 4820 Penes
2397 4765 2632 4834 Victor.,
2660 4765 2979 4822 Dissimulat
2997 4765 3149 4823 enim
3179 4772 3377 4824 mentis
3407 4786 3522 4826 suae
3550 4773 3711 4829 mali-

2065 4838 2206 4891 tiam
2253 4838 2464 4962 artzzex
2504 4837 2801 4900 homicida,
2852 4854 2978 4893 cum
3019 4840 3311 4895 tristitiam
3351 4842 3414 4896 in
3452 4844 3616 4913 faeie,
3649 4849 3709 4901 et

2067 4909 2325 4962 lmiitiam
2395 4909 2575 4962 aberet
2604 4910 2664 4962 in
2694 4913 2890 4962 mente.

2067 4909 2325 4965 laetitiam
2355 4909 2575 4963 haberet
2604 4910 2664 4963 in
2694 4913 2890 4964 mente.

2135 4981 2156 5013 ⁴
2187 4980 2327 5034 Mss.
2352 4978 2613 5050 plerique
2637 4996 2863 5043 omnes,
2885 4981 3174 5037 homicida.
3199 4982 3293 5037 Sic
3324 4983 3703 5041 Rbabbanus.

2136 5051 2156 5084 ⁵
2186 5051 2437 5176 thbb.,
2491 5050 2638 5119 Quod
2686 5050 2981 5106 accubanti
3017 5053 3185 5123 juxta
3228 5070 3285 5110 se
3333 5060 3702 5125 meretricula,

2136 5138 2205 5176 ae.
2238 5138 2268 5176 e
2299 5139 2347 5176 c.

2066 5138 2205 5193 quae,
2238 5138 2347 5193 etc.

2133 5195 2155 5229 ⁶
2186 5192 2506 5269 Scilicet_in
2524 5190 2774 5269 _easte_llo
2805 5191 3193 5269 Machierunte
3224 5214 3235 5252 :
3281 5198 3573 5269 Antiquitt.
3604 5197 3705 5255 lib.

2066 5282 2228 5333 XVIII,
2262 5280 2387 5333 cap.
2418 5264 2473 5329 5,
2514 5262 2806 5334 Josepbus
2836 5265 3033 5320 tradit.

2137 5338 2157 5371 ⁷
2192 5334 2388 5391 Victor
2415 5333 2578 5389 addit
2605 5350 2868 5391 seorsum.

2136 5407 2158 5441 ⁸
2188 5406 2291 5462 Hic
2321 5422 2554 5532 Suoque
2574 5406 2775 5462 eadem
2808 5423 2952 5479 pene
2980 5412 3121 5463 sunt
3147 5409 3477 5467 Adamantii
3507 5413 3701 5483 verba,

2136 5482 2220 5532 rte
2250 5494 2319 5532 ea
2362 5493 2452 5532 em
2501 5478 2948 5532 argumentandi
2999 5480 3164 5532 ratio.
3217 5481 3396 5532 Nobis
3443 5484 3701 5532 momni-

2066 5482 2220 5557 certe
2250 5478 2452 5557 eadem
2501 5478 2965 5557 argumentandi
2999 5480 3164 5536 ratio.
3217 5478 3705 5557 Nobisproposil

2066 5555 2210 5634 tum.
2221 5554 2310 5607 est
2337 5548 2663 5634 insigniora
2689 5554 2922 5608 tantum
2949 5549 3079 5613 loca
3105 5548 3709 5631 comparationis'gra-

2066 5622 2150 5681 tia
2177 5621 2527 5687 describere.
