4024 6196
320 276 436 336 103

1574 269 1637 328 S.
1687 268 1996 332 EUSEBII
2048 271 2488 333 l‘llERONYMI

3609 276 3729 336 104

325 409 522 464 ﬁdem.
557 406 818 476 Denique
847 405 1031 460 turbae
1073 406 1283 460 secutae
1315 407 1454 460 sunt
1483 418 1614 458 eum
1648 402 1967 475 pedestres,
1999 404 2054 469 Α
2085 403 2331 457 refertur
2361 405 2431 459 ad
2465 405 2652 476 legem
2674 406 2714 458 ².
2750 405 2936 478 Igitur
2960 406 3205 478 apostoli
3227 409 3361 462 ante
3388 407 3723 478 passionem

327 514 441 553 non
482 496 538 548 in
577 493 884 564 jumentis,
937 511 1051 548 non
1106 494 1164 548 in
1219 492 1462 547 diversis
1508 491 1813 557 vehiculis,
1864 491 1966 546 sed

320 584 554 656 proprio
603 581 800 638 labore
835 584 1073 655 pedum,
1116 587 1180 637 ut
1227 583 1492 638 ardorem
1531 580 1742 636 mentis
1773 585 1964 635 osten-

313 673 534 727 derent.
585 671 646 726 Si
677 671 948 727 volumus
990 671 1359 743 singulorum
1403 670 1710 724 verborum
1743 669 1965 740 aperire

308 761 596 827 rationes,
642 761 924 832 propositi
983 760 1172 831 operis
1232 759 1569 814 brevitatem
1631 757 1964 812 cxcedimus

309 851 416 922 [AL
451 850 839 920 excedemus).
893 851 1163 904 Attamen
1208 848 1520 903 dicendum
1561 851 1649 902 est
1687 845 1959 900 transito-

314 939 416 1009 ric,
449 940 600 1012 quod
637 943 948 1010 postquam
988 938 1268 992 Dominus
1298 935 1521 991 venerit
1550 935 1610 989 in
1642 935 1960 999 desertum,

311 1032 522 1083 secutae
557 1033 700 1083 sunt
727 1043 860 1082 eum
891 1027 1075 1081 turba:
1123 1025 1408 1098 plurimae.
1457 1025 1603 1080 Nam
1645 1027 1959 1094 antequam

309 1117 530 1173 veniret
561 1117 618 1170 in
653 1115 997 1172 solitudines
1028 1115 1313 1187 gentium,
1347 1115 1418 1170 ab
1456 1131 1570 1169 uno
1600 1116 1830 1168 tantum
1864 1129 1961 1184 po-

311 1205 448 1277 pulo
480 1203 799 1260 colebatur.

385 1293 566 1366 (Vers.
603 1295 712 1364 14.)
763 1295 918 1348 104
971 1316 997 1342 ‹‹
1030 1297 1097 1347 Et
1126 1293 1324 1348 exiens
1353 1291 1497 1347 vidit
1540 1292 1772 1346 turbam
1805 1288 1956 1344 mul-

309 1386 453 1448 tam,
491 1386 546 1438 et
579 1383 854 1437 misertus
885 1385 974 1437 est
1004 1383 1151 1453 ejus,
1189 1387 1245 1435 et
1274 1381 1499 1436 curavit
1527 1379 1836 1451 languidos
1864 1394 1957 1433 eo-

311 1487 466 1527 rum.
505 1493 532 1520 »
589 1473 648 1525 In
682 1470 1034 1542 evangelicis
1067 1469 1437 1525 sermonibus
1479 1485 1711 1540 semper
1755 1467 1958 1522 litteras

305 1560 553 1630 junctus
583 1563 672 1614 est
703 1559 967 1631 spiritus,
1009 1564 1067 1614 et
1098 1559 1382 1630 quidquid
1418 1557 1605 1630 primo
1639 1557 1844 1628 frigere
1875 1557 1958 1610 vi-

311 1649 484 1703 detur
531 1654 790 1718 aspectu,
848 1647 898 1703 si
947 1647 1232 1718 tetigeris,
1293 1645 1441 1702 calet
1471 1647 1508 1699 ¹.
1571 1645 1633 1700 In
1682 1644 1807 1700 loco
1858 1645 1956 1700 de-

310 1741 463 1792 serto
513 1741 636 1792 erat
674 1736 998 1802 Dominus;
1052 1739 1262 1792 secutae
1295 1739 1433 1790 sunt
1462 1751 1597 1790 eum
1630 1735 1832 1798 turbae,
1867 1749 1955 1788 re-
1990 1772 2035 1836 B

306 1826 641 1897 linquentes
685 1825 945 1880 civitates
995 1842 1157 1891 suas,
1213 1827 1317 1879 hoc
1359 1827 1467 1889 est,
1511 1822 1792 1895 pristinas
1823 1839 1954 1877 con-

301 1915 659 1970 versationes
691 1918 747 1969 et
777 1914 1084 1970 varietates
1118 1914 1480 1985 dogmatum.
1531 1915 1812 1983 Egressus
1852 1928 1955 1966 au-

307 2008 425 2058 tem
454 2004 650 2070 Jesus,
677 2003 969 2077 signiﬁcat
1000 2004 1153 2074 quod
1175 2003 1358 2057 turbae
1383 2001 1693 2057 habuerint
1716 2001 1953 2071 quidem

307 2093 480 2147 eundi
505 2093 888 2161 voluntatem,
910 2093 1009 2147 sed
1035 2091 1183 2146 vires
1207 2091 1576 2163 perveniendi
1604 2108 1718 2145 non
1743 2090 1950 2145 habue-

309 2181 426 2234 rint
453 2199 465 2248 ;
518 2181 644 2235 ideo
687 2181 951 2236 Salvator
995 2180 1290 2251 egreditur
1323 2181 1393 2235 de
1425 2180 1549 2234 loco
1585 2196 1713 2243 suo,
1746 2183 1800 2233 et
1831 2195 1957 2249 per-

303 2269 390 2341 git
421 2270 649 2324 obviam
686 2287 697 2324 :
752 2270 904 2324 sicut
935 2274 993 2324 et
1021 2270 1078 2323 in
1123 2269 1235 2323 alia
1275 2267 1552 2340 parabole
1598 2267 1716 2322 ﬁlio
1772 2266 1953 2338 pomi-

304 2359 445 2414 tenti
478 2363 810 2414 occurrerat
858 2359 1006 2429 (Luc.
1043 2375 1137 2424 xv,
1168 2358 1279 2429 20).
1331 2358 1578 2428 Visaque
1616 2357 1807 2422 turba,
1845 2356 1954 2409 mi-

300 2451 527 2502 seretur
573 2451 629 2501 et
678 2452 842 2502 curat
888 2447 1198 2519 languores
1243 2462 1468 2515 eorum,
1503 2450 1567 2499 ut
1609 2445 1751 2499 ﬁdes
1782 2444 1954 2515 plena

302 2535 503 2589 statim
537 2535 841 2606 praamium
875 2539 1292 2606 consequatur.

379 2623 563 2694 (Vers.
602 2625 710 2694 15.)
764 2624 1076 2695 «Vespere
1127 2627 1320 2677 autem
1373 2624 1542 2690 facto,
1585 2625 1954 2676 accesserunt

303 2712 373 2765 ad
408 2727 542 2767 eum
575 2711 846 2784 discipuli
880 2712 1030 2783 ejus,
1063 2711 1324 2766 dicentes
1360 2729 1371 2765 :
1427 2710 1700 2765 Desertus
1739 2713 1826 2764 est
1866 2708 1949 2764 lo-

305 2817 429 2866 cus,
454 2805 511 2856 et
539 2802 681 2856 hora
704 2802 825 2870 jam
859 2800 1173 2871 praeteriit:
1209 2800 1440 2854 dimitte
1471 2799 1694 2866 turbas,
1721 2803 1786 2852 ut
1813 2815 1951 2853 eun-

303 2894 392 2944 tes
435 2889 492 2944 in
541 2889 798 2958 castella,
853 2894 1050 2944 emant
1087 2888 1195 2944 sibi
1230 2904 1413 2944 escas.
1453 2910 1473 2936 »
1533 2887 1742 2942 Omnia
1781 2886 1952 2958 plena

299 2979 597 3050 mysteriis
642 2983 800 3035 sunt.
849 2978 1088 3034 Recedit
1128 2979 1201 3032 de
1229 2978 1448 3043 Judaea,
1479 2977 1635 3031 venit
1667 2977 1723 3029 in
1756 2977 1948 3030 deser-

301 3071 426 3121 tum
459 3068 653 3123 locum
689 3085 702 3122 :
737 3072 1068 3138 sequuntur
1097 3083 1228 3123 eum
1263 3066 1464 3134 turbae,
1501 3063 1718 3120 relictis
1750 3065 1948 3118 civita-

299 3155 461 3209 tibus
492 3156 615 3210 suis
641 3172 653 3209 :
688 3157 984 3226 egreditur
1014 3157 1085 3210 ad
1116 3173 1214 3211 eos
1243 3155 1436 3221 Jesus,
1480 3153 1790 3208 miseretur
1817 3157 1944 3206 tur-
1977 3132 2018 3197 (ἶ

298 3242 410 3308 bis,
437 3248 603 3298 curat
626 3242 938 3314 languidos
966 3260 1166 3298 eorum
1195 3262 1207 3298 :
1242 3250 1298 3298 et
1322 3244 1432 3297 hoc
1457 3243 1593 3296 facit
1613 3259 1727 3297 non
1753 3257 1944 3311 mane,

298 3346 414 3385 non
481 3335 776 3387 crescente
837 3331 949 3396 die,
1011 3348 1125 3386 non
1186 3331 1446 3395 meridie,
1519 3329 1618 3384 sed
1686 3345 1943 3400 vespere,

293 3420 529 3490 quando
571 3420 658 3475 sol
693 3421 941 3491 justitia:
973 3419 1266 3474 occubuit.

361 3509 548 3580 (Vers.
586 3509 696 3579 16.)
737 3530 762 3561 α
792 3510 964 3564 Jesus
995 3512 1189 3563 autem
1220 3506 1367 3560 dixit
1396 3505 1479 3561 eis
1511 3523 1523 3560 :
1567 3505 1690 3560 Non
1727 3505 1942 3561 habent

292 3613 531 3652 necesse
584 3598 686 3652 ire.
724 3619 752 3646 ››
809 3599 932 3653 Non
977 3597 1195 3651 habent
1224 3612 1458 3651 necesse
1490 3596 1748 3650 diversos
1780 3595 1940 3649 cibos

291 3701 572 3756 quaerere,
605 3690 661 3740 et
690 3702 882 3741 emere
914 3685 1023 3742 sibi
1058 3686 1285 3757 ignotos
1317 3701 1516 3755 panes,
1563 3701 1697 3738 cum
1741 3700 1939 3739 secum

291 3773 546 3829 habeant
579 3773 869 3830 caelestem
905 3791 1136 3846 panem.

367 3884 394 3912 «
425 3863 568 3918 Date
599 3863 715 3919 illis
746 3881 869 3932 vos,
905 3864 1277 3918 manducare.
1314 3884 1342 3912 »
1399 3862 1674 3917 Provocat
1703 3865 1936 3933 aposto-

289 3951 379 4007 los
409 3952 480 4006 ad
513 3953 854 4008 fractionem
890 3953 1080 4024 panis,
1116 3957 1180 4007 ut
1209 3952 1326 4007 illis
1357 3967 1419 4006 se
1464 3968 1576 4006 non
1608 3950 1822 4006 habere
1852 3955 1935 4006 te-

288 4042 604 4110 stantibus,
640 4042 984 4113 magnitudo
1016 4040 1167 4114 signi
1201 4039 1392 4094 notior
1424 4041 1540 4094 fiat.

359 4130 546 4200 (Vers.
578 4132 689 4201 17.)
723 4153 750 4179 ‹‹
782 4130 1230 4202 Responderunt
1254 4129 1343 4183 ei:
1379 4128 1502 4182 Non
1530 4128 1817 4183 habemus
1842 4127 1935 4181 hic

285 4216 398 4272 nisi
428 4218 688 4290 quinque
721 4237 900 4291 panes
932 4229 989 4274 et
1017 4220 1164 4274 duos
1196 4219 1407 4290 pisces.
1447 4241 1468 4268 ιθ
1527 4218 1588 4271 In
1623 4217 1734 4271 alio
1764 4233 1933 4271 evan-

277 4305 489 4376 gelista
532 4306 827 4378 legimus:
880 4311 974 4363 Est
1021 4309 1109 4362 hic
1151 4308 1378 4379 quidam
1423 4323 1582 4377 puer,
1633 4307 1729 4376 qui
1776 4305 1934 4360 habet

283 4395 523 4464 quinque
547 4412 717 4465 panes
749 4398 928 4467 (Joan.
957 4414 1032 4467 v1,
1060 4396 1114 4467 9)
1141 4414 1153 4462 ;
1191 4396 1291 4466 qui
1325 4395 1469 4450 mihi
1499 4394 1728 4448 videtur
1758 4395 1934 4465 signi-

2077 490 2394 547 Salvatoris
2425 498 2480 547 et
2512 494 2976 550 coruscationem
3008 495 3299 568 Evangelii
3346 495 3722 569 fulgurantis,

2076 597 2191 635 non
2224 581 2519 637 habebant
2549 582 2662 658 nisi
2696 583 2957 656 quinque
2988 601 3167 656 panes
3198 589 3254 639 et
3284 584 3430 640 duos
3469 584 3721 658 piscicu-

2073 668 2183 733 los,
2209 670 2309 742 qui
2339 670 2399 726 in
2431 671 2604 727 salsis
2635 673 2806 744 aquis
2837 678 2893 728 et
2924 673 2981 728 in
3012 673 3192 728 maris
3225 673 3502 729 ﬂuctibus
3522 690 3725 731 versa-

2074 757 2308 813 bantur.

2144 846 2327 917 (Vers.
2355 848 2465 918 i8.)
2499 871 2526 898 «
2554 848 2662 914 Qui
2693 849 2774 904 ait
2803 850 2926 906 eis:
2959 852 3172 906 Ati‘erte
3195 851 3340 906 mihi
3363 837 3494 906 illos
3526 851 3664 907 huc.
3690 873 3719 902 ››

2072 935 2220 992 105
2257 936 2429 1003 Audi,
2465 937 2740 1000 Marcion,
2774 937 2931 1005 audi,
2966 938 3300 1009 Manichaee,
3326 939 3586 1011 quinque
3619 956 3720 1012 pa-

2072 1039 2176 1079 nes
2209 1029 2263 1080 et
2293 1025 2441 1081 duos
2473 1025 2782 1095 pisciculos
2814 1028 2881 1082 ad
2919 1044 2979 1082 se
3017 1027 3207 1083 afferri
3233 1029 3403 1099 jubet
3427 1028 3621 1101 Jesus,
3655 1033 3722 1086 ut

2068 1128 2166 1167 eos
2197 1113 2523 1170 sanctiﬁcet
2548 1119 2723 1186 atque
2755 1115 3119 1187 multiplicat.

2141 1202 2324 1273 (Vers.
2348 1204 2459 1275 19.)
2491 1227 2518 1254 ‹‹
2541 1205 2612 1259 Et
2629 1204 3060 1275 cumjussisset
3084 1205 3317 1260 turbam
3345 1205 3722 1264 discumbere

2069 1307 2247 1362 super
2279 1292 2498 1348 fenum.
2534 1314 2560 1343 ››
2604 1293 2778 1369 Juxta
2807 1293 3058 1348 litteram
3094 1294 3441 1352 manifestus
3473 1300 3560 1350 est
3589 1313 3721 1352 sen-

2069 1395 2171 1433 sus
2199 1404 2212 1446 ;
2246 1379 2571 1451 spiritualis
2592 1381 3090 1452 interpretationis
3115 1387 3481 1438 sacramenta
3502 1385 3721 1456 panda-

2068 1485 2222 1523 mus.
2248 1469 2628 1525 Discumbere
2651 1471 2938 1540 jubentur
2967 1487 3147 1543 supra
3177 1472 3397 1540 fenum,
3423 1477 3479 1528 et
3509 1489 3717 1529 secun-

2067 1557 2209 1612 dum
2242 1556 2423 1612 alium
2457 1559 2874 1631 evangelistam
2908 1561 3091 1631 (Marc.
3125 1578 3202 1630 νι,
3234 1561 3344 1632 40),
3386 1579 3565 1634 supra
3595 1567 3718 1618 ter-

2069 1662 2215 1714 ram,
2244 1662 2346 1717 per
2378 1648 2824 1720 quinquagenos
2857 1654 2957 1704 aut
2987 1653 3279 1717 centenos,
3309 1654 3372 1704 ut
3401 1656 3716 1722 postquam

2067 1735 2416 1790 calcaverint
2466 1752 2700 1791 carnem
2749 1753 2939 1804 suam,
2989 1742 3046 1792 et
3085 1753 3288 1793 omnes
3328 1738 3500 1795 flores
3530 1739 3718 1807 illius,

2068 1829 2125 1879 et
2157 1825 2350 1879 saeculi
2378 1824 2706 1896 voluptates
2737 1826 2904 1897 quasi
2937 1842 3106 1881 arens
3139 1827 3336 1881 fenum
3367 1826 3479 1883 sibi
3512 1829 3713 1900 subje-

2065 1913 2268 1980 cerint,
2303 1917 2442 1968 tunc
2474 1929 2577 1985 per
2602 1914 3092 1986 quinquagenarii
3119 1915 3352 1970 numeri
3379 1915 3399 1949 ³
3431 1917 3717 1988 poeniten-

2065 2000 2207 2055 tiam
2241 2001 2313 2055 ad
2345 2000 2667 2072 perfectum
2708 2001 3011 2057 centesimi
3061 1995 3291 2058 numeri
3339 2002 3572 2059 culmen
3620 2021 3715 2060 as-

2067 2088 2337 2144 cendant.
2395 2111 2423 2139 «
2453 2090 2721 2160 Acceptis
2767 2091 3031 2162 quinque
3080 2092 3333 2162 panibus
3381 2096 3437 2148 et
3485 2093 3722 2150 duobus

2065 2177 2348 2248 piscibus,
2382 2177 2674 2249 aspiciens
2706 2179 2762 2232 in
2797 2179 3005 2234 caelum
3040 2167 3338 2235 benedixit
3367 2185 3425 2236 et
3455 2181 3628 2253 fregit
3661 2186 3720 2236 et

2064 2265 2225 2320 dedit
2255 2266 2560 2336 discipulis
2594 2283 2796 2338 panes.
2825 2290 2845 2315 υ
2883 2268 3110 2339 Aspicit
3141 2269 3200 2322 in
3233 2269 3466 2337 coelum,
3501 2274 3565 2324 ut
3595 2268 3716 2325 illic

2064 2353 2262 2409 oculos
2296 2355 2633 2427 dirigendos
2667 2355 2891 2412 doceat.
2943 2356 3212 2428 Quinque
3265 2374 3446 2428 panes
3476 2361 3535 2412 et
3564 2359 3714 2414 duos

2062 2442 2377 2513 pisciculos
2406 2443 2662 2515 sumpsit
2681 2444 2740 2498 in
2766 2461 2998 2512 manus,
3022 2449 3080 2500 et
3111 2445 3280 2517 fregit
3301 2463 3419 2517 eos,
3441 2446 3712 2502 tradidit-

2064 2549 2175 2602 que
2208 2531 2537 2604 discipulis.
2577 2537 2897 2604 Frangente
2927 2533 3193 2600 Domino,
3229 2534 3612 2590 seminarium
3645 2535 3713 2591 fit

2062 2620 2348 2674 ciborum.
2374 2621 2431 2675 Si
2465 2620 2620 2675 enim
2657 2621 2904 2676 fuissent
2931 2621 3161 2694 integri,
3187 2627 3242 2678 et
3267 2640 3381 2677 non
3406 2623 3461 2677 in
3519 2624 3708 2680 frusta

2061 2708 2358 2780 discerpti,
2375 2725 2478 2763 nec
2498 2709 2666 2763 divisi
2687 2712 2746 2763 in
2776 2709 3161 2781 multiplicem
3184 2712 3707 2782 segetem,turbas,

2059 2802 2116 2852 et
2147 2814 2378 2868 pueros,
2413 2802 2468 2852 et
2497 2798 2764 2869 feminas,
2798 2803 3024 2854 tantam
3057 2799 3496 2856 multitudinem
3553 2801 3707 2859 alere

2061 2901 2172 2942 non
2206 2890 2491 2957 poterant.
2520 2887 2829 2959 Frangitur
2847 2905 2984 2960 ergo
3013 2887 3104 2942 lex
3136 2905 3269 2944 cum
3303 2890 3628 2962 prophetis,
3653 2895 3712 2946 et

2059 2974 2117 3028 in
2178 2975 2365 3029 frusta
2396 2975 2767 3046 discerpitur,
2801 2982 2858 3031 et
2886 2978 3012 3048 ejus
3041 2976 3102 3031 in
3134 2977 3394 3033 medium
3428 2979 3706 3051 mysteria

2057 3062 2455 3133 proferuntur,
2510 3069 2574 3119 ut
2619 3067 2772 3134 quod
2822 3064 3116 3136 integrum
3166 3071 3223 3120 et
3261 3083 3610 3138 permanens
3643 3068 3703 3122 in

2059 3155 2214 3206 statu
2267 3152 2513 3224 pristino
2566 3170 2680 3208 non
2732 3152 2941 3221 alebat,
2983 3153 3237 3210 divisum
3270 3155 3327 3210 in
3358 3159 3552 3226 partes
3583 3153 3710 3212 alat

2055 3241 2317 3312 gentium
2352 3241 2811 3297 multitudinem.

2127 3331 2312 3400 (Vers.
2336 3331 2450 3400 20.)
2501 3354 2526 3379 ‹‹
2562 3330 2842 3402 Discipuli
2876 3335 3070 3386 autem
3104 3331 3392 3386 dederunt
3443 3331 3630 3388 turbis
3659 3334 3700 3388 ‘.

2056 3419 2121 3473 Et
2151 3419 2653 3474 manducaverunt
2683 3436 2910 3484 omnes,
2942 3424 2998 3475 et
3029 3419 3272 3474 saturati
3305 3425 3463 3474 sunt.
3489 3442 3518 3470 »
3560 3421 3705 3475 Tur.

2055 3508 2136 3562 bae
2169 3525 2202 3562 a
2233 3507 2478 3562 Domino
2526 3525 2628 3579 per
2672 3508 2968 3579 apostolos
3019 3508 3294 3564 alimenta
3343 3509 3698 3580 suscipiunt.

2052 3619 2079 3645 ‹‹
2106 3598 2174 3650 Et
2196 3595 2457 3650 tulerunt
2478 3596 2757 3668 reliquias
2780 3597 3089 3653 duodecim
3113 3596 3393 3667 cophinos
3414 3598 3704 3670 fragmen-

2050 3691 2243 3740 torum
2277 3683 2501 3756 plenos.
2539 3707 2566 3734 »
2617 3685 3034 3757 Unusquisque
3074 3685 3472 3756 apostolorum
3505 3687 3576 3741 de
3608 3704 3696 3743 re-

2049 3773 2248 3845 liquiis
2278 3773 2592 3829 Salvatoris
2625 3773 2828 3845 implet
2870 3774 3189 3846 c0phinum
3242 3791 3440 3843 suum,
3494 3779 3558 3829 ut
3607 3774 3695 3830 vel

2047 3862 2259 3918 habeat
2290 3863 2444 3917 unde
2476 3868 2678 3934 postea
2719 3864 2993 3934 gentibus
3041 3863 3237 3918 cibum
3282 3863 3554 3935 praebeat,
3603 3863 3695 3919 vel

2047 3968 2113 4007 ex
2145 3951 2385 4023 reliquis
2417 3952 2620 4006 doceat
2649 3968 2816 4007 veros
2863 3952 3044 4007 fuisse
3087 3969 3289 4023 panes,
3346 3952 3446 4024 qui
3494 3955 3697 4023 postea

2047 4039 2418 4111 multiplicati
2469 4044 2626 4094 sunt.
2683 4041 2748 4093 Et
2795 4039 2970 4094 simul
3023 4057 3234 4112 quaere,
3283 4041 3575 4111 quomodo
3632 4040 3692 4095 in

2045 4144 2239 4183 eremo
2271 4133 2327 4183 et
2356 4128 2414 4181 in
2445 4131 2566 4182 tam
2598 4131 2761 4182 vasta
2790 4127 3107 4182 solitudine
3147 4143 3326 4199 panes
3373 4144 3487 4182 non
3535 4126 3692 4182 inve-

2045 4217 2304 4281 niantur,
2327 4216 2439 4271 nisi
2464 4217 2722 4287 quinque
2745 4222 3001 4285 tantum,
3021 4221 3076 4271 et
3098 4217 3212 4271 duo
3235 4215 3521 4288 pisciculi,
3538 4217 3693 4272 106

2043 4310 2099 4362 et
2127 4311 2245 4360 tam
2277 4303 2445 4360 facile
2476 4305 2782 4360 duodecim
2817 4304 3052 4378 cophini
3083 4305 3449 4376 reperiantur
3477 4305 3518 4358 ⁸.

2113 4394 2296 4465 (Vers.
2324 4394 2438 4464 21.)
2471 4417 2496 4442 ‹‹
2527 4395 3003 4449 Manducantium
3037 4397 3230 4448 autem
3264 4393 3376 4446 fuit
3405 4409 3688 4448 numerus

282 4484 456 4538 ﬁcare
510 4483 756 4539 Mosen:
811 4485 958 4540 duos
1009 4489 1203 4539 autem
1253 4484 1462 4556 pisces,
1496 4482 1582 4537 vel
1614 4483 1932 4555 utrum’que
1962 4499 2007 4563 D
2040 4485 2299 4555 quinque
2354 4480 2540 4536 millia
2589 4482 2873 4550 virorum,
2927 4481 3181 4554 exceptis
3235 4480 3583 4537 mulieribus
3634 4488 3694 4538 et

283 4571 668 4645 intelligimus
717 4573 1176 4640 Testamentum,
1210 4571 1297 4627 vel
1337 4571 1475 4643 quia
1515 4587 1620 4642 par
1650 4588 1932 4627 numerus

352 4735 366 4766 ¹
401 4733 719 4788 Commode
771 4737 890 4788 tres
934 4732 1180 4788 Palatini
1216 4748 1360 4786 mss.
1398 4732 1622 4785 addunt
1652 4732 1715 4784 in
1745 4746 1926 4785 sensu.

279 4803 537 4876 Sicvero
570 4805 794 4876 pridem
816 4806 1008 4876 fuerat
1029 4803 1306 4876 Origenes
1337 4803 1773 4876 interpretatus,
1795 4801 1927 4874 ᾑκο·

280 4867 744 4946 λούθῃσανάύτῷ
795 4873 899 4928 οἱπὸ
946 4879 1052 4927 τῶν
1117 4867 1267 4928 ι’δίων
1323 4867 1538 4946 gelati-iv
1584 4867 1925 4946 Tq'J‘Ezzis-‘tov

279 4939 730 4998 καταλελοίπειθαὶ
786 4947 851 4998 τὰ
908 4947 1107 5021 πάνρια
1162 4947 1260 5016 τῇς
1323 4939 1749 5013 δεισιδαιμολδίας
1805 4939 1924 5012 ἒϐη,

286 5016 463 5071 Turba
492 5033 523 5070 a
549 5019 791 5088 propriis
823 5015 1050 5072 urbibus
1078 5015 1263 5072 secuta
1304 5020 1402 5079 est,
1448 5015 1586 5084 quod
1634 5019 1926 5086 unusquis-

278 5103 380 5158 que
431 5087 738 5158 reliquisset
778 5091 991 5158 patrias
1020 5089 1312 5158 religionis
1341 5087 1779 5154 consuetudines,
1815 5092 1922 5142 etc.

352 5161 372 5192 ²
402 5159 524 5212 Non
549 5159 875 5215 discinlicet
901 5160 1054 5215 quod
1084 5160 1177 5214 hic
1201 5175 1354 5213 unus
1377 5158 1675 5212 Palatinus
1701 5175 1810 5214 ms.
1832 5159 1922 5213 ad-

353 5177 372 5192 ι
402 5177 524 5212 non
549 5177 875 5230 cuscnpncet
901 5177 1054 5230 quoa
1086 5177 1177 5214 mc
1201 5177 1354 5213 unus
1377 5177 1675 5212 Palatinus
1701 5177 1810 5214 ms.
1832 5177 1923 5213 ao-

279 5230 365 5303 dit
415 5235 465 5284 et
515 5231 798 5302 prophetas
826 5249 842 5284 :
895 5231 1031 5303 quia
1073 5232 1126 5303 id
1173 5231 1347 5285 etiam
1391 5229 1618 5303 videtur
1648 5229 1923 5302 Hierony-

277 5300 510 5372 mianus
565 5300 868 5357 contextus
913 5300 1233 5372 postulare.
1291 5301 1466 5356 Paulo
1520 5317 1750 5371 quoque
1795 5300 1926 5372 post

275 5371 429 5454 idem
463 5389 598 5455 ms.,
626 5375 851 5442 junctis
883 5371 1014 5429 aliis
1045 5373 1344 5443 Palatinis,
1383 5374 1586 5427 amaris
1618 5371 1922 5443 habet’pro

273 5459 330 5497 κη
363 5461 557 5499 maris.

347 5515 368 5548 ²
398 5515 702 5571 Praestabit
740 5515 1058 5572 contulisse
1102 5515 1309 5572 saltem
1366 5515 1423 5569 in
1476 5515 1675 5569 Latino
1723 5513 1923 5586 Orige-

272 5601 443 5646 nem:
485 5606 509 5641 ι
531 5589 850 5664 Oportebat
869 5605 968 5650 eos
998 5587 1101 5662 qui
1126 5587 1187 5644 in
1215 5586 1513 5644 alimentis
1531 5586 1671 5644 Jesu
1694 5585 1922 5659 acquie-

2040 4571 2316 4644 parvulis.
2357 4594 2376 4620 η
2429 4570 2604 4625 Juxta
2663 4587 2973 4626 numerum
3024 4571 3286 4642 quinque
3336 4586 3580 4643 panum,
3631 4575 3691 4626 et

2039 4731 2154 4785 turi
2187 4735 2370 4796 erant,
2403 4729 2490 4785 vel
2521 4731 2579 4784 in
2611 4731 2815 4786 ordine
2854 4736 3231 4786 centenorum
3262 4747 3410 4798 esse,
3444 4731 3544 4803 qui
3578 4747 3687 4785 nu-

2041 4819 2238 4858 merus
2289 4817 2468 4874 sacer,
2499 4807 2606 4867 est,
2649 4807 2706 4857 et
2746 4807 2858 4857 Deo
2899 4807 3134 4874 propter
3162 4803 3448 4857 unitatem
3481 4817 3684 4857 conse-

2041 4879 2271 4940 oratus;
2321 4873 2406 4926 vel
2457 4873 2517 4926 in
2561 4874 2761 4928 ordine
2814 4873 3538 4945 quinquagenarium,qui
3573 4891 3682 4928 nu-

2041 4962 2235 5000 merus
2265 4945 2668 5017 remissionem
2705 4944 3176 5017 contrinet,’juxta
3207 4944 3550 5017 mysterium
3579 4945 3686 4998 Ju-

2037 5017 2210 5082 bilaei,
2265 5015 2364 5086 qui
2415 5014 2471 5087 in
2522 5015 2690 5069 annis
2751 5016 3196 5087 quinquaginta,
3235 5014 3444 5086 n'ete.,
3505 5032 3684 5086 quem

2036 5094 2094 5142 et
2126 5087 2267 5142 satis
2297 5086 2519 5141 erudite
2550 5087 2799 5142 Huetius
2829 5086 3039 5142 locum’
3054 5087 3344 5142 edisserit.

2107 5161 2128 5192 ‘
2157 5158 2302 5212 Huic
2335 5157 2644 5228 Scriptura:
2672 5159 2956 5213 versiculo
2988 5159 3356 5213 substituunt
3380 5160 3678 5228 tresmss.

2036 5233 2101 5286 Et
2130 5230 2277 5285 dedit
2307 5229 2599 5298 discipulis
2629 5246 2794 5300 panes
2822 5251 2840 5296 ,-
2869 5231 3129 5300 discipuli
3156 5235 3338 5284 autem
3370 5227 3567 5300 turbis.

2105 5303 2125 5334 ⁵
2159 5302 2264 5354 Pro
2311 5297 2679 5373 reperiantur,
2726 5318 2853 5373 qua:
2905 5297 3022 5356 una
3070 5318 3205 5357 vera
3254 5297 3422 5373 lectio
3461 5302 3579 5373 est,
3615 5301 3684 5354 ut

2033 5389 2098 5445 ex
2145 5373 2272 5443 ipso
2317 5367 2512 5445 statim
2555 5367 2825 5445 contextu
2867 5373 3187 5445 apparebit,
3214 5370 3423 5445 Avitiose
3460 5367 3679 5445 lectum

2033 5439 2318 5498 hactenus
2364 5444 2702 5513 repleantur.
2755 5439 2965 5500 Mirum
3017 5445 3124 5500 hoc
3172 5439 3252 5496 ait
3299 5456 3430 5496 esse
3477 5439 3678 5495 Hiero-

2033 5531 2264 5586 nymus,
2294 5515 2663 5586 quoddpanes
2697 5532 2812 5571 non
2843 5512 3359 5586 inveniantur‘nisi
3392 5513 3674 5585 quinque,

2030 5583 2163 5659 etc,
2196 5583 2328 5642 tam'
2350 5583 2520 5643 facile
2551 5589 2746 5643 autem
2777 5587 3086 5646 duodecim
3117 5583 3375 5660 cophini.
