4024 6196
217 341 338 401 105

746 338 1266 401 COMMENTAR.
1311 341 1390 400 IN
1437 338 1954 403 EVANGELIUM
1998 339 2375 402 ΜΑΤΊἮιἘί
2419 342 2566 403 LIB.
2614 342 2691 403 II.
2740 343 2910 403 CAP.
2959 344 3117 405 XIV.

3510 349 3628 409 106

212 471 654 529 comedentium
686 470 946 527 virorum
977 471 1241 544 quinque
1272 472 1522 528 millium
1555 472 1869 528 multitudo
1900 474 1951 540 Α
1983 477 2237 528 extrema
2285 478 2445 545 parte
2496 474 2682 530 noctis
2711 476 2751 541 ³,
2787 479 2961 546 atque
3009 474 3068 529 in
3121 480 3627 536 consummatione

212 567 327 618 est.
359 561 623 617 Necdum
676 561 834 616 enim
885 562 1213 617 secundum
1247 561 1486 618 alterius
1541 562 1646 617 loci
1678 578 1875 617 narra-

214 653 442 707 tionem
495 651 566 706 ad
618 650 1013 721 septenarium
1048 668 1361 707 numerum
1408 656 1664 721 venerat,
1698 667 1871 722 quem

211 741 319 810 qui
352 740 689 807 comedunt,
724 744 979 811 quatuor
1008 739 1193 795 millia
1221 745 1378 807 sunt,
1402 740 1593 795 vicina
1624 742 1875 812 Evange-

214 829 437 885 liorum
467 844 736 884 numero.
771 830 1095 884 Comedunt
1135 834 1330 884 autem
1383 830 1641 901 quinque
1690 828 1875 884 millia

213 918 481 973 virorum
513 918 612 989 qui
643 916 701 971 in
734 918 1052 990 perfectum
1096 918 1285 973 virum
1328 924 1643 988 creverant,
1678 923 1735 973 et
1782 935 1871 973 se-

218 1010 563 1079 quebantur
590 1022 746 1077 eum,
781 1007 852 1061 de
883 1023 1000 1077 quo
1050 1007 1187 1061 dicit
1219 1008 1526 1063 Zacharias
1559 1024 1571 1061 :
1607 1009 1735 1062 Ecce
1764 1009 1869 1074 vir,

216 1096 426 1152 Oriens
472 1112 663 1151 nomen
707 1100 829 1166 ejus
870 1096 1051 1166 (Zach.
1082 1113 1157 1163 vr,
1194 1097 1301 1167 1‘2).
1336 1096 1605 1151 Mulieres
1655 1100 1872 1162 autem,

211 1192 276 1242 et
309 1184 532 1257 parvuli
565 1187 604 1254 ¹,
638 1201 812 1241 sexus
842 1184 1067 1257 fragilis
1098 1190 1155 1240 et
1184 1190 1326 1241 mtas
1375 1186 1586 1255 minor,
1630 1202 1873 1240 numero

212 1273 446 1346 indigni
479 1278 639 1328 sunt.
672 1273 837 1328 Unde
866 1277 921 1329 et
948 1273 1008 1329 in
1038 1273 1428 1329 Numerorum
1463 1273 1611 1328 libro
1641 1274 1873 1345 quoties

211 1364 553 1419 sacerdotes
603 1367 781 1434 atqbe
828 1362 1050 1429 Levites,
1104 1367 1162 1417 et
1209 1362 1496 1417 exercitus
1549 1362 1636 1417 vel
1687 1362 1871 1417 turbae

213 1451 612 1524 pugnantium
682 1451 1117 1517 describuntur,
1169 1451 1316 1507 servi
1375 1456 1431 1506 et
1488 1451 1783 1519 mulieres,
1818 1455 1874 1507 et

213 1540 467 1614 parvuli,
498 1546 557 1596 et
580 1539 793 1613 vulgus
823 1539 1079 1612 ignobile
1107 1541 1328 1612 absque
1358 1558 1600 1597 numero
1641 1545 1871 1613 praeter-

218 1630 499 1685 mittitur.

296 1719 483 1793 (Vers.
515 1719 632 1789 2‘2.)
664 1742 692 1768 ‹‹
725 1719 796 1774 Et
826 1719 1026 1775 statim
1058 1719 1081 1753 ²
1109 1719 1394 1792 compulit
1420 1719 1591 1775 Jesus
1623 1719 1874 1791 discipu-

1984 562 2188 617 mundi
2221 562 2304 618 eis
2337 562 2620 618 auxilium
2651 563 3056 635 praebiturum.

2055 651 2238 717 (Vers.
2271 651 2387 723 26.)
2422 675 2448 701 «
2482 657 2545 705 Et
2586 651 2849 708 videntes
2897 668 3032 707 eum
3077 670 3257 725 supra
3300 672 3457 712 mare
3506 675 3628 713 am-

1986 738 2305 807 bulantem,
2339 741 2556 795 turbati
2589 745 2752 809 sunt,
2776 741 3034 796 dicentes
3068 760 3080 797 :
3115 743 3253 813 quia
3282 743 3631 815 phantasma

1984 833 2091 882 est.
2120 851 2144 876 ››
2176 828 2233 883 Si
2259 830 2428 899 juxta
2458 830 2808 885 Marcionem
2831 835 2888 885 et
2917 830 3320 899 Manicheum,
3347 833 3633 890 Dominus

1984 921 2183 972 noster
2213 934 2325 972 non
2358 923 2448 973 est
2477 923 2650 974 natus
2682 935 2750 974 ex
2769 918 3028 991 Virgine,
3053 919 3155 975 sed
3176 920 3338 975 visus
3369 921 3428 974 in
3452 921 3635 994 phan-

1984 1009 2233 1060 tasmate
2266 1021 2278 1060 :
2314 1007 2608 1077 quomodo
2640 1024 2796 1062 nunc
2828 1006 3073 1079 apostoli
3106 1008 3318 1064 timent
3347 1026 3421 1065 ne
3451 1010 3634 1082 phan-

1982 1098 2174 1149 tasma
2224 1094 2492 1149 videant?
2540 1118 2566 1145 α
2618 1096 2687 1150 Et
2732 1112 2846 1167 prae
2896 1095 3104 1151 timore
3147 1097 3566 1153 clamaverunt.
3605 1122 3625 1148 ι

1983 1182 2275 1239 Confusus
2305 1185 2525 1239 clamor
2552 1192 2605 1239 et
2636 1185 2855 1240 incerta
2894 1202 3021 1256 vox,
3055 1187 3253 1260 magni
3285 1187 3515 1243 timoris
3543 1187 3633 1242 in-

1982 1271 2203 1327 dicium
2235 1277 2342 1327 est.

2053 1359 2239 1428 (Vers.
2270 1361 2385 1429 27.)
2433 1380 2454 1409 α
2506 1361 2835 1433 Statimque
2882 1363 3051 1417 Jesus
3108 1362 3341 1420 locutus
3389 1369 3479 1420 est
3525 1366 3633 1437 eis,

1982 1446 2182 1504 dicens
2215 1465 2228 1504 :
2263 1450 2479 1505 Habete
2506 1449 2801 1516 fiduciam,
2835 1466 2940 1523 ego
2970 1468 3125 1521 sum,
3159 1452 3338 1508 nolite
3366 1454 3627 1511 timere.-

1983 1539 2147 1603 Quod
2180 1538 2436 1610 primum
2469 1540 2811 1595 versabatur
2861 1540 2919 1594 in
2970 1557 3169 1609 causa,
3203 1541 3312 1596 hoc
3343 1548 3527 1611 curat,
3579 1548 3636 1599 et

1981 1627 2326 1683 timentibus
2357 1628 2637 1701 praecipit,
2671 1629 2871 1685 dicens
2904 1645 2918 1685 :
2952 1631 3152 1686 Habeto
3196 1630 3475 1701 ﬁduciam,
3528 1649 3631 1689 ποι

1983 1718 2078 1772 lite
2105 1718 2321 1773 timere.
2358 1739 2379 1768 ι
2418 1718 2486 1772 Et
2515 1719 2670 1789 quod
2703 1718 2990 1791 sequitur,
3024 1724 3135 1791 Ego
3162 1737 3305 1790 sum,
3339 1738 3445 1777 nec
3493 1722 3634 1777 sub-

222 1809 312 1864 los
345 1825 488 1864 suos
519 1808 833 1863 ascendere
854 1807 911 1863 in
935 1808 1292 1878 naviculam,
1312 1814 1367 1864 et
1390 1809 1706 1881 praecedere
1737 1825 1871 1864 eum
1905 1844 1952 1908 Β
1977 1814 2176 1886 jungit
2206 1815 2340 1886 quis
2370 1815 2467 1879 sit,
2500 1815 2586 1870 vel
2618 1833 2686 1871 ex
2718 1834 2855 1872 voce
2887 1816 2997 1873 sibi
3035 1823 3173 1887 nota
3202 1822 3470 1891 poterant
3498 1835 3633 1874 eum

221 1906 386 1954 trans
434 1899 671 1964 fretum,
717 1897 901 1952 donec
948 1897 1271 1954 dimitteret
1317 1898 1544 1953 turbas.
1610 1920 1639 1947 »
1688 1898 1873 1953 Disci-

220 1986 383 2059 pulis
429 1986 701 2059 praecepit
747 1986 1145 2053 transfretare,
1178 1991 1234 2042 et
1264 1987 1550 2058 compulit
1579 1992 1644 2042 ut
1674 2004 1874 2042 ascen-

223 2078 433 2132 derent
461 2074 792 2130 naviculam
823 2091 836 2128 :
873 2091 987 2146 quo
1020 2092 1289 2131 sermone
1314 2077 1645 2131 ostenditur
1666 2076 1876 2132 invitos

219 2183 321 2223 eos
351 2182 389 2220 a
417 2164 662 2220 Domine
692 2168 1006 2221 recessisse
1040 2182 1052 2219 :
1087 2165 1229 2220 dum
1265 2182 1462 2220 amore
1507 2165 1877 2237 prazceptoris

223 2271 300 2310 ne
331 2258 621 2327 punctum
652 2254 890 2325 quidem
922 2254 1204 2327 temporis
1244 2256 1316 2310 ab
1365 2270 1431 2310 eo
1479 2253 1681 2310 volunt
1712 2270 1876 2326 sepa-

223 2345 363 2400 rari.

300 2433 496 2505 (Vers.
522 2433 633 2503 ‘23.)
667 2456 687 2483 ι
722 2433 788 2487 Et
815 2432 1063 2489 dimissa
1089 2433 1284 2501 turba,
1319 2432 1581 2488 ascendit
1612 2433 1669 2487 in
1713 2450 1877 2488 mon-

229 2529 347 2578 tem
385 2520 548 2577 solus
577 2537 762 2577 orare.
803 2520 1054 2592 Vespere
1101 2524 1293 2575 autem
1346 2521 1495 2575 facto
1546 2519 1706 2576 solus
1758 2524 1883 2589 erat
1918 2528 1928 2563 τ

232 2612 336 2667 ibi.
376 2634 403 2659 »
431 2610 492 2666 Si
523 2609 774 2665 fuissent
799 2626 931 2664 cum
963 2626 1029 2664 eo
1062 2607 1333 2681 discipuli
1368 2609 1589 2676 Petrus,
1625 2614 1681 2663 et
1716 2610 1879 2664 Jaco-
1916 2600 1941 2615 L

233 2702 365 2771 bus,
401 2704 459 2754 et
485 2698 742 2754 Joannes
772 2698 873 2769 qui
899 2698 1166 2753 viderant
1195 2698 1438 2771 gloriam
1475 2697 1881 2753 transformari

234 2789 451 2860 (Matth.
500 2805 639 2854 xvu,
696 2789 834 2858 1-5),
866 2785 1105 2842 forsitan
1159 2786 1567 2842 ascendissent
1610 2786 1667 2840 in
1724 2802 1885 2841 mon-

235 2882 351 2932 tem
416 2894 553 2932 cum
601 2892 702 2943 eo;
756 2876 857 2932 scd
908 2876 1081 2930 turba
1123 2875 1193 2930 ad
1249 2875 1526 2930 sublimia
1556 2874 1718 2947 sequi
1765 2891 1880 2929 non

234 2971 448 3038 potest,
498 2964 613 3020 nisi
672 2965 937 3020 docuerit
988 2980 1115 3019 eam
1156 2965 1327 3035 juxta
1377 2981 1535 3019 mare
1584 2964 1643 3019 in
1692 2963 1883 3019 littore

232 3060 289 3110 et
326 3054 541 3110 aluerit
569 3055 628 3109 in
661 3054 907 3110 deserto.
959 3053 1120 3118 Quod
1171 3059 1366 3108 autem
1417 3053 1675 3109 ascendit
1721 3052 1882 3108 solus

234 3160 421 3213 orare,
455 3160 574 3198 non
605 3145 675 3197 ad
708 3159 842 3197 eum
874 3142 1089 3197 referas
1111 3142 1211 3213 qui
1243 3141 1312 3196 de
1343 3141 1601 3213 quinque
1630 3142 1882 3212 panibus

235 3233 502 3305 quinque
531 3230 713 3286 millia
744 3230 1024 3286 saturavit
1076 3212 1405 3296 hominum,
1446 3228 1698 3299 exceptis
1748 3245 1879 3300 par-
1912 3212 1955 3278 C

235 3323 387 3379 vulis
420 3327 480 3377 et
512 3319 886 3387 mulieribus;
930 3319 1031 3374 sed
1055 3319 1123 3373 ad
1149 3336 1283 3374 eum
1317 3319 1440 3390 qui,
1467 3319 1665 3373 audita
1696 3322 1881 3372 morte

236 3411 501 3478 Joannis,
533 3411 778 3465 secessit
805 3410 863 3463 in
896 3407 1295 3474 solitudinem,
1330 3425 1446 3462 non
1479 3408 1633 3478 quod
1684 3423 1880 3478 perso-

239 3517 376 3554 nam
407 3499 641 3554 Domini
672 3515 1031 3571 separemus,
1067 3498 1167 3552 sed
1198 3498 1354 3568 quod
1379 3514 1551 3567 opera
1580 3497 1706 3566 ejus
1734 3496 1886 3549 inter

240 3589 422 3645 Deum
454 3594 512 3644 et
540 3588 842 3643 hominem
873 3587 1058 3642 divisa
1087 3586 1225 3641 sint.

315 3679 459 3733 107
497 3676 680 3748 (Vers.
713 3677 829 3747 24.)
861 3698 888 3726 ‹‹
921 3674 1196 3730 Navicula
1223 3680 1417 3730 autem
1446 3674 1503 3728 in
1538 3673 1728 3729 medio
1760 3690 1884 3727 ma-

243 3766 287 3822 ri
312 3766 653 3838 jactabatur
683 3765 957 3820 ﬂuctibus
991 3782 1005 3820 :
1037 3769 1162 3819 erat
1190 3764 1345 3820 enim
1379 3763 1705 3820 contrarius
1744 3780 1885 3817 ven-

242 3861 360 3911 tus.
395 3877 425 3905 ν)
458 3855 631 3909 Recte
660 3854 828 3926 quasi
854 3853 1040 3920 inviti,
1082 3859 1139 3908 et
1168 3858 1548 3927 retractantes
1578 3850 1821 3923 apostoli
1854 3868 1889 3906 a

244 3943 501 4000 Domino
560 3946 933 4009 recesserant,
978 3959 1050 3997 ne
1106 3942 1205 3997 illo
1263 3942 1524 4007 absente,
1583 3939 1888 4013 naufragia

244 4032 625 4089 sustinerent.
671 4032 930 4104 Denique
972 4030 1218 4089 Domino
1248 4031 1306 4086 in
1339 4032 1555 4086 montis
1585 4031 1888 4087 cacumine

245 4114 663 4188 commorante,
711 4122 911 4175 statim
958 4125 1167 4177 ventus
1217 4120 1548 4176 contrarius
1594 4118 1799 4185 oritur,
1830 4124 1889 4176 et

243 4211 441 4266 turbat
489 4226 673 4276 mare,
713 4212 771 4265 et
811 4208 1214 4281 periclitantur
1250 4208 1518 4281 apostoli,
1569 4213 1626 4265 et
1682 4208 1886 4264 tandiu

245 4299 566 4355 imminens
595 4298 965 4370 naufragium
1015 4302 1363 4371 perseverat,
1409 4297 1670 4369 quandiu
1716 4298 1887 4353 Jesus

241 4388 455 4444 veniat.

310 4480 509 4547 (Vers.
540 4477 662 4545 25.)
699 4497 725 4529 ι
755 4477 970 4541 Quarta
1015 4480 1209 4532 autem
1257 4475 1459 4548 vigilia
1500 4476 1687 4531 noctis
1734 4471 1890 4530 venit

1988 1902 2330 1976 intelligere,
2381 1905 2480 1975 qui
2533 1922 2637 1977 per
2683 1906 2942 1962 obscurae
2993 1907 3181 1962 noctis
3230 1909 3502 1962 tenebras
3554 1905 3634 1962 lo-

1984 1992 2292 2063 quebatur,
2325 1992 2411 2047 vel
2443 1993 2640 2065 ipsum
2672 2011 2800 2050 esse
2832 1996 3190 2067 repetebant,
3241 2012 3416 2067 quem
3469 1994 3630 2050 locu-

1985 2085 2108 2135 tum
2158 2081 2229 2135 ad
2262 2082 2495 2153 Moysen
2530 2088 2809 2139 noverant
2842 2099 2855 2140 :
2886 2085 3008 2139 Haec
3034 2084 3178 2140 dices
3219 2086 3359 2154 [iliis
3408 2085 3581 2141 Israel
3613 2102 3632 2139 :

1987 2171 2092 2239 Qui
2117 2175 2216 2237 est,
2241 2172 2392 2225 misit
2423 2188 2504 2227 me
2533 2171 2603 2226 ad
2634 2188 2725 2227 vos
2754 2173 2946 2244 (Exod.
2981 2190 3067 2238 ιιι,
3104 2174 3211 2245 Ui).

2059 2259 2238 2329 (Vere.
2298 2260 2386 2326 :28,
2445 2259 2560 2331 29.)
2620 2284 2647 2310 ‹‹
2708 2262 3085 2334 Respondens
3147 2266 3340 2318 autem
3407 2262 3635 2331 Petrus,

1988 2348 2134 2402 dixit
2166 2366 2177 2403 :
2214 2348 2479 2413 Domine,
2512 2349 2560 2404 si
2592 2354 2653 2404 tu
2686 2366 2769 2419 es,
2793 2352 2941 2421 jube
2980 2367 3072 2406 me
3119 2351 3316 2406 venire
3347 2351 3418 2407 ad
3450 2356 3505 2406 te
3537 2368 3636 2406 su-

1989 2452 2092 2508 per
2122 2453 2324 2509 aquas.
2359 2440 2429 2492 At
2457 2437 2583 2509 ipse
2617 2439 2699 2493 ait
2733 2455 2745 2492 :
2781 2438 2946 2507 Veni,
3002 2462 3028 2487 »
3072 2439 3133 2494 In
3165 2435 3464 2495 omnibus”
3493 2438 3638 2496 locis
3698 2444 3704 2455 ’

1990 2525 2419 2585 ardentissimae
2468 2527 2603 2583 fidei
2648 2528 2943 2584 invenitur
2988 2529 3209 2585 Petrus.
3265 2529 3642 2601 lnterrogatis

1990 2616 2495 2687 discipulis,quem
2511 2616 2777 2672 homines
2795 2617 3055 2672 dicerent
3073 2617 3274 2673 Jesum
3297 2617 3399 2673 Dei
3427 2616 3639 2673 Filium

1991 2703 2648 2761 conﬁtetur.Volentem
2699 2706 2769 2760 ad
2815 2705 3148 2776 passionem
3196 2722 3453 2779 pergere,
3505 2722 3637 2777 pro-

1990 2792 2152 2848 hibet
2180 2812 2191 2849 :
2225 2797 2284 2849 et
2310 2793 2444 2850 licet
2473 2794 2703 2849 erretin
2736 2812 2933 2863 sensu,
2968 2801 3162 2851 tamen
3212 2811 3328 2849 non
3377 2798 3531 2850 errat
3577 2793 3637 2848 in

1991 2882 2199 2938 affectu
2234 2899 2247 2937 ε
2282 2882 2487 2938 nolens
2544 2899 2679 2938 eum
2726 2884 2894 2949 mori,
2929 2900 3104 2953 quem
3136 2883 3347 2937 Filium
3380 2882 3483 2937 Dei
3517 2882 3634 2935 fue-

1992 2975 2082 3026 rat
2129 2970 2302 3041 paulo
2350 2976 2482 3024 ante
2530 2970 2852 3025 confessus.
2887 2971 2950 3022 In
2983 2972 3241 3023 montem
3272 2984 3404 3021 cum
3436 2966 3635 3021 Salva-
3722 2994 3725 2997 ι

1990 3062 2112 3112 tore
2166 3059 2319 3112 inter
2375 3057 2595 3129 primos
2654 3058 2879 3128 primus
2935 3056 3217 3124 ascendit,
3276 3058 3334 3111 et
3389 3055 3448 3109 in
3504 3070 3635 3127 pas-

1992 3149 2155 3201 sione
2204 3147 2364 3201 solus
2423 3146 2708 3216 sequitur,
2762 3144 2914 3200 108
2958 3148 3262 3217 peccatum
3309 3143 3636 3216 negationis

1993 3235 2147 3306 quod
2208 3250 2275 3289 ex
2332 3234 2637 3306 repentino
2716 3234 2923 3290 timore
2981 3233 3363 3289 descenderat
3419 3232 3638 3288 amaris

1991 3324 2189 3381 statim
2224 3323 2408 3379 abluit
2438 3323 2730 3395 lacrymis.
2767 3323 2901 3379 Post
2930 3324 2949 3355 ⁵
2982 3322 3314 3395 passionem
3364 3338 3499 3377 cum
3548 3337 3639 3376 es-

1993 3418 2125 3468 sent
2170 3413 2227 3466 in
2278 3411 2408 3467 lacu
2454 3411 2832 3479 Genesaretb,
2883 3415 2941 3467 et
2988 3411 3374 3482 piscarentur,
3426 3415 3485 3465 et
3530 3414 3636 3464 Do-

1996 3502 2192 3556 minus
2222 3507 2404 3556 staret
2426 3501 2484 3555 in
2507 3500 2719 3566 littore,
2746 3499 2875 3554 aliis
2896 3498 3178 3571 paulatim
3200 3498 3637 3571 navigantibus,

1995 3589 2091 3645 ille
2119 3607 2232 3645 non
2266 3592 2485 3661 patitur
2516 3606 2731 3659 moras,
2754 3590 2854 3644 sed
2880 3588 3174 3644 accinctus
3205 3588 3488 3659 ependyte
3510 3602 3638 3653 suo,

1992 3679 2192 3734 statim
2223 3678 2620 3750 praecipitatur
2665 3678 2724 3732 in
2774 3676 2989 3731 fluctus
3036 3677 3214 3744 (Joan.
3257 3692 3373 3740 xxx,
3422 3676 3499 3745 '7).
3530 3673 3639 3730 Eo-

1995 3768 2126 3823 dem
2153 3767 2333 3839 igitur
2362 3767 2496 3822 ﬁdei
2530 3767 2732 3822 ardore
2768 3782 2884 3838 quo
2914 3781 3165 3838 semper,
3200 3779 3354 3818 nunc
3385 3778 3639 3836 quoque,

1995 3855 2215 3911 caeteris
2262 3855 2612 3922 tacentibus,
2643 3855 2825 3910 credit
2856 3870 2919 3909 se
2945 3870 3117 3925 posse
3162 3842 3346 3909 facere
3396 3867 3498 3922 per
3544 3868 3641 3906 νο-

1994 3945 2283 4000 luntatem
2312 3943 2598 4015 magistri,
2634 3943 2787 4015 quod
2822 3942 2918 3997 ille
2948 3946 3174 4013 poterat
3203 3957 3305 4010 per
3341 3944 3636 3994 naturam.

1992 4033 2127 4090 Jube
2164 4050 2252 4088 me
2297 4034 2489 4088 venire
2535 4032 2606 4087 ad
2655 4040 2708 4087 te
2753 4047 2919 4103 super
2945 4046 3133 4102 aquas,
3166 4030 3251 4083 Tu
3286 4026 3552 4100 praecipe,
3582 4030 3641 4080 et

1966 4122 2148 4178 'illico
2177 4121 2588 4178 solidabuntur
2616 4121 2786 4177 undae
2822 4137 2834 4177 :
2868 4124 2925 4176 et
2952 4119 3074 4175 leve
3105 4120 3201 4174 liet
3227 4133 3439 4188 corpus
3479 4116 3637 4187 quod

1996 4229 2099 4285 per
2121 4228 2183 4267 se
2213 4227 2386 4283 grave
2409 4214 2515 4266 est.
2554 4232 2580 4260 ‹‹
2611 4214 2682 4264 Et
2709 4209 3069 4265 descendens
3110 4207 3312 4262 Petrus
3359 4205 3430 4261 de
3479 4204 3640 4260 navi-

1996 4300 2148 4368 cula,
2177 4297 2516 4355 ambulabat
2559 4314 2736 4369 super
2783 4312 3017 4367 aquam,
3067 4298 3133 4351 ut
3178 4293 3398 4350 veniret
3435 4295 3506 4348 ad
3555 4294 3643 4349 Je-

1998 4406 2152 4446 sum.
2183 4412 2204 4441 »
2241 4387 2347 4452 Qui
2378 4391 2586 4459 putant
2637 4385 2865 4441 Domini
2908 4401 3121 4458 corpus
3167 4383 3295 4439 ideo
3344 4399 3461 4437 non
3513 4397 3643 4438 esse

1997 4494 2222 4544 verum,
2257 4476 2396 4547 quia
2426 4491 2602 4547 super
2632 4473 2836 4531 molles
2867 4490 3071 4546 aquas,
3105 4472 3279 4528 molle
3308 4476 3366 4528 et
3407 4485 3641 4526 aereum

246 4566 312 4620 ad
354 4581 458 4620 eos
508 4564 823 4620 ambulans
853 4581 1030 4637 supra
1060 4581 1242 4621 mare.
1278 4588 1306 4615 »
1339 4565 1631 4620 Stationes
1662 4569 1718 4619 et
1746 4563 1889 4635 vigi-
1924 4576 1971 4641 D
2002 4566 2324 4634 incesserit,
2360 4565 2754 4637 respondeant
2791 4564 3082 4636 quomodo
3125 4559 3510 4618 ambulaverit
3539 4558 3643 4612 Pe-

246 4652 333 4708 lia:
359 4652 651 4711 militares
682 4653 741 4708 in
772 4657 938 4709 terna
965 4653 1246 4711 horarum
1294 4655 1483 4727 spatia
1530 4654 1889 4708 dividuntur.

249 4743 489 4809 Quando
522 4758 661 4813 ergo
691 4742 852 4809 dicit,
886 4747 1094 4814 quarta
1120 4741 1321 4816 vigilia
1350 4742 1536 4798 noctis
1564 4742 1791 4797 venisse
1821 4742 1891 4797 ad

247 4847 346 4887 eos
396 4830 702 4899 Dominus,
747 4830 1004 4887 ostendit
1047 4835 1167 4887 tota
1213 4835 1379 4887 nocte
1430 4829 1807 4902 perielilatos,
1840 4833 1898 4886 et

319 5012 333 5044 ¹
371 5010 435 5065 Id
467 5010 663 5083 ipsum
692 5009 1000 5083 transtulit
1042 5027 1143 5083 exh
1164 5009 1528 5083 Adamantio,
1561 5011 1731 5082 cujus
1764 5027 1893 5066 sen-

250 5081 505 5154 tentiain
562 5082 715 5152 quod
772 5081 948 5153 paulo
1005 5082 1278 5154 prolixior
1307 5082 1405 5147 sit,
1438 5081 1642 5140 Latine
1667 5087 1897 5154 tantum

247 5152 625 5209 laudabimus
652 5169 673 5225 Δε
708 5175 733 5225 γε
772 5152 932 5208 Dicat
957 5152 1151 5208 autem
1175 5153 1409 5225 aliquis,
1433 5170 1566 5208 cum
1599 5152 1769 5208 multi
1795 5170 1897 5225 pro

250 5225 456 5280 merito
506 5230 565 5279 et
612 5223 834 5279 viribus
880 5223 1363 5290 comederint,'et
1416 5225 1724 5295 participes
1764 5223 1897 5279 facti

246 5296 468 5351 fuerint
495 5312 718 5369 panum
747 5296 1187 5369 benedictionis,
1220 5313 1319 5369 eos
1343 5295 1441 5369 qui
1474 5313 1717 5351 numero
1737 5295 1897 5369 digni

246 5372 437 5439 erant,
465 5368 960 5438 quemadmodum
998 5367 1036 5421 ii
1069 5369 1167 5438 qui
1199 5367 1402 5439 viginti
1437 5384 1621 5439 annos
1666 5367 1898 5423 nati—in

250 5437 403 5494 libro
451 5437 842 5495 Numerorum
902 5437 1122 5494 recensi
1178 5437 1337 5502 sunt,
1399 5438 1691 5495 lsraelitas
1749 5441 1900 5494 viros

248 5509 433 5584 fuisse
467 5526 482 5565 :
515 5511 619 5580 qui
645 5526 780 5565 vero
832 5509 995 5584 digni
1049 5527 1164 5565 non
1212 5515 1397 5581 erant,
1453 5527 1705 5584 quorum
1738 5515 1903 5567 tanta

249 5583 399 5664 ratio
431 5588 490 5637 et
522 5594 805 5637 numerus
854 5581 1189 5652 haberetur,
1220 5598 1430 5656 pueros
1473 5581 1663 5640 fuisse
1717 5586 1774 5640 et
1819 5585 1900 5640 fe-

250 5668 465 5712 mmas.
500 5674 532 5704 η

532 5782 799 5847 ΡΑτιιοι..
842 5781 1052 5849 XXVI.

2003 4662 2152 4725 trus,
2183 4671 2356 4727 quem
2390 4654 2591 4725 utique
2623 4668 2821 4708 verum
2852 4652 3148 4707 hominem
3178 4665 3293 4704 non
3324 4646 3641 4719 negabunt.

2074 4744 2259 4817 (Vere.
2316 4743 2430 4814 30.)
2466 4764 2514 4795 ποι
2560 4742 2779 4796 Videns
2846 4757 2980 4795 vero
3050 4742 3286 4794 ventum
3359 4732 3643 4803 validum,

2006 4834 2223 4890 timuit.
2257 4833 2324 4888 Et
2353 4848 2485 4887 cum
2518 4830 2787 4903 coepisset
2819 4828 3025 4900 mergi,
3058 4823 3352 4892 clamavit,
3392 4822 3593 4879 dicens
3626 4838 3640 4878 :

2076 5014 2097 5047 9
2126 5010 2343 5066 Vocula
2372 5011 2556 5066 statim
2586 5008 2644 5063 in
2678 5005 2893 5063 nostris
2921 5021 3063 5059 mss.
3096 5002 3462 5059 desideratur
3508 5004 3649 5055 Por-

2008 5102 2069 5139 ro
2127 5083 2275 5138 sacri
2336 5087 2526 5136 textus
2583 5077 3131 5149 interpretationem
3173 5074 3268 5129 hic
3317 5088 3551 5146 quoque
3588 5074 3645 5126 8.

2006 5156 2215 5211 Doctor
2243 5171 2312 5208 ex
2340 5152 2685 5207 Adamantio
2711 5149 3004 5204 delibavit.

2078 5227 2100 5259 ³
2129 5226 2366 5288 Victor.,
2390 5228 2439 5279 et
2469 5228 2712 5278 extremo
2740 5223 2936 5275 noctis.

2078 5298 2100 5330 ⁴
2131 5296 2292 5351 Unus
2324 5294 2592 5358 Palatia,
2638 5292 2732 5348 vel
2776 5294 2955 5363 ipsum
2998 5292 3144 5366 scire
3186 5292 3460 5366 poterant,
3490 5300 3653 5366 quem

2011 5371 2266 5434 locutum,
2296 5371 2405 5421 etc.
2444 5366 2695 5419 Rursum
2729 5358 2831 5435 pro
2861 5358 3199 5435 repetebam,
3228 5360 3366 5415 olim
3392 5358 3650 5435 Vulgati,

2009 5430 2354 5511 reputabant.
2389 5436 2707 5493 Rhabanus
2731 5430 2995 5507 quoque,
3040 5434 3121 5489 vel
3165 5434 3342 5505 ipsum
3370 5446 3482 5488 esse
3510 5430 3657 5486 scire

2005 5513 2283 5586 poterant.

2081 5585 2102 5619 ⁵
2128 5580 2422 5661 Ριιεεροιιὶι
2450 5579 2608 5636 idem
2641 5594 2751 5636 ms.
2786 5579 3012 5636 Deinde.
