4024 6196
385 302 499 363 107

1628 304 1692 360 S.
1744 302 2051 362 EUSEBII
2099 304 2539 364 IllERONYMl

3668 309 3780 371 108

384 432 644 499 Domine,
697 429 928 487 salvum
977 448 1069 487 me
1120 431 1228 486 fac.
1263 454 1289 481 η
1326 432 1579 487 Ardebat
1626 433 1805 489 animi
1858 435 2021 501 ﬁdes,
2056 438 2104 500 Α
2138 434 2315 500 illius,
2352 437 2640 492 miserunt
2685 438 2742 492 in
2795 438 3125 495 universam
3183 440 3471 510 regionem
3521 440 3704 496 illam.
3750 464 3777 491 ι)

379 522 481 577 sed
519 519 782 576 humana
830 518 1119 594 fragilitas
1172 520 1232 574 in
1285 521 1640 591 profundum
1688 522 1956 577 trahebat
2007 539 2018 577 :

375 607 685 682 paululum
715 625 851 682 ergo
883 608 1236 681 relinquitur
1265 609 1594 675 tentationi,
1629 614 1692 663 ut
1739 616 2025 681 augeatur

377 699 546 769 ﬁdes,
574 703 632 756 et
673 699 944 769 intelligit
988 716 1050 754 se
1098 716 1211 753 non
1262 697 1540 754 facilitate
1589 699 2021 771 postulationis,

376 787 477 844 sed
509 788 768 860 potentia
798 786 1028 844 Domini
1059 790 1488 843 conservatum.

446 876 631 950 (Vers.
691 878 781 945 31,
841 877 954 948 3'2.)
1003 898 1024 927 ι
1078 877 1144 930 Et
1174 876 1447 932 continuo
1485 876 1656 932 Jesus
1703 878 2021 932 extendens

381 982 646 1034 manum,
672 965 1060 1039 apprehendit
1088 970 1315 1033 eum,et
1345 966 1426 1021 ait
1454 964 1537 1019 illi
1565 982 1577 1019 ι
1606 966 1841 1021 Modica)
1866 966 2019 1029 ﬁdei,

378 1072 559 1129 quare
587 1056 909 1112 dubitasti?
941 1056 1008 1111 Et
1037 1072 1172 1111 cum
1204 1054 1567 1110 ascendisset
1590 1055 1646 1109 in
1671 1055 2017 1125 naviculam,

375 1132 624 1203 cessavit
653 1148 882 1201 ventus.
919 1166 947 1194 »
976 1144 1030 1199 Si
1064 1143 1324 1216 apostolo
1370 1145 1557 1211 Petro,
1592 1145 1660 1199 de
1690 1146 1861 1213 cujus
1907 1145 2020 1198 ﬁde.

369 1239 428 1291 et
457 1235 663 1291 ardore
701 1233 914 1291 mentis
962 1250 1142 1305 supra
1190 1233 1467 1301 diximus,
1519 1233 1617 1303 qui
1662 1234 2021 1288 conﬁdenter

369 1327 673 1396 rogaverat
726 1323 1102 1388 Salvatorem,
1157 1322 1402 1376 dicens:
1443 1324 1695 1388 Domine,
1748 1324 1797 1376 si
1843 1330 1897 1376 tu
1941 1338 2014 1383 es,

363 1412 496 1484 jube
522 1428 611 1468 me
638 1414 824 1468 venire
866 1412 936 1467 ad
983 1421 1034 1467 te
1078 1426 1242 1482 super
1287 1427 1478 1481 aquas,
1529 1411 1667 1481 quia
1709 1409 2015 1481 paululum

371 1502 589 1574 timuit,
639 1501 854 1557 dicitur
912 1518 925 1555 :
984 1499 1208 1556 Modica:
1270 1501 1423 1570 ﬁdei,
1490 1515 1659 1571 quare
1716 1500 2018 1553 dubitasti?

370 1590 514 1662 quid
546 1590 715 1646 nobis
745 1589 1060 1645 dicendum
1091 1593 1197 1655 est,
1232 1588 1332 1659 qui
1362 1588 1541 1659 hujus
1574 1588 1811 1642 modicre
1857 1587 2012 1655 ﬁdei,

371 1694 476 1735 nec
507 1679 816 1734 minimam
843 1678 1079 1750 quidem
1108 1678 1393 1733 habemus
1424 1677 1899 1750 portiunculam?

442 1768 629 1840 (Vers.
660 1768 773 1836 33.)
810 1788 837 1821 α
868 1768 975 1833 Qui
1021 1772 1218 1823 autem
1274 1767 1330 1821 in
1382 1766 1651 1821 navicula
1693 1771 1882 1828 erant,
1924 1784 2014 1821 ve-

366 1862 582 1914 nerunt
610 1862 667 1913 et
695 1859 1084 1914 adoraverunt
1114 1873 1269 1924 eum,
1304 1856 1560 1911 dicentes
1595 1874 1606 1910 ε
1645 1856 1780 1911 Vere
1832 1855 2011 1910 Filius

368 1946 469 2003 Dei
516 1963 599 2003 es.
654 1970 674 1999 ι
726 1948 811 2002 Ad
861 1963 1047 2002 unum
1094 1947 1332 2018 signum
1374 1944 1799 2016 tranquillitate
1831 1944 2009 1999 maris

365 2037 612 2105 reddita,
664 2053 792 2108 quae
838 2040 970 2108 post
1018 2034 1232 2091 nimias
1282 2034 1565 2106 procellas
1618 2035 1911 2089 interdum
1955 2040 2012 2088 et

361 2142 501 2182 casu
533 2125 656 2181 ﬁeri
686 2125 853 2191 solet,
886 2128 1075 2180 nautae
1109 2129 1284 2195 atque
1313 2129 1568 2179 vectores
1616 2142 1747 2179 vere
1796 2123 2007 2178 Filium

361 2213 465 2271 Dei
494 2213 864 2281 conﬁtentur,
900 2217 956 2269 et
985 2212 1156 2268 Arius
1186 2213 1245 2268 in
1274 2213 1532 2269 Ecclesia
1553 2213 1828 2284 prmdicat
1848 2229 2006 2267 crea-

364 2307 584 2359 turam.

358 2384 361 2389 ’
430 2392 615 2462 (Vere.
651 2392 763 2464 34.)
790 2414 819 2443 ‹‹
850 2393 917 2447 Et
948 2408 1081 2447 cum
1112 2391 1568 2457 transfretasset,
1617 2396 1901 2446 venerunt
1948 2390 2005 2444 in

360 2482 515 2539 ιω)
542 2486 759 2538 terram
800 2480 1173 2538 Genesareth.
1230 2504 1257 2530 ››
1311 2480 1367 2533 Si
1414 2480 1700 2535 sciremus
1749 2480 1885 2550 quid
1948 2480 2003 2533 in

363 2575 564 2628 nostra
610 2570 813 2643 lingua
861 2574 1158 2626 resonaret
1205 2569 1558 2625 Genesareth
1591 2571 1631 2637 θ,
1663 2568 2007 2639 intelligere-

361 2676 497 2718 mus
525 2661 818 2734 quomodo
847 2660 1022 2716 Jesus
1043 2675 1147 2732 per
1174 2664 1377 2730 typum
1409 2658 1804 2730 apostolorum
1830 2664 1884 2712 et
1909 2675 2006 2712 na-

356 2750 465 2819 vis;
498 2749 815 2807 Ecclesiam
859 2749 929 2804 de
976 2748 1397 2821 persecutionis
1456 2748 1759 2818 naufragio
1793 2747 2002 2801 libera-

357 2843 480 2897 tam
503 2839 848 2896 transducat
877 2839 949 2894 ad
981 2837 1168 2903 littus,
1203 2841 1258 2892 et
1288 2837 1342 2891 in
1369 2836 1856 2908 tranquillissime
1879 2852 2005 2907 por-

360 2933 424 2985 tu
456 2928 629 2986 faciat
656 2929 1039 3001 requiescere.

424 3017 611 3089 (Vers.
646 3018 760 3089 35.)
792 3038 821 3068 «
851 3017 918 3073 Et
946 3032 1080 3072 cum
1107 3015 1518 3087 cognovissent
1544 3030 1678 3069 eum
1730 3014 1837 3068 viri
1888 3013 1999 3069 loci

428 3125 444 3159 ί
480 3124 739 3192 Frustra,
771 3139 948 3194 quam
980 3122 1229 3177 nesciret
1275 3123 1420 3193 ipse,
1460 3120 1998 3194 interpretationem

357 3194 708 3267 Hieronymo
765 3193 1256 3267 suggeruntejus
1308 3194 1578 3267 editores,
1632 3193 1912 3247 Victorius
1944 3198 2000 3267 et

353 3263 756 3334 Martianaaus;
790 3263 978 3336 neque
1023 3263 1179 3319 enim
1224 3264 1281 3319 S.
1345 3264 1510 3319 Pater
1561 3281 1730 3336 suam
1772 3264 2001 3336 proprie

354 3337 746 3409 ignorantiam
779 3334 1103 3409 proﬁtetur,
1137 3336 1237 3390 sed
1258 3352 1464 3409 _quam_
1498 3335 1562 3409 in_
1602 3334 1758 3409 hunc
1808 3334 1998 3409 locum

403 3405 643 3483 rigenes
679 3405 1028 3483 sententiam
1075 3405 1416 3483 contulerat.
1442 3405 1643 3483 Latine
1666 3408 1735 3483 ad
1760 3407 2000 3483 verbum

355 3474 590 3537 refudit.
627 3482 692 3537 In
722 3480 917 3537 Graeco
962 3485 1086 3549 erat
1119 3494 1132 3535 :
1163 3474 1387 3549 Ἦλθονῗ
1414 3475 1639 3549 εἰςβίῇν
1694 3476 1996 3549 Γεγεσᾼαρέτ,

352 3556 423 3637 ῆς
476 3553 577 3621 τήν
625 3551 914 3637 ἑρμηνεία]
959 3548 1273 3637 είὲγνωμξετ,
1307 3548 1396 3601 καὶ
1550 3545 1714 3614 aena;
1735 3545 1999 3637 Itiwaigistla

354 3616 414 3677 ἄν
445 3642 498 3677 τι
528 3616 663 3697 apud
690 3616 788 3691 :r'qv
836 3620 942 3676 τῶν
993 3616 1363 3697 πρρκείμᾷνων
1395 3616 1692 3697 διῄγησιν.
1722 3616 1998 3697 Venerunt

354 3697 416 3751 in
478 3693 693 3751 terram
762 3693 1105 3759 Genesareth,
1160 3694 1314 3764 cujus
1361 3693 1894 3764 interpretationem:
1950 3693 1999 3745 si

348 3769 633 3833 sciremus,
682 3766 749 3823 ab
795 3766 907 3821 illa
943 3762 1268 3837 juvaremar
1314 3762 1661 3837 aliquatenus
1704 3762 1772 3815 ad
1810 3779 1998 3816 eorum

346 3837 415 3912 de
466 3834 956 3912 quibusagimus'
998 3836 1410 3912 emptisitionem.
1472 3834 1797 3912 scripserat
1864 3851 1994 3888 vero

346 3906 656 3983 ipse-Hier.
683 3906 1077 3983 in'Nominum'
1108 3906 1285 3983 libro,
1312 3921 1482 3983 quem
1517 3906 1574 3958 in
1611 3906 1818 3983 bonam
1863 3922 1992 3983 par-

348 3976 467 4038 tem
499 3983 572 4039 ab
599 3981 846 4052 Origene
876 3980 1225 4035 adornatum
1261 3978 1441 4052 fuisse
1473 3976 1848 4030 manifestum
1880 3981 1989 4052 est,

347 4058 649 4130 Θειξζιειςαν,
680 4049 1301 4130 Ιξὶινξιέδφνίηρίμιια-ιηί
1353 4049 1436 4102 sic
1487 4064 1642 4130 enim
1692 4064 1793 4130 pro
1841 4051 1992 4130 ortus

349 4124 572 4193 malim,
606 4128 670 4179 ut
699 4123 757 4178 in
788 4118 956 4177 Notis
987 4120 1058 4175 ad
1091 4118 1247 4193 hunc
1277 4118 1467 4193 locum
1500 4119 1869 4193 observatum
1903 4124 1993 4174 est

349 4195 539 4249 nobis.
558 4189 787 4250 'Verum
814 4209 916 4265 pro
948 4208 1054 4248 suo
1087 4191 1335 4265 quisque
1366 4190 1598 4262 ingenio
1622 4189 1792 4265 aliam
1818 4194 1991 4261 atque

348 4265 525 4320 aliam
556 4262 1419 4320 interpretationemexcudere
1464 4262 1885 4317 contenderunt
1923 4279 1991 4316 ex

345 4336 456 4392 hoc
475 4332 755 4392 vocabulo
767 4334 1332 4391 editores.Victorius
1348 4332 1702 4389 Genesareth
1722 4333 1792 4386 ab
1813 4334 1983 4389 Uebr.

345 4417 632 4470 imm-Nu
664 4407 1095 4479 interpretatur,
1128 4406 1340 4479 rallam
1383 4406 1659 4479 ﬂoridam.
1686 4475 1695 4479 _
1721 4403 1988 4473 hancque

343 4479 765 4557 expositionem
815 4475 903 4557 ait
942 4477 1140 4557 sensui
1189 4476 1521 4557 Hieronymi
1581 4475 1797 4557 optime
1853 4492 1981 4531 coa-

2134 524 2539 593 Cognoverunt
2586 543 2719 582 eum
2781 545 3035 595 rumore,
3093 546 3207 584 non
3264 530 3428 607 facie,
3480 528 3569 585 vel
3627 534 3778 586 certe

2134 629 2233 683 pro
2268 614 2570 685 signorum
2604 617 3029 688 magnitudine,
3087 635 3213 689 quae
3258 618 3527 689 patrabat
3577 619 3637 674 in
3680 637 3777 691 po-

2133 702 2307 771 pulis,
2360 704 2534 759 etiam
2582 705 2745 760 vultu
2798 706 3067 776 plurimis
3116 712 3289 762 notus
3338 711 3480 762 erat.
3533 708 3600 762 Et
3647 708 3776 764 vide

2133 796 2351 861 quanta
2399 793 2470 846 sit
2529 794 2671 849 ﬁdes
2720 794 3024 849 hominum
3072 800 3235 850 terra:
3296 795 3672 863 Genesareth,
3715 800 3777 851 ut

2132 897 2244 933 non
2279 883 2652 951 prtesentium
2694 888 2922 938 tantum
2974 883 3160 939 salute
3206 885 3465 940 contenti
3498 884 3639 951 sint,
3674 886 3774 941 sed

2131 970 2365 1024 mittant
2412 972 2482 1025 ad
2531 972 2673 1027 alias
2706 989 2807 1043 per
2835 973 3143 1028 circuitum
3191 973 3475 1042 civitates,
3511 990 3626 1045 quo
3657 992 3775 1031 om-

2131 1076 2232 1113 nes
2265 1065 2503 1112 currant
2536 1062 2601 1113 ad
2639 1061 2961 1116 medicume

2200 1148 2382 1218 (Vere.
2418 1150 2504 1211 3.3,
2540 1149 2653 1219 36.)
2695 1171 2715 1196 α
2768 1151 2832 1203 lit
2877 1150 3212 1205 obtulerunt
3264 1151 3315 1205 ei
3369 1168 3573 1207 omnes
3623 1153 3773 1209 male

2130 1237 2430 1302 habentes,
2485 1244 2541 1292 et
2589 1239 2869 1310 rogabant
2898 1256 3031 1293 eum
3067 1244 3129 1293 ut
3159 1239 3247 1293 vel
3280 1240 3574 1295 ﬁmbriam
3606 1242 3774 1298 vesti-

2130 1325 2307 1379 menti
2368 1327 2493 1395 ejus
2551 1331 2877 1398 tangerent.
2932 1329 2999 1382 Et
3047 1329 3385 1399 quicunque
3433 1329 3767 1401 tetigerunt,

2128 1414 2269 1469 salvi
2324 1415 2455 1469 facti
2490 1421 2647 1470 sunt.
2687 1440 2712 1464 ››
2745 1417 2851 1481 Qui
2888 1416 3036 1471 male
3086 1433 3148 1471 se
3198 1417 3433 1483 habent,
3486 1436 3600 1474 non
3651 1423 3772 1476 tau-

2126 1508 2265 1573 gant
2299 1520 2508 1575 corpus
2539 1506 2698 1575 Jesu,
2733 1522 2921 1576 neque
2955 1510 3139 1561 totum
3173 1507 3587 1562 vestimentum
3620 1510 3767 1579 ejus,

2126 1591 2225 1644 sed
2254 1596 2569 1647 extremam
2620 1593 2933 1661 ﬁmbriam,
2987 1598 3042 1648 et
3089 1594 3425 1666 quicunque
3449 1596 3768 1671 tetigerint,

2125 1680 2509 1735 sanabuntur.
2544 1682 2856 1736 Fimbriam
2891 1683 3226 1739 vestimenti
3273 1686 3421 1755 ejus,
3453 1684 3539 1740 vel
3590 1686 3767 1741 mini-

2124 1785 2285 1823 mum
2320 1770 2573 1841 intelligo
2623 1772 2964 1826 mandatum
3000 1790 3012 1827 :
3045 1773 3200 1843 quod
3233 1774 3333 1844 qui
3361 1778 3766 1847 transgressus

2123 1858 2315 1923 fuerit,
2392 1859 2676 1914 minimus
2752 1861 3055 1915 vocabitur
3107 1861 3165 1915 in
3234 1878 3412 1933 regno
3485 1862 3766 1921 caelorum

2120 1946 2258 2017 (cap.
2312 1948 2388 2015 γ).
2443 1948 2543 2002 Vel
2595 1950 3057 2020 assumptionem
3116 1952 3396 2022 corporis,
3438 1968 3541 2023 per
3590 1969 3766 2025 quam

2118 2037 2386 2091 venimus
2418 2038 2487 2091 ad
2519 2038 2774 2092 Verbum
2820 2040 2943 2110 Dei,
2978 2044 3033 2094 et
3064 2038 3221 2095 illius
3265 2031 3463 2112 poste’a
3516 2042 3768 2099 fruimur

2120 2128 2446 2195 majestate.

2195 2218 2353 2284 (Cap.
2394 2214 2511 2268 XV.
2548 2246 2615 2253 ——
2662 2215 2822 2269 Vers.
2853 2217 2927 2286 1.)
2979 2239 3005 2265 ‹‹
3057 2218 3220 2271 Tunc
3269 2225 3641 2274 accesserunt
3696 2220 3771 2275 ad

2117 2320 2249 2357 eum
2278 2305 2347 2357 ab
2383 2304 2796 2375 Hierosolymis
2847 2305 3059 2359 Scriba)
3108 2311 3165 2361 et
3214 2306 3510 2374 Pharismi,
3561 2308 3763 2364 dicen-

2117 2397 2202 2445 tes
2255 2408 2265 2446 :
2329 2395 2483 2445 Ilo
2540 2396 2726 2457 Quare
2780 2394 3054 2465 discipuli
3107 2394 3192 2448 tui
3249 2396 3764 2468 transgrediuntur

2117 2482 2459 2535 traditiones
2517 2483 2852 2536 seniorum?
2904 2506 2930 2531 ››
2982 2483 3127 2537 Mira
3157 2484 3582 2542 Pharisaeorum
3615 2487 3769 2543 Scri-

2116 2571 2441 2641 barumque
2495 2569 2768 2639 stultitia,
2831 2571 2929 2625 Dei
2989 2571 3200 2627 Filium
3259 2579 3536 2645 arguunt,
3583 2592 3766 2647 quare

2115 2658 2422 2712 hominum
2457 2660 2799 2713 traditiones
2832 2664 2888 2713 et
2919 2665 3205 2731 praecepta
3235 2677 3351 2715 non
3383 2662 3606 2717 servet?

2152 2744 2369 2814 '(Vers.
2404 2748 2483 2817 2.)
2520 2771 2539 2795 α
2577 2748 2702 2801 Non
2733 2748 2887 2802 enim
2932 2747 3127 2802 lavant
3180 2766 3393 2805 manus
3436 2767 3593 2819 suas,
3627 2768 3761 2809 cum

2112 2853 2322 2908 panem
2382 2838 2758 2892 manducant.
2794 2859 2822 2885 ››
2856 2837 3084 2904 Manus,
3130 2838 3188 2892 id
3248 2844 3338 2894 est
3393 2856 3586 2911 opera,
3647 2858 3765 2897 non

2113 2926 2370 2997 corporis
2402 2926 2626 2997 utique,
2651 2927 2751 2980 sed
2784 2927 2993 2981 animae
3026 2926 3284 2982 lavandae
3325 2932 3465 2984 sunt
3494 2929 3532 2999 ²,
3568 2934 3631 2985 ut
3662 2931 3768 2986 ﬁat

2110 3014 2169 3068 in
2202 3013 2318 3069 illis
2346 3015 2589 3069 verbum
2624 3015 2742 3070 Dei.

2112 3122 2351 3197 (lieres.
2412 3139 2537 3192 cap.
2593 3124 2681 3175 26.
2733 3126 2969 3197 A311;
3000 3123 3576 3197 factumconjectant
3623 3126 3755 3197 qui-

2029 3176 2070 3242 C
2111 3194 2245 3247 dam
2278 3176 2437 3252 151::
2470 3176 2694 3249 mutato
2726 3211 2758 3248 a
2786 3176 3075 3249 Chaldaeis
3102 3176 3265 3263 Caphi
3279 3176 3336 3248 in
3353 3176 3571 3250 "G'Iiaizéi
3591 3176 3657 3252 et1
3667 3176 3756 3253 ἷιί-

2112 3270 2264 3338 serto
2291 3266 2544 3338 oamcrh,
2577 3265 2730 3335 quod
2793 3281 2992 3338 verum
3041 3270 3148 3338 est.
3206 3267 3407 3338 Itaque
3437 3268 3658 3338 passim
3693 3269 3754 3324 in

2110 3334 2308 3407 Veteri
2336 3334 2708 3389 Testamento
2732 3336 3025 3407 regionem
3058 3334 3364 3390 Cinnereth
3416 3334 3757 3396 aChalda-is

2112 3406 2515 3482 Paraphrastis
2572 3408 2888 3482 Genncsar,
2939 3414 2993 3461 et
3042 3408 3433 3482 Gennesareth
3492 3410 3755 3482 appella-

2108 3481 2233 3530 tum
2268 3478 2644 3551 nanciscaris.
2675 3480 2734 3533 In
2767 3495 2833 3533 ea
2864 3482 3057 3551 autem
3091 3478 3472 3551 appellatione
3511 3478 3757 3551 placue-

2108 3554 2245 3601 runt
2305 3548 2437 3617 sibi,
2500 3551 2651 3618 qcod
2728 3567 2834 3603 sua
2874 3548 3547 3622 dialecto'signiﬁcare't
3603 3563 3758 3610 ortus

2105 3622 2454 3694 priucipuut;
2487 3627 2543 3694 et
2588 3639 2654 3675 ex
2685 3622 2840 3675 tribu
2873 3620 3185 3694 Nephthali
3218 3620 3345 3693 quae
3376 3622 3455 3676 ibi
3488 3624 3601 3679 sita
3638 3631 3750 3694 est,

2107 3691 2264 3768 mille
2324 3691 2613 3768 principes
2671 3692 2908 3768 profecti
2980 3691 3252 3768 Davideui
3317 3691 3751 3768 convenissent,

2106 3764 2154 3830 (I
2185 3763 2369 3834 Parui.
2404 3780 2499 3831 xu,
2535 3765 2643 3832 34).
2680 3763 2870 3833 Longe
2900 3779 3034 3818 vero
3065 3763 3433 3834 ineptissima
3481 3771 3588 3831 est,
3627 3763 3753 3824 sive

2103 3832 2470 3905 etymologia,
2504 3834 2623 3889 sive
2671 3832 2901 3897 allusio,
2935 3851 3113 3905 quam
3146 3832 3269 3890 loco
3302 3834 3537 3891 laudato
3585 3840 3757 3895 affert

2105 3904 2465 3975 llegesippus
2522 3921 2533 3959 :
2589 3905 2849 3967 Genesar,
2882 3904 3092 3976 inquit,
3124 3906 3331 3961 dicitur
3378 3906 3559 3964 Graeco
3591 3926 3755 3965 voca-

2104 3978 2246 4042 bulo,
2282 3980 2748 4049 quusiggencrans
2788 3978 2894 4031 sibi
2940 3994 3140 4032 auram
3187 3994 3331 4049 aqua
3371 3979 3571 4047 dulcis,
3598 3990 3649 4035 et
3678 3981 3753 4037 ad

2099 4046 2394 4171 {iotamlum
2443 4046 2661 4101 habilis.
2716 4048 2794 4102 Ex
2843 4048 3055 4119 quibus
3105 4046 3249 4103 tam'
3274 4050 3540 4105 obscuris
3586 4053 3748 4107 vocis

2118 4120 2277 4171 iuius
2308 4118 2559 4171 indiciis.
2592 4119 2833 4171 minime
2855 4120 3067 4171 mirum
3096 4118 3391 4171 concludit
3414 4136 3563 4171 esse.
3590 4122 3637 4171 si
3660 4123 3748 4171 in-

2052 4127 2064 4135 '
2100 4118 2277 4187 hujus
2308 4118 2559 4183 indiciis,
2592 4119 2833 4173 minime
2855 4118 3067 4175 mirum
3096 4118 3391 4175 concludit
3414 4136 3563 4183 esse.
3590 4122 3638 4177 si
3660 4123 3752 4179 in-

2100 4190 2327 4263 scitiam
2361 4206 2526 4244 suam
2558 4190 2653 4245 hic
2679 4196 2873 4262 aperte
2894 4191 3273 4263 0rigenes,ex
3295 4208 3479 4263 eoque
3507 4193 3744 4251 Hieron.

2099 4261 2503 4331 proﬁteantur.

2167 4332 2246 4408 Ne
2277 4331 2560 4408 l_ectorem_
2581 4330 2802 4387 diutius
2834 4336 3083 4401 teneam,
3118 4334 3244 4389 dico
3276 4350 3404 4408 ego,
3437 4336 3748 4408 commode

2097 4403 2303 4457 deduci
2338 4420 2504 4472 posse
2548 4403 2696 4458 hanc
2747 4420 2947 4480 vocem
2998 4422 3031 4459 a
3077 4403 3340 4480 mra-ui
3364 4422 3465 4478 pro
3515 4407 3746 4480 integro

2093 4484 2406 4548 {jx-33-33,
2458 4491 2571 4548 quo
2622 4479 2789 4529 sonat
2835 4477 3024 4529 hortos
3065 4476 3262 4542 decem,
3320 4476 3481 4548 ipsos
3519 4476 3745 4535 scilicet

382 4544 515 4620 tari,
547 4551 688 4606 dum
721 4551 791 4605 de
821 4549 1011 4605 littore
1039 4553 1096 4603 et
1125 4544 1834 4619 tranquillissimo‘portu,
1870 4564 1983 4617 quo
2014 4544 2061 4607 D
2094 4545 2442 4616 Decapoleos
2476 4544 2718 4613 'bortos,
2775 4562 2875 4601 seu
2945 4548 3175 4619 proprie
3244 4544 3444 4603 decem
3502 4549 3744 4607 urbium

340 4568 616 4679 Ecclesiae
663 4638 869 4677 navem
925 4620 1191 4677 Christus
1239 4619 1592 4679 transduxit,
1628 4618 1983 4673 mentionem
2101 4616 2319 4672 hortos.
2357 4618 2424 4671 Et
2456 4623 2607 4671 terra
2638 4617 2875 4679 quidem
2904 4618 3257 4675 Gcnesareth
3308 4619 3379 4674 ab
3434 4618 3741 4677 hortorum

391 4618 616 4680 colesite
663 4638 869 4677 navem
925 4620 1191 4677 Christus
1239 4618 1592 4681 transduxit,
1628 4618 1983 4673 mentionem

340 4696 498 4773 facit.
557 4699 624 4773 Et
677 4693 1046 4773 Martianazus
1113 4692 1237 4773 ipse
1308 4696 1429 4773 tam
1487 4688 1689 4773 stricte
1738 4688 1989 4773 Victorio

340 4766 616 4835 adhesret,
651 4770 716 4821 ut
747 4782 816 4820 ne
847 4765 1018 4820 verbo
1050 4760 1288 4835 quidem
1339 4760 1621 4835 abludat._
1651 4761 1985 4835 Econtrario

336 4836 528 4893 visum
585 4831 656 4892 cl.
709 4836 917 4891 Huetio
948 4841 1038 4891 est
1067 4831 1333 4904 hujusce,
1384 4832 1657 4904 dictionis
1698 4831 1982 4901 originem

339 4908 553 4980 referre
583 4902 1195 4980 spissumpegoiiugi,
1229 4920 1363 4958 cum
1392 4902 1559 4980 nulla
1585 4902 1753 4980 plane
1799 4909 1984 4958 exstet

335 4979 463 5051 ejus
496 4975 819 5051 mentioin,
843 4975 1065 5033 Veteris
1112 4975 1478 5051 Tes_tament_i_
1514 4975 1819 5051 _llcbraico_
1844 4991 1980 5029 eon-

334 5045 492 5107 textu
527 5068 541 5106 :
575 5048 633 5104 in
684 5049 824 5105 Novi
872 5055 1067 5104 autem
1114 5047 1343 5119 Syriaca
1370 5045 1980 5119 ieditionegscribatur

334 5131 514 5185 1013:.
575 5120 768 5177 Placet
813 5136 945 5175 vero
1005 5117 1290 5190 integram
1349 5117 1696 5190 doctissimi
1734 5117 1977 5187 hujusce

334 5192 668 5273 Origeniani
718 5188 1540 5273 interpretisadnotationem
1588 5188 1827 5271 recitare
1881 5191 1974 5273 cui

331 5270 389 5321 et
436 5260 699 5321 nostram
752 5260 950 5319 statim
1002 5262 1405 5333 subjiciemus,
1440 5278 1565 5332 qua:
1618 5260 1851 5333 propior
1900 5262 1970 5317 ad

328 5338 505 5393 ﬁdem
537 5334 782 5391 videtur.
814 5335 906 5389 Ait
935 5333 1033 5389 ille
1068 5351 1080 5389 :

396 5406 672 5465 Derivant
716 5406 824 5462 hoc
876 5422 1088 5460 nomen
1125 5403 1221 5459 alii
1277 5421 1309 5458 ει
1355 5413 1659 5467 τῆκε-κτλ,
1696 5403 1847 5472 quod
1883 5402 1969 5457 in-

322 5482 739 5551 terpretantur,
770 5477 933 5533 vallis
962 5475 1161 5551 ﬂorida
1196 5474 1478 5551 :‘Mallem
1511 5475 1674 5551 pullis
1738 5474 1965 5551 consita,
1998 5478 2003 5481 ’

322 5546 430 5613 135
484 5546 1377 5622 quippe'surculumsigniﬁcat
1436 5564 1447 5599 :
1509 5547 1753 5600 feracem
1789 5546 1963 5622 enim

321 5640 451 5680 esse
481 5617 779 5694 regio—nem
810 5620 1058 5694 hancgad
1095 5619 1422 5694 prodigium
1460 5634 1642 5685 usque
1665 5688 1671 5694 .
1693 5617 1964 5694 testiﬁca-

323 5702 417 5751 tur
444 5688 738 5766 Josépbus
767 5693 806 5747 1.
840 5693 912 5766 lVII
942 5692 1009 5766 de
1041 5688 1426 5766 Béll_._JutIa_z'c.
1476 5703 1601 5766 cap.
1658 5688 1738 5755 1:4,
1783 5693 1835 5766 _et
1867 5688 1962 5766 Jo-

321 5766 486 5849 sepbi
513 5756 830 5842 perpetuus
858 5764 1119 5823 imitator
1157 5758 1519 5831 Hegesippus
1548 5756 1605 5812 ’l.
1661 5774 1721 5812 III
1771 5758 1958 5815 Excid.

2101 4616 2319 4672 hortos.
2357 4618 2424 4671 Et
2456 4623 2607 4671 terra
2638 4617 2875 4688 quidem
2904 4616 3257 4675 Gcne'sareth
3308 4619 3379 4674 ab
3434 4618 3741 4677 hortorum

2101 4688 2444 4762 frequentia,
2479 4688 2560 4742 sic
2592 4688 2881 4762 appellata
2909 4695 3018 4762 est,
3053 4707 3179 4762 qua:
3212 4690 3368 4761 regio
3399 4696 3488 4745 est
3518 4692 3587 4746 ad
3624 4692 3743 4749 La-

2098 4775 2232 4813 cum
2288 4759 2553 4813 Galilagze.
2607 4759 2808 4814 Miram
2867 4759 3349 4829 hujus'regionis
3407 4762 3740 4820 ubertatem

2096 4831 2267 4885 modo
2298 4831 2569 4903 laudatus
2602 4832 2672 4886 ab
2712 4832 2915 4885 Huetio
2948 4834 3309 4903 llegesippus
3344 4835 3637 4903 praedicat,
3672 4840 3744 4890 ut

2048 4919 2289 4956 -secros
2335 4902 2564 4957 interim
2622 4908 2887 4976 auctores
2936 4902 3589 4976 taceam,A'Mattbaeum,
3622 4906 3741 4962 Lu-

2091 4990 2216 5027 cam
2250 4978 2305 5027 et
2334 4977 2611 5027 Marcum.
2664 4974 2876 5028 Lacum
2911 4980 3103 5029 autem
3160 4974 3515 5031 Genesareth
3548 4974 3742 5033 hortis

2093 5044 2437 5118 Decapoleos
2480 5045 2774 5118 vicinum;
2819 5046 3111 5117 .losephus
3160 5063 3393 5118 quoque
3438 5048 3619 5102 tradit
3668 5049 3742 5105 de

2086 5117 2255 5189 Bello,
2289 5133 2412 5189 cap.
2446 5117 2534 5189 3?).
2569 5120 2623 5169 et
2654 5116 2725 5170 ad
2754 5116 3049 5171 Gennesar
3082 5116 3518 5189 usque—lacum
3569 5118 3741 5189 ejus-

2086 5188 2215 5242 dem
2252 5186 2503 5260 norninis
2552 5192 2765 5241 terram
2817 5188 3113 5258 praetendi,
3148 5186 3275 5260 quae
3326 5194 3381 5244 et
3431 5186 3644 5246 natura
3673 5194 3735 5248 et

2086 5260 2345 5333 ubertate
2377 5258 2709 5328 plantarum
2744 5260 3007 5314 omnium
3038 5258 3534 5333 arbustorumque
3564 5266 3737 5320 caete-

2080 5331 2159 5385 ris
2193 5334 2510 5401 praestaret.

2150 5402 2171 5434 ‘-’
2227 5406 2513 5471 Itepetunt
2573 5417 2782 5455 nomen
2839 5418 3036 5455 manus
3094 5402 3188 5457 hic
3248 5406 3363 5456 tres
3421 5417 3450 5456 e
3507 5404 3731 5461 nostris

2080 5471 2563 5545 mss.p_Sententia
2581 5478 2774 5545 autem
2807 5471 3091 5545 htecgipsa
3133 5477 3221 5545 est
3267 5472 3536 5545 Origenis
3592 5476 3733 5530 κατά

2075 5540 2135 5594 τό
2192 5541 2417 5629 εὖΜγον
2477 5541 2746 5613 καθαίρειν
2807 5540 3119 5629 πειρὼῖιερρι
3172 5540 3399 5597 ἑαυτῶκῗ
3429 5544 3523 5605 τάς
3583 5547 3735 5622 πρά-

2082 5612 2097 5629 .,
2391 5610 2414 5625 ,ι
2818 5613 2839 5629 ν
2947 5617 2956 5629 .
3224 5614 3234 5629 .
3373 5616 3398 5629 ,ι
3580 5621 3601 5629 _

2080 5612 2204 5679 Ξεις,
2267 5610 2355 5666 κείῖ
2388 5610 2559 5673 ὅπως
2618 5610 2712 5674 ’ξας
2768 5610 3125 5689 τῶν’ψυχῶν
3184 5614 3457 5669 νίπτεοθαι
3509 5610 3725 5693 χεῖραε,

2076 5693 2180 5739 etc.
2240 5688 2403 5741 Jua'la
2460 5690 2695 5762 rectam_
2728 5690 2999 5762 rationem
3042 5688 3262 5744 nostras
3310 5688 3547 5762 actiones
3586 5688 3729 5762 pur;

2070 5774 2201 5831 gare
2244 5772 2538 5824 conemur;
2565 5765 2616 5813 ει
2645 5756 2724 5814 sic
2751 5761 3072 5819 animorum
3116 5776 3315 5817 manus
3363 5756 3724 5834 lavare,'etc.
