  <div class='ocr_page' id='page_1' title='image "/cluster/home/n/w/nwhite01/storage/ocr_20150623/26/hvd.32044052772472/060.png"; bbox 0 0 4024 6196; ppageno 0'>
   <div class='ocr_carea' id='block_1_1' title="bbox 291 320 397 380">
    <p class='ocr_par' dir='ltr' id='par_1_1' title="bbox 291 320 397 380">
     <span class='ocr_line' id='line_1_1' title="bbox 291 320 397 380; baseline 0.009 -1"><span class='ocrx_word' id='word_1_1' title='bbox 291 320 397 380; x_wconf 85' lang='grc'>109</span> 
     </span>
    </p>
   </div>
   <div class='ocr_carea' id='block_1_2' title="bbox 803 313 3152 380">
    <p class='ocr_par' dir='ltr' id='par_1_2' title="bbox 803 313 3152 380">
     <span class='ocr_line' id='line_1_2' title="bbox 803 313 3152 380; baseline -0.001 -1"><span class='ocrx_word' id='word_1_2' title='bbox 803 317 1320 379; x_wconf 82' lang='lat' dir='ltr'>COMMENTAR.</span> <span class='ocrx_word' id='word_1_3' title='bbox 1369 317 1448 376; x_wconf 86' lang='lat' dir='ltr'>IN</span> <span class='ocrx_word' id='word_1_4' title='bbox 1493 314 2010 376; x_wconf 83' lang='lat' dir='ltr'>EVANGELIUM</span> <span class='ocrx_word' id='word_1_5' title='bbox 2057 313 2438 375; x_wconf 59' lang='lat' dir='ltr'>MATTHIEI</span> <span class='ocrx_word' id='word_1_6' title='bbox 2485 314 2634 374; x_wconf 91' lang='lat' dir='ltr'>LIB.</span> <span class='ocrx_word' id='word_1_7' title='bbox 2679 314 2756 374; x_wconf 88' lang='lat' dir='ltr'>ll.</span> <span class='ocrx_word' id='word_1_8' title='bbox 2804 315 2974 376; x_wconf 79' lang='lat' dir='ltr'>CAP.</span> <span class='ocrx_word' id='word_1_9' title='bbox 3021 315 3152 380; x_wconf 85' lang='lat' dir='ltr'>XV.</span> 
     </span>
    </p>
   </div>
   <div class='ocr_carea' id='block_1_3' title="bbox 3570 321 3690 384">
    <p class='ocr_par' dir='ltr' id='par_1_3' title="bbox 3570 321 3690 384">
     <span class='ocr_line' id='line_1_3' title="bbox 3570 321 3690 384; baseline -0.017 0"><span class='ocrx_word' id='word_1_10' title='bbox 3570 321 3690 384; x_wconf 82' lang='grc' dir='ltr'>ΗΟ</span> 
     </span>
    </p>
   </div>
   <div class='ocr_carea' id='block_1_4' title="bbox 355 446 3689 522">
    <p class='ocr_par' dir='ltr' id='par_1_4' title="bbox 355 446 3689 522">
     <span class='ocr_line' id='line_1_4' title="bbox 355 446 3689 522; baseline 0.002 -19"><span class='ocrx_word' id='word_1_11' title='bbox 355 450 539 521; x_wconf 88' lang='lat' dir='ltr'>(Vers.</span> <span class='ocrx_word' id='word_1_12' title='bbox 573 450 654 517; x_wconf 91' lang='lat'>3.)</span> <span class='ocrx_word' id='word_1_13' title='bbox 695 472 723 499; x_wconf 88' lang='lat'><strong>«</strong></span> <span class='ocrx_word' id='word_1_14' title='bbox 782 451 912 522; x_wconf 85' lang='lat' dir='ltr'>Ipse</span> <span class='ocrx_word' id='word_1_15' title='bbox 967 452 1157 504; x_wconf 89' lang='lat' dir='ltr'>autem</span> <span class='ocrx_word' id='word_1_16' title='bbox 1216 448 1596 520; x_wconf 90' lang='lat' dir='ltr'>respondens,</span> <span class='ocrx_word' id='word_1_17' title='bbox 1657 447 1736 503; x_wconf 86' lang='lat' dir='ltr'>ait</span> <span class='ocrx_word' id='word_1_18' title='bbox 1774 446 1928 502; x_wconf 85' lang='lat' dir='ltr'>illis:</span> <span class='ocrx_word' id='word_1_19' title='bbox 1963 449 2012 514; x_wconf 84' lang='grc' dir='ltr'><strong>Α</strong></span> <span class='ocrx_word' id='word_1_20' title='bbox 2049 447 2320 518; x_wconf 84' lang='lat' dir='ltr'>pietatem</span> <span class='ocrx_word' id='word_1_21' title='bbox 2355 447 2463 502; x_wconf 88' lang='lat' dir='ltr'>sub</span> <span class='ocrx_word' id='word_1_22' title='bbox 2497 447 2730 502; x_wconf 87' lang='lat' dir='ltr'>nomine</span> <span class='ocrx_word' id='word_1_23' title='bbox 2788 447 3020 518; x_wconf 89' lang='lat' dir='ltr'>pietatis</span> <span class='ocrx_word' id='word_1_24' title='bbox 3070 448 3430 520; x_wconf 88' lang='lat' dir='ltr'>inducerent,</span> <span class='ocrx_word' id='word_1_25' title='bbox 3476 453 3689 511; x_wconf 89' lang='lat' dir='ltr'>docue-</span> 
     </span>
    </p>
   </div>
   <div class='ocr_carea' id='block_1_5' title="bbox 286 537 1931 610">
    <p class='ocr_par' dir='ltr' id='par_1_5' title="bbox 286 537 1931 610">
     <span class='ocr_line' id='line_1_5' title="bbox 286 537 1931 610; baseline -0.002 -16"><span class='ocrx_word' id='word_1_26' title='bbox 286 544 469 607; x_wconf 89' lang='lat' dir='ltr'>Qnare</span> <span class='ocrx_word' id='word_1_27' title='bbox 500 545 558 594; x_wconf 91' lang='lat' dir='ltr'>et</span> <span class='ocrx_word' id='word_1_28' title='bbox 597 555 702 594; x_wconf 89' lang='lat' dir='ltr'>vos</span> <span class='ocrx_word' id='word_1_29' title='bbox 761 537 1238 610; x_wconf 88' lang='lat' dir='ltr'>transgredimini</span> <span class='ocrx_word' id='word_1_30' title='bbox 1273 538 1612 592; x_wconf 88' lang='lat' dir='ltr'>mandatum</span> <span class='ocrx_word' id='word_1_31' title='bbox 1648 537 1767 592; x_wconf 86' lang='lat' dir='ltr'>Dei.</span> <span class='ocrx_word' id='word_1_32' title='bbox 1802 554 1931 607; x_wconf 90' lang='lat' dir='ltr'>pro-</span> 
     </span>
    </p>
   </div>
   <div class='ocr_carea' id='block_1_6' title="bbox 285 625 1934 703">
    <p class='ocr_par' dir='ltr' id='par_1_6' title="bbox 285 625 1934 703">
     <span class='ocr_line' id='line_1_6' title="bbox 285 625 1934 703; baseline -0.003 -18"><span class='ocrx_word' id='word_1_33' title='bbox 285 636 410 703; x_wconf 85' lang='lat' dir='ltr'><strong>pter</strong></span> <span class='ocrx_word' id='word_1_34' title='bbox 446 628 827 684; x_wconf 82' lang='lat' dir='ltr'>traditionem</span> <span class='ocrx_word' id='word_1_35' title='bbox 870 628 1168 682; x_wconf 81' lang='lat' dir='ltr'>vestram?</span> <span class='ocrx_word' id='word_1_36' title='bbox 1199 649 1226 674; x_wconf 87' lang='lat'>»</span> <span class='ocrx_word' id='word_1_37' title='bbox 1293 625 1520 682; x_wconf 88' lang='lat' dir='ltr'>Falsam</span> <span class='ocrx_word' id='word_1_38' title='bbox 1577 625 1934 681; x_wconf 76' lang='lat' dir='ltr'>calumniam</span> 
     </span>
    </p>
   </div>
   <div class='ocr_carea' id='block_1_7' title="bbox 282 715 1935 790">
    <p class='ocr_par' dir='ltr' id='par_1_7' title="bbox 282 715 1935 790">
     <span class='ocr_line' id='line_1_7' title="bbox 282 715 1935 790; baseline -0.005 -15"><span class='ocrx_word' id='word_1_39' title='bbox 282 736 413 775; x_wconf 89' lang='lat' dir='ltr'>vera</span> <span class='ocrx_word' id='word_1_40' title='bbox 441 717 823 790; x_wconf 79' lang='lat' dir='ltr'>responsione</span> <span class='ocrx_word' id='word_1_41' title='bbox 881 717 1169 771; x_wconf 80' lang='lat' dir='ltr'>confutet.</span> <span class='ocrx_word' id='word_1_42' title='bbox 1224 715 1392 781; x_wconf 89' lang='lat' dir='ltr'>Cum,</span> <span class='ocrx_word' id='word_1_43' title='bbox 1426 715 1637 784; x_wconf 82' lang='lat' dir='ltr'>inquit,</span> <span class='ocrx_word' id='word_1_44' title='bbox 1668 732 1769 769; x_wconf 91' lang='lat' dir='ltr'>vos</span> <span class='ocrx_word' id='word_1_45' title='bbox 1803 731 1935 785; x_wconf 85' lang='lat' dir='ltr'>pro-</span> 
     </span>
    </p>
   </div>
   <div class='ocr_carea' id='block_1_8' title="bbox 285 802 1935 881">
    <p class='ocr_par' dir='ltr' id='par_1_8' title="bbox 285 802 1935 881">
     <span class='ocr_line' id='line_1_8' title="bbox 285 802 1935 881; baseline -0.005 -17"><span class='ocrx_word' id='word_1_46' title='bbox 285 814 410 881; x_wconf 89' lang='lat' dir='ltr'>pter</span> <span class='ocrx_word' id='word_1_47' title='bbox 439 806 812 862; x_wconf 78' lang='lat' dir='ltr'>traditionem</span> <span class='ocrx_word' id='word_1_48' title='bbox 845 805 1153 860; x_wconf 89' lang='lat' dir='ltr'>hominum</span> <span class='ocrx_word' id='word_1_49' title='bbox 1188 809 1470 876; x_wconf 70' lang='lat' dir='ltr'>praecepta</span> <span class='ocrx_word' id='word_1_50' title='bbox 1496 803 1721 858; x_wconf 88' lang='lat' dir='ltr'>Domini</span> <span class='ocrx_word' id='word_1_51' title='bbox 1751 802 1935 873; x_wconf 85' lang='lat' dir='ltr'>negli-</span> 
     </span>
    </p>
   </div>
   <div class='ocr_carea' id='block_1_9' title="bbox 281 891 1933 970">
    <p class='ocr_par' dir='ltr' id='par_1_9' title="bbox 281 891 1933 970">
     <span class='ocr_line' id='line_1_9' title="bbox 281 891 1933 970; baseline -0.004 -17"><span class='ocrx_word' id='word_1_52' title='bbox 281 897 453 970; x_wconf 87' lang='lat' dir='ltr'>gatis,</span> <span class='ocrx_word' id='word_1_53' title='bbox 488 912 666 966; x_wconf 90' lang='lat' dir='ltr'>quare</span> <span class='ocrx_word' id='word_1_54' title='bbox 725 892 1046 970; x_wconf 69' lang='lat' dir='ltr'>discipulos</span> <span class='ocrx_word' id='word_1_55' title='bbox 1105 909 1266 947; x_wconf 90' lang='lat' dir='ltr'>meos</span> <span class='ocrx_word' id='word_1_56' title='bbox 1319 892 1648 963; x_wconf 78' lang='lat' dir='ltr'>arguendos</span> <span class='ocrx_word' id='word_1_57' title='bbox 1697 891 1933 963; x_wconf 81' lang='lat' dir='ltr'>putatis,</span> 
     </span>
    </p>
   </div>
   <div class='ocr_carea' id='block_1_10' title="bbox 279 980 1938 1058">
    <p class='ocr_par' dir='ltr' id='par_1_10' title="bbox 279 980 1938 1058">
     <span class='ocr_line' id='line_1_10' title="bbox 279 980 1938 1058; baseline -0.004 -18"><span class='ocrx_word' id='word_1_58' title='bbox 279 985 438 1058; x_wconf 89' lang='lat' dir='ltr'>quod</span> <span class='ocrx_word' id='word_1_59' title='bbox 470 985 766 1039; x_wconf 87' lang='lat' dir='ltr'>seniorum</span> <span class='ocrx_word' id='word_1_60' title='bbox 809 984 981 1052; x_wconf 90' lang='lat' dir='ltr'>jussa</span> <span class='ocrx_word' id='word_1_61' title='bbox 1042 981 1484 1054; x_wconf 72' lang='lat' dir='ltr'>parvipendant,</span> <span class='ocrx_word' id='word_1_62' title='bbox 1547 985 1612 1036; x_wconf 90' lang='lat' dir='ltr'>ut</span> <span class='ocrx_word' id='word_1_63' title='bbox 1658 981 1758 1036; x_wconf 89' lang='lat' dir='ltr'>Dei</span> <span class='ocrx_word' id='word_1_64' title='bbox 1791 980 1938 1034; x_wconf 89' lang='lat' dir='ltr'>scita</span> 
     </span>
    </p>
   </div>
   <div class='ocr_carea' id='block_1_11' title="bbox 280 1071 656 1130">
    <p class='ocr_par' dir='ltr' id='par_1_11' title="bbox 280 1071 656 1130">
     <span class='ocr_line' id='line_1_11' title="bbox 280 1071 656 1130; baseline -0.005 -2"><span class='ocrx_word' id='word_1_65' title='bbox 280 1071 656 1130; x_wconf 89' lang='lat' dir='ltr'>custodiant?</span> 
     </span>
    </p>
   </div>
   <div class='ocr_carea' id='block_1_12' title="bbox 357 1157 1936 1232">
    <p class='ocr_par' dir='ltr' id='par_1_12' title="bbox 357 1157 1936 1232">
     <span class='ocr_line' id='line_1_12' title="bbox 357 1157 1936 1232; baseline -0.003 -18"><span class='ocrx_word' id='word_1_66' title='bbox 357 1162 542 1232; x_wconf 85' lang='lat' dir='ltr'>(Vers.</span> <span class='ocrx_word' id='word_1_67' title='bbox 601 1160 781 1228; x_wconf 72' lang='lat'>3-40.)</span> <span class='ocrx_word' id='word_1_68' title='bbox 851 1182 877 1207; x_wconf 88' lang='grc'><em>‹‹</em></span> <span class='ocrx_word' id='word_1_69' title='bbox 942 1158 1088 1215; x_wconf 86' lang='lat' dir='ltr'>Nam</span> <span class='ocrx_word' id='word_1_70' title='bbox 1136 1158 1288 1213; x_wconf 84' lang='lat' dir='ltr'>Deus</span> <span class='ocrx_word' id='word_1_71' title='bbox 1347 1157 1518 1212; x_wconf 83' lang='lat' dir='ltr'>dixit:</span> <span class='ocrx_word' id='word_1_72' title='bbox 1585 1158 1810 1212; x_wconf 82' lang='lat' dir='ltr'>Honora</span> <span class='ocrx_word' id='word_1_73' title='bbox 1843 1173 1936 1228; x_wconf 86' lang='lat' dir='ltr'>pa-</span> 
     </span>
    </p>
   </div>
   <div class='ocr_carea' id='block_1_13' title="bbox 275 1245 1934 1318">
    <p class='ocr_par' dir='ltr' id='par_1_13' title="bbox 275 1245 1934 1318">
     <span class='ocr_line' id='line_1_13' title="bbox 275 1245 1934 1318; baseline -0.005 -11"><span class='ocrx_word' id='word_1_74' title='bbox 275 1258 430 1307; x_wconf 90' lang='lat' dir='ltr'>trem</span> <span class='ocrx_word' id='word_1_75' title='bbox 461 1254 517 1305; x_wconf 88' lang='lat' dir='ltr'>et</span> <span class='ocrx_word' id='word_1_76' title='bbox 552 1254 821 1315; x_wconf 84' lang='lat' dir='ltr'>matrem,</span> <span class='ocrx_word' id='word_1_77' title='bbox 857 1254 913 1302; x_wconf 91' lang='lat' dir='ltr'>et</span> <span class='ocrx_word' id='word_1_78' title='bbox 951 1248 1047 1318; x_wconf 87' lang='lat' dir='ltr'>qui</span> <span class='ocrx_word' id='word_1_79' title='bbox 1097 1247 1403 1301; x_wconf 79' lang='lat' dir='ltr'>maledixit</span> <span class='ocrx_word' id='word_1_80' title='bbox 1430 1247 1579 1317; x_wconf 87' lang='lat' dir='ltr'>patri</span> <span class='ocrx_word' id='word_1_81' title='bbox 1623 1245 1708 1300; x_wconf 88' lang='lat' dir='ltr'>vel</span> <span class='ocrx_word' id='word_1_82' title='bbox 1741 1245 1934 1308; x_wconf 83' lang='lat' dir='ltr'>matri,</span> 
     </span>
    </p>
   </div>
   <div class='ocr_carea' id='block_1_14' title="bbox 276 1335 1936 1405">
    <p class='ocr_par' dir='ltr' id='par_1_14' title="bbox 276 1335 1936 1405">
     <span class='ocr_line' id='line_1_14' title="bbox 276 1335 1936 1405; baseline -0.005 -9"><span class='ocrx_word' id='word_1_83' title='bbox 276 1346 470 1396; x_wconf 86' lang='lat' dir='ltr'>morte</span> <span class='ocrx_word' id='word_1_84' title='bbox 513 1339 820 1394; x_wconf 81' lang='lat' dir='ltr'>moriatur.</span> <span class='ocrx_word' id='word_1_85' title='bbox 867 1335 985 1391; x_wconf 92' lang='lat' dir='ltr'>Vos</span> <span class='ocrx_word' id='word_1_86' title='bbox 1041 1340 1234 1391; x_wconf 87' lang='lat' dir='ltr'>autem</span> <span class='ocrx_word' id='word_1_87' title='bbox 1298 1335 1528 1390; x_wconf 87' lang='lat' dir='ltr'>dicitis:</span> <span class='ocrx_word' id='word_1_88' title='bbox 1595 1335 1936 1405; x_wconf 87' lang='lat' dir='ltr'>Quicunque</span> 
     </span>
    </p>
   </div>
   <div class='ocr_carea' id='block_1_15' title="bbox 269 1423 1938 1499">
    <p class='ocr_par' dir='ltr' id='par_1_15' title="bbox 269 1423 1938 1499">
     <span class='ocr_line' id='line_1_15' title="bbox 269 1423 1938 1499; baseline -0.005 -14"><span class='ocrx_word' id='word_1_89' title='bbox 269 1428 486 1484; x_wconf 75' lang='lat' dir='ltr'>dixerit</span> <span class='ocrx_word' id='word_1_90' title='bbox 517 1427 666 1499; x_wconf 87' lang='lat' dir='ltr'>patri</span> <span class='ocrx_word' id='word_1_91' title='bbox 708 1426 794 1480; x_wconf 91' lang='lat' dir='ltr'>vel</span> <span class='ocrx_word' id='word_1_92' title='bbox 853 1425 1072 1480; x_wconf 84' lang='lat' dir='ltr'>matri:</span> <span class='ocrx_word' id='word_1_93' title='bbox 1135 1441 1355 1479; x_wconf 91' lang='lat' dir='ltr'>munus</span> <span class='ocrx_word' id='word_1_94' title='bbox 1409 1423 1796 1495; x_wconf 85' lang='lat' dir='ltr'>quodcunque</span> <span class='ocrx_word' id='word_1_95' title='bbox 1850 1426 1938 1477; x_wconf 89' lang='lat' dir='ltr'>est</span> 
     </span>
    </p>
   </div>
   <div class='ocr_carea' id='block_1_16' title="bbox 273 1511 1934 1586">
    <p class='ocr_par' dir='ltr' id='par_1_16' title="bbox 273 1511 1934 1586">
     <span class='ocr_line' id='line_1_16' title="bbox 273 1511 1934 1586; baseline -0.005 -12"><span class='ocrx_word' id='word_1_96' title='bbox 273 1534 342 1573; x_wconf 89' lang='lat' dir='ltr'>ex</span> <span class='ocrx_word' id='word_1_97' title='bbox 377 1534 491 1583; x_wconf 90' lang='lat' dir='ltr'>me,</span> <span class='ocrx_word' id='word_1_98' title='bbox 527 1516 631 1570; x_wconf 90' lang='lat' dir='ltr'>tibi</span> <span class='ocrx_word' id='word_1_99' title='bbox 683 1514 959 1586; x_wconf 87' lang='lat' dir='ltr'>proderit,</span> <span class='ocrx_word' id='word_1_100' title='bbox 1007 1519 1064 1568; x_wconf 90' lang='lat' dir='ltr'>et</span> <span class='ocrx_word' id='word_1_101' title='bbox 1122 1530 1234 1568; x_wconf 93' lang='lat' dir='ltr'>non</span> <span class='ocrx_word' id='word_1_102' title='bbox 1271 1511 1678 1567; x_wconf 86' lang='lat' dir='ltr'>honoriﬁcabit</span> <span class='ocrx_word' id='word_1_103' title='bbox 1711 1516 1934 1583; x_wconf 79' lang='lat' dir='ltr'>patrem</span> 
     </span>
    </p>
   </div>
   <div class='ocr_carea' id='block_1_17' title="bbox 259 1600 1936 1668">
    <p class='ocr_par' dir='ltr' id='par_1_17' title="bbox 259 1600 1936 1668">
     <span class='ocr_line' id='line_1_17' title="bbox 259 1600 1936 1668; baseline -0.005 -6"><span class='ocrx_word' id='word_1_104' title='bbox 259 1622 456 1663; x_wconf 76' lang='lat' dir='ltr'>suum</span> <span class='ocrx_word' id='word_1_105' title='bbox 488 1610 594 1660; x_wconf 89' lang='lat' dir='ltr'>aut</span> <span class='ocrx_word' id='word_1_106' title='bbox 625 1609 872 1659; x_wconf 85' lang='lat' dir='ltr'>matrem</span> <span class='ocrx_word' id='word_1_107' title='bbox 907 1620 1100 1668; x_wconf 86' lang='lat' dir='ltr'>suam,</span> <span class='ocrx_word' id='word_1_108' title='bbox 1159 1609 1216 1656; x_wconf 91' lang='lat' dir='ltr'>et</span> <span class='ocrx_word' id='word_1_109' title='bbox 1253 1600 1484 1656; x_wconf 91' lang='lat' dir='ltr'>irritum</span> <span class='ocrx_word' id='word_1_110' title='bbox 1520 1601 1736 1656; x_wconf 76' lang='lat' dir='ltr'>fecistis</span> <span class='ocrx_word' id='word_1_111' title='bbox 1770 1617 1936 1655; x_wconf 89' lang='lat' dir='ltr'>man-</span> 
     </span>
    </p>
   </div>
   <div class='ocr_carea' id='block_1_18' title="bbox 273 1689 1934 1764">
    <p class='ocr_par' dir='ltr' id='par_1_18' title="bbox 273 1689 1934 1764">
     <span class='ocr_line' id='line_1_18' title="bbox 273 1689 1934 1764; baseline -0.005 -14"><span class='ocrx_word' id='word_1_112' title='bbox 273 1696 483 1750; x_wconf 88' lang='lat' dir='ltr'>datum</span> <span class='ocrx_word' id='word_1_113' title='bbox 520 1692 615 1748; x_wconf 92' lang='lat' dir='ltr'>Dei</span> <span class='ocrx_word' id='word_1_114' title='bbox 645 1695 882 1764; x_wconf 89' lang='lat' dir='ltr'>propter</span> <span class='ocrx_word' id='word_1_115' title='bbox 911 1690 1285 1745; x_wconf 85' lang='lat' dir='ltr'>traditionem</span> <span class='ocrx_word' id='word_1_116' title='bbox 1335 1693 1607 1744; x_wconf 89' lang='lat' dir='ltr'>vestram.</span> <span class='ocrx_word' id='word_1_117' title='bbox 1659 1689 1934 1760; x_wconf 86' lang='lat' dir='ltr'>Hypocri-</span> 
     </span>
    </p>
   </div>
   <div class='ocr_carea' id='block_1_19' title="bbox 269 1778 1933 1854">
    <p class='ocr_par' dir='ltr' id='par_1_19' title="bbox 269 1778 1933 1854">
     <span class='ocr_line' id='line_1_19' title="bbox 269 1778 1933 1854; baseline -0.004 -14"><span class='ocrx_word' id='word_1_118' title='bbox 269 1791 367 1849; x_wconf 67' lang='lat' dir='ltr'>tae,</span> <span class='ocrx_word' id='word_1_119' title='bbox 403 1784 552 1838; x_wconf 89' lang='lat' dir='ltr'>bene</span> <span class='ocrx_word' id='word_1_120' title='bbox 579 1780 948 1854; x_wconf 88' lang='lat' dir='ltr'>prophetavit</span> <span class='ocrx_word' id='word_1_121' title='bbox 977 1780 1048 1834; x_wconf 90' lang='lat' dir='ltr'>de</span> <span class='ocrx_word' id='word_1_122' title='bbox 1095 1779 1255 1833; x_wconf 84' lang='lat' dir='ltr'>vobis</span> <span class='ocrx_word' id='word_1_123' title='bbox 1286 1779 1488 1843; x_wconf 88' lang='lat' dir='ltr'>Isaias,</span> <span class='ocrx_word' id='word_1_124' title='bbox 1531 1778 1766 1832; x_wconf 87' lang='lat' dir='ltr'>dicens:</span> <span class='ocrx_word' id='word_1_125' title='bbox 1827 1778 1933 1833; x_wconf 93' lang='lat' dir='ltr'>Po-</span> 
     </span>
    </p>
   </div>
   <div class='ocr_carea' id='block_1_20' title="bbox 270 1868 1932 1945">
    <p class='ocr_par' dir='ltr' id='par_1_20' title="bbox 270 1868 1932 1945">
     <span class='ocr_line' id='line_1_20' title="bbox 270 1868 1932 1945; baseline -0.004 -17"><span class='ocrx_word' id='word_1_126' title='bbox 270 1872 455 1945; x_wconf 89' lang='lat' dir='ltr'>pulus</span> <span class='ocrx_word' id='word_1_127' title='bbox 488 1870 581 1926; x_wconf 91' lang='lat' dir='ltr'>hic</span> <span class='ocrx_word' id='word_1_128' title='bbox 638 1869 811 1925; x_wconf 89' lang='lat' dir='ltr'>labiis</span> <span class='ocrx_word' id='word_1_129' title='bbox 869 1885 960 1923; x_wconf 91' lang='lat' dir='ltr'>me</span> <span class='ocrx_word' id='word_1_130' title='bbox 1000 1868 1288 1935; x_wconf 84' lang='lat' dir='ltr'>honorat;</span> <span class='ocrx_word' id='word_1_131' title='bbox 1343 1884 1442 1922; x_wconf 92' lang='lat' dir='ltr'>cor</span> <span class='ocrx_word' id='word_1_132' title='bbox 1499 1872 1692 1922; x_wconf 90' lang='lat' dir='ltr'>autem</span> <span class='ocrx_word' id='word_1_133' title='bbox 1729 1883 1932 1922; x_wconf 88' lang='lat' dir='ltr'>eorum</span> 
     </span>
    </p>
   </div>
   <div class='ocr_carea' id='block_1_21' title="bbox 266 1954 1932 2032">
    <p class='ocr_par' dir='ltr' id='par_1_21' title="bbox 266 1954 1932 2032">
     <span class='ocr_line' id='line_1_21' title="bbox 266 1954 1932 2032; baseline -0.004 -17"><span class='ocrx_word' id='word_1_134' title='bbox 266 1961 446 2032; x_wconf 89' lang='lat' dir='ltr'>longe</span> <span class='ocrx_word' id='word_1_135' title='bbox 493 1963 582 2014; x_wconf 89' lang='lat' dir='ltr'>est</span> <span class='ocrx_word' id='word_1_136' title='bbox 639 1973 817 2012; x_wconf 90' lang='lat' dir='ltr'>ame.</span> <span class='ocrx_word' id='word_1_137' title='bbox 879 1956 1015 2011; x_wconf 89' lang='lat' dir='ltr'>Sine</span> <span class='ocrx_word' id='word_1_138' title='bbox 1072 1971 1251 2011; x_wconf 89' lang='lat' dir='ltr'>causa</span> <span class='ocrx_word' id='word_1_139' title='bbox 1303 1960 1497 2011; x_wconf 90' lang='lat' dir='ltr'>autem</span> <span class='ocrx_word' id='word_1_140' title='bbox 1558 1954 1760 2010; x_wconf 89' lang='lat' dir='ltr'>colunt</span> <span class='ocrx_word' id='word_1_141' title='bbox 1818 1971 1932 2026; x_wconf 86' lang='lat' dir='ltr'>me,</span> 
     </span>
    </p>
   </div>
   <div class='ocr_carea' id='block_1_22' title="bbox 264 2044 1935 2104">
    <p class='ocr_par' dir='ltr' id='par_1_22' title="bbox 264 2044 1935 2104">
     <span class='ocr_line' id='line_1_22' title="bbox 264 2044 1935 2104; baseline -0.004 0"><span class='ocrx_word' id='word_1_142' title='bbox 264 2050 533 2104; x_wconf 88' lang='lat' dir='ltr'>dicentes</span> <span class='ocrx_word' id='word_1_143' title='bbox 565 2047 862 2102; x_wconf 89' lang='lat' dir='ltr'>doctrinas</span> <span class='ocrx_word' id='word_1_144' title='bbox 908 2050 965 2099; x_wconf 92' lang='lat' dir='ltr'>et</span> <span class='ocrx_word' id='word_1_145' title='bbox 1005 2045 1283 2100; x_wconf 89' lang='lat' dir='ltr'>mandata</span> <span class='ocrx_word' id='word_1_146' title='bbox 1313 2045 1640 2099; x_wconf 90' lang='lat' dir='ltr'>hominum.</span> <span class='ocrx_word' id='word_1_147' title='bbox 1702 2044 1772 2098; x_wconf 88' lang='lat' dir='ltr'>Et</span> <span class='ocrx_word' id='word_1_148' title='bbox 1802 2060 1935 2098; x_wconf 89' lang='lat' dir='ltr'>con-</span> 
     </span>
    </p>
   </div>
   <div class='ocr_carea' id='block_1_23' title="bbox 269 2121 1936 2198">
    <p class='ocr_par' dir='ltr' id='par_1_23' title="bbox 269 2121 1936 2198">
     <span class='ocr_line' id='line_1_23' title="bbox 269 2121 1936 2198; baseline -0.004 -6"><span class='ocrx_word' id='word_1_149' title='bbox 269 2137 498 2193; x_wconf 85' lang='lat' dir='ltr'>vocatis</span> <span class='ocrx_word' id='word_1_150' title='bbox 528 2137 596 2192; x_wconf 85' lang='lat' dir='ltr'>ad</span> <span class='ocrx_word' id='word_1_151' title='bbox 632 2151 694 2191; x_wconf 90' lang='lat' dir='ltr'>se</span> <span class='ocrx_word' id='word_1_152' title='bbox 748 2134 959 2198; x_wconf 82' lang='lat' dir='ltr'>turbis,</span> <span class='ocrx_word' id='word_1_153' title='bbox 1011 2134 1157 2189; x_wconf 88' lang='lat' dir='ltr'>dixit</span> <span class='ocrx_word' id='word_1_154' title='bbox 1185 2133 1304 2189; x_wconf 91' lang='lat' dir='ltr'>eis:</span> <span class='ocrx_word' id='word_1_155' title='bbox 1337 2121 1340 2124; x_wconf 47' lang='grc'><strong>’</strong></span> <span class='ocrx_word' id='word_1_156' title='bbox 1369 2134 1578 2187; x_wconf 90' lang='lat' dir='ltr'>Audite</span> <span class='ocrx_word' id='word_1_157' title='bbox 1609 2137 1663 2188; x_wconf 89' lang='lat' dir='ltr'>et</span> <span class='ocrx_word' id='word_1_158' title='bbox 1721 2132 1936 2187; x_wconf 91' lang='lat' dir='ltr'>intelli-</span> 
     </span>
    </p>
   </div>
   <div class='ocr_carea' id='block_1_24' title="bbox 267 2221 1938 2299">
    <p class='ocr_par' dir='ltr' id='par_1_24' title="bbox 267 2221 1938 2299">
     <span class='ocr_line' id='line_1_24' title="bbox 267 2221 1938 2299; baseline -0.002 -18"><span class='ocrx_word' id='word_1_159' title='bbox 267 2227 412 2299; x_wconf 85' lang='lat' dir='ltr'>gite.</span> <span class='ocrx_word' id='word_1_160' title='bbox 449 2248 478 2274; x_wconf 72' lang='grc' dir='ltr'>υ</span> <span class='ocrx_word' id='word_1_161' title='bbox 513 2225 707 2280; x_wconf 88' lang='lat' dir='ltr'>Honor</span> <span class='ocrx_word' id='word_1_162' title='bbox 734 2224 795 2277; x_wconf 92' lang='lat' dir='ltr'>in</span> <span class='ocrx_word' id='word_1_163' title='bbox 827 2223 1145 2294; x_wconf 90' lang='lat' dir='ltr'>Scripturis</span> <span class='ocrx_word' id='word_1_164' title='bbox 1203 2240 1317 2277; x_wconf 78' lang='lat' dir='ltr'>non</span> <span class='ocrx_word' id='word_1_165' title='bbox 1352 2227 1578 2277; x_wconf 87' lang='lat' dir='ltr'>tantum</span> <span class='ocrx_word' id='word_1_166' title='bbox 1633 2223 1690 2275; x_wconf 92' lang='lat' dir='ltr'>in</span> <span class='ocrx_word' id='word_1_167' title='bbox 1722 2221 1938 2278; x_wconf 86' lang='lat' dir='ltr'>saluta-</span> 
     </span>
    </p>
   </div>
   <div class='ocr_carea' id='block_1_25' title="bbox 277 2310 1934 2382">
    <p class='ocr_par' dir='ltr' id='par_1_25' title="bbox 277 2310 1934 2382">
     <span class='ocr_line' id='line_1_25' title="bbox 277 2310 1934 2382; baseline -0.002 -12"><span class='ocrx_word' id='word_1_168' title='bbox 277 2315 551 2371; x_wconf 85' lang='lat' dir='ltr'>tionibus</span> <span class='ocrx_word' id='word_1_169' title='bbox 581 2319 636 2368; x_wconf 89' lang='lat' dir='ltr'>et</span> <span class='ocrx_word' id='word_1_170' title='bbox 683 2312 891 2368; x_wconf 88' lang='lat' dir='ltr'>ofﬁciis</span> <span class='ocrx_word' id='word_1_171' title='bbox 947 2311 1297 2376; x_wconf 88' lang='lat' dir='ltr'>deferendis,</span> <span class='ocrx_word' id='word_1_172' title='bbox 1334 2316 1622 2382; x_wconf 88' lang='lat' dir='ltr'>quantum</span> <span class='ocrx_word' id='word_1_173' title='bbox 1675 2313 1818 2365; x_wconf 92' lang='lat' dir='ltr'>III</span> <span class='ocrx_word' id='word_1_174' title='bbox 1875 2310 1934 2366; x_wconf 92' lang='lat' dir='ltr'>in</span> 
     </span>
    </p>
   </div>
   <div class='ocr_carea' id='block_1_26' title="bbox 267 2399 1936 2475">
    <p class='ocr_par' dir='ltr' id='par_1_26' title="bbox 267 2399 1936 2475">
     <span class='ocr_line' id='line_1_26' title="bbox 267 2399 1936 2475; baseline -0.005 -14"><span class='ocrx_word' id='word_1_175' title='bbox 267 2402 667 2475; x_wconf 74' lang='lat' dir='ltr'>eleemosynis</span> <span class='ocrx_word' id='word_1_176' title='bbox 717 2418 784 2456; x_wconf 89' lang='lat' dir='ltr'>ac</span> <span class='ocrx_word' id='word_1_177' title='bbox 860 2417 1171 2456; x_wconf 86' lang='lat' dir='ltr'>munerum</span> <span class='ocrx_word' id='word_1_178' title='bbox 1247 2399 1542 2455; x_wconf 89' lang='lat' dir='ltr'>oblatione</span> <span class='ocrx_word' id='word_1_179' title='bbox 1605 2402 1619 2433; x_wconf 80' lang='grc' dir='ltr'>ί</span> <span class='ocrx_word' id='word_1_180' title='bbox 1683 2400 1936 2455; x_wconf 86' lang='lat' dir='ltr'>sentitur</span> 
     </span>
    </p>
   </div>
   <div class='ocr_carea' id='block_1_27' title="bbox 269 2491 1930 2564">
    <p class='ocr_par' dir='ltr' id='par_1_27' title="bbox 269 2491 1930 2564">
     <span class='ocr_line' id='line_1_27' title="bbox 269 2491 1930 2564; baseline -0.002 -16"><span class='ocrx_word' id='word_1_181' title='bbox 269 2492 481 2564; x_wconf 70' lang='lat' dir='ltr'>(Exod.</span> <span class='ocrx_word' id='word_1_182' title='bbox 515 2509 604 2556; x_wconf 85' lang='lat' dir='ltr'>xx,</span> <span class='ocrx_word' id='word_1_183' title='bbox 635 2492 738 2557; x_wconf 74' lang='lat'>1‘3;</span> <span class='ocrx_word' id='word_1_184' title='bbox 774 2507 888 2559; x_wconf 69' lang='lat' dir='ltr'>xxx,</span> <span class='ocrx_word' id='word_1_185' title='bbox 945 2492 1032 2556; x_wconf 85' lang='grc'>15,</span> <span class='ocrx_word' id='word_1_186' title='bbox 1064 2491 1118 2559; x_wconf 86' lang='lat'>7,</span> <span class='ocrx_word' id='word_1_187' title='bbox 1163 2499 1216 2545; x_wconf 87' lang='lat' dir='ltr'>et</span> <span class='ocrx_word' id='word_1_188' title='bbox 1260 2492 1385 2545; x_wconf 85' lang='lat' dir='ltr'>Lev.</span> <span class='ocrx_word' id='word_1_189' title='bbox 1419 2507 1511 2554; x_wconf 85' lang='lat' dir='ltr'>xx,</span> <span class='ocrx_word' id='word_1_190' title='bbox 1559 2491 1636 2556; x_wconf 83' lang='lat'>9).</span> <span class='ocrx_word' id='word_1_191' title='bbox 1687 2491 1930 2557; x_wconf 83' lang='lat' dir='ltr'>Honora,</span> 
     </span>
    </p>
   </div>
   <div class='ocr_carea' id='block_1_28' title="bbox 267 2579 1930 2652">
    <p class='ocr_par' dir='ltr' id='par_1_28' title="bbox 267 2579 1930 2652">
     <span class='ocr_line' id='line_1_28' title="bbox 267 2579 1930 2652; baseline -0.002 -16"><span class='ocrx_word' id='word_1_192' title='bbox 267 2582 476 2652; x_wconf 87' lang='lat' dir='ltr'>inquit</span> <span class='ocrx_word' id='word_1_193' title='bbox 503 2580 816 2651; x_wconf 87' lang='lat' dir='ltr'>Apostolus</span> <span class='ocrx_word' id='word_1_194' title='bbox 840 2579 1034 2634; x_wconf 83' lang='lat' dir='ltr'>viduas</span> <span class='ocrx_word' id='word_1_195' title='bbox 1063 2595 1182 2649; x_wconf 72' lang='lat' dir='ltr'>quae</span> <span class='ocrx_word' id='word_1_196' title='bbox 1211 2594 1336 2634; x_wconf 83' lang='lat' dir='ltr'>vere</span> <span class='ocrx_word' id='word_1_197' title='bbox 1369 2581 1554 2634; x_wconf 65' lang='lat' dir='ltr'>vidua?</span> <span class='ocrx_word' id='word_1_198' title='bbox 1581 2582 1709 2633; x_wconf 79' lang='lat' dir='ltr'>sunt</span> <span class='ocrx_word' id='word_1_199' title='bbox 1739 2580 1787 2647; x_wconf 87' lang='grc'>(1</span> <span class='ocrx_word' id='word_1_200' title='bbox 1816 2580 1930 2633; x_wconf 86' lang='lat' dir='ltr'>Tim</span> 
     </span>
    </p>
   </div>
   <div class='ocr_carea' id='block_1_29' title="bbox 265 2666 1932 2740">
    <p class='ocr_par' dir='ltr' id='par_1_29' title="bbox 265 2666 1932 2740">
     <span class='ocr_line' id='line_1_29' title="bbox 265 2666 1932 2740; baseline -0.001 -17"><span class='ocrx_word' id='word_1_201' title='bbox 265 2670 450 2740; x_wconf 80' lang='lat' dir='ltr'>v,3);</span> <span class='ocrx_word' id='word_1_202' title='bbox 505 2668 600 2723; x_wconf 91' lang='lat' dir='ltr'>hic</span> <span class='ocrx_word' id='word_1_203' title='bbox 647 2668 836 2723; x_wconf 91' lang='lat' dir='ltr'>honor</span> <span class='ocrx_word' id='word_1_204' title='bbox 891 2669 1108 2723; x_wconf 91' lang='lat' dir='ltr'>donum</span> <span class='ocrx_word' id='word_1_205' title='bbox 1167 2667 1530 2738; x_wconf 83' lang='lat' dir='ltr'>intelligitur.</span> <span class='ocrx_word' id='word_1_206' title='bbox 1590 2667 1660 2721; x_wconf 87' lang='lat' dir='ltr'>Et</span> <span class='ocrx_word' id='word_1_207' title='bbox 1718 2666 1774 2720; x_wconf 91' lang='lat' dir='ltr'>in</span> <span class='ocrx_word' id='word_1_208' title='bbox 1821 2666 1932 2722; x_wconf 89' lang='lat' dir='ltr'>alio</span> 
     </span>
    </p>
   </div>
   <div class='ocr_carea' id='block_1_30' title="bbox 267 2756 1934 2828">
    <p class='ocr_par' dir='ltr' id='par_1_30' title="bbox 267 2756 1934 2828">
     <span class='ocr_line' id='line_1_30' title="bbox 267 2756 1934 2828; baseline -0.001 -17"><span class='ocrx_word' id='word_1_209' title='bbox 267 2758 438 2814; x_wconf 87' lang='lat' dir='ltr'>loco:</span> <span class='ocrx_word' id='word_1_210' title='bbox 502 2757 816 2828; x_wconf 76' lang='lat' dir='ltr'>Presbyteri</span> <span class='ocrx_word' id='word_1_211' title='bbox 837 2757 1056 2828; x_wconf 79' lang='lat' dir='ltr'>duplici</span> <span class='ocrx_word' id='word_1_212' title='bbox 1099 2757 1301 2811; x_wconf 83' lang='lat' dir='ltr'>honore</span> <span class='ocrx_word' id='word_1_213' title='bbox 1330 2756 1660 2820; x_wconf 83' lang='lat' dir='ltr'>honorandi,</span> <span class='ocrx_word' id='word_1_214' title='bbox 1691 2758 1934 2810; x_wconf 67' lang='lat' dir='ltr'>maxime</span> 
     </span>
    </p>
   </div>
   <div class='ocr_carea' id='block_1_31' title="bbox 267 2844 1927 2918">
    <p class='ocr_par' dir='ltr' id='par_1_31' title="bbox 267 2844 1927 2918">
     <span class='ocr_line' id='line_1_31' title="bbox 267 2844 1927 2918; baseline -0.002 -16"><span class='ocrx_word' id='word_1_215' title='bbox 267 2850 374 2918; x_wconf 75' lang='lat' dir='ltr'>qui</span> <span class='ocrx_word' id='word_1_216' title='bbox 427 2847 681 2901; x_wconf 85' lang='lat' dir='ltr'>labora-nt</span> <span class='ocrx_word' id='word_1_217' title='bbox 741 2848 801 2899; x_wconf 88' lang='lat' dir='ltr'>in</span> <span class='ocrx_word' id='word_1_218' title='bbox 858 2845 1015 2900; x_wconf 84' lang='lat' dir='ltr'>verbo</span> <span class='ocrx_word' id='word_1_219' title='bbox 1072 2853 1121 2899; x_wconf 77' lang='lat' dir='ltr'>et</span> <span class='ocrx_word' id='word_1_220' title='bbox 1165 2845 1413 2899; x_wconf 82' lang='lat' dir='ltr'>doctrina</span> <span class='ocrx_word' id='word_1_221' title='bbox 1469 2845 1566 2900; x_wconf 87' lang='lat' dir='ltr'>Dei</span> <span class='ocrx_word' id='word_1_222' title='bbox 1622 2844 1783 2914; x_wconf 86' lang='lat' dir='ltr'>(Ibid.</span> <span class='ocrx_word' id='word_1_223' title='bbox 1817 2845 1927 2916; x_wconf 80' lang='grc'>47).</span> 
     </span>
    </p>
   </div>
   <div class='ocr_carea' id='block_1_32' title="bbox 270 2933 1931 3007">
    <p class='ocr_par' dir='ltr' id='par_1_32' title="bbox 270 2933 1931 3007">
     <span class='ocr_line' id='line_1_32' title="bbox 270 2933 1931 3007; baseline -0.002 -16"><span class='ocrx_word' id='word_1_224' title='bbox 270 2938 335 2992; x_wconf 84' lang='lat' dir='ltr'>Et</span> <span class='ocrx_word' id='word_1_225' title='bbox 376 2951 482 3007; x_wconf 83' lang='lat' dir='ltr'>per</span> <span class='ocrx_word' id='word_1_226' title='bbox 510 2937 618 2989; x_wconf 86' lang='lat' dir='ltr'>hoc</span> <span class='ocrx_word' id='word_1_227' title='bbox 673 2935 1016 2988; x_wconf 88' lang='lat' dir='ltr'>mandatum</span> <span class='ocrx_word' id='word_1_228' title='bbox 1043 2934 1328 3003; x_wconf 83' lang='lat' dir='ltr'>jubentur</span> <span class='ocrx_word' id='word_1_229' title='bbox 1379 2938 1443 2987; x_wconf 88' lang='lat' dir='ltr'>ut</span> <span class='ocrx_word' id='word_1_230' title='bbox 1473 2933 1602 2987; x_wconf 93' lang='lat' dir='ltr'>bovi</span> <span class='ocrx_word' id='word_1_231' title='bbox 1633 2933 1931 2988; x_wconf 89' lang='lat' dir='ltr'>trituranti</span> 
     </span>
    </p>
   </div>
   <div class='ocr_carea' id='block_1_33' title="bbox 268 3022 1933 3094">
    <p class='ocr_par' dir='ltr' id='par_1_33' title="bbox 268 3022 1933 3094">
     <span class='ocr_line' id='line_1_33' title="bbox 268 3022 1933 3094; baseline -0.002 -14"><span class='ocrx_word' id='word_1_232' title='bbox 268 3041 330 3080; x_wconf 91' lang='lat' dir='ltr'>os</span> <span class='ocrx_word' id='word_1_233' title='bbox 370 3040 488 3079; x_wconf 91' lang='lat' dir='ltr'>non</span> <span class='ocrx_word' id='word_1_234' title='bbox 521 3023 868 3078; x_wconf 88' lang='lat' dir='ltr'>claudamus</span> <span class='ocrx_word' id='word_1_235' title='bbox 923 3023 1102 3094; x_wconf 87' lang='lat' dir='ltr'>(Deut.</span> <span class='ocrx_word' id='word_1_236' title='bbox 1135 3039 1264 3085; x_wconf 75' lang='lat' dir='ltr'>xxv,</span> <span class='ocrx_word' id='word_1_237' title='bbox 1299 3023 1368 3089; x_wconf 73' lang='lat'>4;</span> <span class='ocrx_word' id='word_1_238' title='bbox 1426 3022 1581 3077; x_wconf 77' lang='grc' dir='ltr'>Ιϐον</span> <span class='ocrx_word' id='word_1_239' title='bbox 1611 3040 1685 3086; x_wconf 83' lang='lat' dir='ltr'>Ix,</span> <span class='ocrx_word' id='word_1_240' title='bbox 1737 3025 1815 3093; x_wconf 77' lang='lat'>9).</span> <span class='ocrx_word' id='word_1_241' title='bbox 1866 3025 1933 3076; x_wconf 83' lang='lat' dir='ltr'>Et</span> 
     </span>
    </p>
   </div>
   <div class='ocr_carea' id='block_1_34' title="bbox 267 3111 1926 3185">
    <p class='ocr_par' dir='ltr' id='par_1_34' title="bbox 267 3111 1926 3185">
     <span class='ocr_line' id='line_1_34' title="bbox 267 3111 1926 3185; baseline -0.002 -17"><span class='ocrx_word' id='word_1_242' title='bbox 267 3115 492 3185; x_wconf 80' lang='lat' dir='ltr'>dignus</span> <span class='ocrx_word' id='word_1_243' title='bbox 531 3113 606 3168; x_wconf 90' lang='lat' dir='ltr'>sit</span> <span class='ocrx_word' id='word_1_244' title='bbox 635 3111 938 3182; x_wconf 89' lang='lat' dir='ltr'>operarius</span> <span class='ocrx_word' id='word_1_245' title='bbox 962 3112 1225 3166; x_wconf 87' lang='lat' dir='ltr'>mercede</span> <span class='ocrx_word' id='word_1_246' title='bbox 1257 3127 1365 3166; x_wconf 91' lang='lat' dir='ltr'>sua</span> <span class='ocrx_word' id='word_1_247' title='bbox 1397 3113 1546 3181; x_wconf 87' lang='lat' dir='ltr'>(Luc.</span> <span class='ocrx_word' id='word_1_248' title='bbox 1581 3129 1639 3176; x_wconf 78' lang='grc' dir='ltr'>χ,</span> <span class='ocrx_word' id='word_1_249' title='bbox 1670 3112 1746 3181; x_wconf 87' lang='lat'>7).</span> <span class='ocrx_word' id='word_1_250' title='bbox 1781 3111 1926 3165; x_wconf 65' lang='lat' dir='ltr'>Pra-</span> 
     </span>
    </p>
   </div>
   <div class='ocr_carea' id='block_1_35' title="bbox 1967 1826 2013 1890">
    <p class='ocr_par' dir='ltr' id='par_1_35' title="bbox 1967 1826 2013 1890">
     <span class='ocr_line' id='line_1_35' title="bbox 1967 1826 2013 1890; baseline 0 0"><span class='ocrx_word' id='word_1_251' title='bbox 1967 1826 2013 1890; x_wconf 88' lang='lat' dir='ltr'>D</span> 
     </span>
    </p>
   </div>
   <div class='ocr_carea' id='block_1_36' title="bbox 2047 535 3689 612">
    <p class='ocr_par' dir='ltr' id='par_1_36' title="bbox 2047 535 3689 612">
     <span class='ocr_line' id='line_1_36' title="bbox 2047 535 3689 612; baseline 0.007 -22"><span class='ocrx_word' id='word_1_252' title='bbox 2047 543 2182 591; x_wconf 82' lang='lat' dir='ltr'>runt</span> <span class='ocrx_word' id='word_1_253' title='bbox 2214 537 2501 608; x_wconf 80' lang='lat' dir='ltr'>pessimos</span> <span class='ocrx_word' id='word_1_254' title='bbox 2543 535 2714 603; x_wconf 87' lang='lat' dir='ltr'>ﬁlios,</span> <span class='ocrx_word' id='word_1_255' title='bbox 2748 541 2813 590; x_wconf 89' lang='lat' dir='ltr'>ut</span> <span class='ocrx_word' id='word_1_256' title='bbox 2844 535 2891 592; x_wconf 92' lang='lat' dir='ltr'>si</span> <span class='ocrx_word' id='word_1_257' title='bbox 2925 537 3058 608; x_wconf 89' lang='lat' dir='ltr'>quis</span> <span class='ocrx_word' id='word_1_258' title='bbox 3091 553 3157 593; x_wconf 88' lang='lat' dir='ltr'>ea</span> <span class='ocrx_word' id='word_1_259' title='bbox 3186 556 3311 610; x_wconf 65' lang='lat' dir='ltr'>qua:</span> <span class='ocrx_word' id='word_1_260' title='bbox 3345 545 3689 612; x_wconf 89' lang='lat' dir='ltr'>parentibus</span> 
     </span>
    </p>
   </div>
   <div class='ocr_carea' id='block_1_37' title="bbox 2045 625 3692 700">
    <p class='ocr_par' dir='ltr' id='par_1_37' title="bbox 2045 625 3692 700">
     <span class='ocr_line' id='line_1_37' title="bbox 2045 625 3692 700; baseline 0.006 -19"><span class='ocrx_word' id='word_1_261' title='bbox 2045 626 2333 681; x_wconf 79' lang='lat' dir='ltr'>olferenda</span> <span class='ocrx_word' id='word_1_262' title='bbox 2365 631 2523 689; x_wconf 90' lang='lat' dir='ltr'>sunt,</span> <span class='ocrx_word' id='word_1_263' title='bbox 2557 625 2673 680; x_wconf 91' lang='lat' dir='ltr'>Deo</span> <span class='ocrx_word' id='word_1_264' title='bbox 2714 641 2917 680; x_wconf 89' lang='lat' dir='ltr'>vovere</span> <span class='ocrx_word' id='word_1_265' title='bbox 2962 625 3205 682; x_wconf 89' lang='lat' dir='ltr'>voluerit</span> <span class='ocrx_word' id='word_1_266' title='bbox 3247 628 3370 700; x_wconf 89' lang='lat' dir='ltr'>(qui</span> <span class='ocrx_word' id='word_1_267' title='bbox 3399 648 3569 689; x_wconf 88' lang='lat' dir='ltr'>verus</span> <span class='ocrx_word' id='word_1_268' title='bbox 3601 627 3692 690; x_wconf 75' lang='lat' dir='ltr'>est</span> 
     </span>
    </p>
   </div>
   <div class='ocr_carea' id='block_1_38' title="bbox 2046 714 3688 788">
    <p class='ocr_par' dir='ltr' id='par_1_38' title="bbox 2046 714 3688 788">
     <span class='ocr_line' id='line_1_38' title="bbox 2046 714 3688 788; baseline 0.006 -20"><span class='ocrx_word' id='word_1_269' title='bbox 2046 716 2256 785; x_wconf 83' lang='lat' dir='ltr'>Pater),</span> <span class='ocrx_word' id='word_1_270' title='bbox 2313 714 2526 770; x_wconf 86' lang='lat' dir='ltr'>oblatio</span> <span class='ocrx_word' id='word_1_271' title='bbox 2557 714 2786 769; x_wconf 90' lang='lat' dir='ltr'>Domini</span> <span class='ocrx_word' id='word_1_272' title='bbox 2820 720 3191 787; x_wconf 70' lang='lat' dir='ltr'>praeponatur</span> <span class='ocrx_word' id='word_1_273' title='bbox 3221 723 3526 788; x_wconf 88' lang='lat' dir='ltr'>parentum</span> <span class='ocrx_word' id='word_1_274' title='bbox 3559 738 3688 778; x_wconf 86' lang='lat' dir='ltr'>mu-</span> 
     </span>
    </p>
   </div>
   <div class='ocr_carea' id='block_1_39' title="bbox 2047 803 3688 877">
    <p class='ocr_par' dir='ltr' id='par_1_39' title="bbox 2047 803 3688 877">
     <span class='ocr_line' id='line_1_39' title="bbox 2047 803 3688 877; baseline 0.004 -17"><span class='ocrx_word' id='word_1_275' title='bbox 2047 805 2315 860; x_wconf 87' lang='lat' dir='ltr'>neribus:</span> <span class='ocrx_word' id='word_1_276' title='bbox 2349 803 2433 858; x_wconf 88' lang='lat' dir='ltr'>vel</span> <span class='ocrx_word' id='word_1_277' title='bbox 2467 809 2619 859; x_wconf 83' lang='lat' dir='ltr'>certe</span> <span class='ocrx_word' id='word_1_278' title='bbox 2649 803 2758 876; x_wconf 92' lang='lat' dir='ltr'>ipsi</span> <span class='ocrx_word' id='word_1_279' title='bbox 2792 809 3085 876; x_wconf 90' lang='lat' dir='ltr'>parentes,</span> <span class='ocrx_word' id='word_1_280' title='bbox 3141 822 3266 877; x_wconf 64' lang='lat' dir='ltr'>quis</span> <span class='ocrx_word' id='word_1_281' title='bbox 3316 806 3432 862; x_wconf 90' lang='lat' dir='ltr'>Deo</span> <span class='ocrx_word' id='word_1_282' title='bbox 3490 825 3688 867; x_wconf 86' lang='lat' dir='ltr'>conse-</span> 
     </span>
    </p>
   </div>
   <div class='ocr_carea' id='block_1_40' title="bbox 2048 892 3690 968">
    <p class='ocr_par' dir='ltr' id='par_1_40' title="bbox 2048 892 3690 968">
     <span class='ocr_line' id='line_1_40' title="bbox 2048 892 3690 968; baseline 0.003 -20"><span class='ocrx_word' id='word_1_283' title='bbox 2048 897 2208 948; x_wconf 88' lang='lat' dir='ltr'>crata</span> <span class='ocrx_word' id='word_1_284' title='bbox 2236 895 2570 959; x_wconf 85' lang='lat' dir='ltr'>cernebant,</span> <span class='ocrx_word' id='word_1_285' title='bbox 2605 909 2677 947; x_wconf 91' lang='lat' dir='ltr'>ne</span> <span class='ocrx_word' id='word_1_286' title='bbox 2708 892 2995 964; x_wconf 85' lang='lat' dir='ltr'>sacrilegii</span> <span class='ocrx_word' id='word_1_287' title='bbox 3044 895 3265 949; x_wconf 91' lang='lat' dir='ltr'>crimen</span> <span class='ocrx_word' id='word_1_288' title='bbox 3306 895 3690 968; x_wconf 88' lang='lat' dir='ltr'>incurrerent,</span> 
     </span>
    </p>
   </div>
   <div class='ocr_carea' id='block_1_41' title="bbox 2047 981 3695 1056">
    <p class='ocr_par' dir='ltr' id='par_1_41' title="bbox 2047 981 3695 1056">
     <span class='ocr_line' id='line_1_41' title="bbox 2047 981 3695 1056; baseline 0.003 -20"><span class='ocrx_word' id='word_1_289' title='bbox 2047 981 2426 1048; x_wconf 89' lang='lat' dir='ltr'>declinantes,</span> <span class='ocrx_word' id='word_1_290' title='bbox 2459 987 2716 1053; x_wconf 86' lang='lat' dir='ltr'>egestate</span> <span class='ocrx_word' id='word_1_291' title='bbox 2743 981 3219 1038; x_wconf 88' lang='lat' dir='ltr'>conﬁciebantur.</span> <span class='ocrx_word' id='word_1_292' title='bbox 3255 985 3449 1056; x_wconf 84' lang='lat' dir='ltr'>Atque</span> <span class='ocrx_word' id='word_1_293' title='bbox 3479 986 3561 1040; x_wconf 89' lang='lat' dir='ltr'>ita</span> <span class='ocrx_word' id='word_1_294' title='bbox 3593 987 3695 1043; x_wconf 83' lang='lat' dir='ltr'>ﬁe-</span> 
     </span>
    </p>
   </div>
   <div class='ocr_carea' id='block_1_42' title="bbox 2049 1070 3695 1147">
    <p class='ocr_par' dir='ltr' id='par_1_42' title="bbox 2049 1070 3695 1147">
     <span class='ocr_line' id='line_1_42' title="bbox 2049 1070 3695 1147; baseline 0.003 -22"><span class='ocrx_word' id='word_1_295' title='bbox 2049 1072 2148 1127; x_wconf 87' lang='lat' dir='ltr'>bat</span> <span class='ocrx_word' id='word_1_296' title='bbox 2180 1076 2242 1127; x_wconf 92' lang='lat' dir='ltr'>ut</span> <span class='ocrx_word' id='word_1_297' title='bbox 2289 1072 2506 1127; x_wconf 87' lang='lat' dir='ltr'>oblatio</span> <span class='ocrx_word' id='word_1_298' title='bbox 2570 1070 2907 1139; x_wconf 91' lang='lat' dir='ltr'>liberorum,</span> <span class='ocrx_word' id='word_1_299' title='bbox 2961 1073 3072 1127; x_wconf 89' lang='lat' dir='ltr'>sub</span> <span class='ocrx_word' id='word_1_300' title='bbox 3131 1072 3434 1129; x_wconf 85' lang='lat' dir='ltr'>occasione</span> <span class='ocrx_word' id='word_1_301' title='bbox 3491 1074 3695 1147; x_wconf 88' lang='lat' dir='ltr'>templi</span> 
     </span>
    </p>
   </div>
   <div class='ocr_carea' id='block_1_43' title="bbox 2050 1158 3701 1234">
    <p class='ocr_par' dir='ltr' id='par_1_43' title="bbox 2050 1158 3701 1234">
     <span class='ocr_line' id='line_1_43' title="bbox 2050 1158 3701 1234; baseline 0.003 -20"><span class='ocrx_word' id='word_1_302' title='bbox 2050 1160 2173 1228; x_wconf 92' lang='lat' dir='ltr'>Dei,</span> <span class='ocrx_word' id='word_1_303' title='bbox 2211 1161 2268 1214; x_wconf 91' lang='lat' dir='ltr'>in</span> <span class='ocrx_word' id='word_1_304' title='bbox 2303 1158 2849 1215; x_wconf 86' lang='lat' dir='ltr'>sacerdotumlucra</span> <span class='ocrx_word' id='word_1_305' title='bbox 2869 1161 3264 1217; x_wconf 77' lang='lat' dir='ltr'>caderet.Ha=:c</span> <span class='ocrx_word' id='word_1_306' title='bbox 3278 1162 3536 1234; x_wconf 89' lang='lat' dir='ltr'>pessima</span> <span class='ocrx_word' id='word_1_307' title='bbox 3557 1162 3701 1220; x_wconf 87' lang='lat' dir='ltr'>Pha-</span> 
     </span>
    </p>
   </div>
   <div class='ocr_carea' id='block_1_44' title="bbox 2049 1248 3703 1318">
    <p class='ocr_par' dir='ltr' id='par_1_44' title="bbox 2049 1248 3703 1318">
     <span class='ocr_line' id='line_1_44' title="bbox 2049 1248 3703 1318; baseline 0.002 -16"><span class='ocrx_word' id='word_1_308' title='bbox 2049 1248 2349 1304; x_wconf 70' lang='lat' dir='ltr'>risaeorum</span> <span class='ocrx_word' id='word_1_309' title='bbox 2402 1249 2656 1318; x_wconf 85' lang='lat' dir='ltr'>traditio,</span> <span class='ocrx_word' id='word_1_310' title='bbox 2703 1249 2774 1303; x_wconf 90' lang='lat' dir='ltr'>de</span> <span class='ocrx_word' id='word_1_311' title='bbox 2837 1248 2993 1303; x_wconf 77' lang='lat' dir='ltr'>alia3</span> <span class='ocrx_word' id='word_1_312' title='bbox 3056 1249 3328 1306; x_wconf 84' lang='lat' dir='ltr'>veniebat</span> <span class='ocrx_word' id='word_1_313' title='bbox 3379 1251 3703 1308; x_wconf 86' lang='lat' dir='ltr'>occasione.</span> 
     </span>
    </p>
   </div>
   <div class='ocr_carea' id='block_1_45' title="bbox 2049 1336 3706 1410">
    <p class='ocr_par' dir='ltr' id='par_1_45' title="bbox 2049 1336 3706 1410">
     <span class='ocr_line' id='line_1_45' title="bbox 2049 1336 3706 1410; baseline 0.003 -19"><span class='ocrx_word' id='word_1_314' title='bbox 2049 1337 2216 1391; x_wconf 87' lang='lat' dir='ltr'>Multi</span> <span class='ocrx_word' id='word_1_315' title='bbox 2267 1337 2550 1392; x_wconf 88' lang='lat' dir='ltr'>habentes</span> <span class='ocrx_word' id='word_1_316' title='bbox 2599 1336 2888 1409; x_wconf 89' lang='lat' dir='ltr'>obligatos</span> <span class='ocrx_word' id='word_1_317' title='bbox 2941 1354 3052 1393; x_wconf 73' lang='lat' dir='ltr'>aere</span> <span class='ocrx_word' id='word_1_318' title='bbox 3103 1337 3314 1410; x_wconf 86' lang='lat' dir='ltr'>alieno,</span> <span class='ocrx_word' id='word_1_319' title='bbox 3356 1344 3413 1395; x_wconf 91' lang='lat' dir='ltr'>et</span> <span class='ocrx_word' id='word_1_320' title='bbox 3444 1339 3706 1397; x_wconf 86' lang='lat' dir='ltr'>nolentes</span> 
     </span>
    </p>
   </div>
   <div class='ocr_carea' id='block_1_46' title="bbox 2051 1425 3710 1498">
    <p class='ocr_par' dir='ltr' id='par_1_46' title="bbox 2051 1425 3710 1498">
     <span class='ocr_line' id='line_1_46' title="bbox 2051 1425 3710 1498; baseline 0.003 -18"><span class='ocrx_word' id='word_1_321' title='bbox 2051 1427 2161 1481; x_wconf 90' lang='lat' dir='ltr'>sibi</span> <span class='ocrx_word' id='word_1_322' title='bbox 2194 1426 2481 1481; x_wconf 92' lang='lat' dir='ltr'>creditum</span> <span class='ocrx_word' id='word_1_323' title='bbox 2508 1425 2768 1485; x_wconf 85' lang='lat' dir='ltr'>reddere.</span> <span class='ocrx_word' id='word_1_324' title='bbox 2803 1426 3148 1497; x_wconf 79' lang='lat' dir='ltr'>detegebant</span> <span class='ocrx_word' id='word_1_325' title='bbox 3189 1428 3620 1498; x_wconf 88' lang='lat' dir='ltr'>sacerdotibus,</span> <span class='ocrx_word' id='word_1_326' title='bbox 3645 1433 3710 1485; x_wconf 90' lang='lat' dir='ltr'>ut</span> 
     </span>
    </p>
   </div>
   <div class='ocr_carea' id='block_1_47' title="bbox 2051 1514 3746 1586">
    <p class='ocr_par' dir='ltr' id='par_1_47' title="bbox 2051 1514 3746 1586">
     <span class='ocr_line' id='line_1_47' title="bbox 2051 1514 3746 1586; baseline 0.005 -16"><span class='ocrx_word' id='word_1_327' title='bbox 2051 1520 2250 1570; x_wconf 86' lang='lat' dir='ltr'>exacta</span> <span class='ocrx_word' id='word_1_328' title='bbox 2282 1515 2528 1586; x_wconf 87' lang='lat' dir='ltr'>pecunia</span> <span class='ocrx_word' id='word_1_329' title='bbox 2561 1514 2902 1570; x_wconf 87' lang='lat' dir='ltr'>ministeriis</span> <span class='ocrx_word' id='word_1_330' title='bbox 2936 1515 3133 1586; x_wconf 91' lang='lat' dir='ltr'>Iempli</span> <span class='ocrx_word' id='word_1_331' title='bbox 3165 1519 3222 1571; x_wconf 89' lang='lat' dir='ltr'>et</span> <span class='ocrx_word' id='word_1_332' title='bbox 3249 1532 3451 1571; x_wconf 89' lang='lat' dir='ltr'>eorum</span> <span class='ocrx_word' id='word_1_333' title='bbox 3501 1519 3708 1574; x_wconf 87' lang='lat' dir='ltr'>usibus</span> <span class='ocrx_word' id='word_1_334' title='bbox 3743 1570 3746 1578; x_wconf 51' lang='grc' dir='ltr'><strong>ι</strong></span> 
     </span>
    </p>
   </div>
   <div class='ocr_carea' id='block_1_48' title="bbox 2048 1603 3705 1663">
    <p class='ocr_par' dir='ltr' id='par_1_48' title="bbox 2048 1603 3705 1663">
     <span class='ocr_line' id='line_1_48' title="bbox 2048 1603 3705 1663; baseline 0.003 -5"><span class='ocrx_word' id='word_1_335' title='bbox 2048 1604 2383 1658; x_wconf 86' lang='lat' dir='ltr'>deserviret.</span> <span class='ocrx_word' id='word_1_336' title='bbox 2421 1608 2617 1658; x_wconf 89' lang='lat' dir='ltr'>Potest</span> <span class='ocrx_word' id='word_1_337' title='bbox 2646 1607 2841 1658; x_wconf 89' lang='lat' dir='ltr'>autem</span> <span class='ocrx_word' id='word_1_338' title='bbox 2887 1607 2943 1659; x_wconf 90' lang='lat' dir='ltr'>et</span> <span class='ocrx_word' id='word_1_339' title='bbox 2983 1603 3141 1658; x_wconf 91' lang='lat' dir='ltr'>hunc</span> <span class='ocrx_word' id='word_1_340' title='bbox 3190 1604 3442 1660; x_wconf 88' lang='lat' dir='ltr'>breviter</span> <span class='ocrx_word' id='word_1_341' title='bbox 3489 1605 3705 1663; x_wconf 88' lang='lat' dir='ltr'>habere</span> 
     </span>
    </p>
   </div>
   <div class='ocr_carea' id='block_1_49' title="bbox 2048 1693 3697 1766">
    <p class='ocr_par' dir='ltr' id='par_1_49' title="bbox 2048 1693 3697 1766">
     <span class='ocr_line' id='line_1_49' title="bbox 2048 1693 3697 1766; baseline 0.002 -20"><span class='ocrx_word' id='word_1_342' title='bbox 2048 1708 2312 1747; x_wconf 88' lang='lat' dir='ltr'>sensum.</span> <span class='ocrx_word' id='word_1_343' title='bbox 2363 1693 2556 1747; x_wconf 80' lang='lat' dir='ltr'>Munus</span> <span class='ocrx_word' id='word_1_344' title='bbox 2633 1693 2780 1763; x_wconf 84' lang='lat' dir='ltr'>quod</span> <span class='ocrx_word' id='word_1_345' title='bbox 2829 1709 2899 1747; x_wconf 77' lang='lat' dir='ltr'>ex</span> <span class='ocrx_word' id='word_1_346' title='bbox 2970 1709 3056 1748; x_wconf 85' lang='lat' dir='ltr'>me</span> <span class='ocrx_word' id='word_1_347' title='bbox 3132 1696 3210 1748; x_wconf 84' lang='lat' dir='ltr'>est</span> <span class='ocrx_word' id='word_1_348' title='bbox 3258 1693 3361 1748; x_wconf 82' lang='lat' dir='ltr'>tibi</span> <span class='ocrx_word' id='word_1_349' title='bbox 3411 1694 3697 1766; x_wconf 87' lang='lat' dir='ltr'>proderit:</span> 
     </span>
    </p>
   </div>
   <div class='ocr_carea' id='block_1_50' title="bbox 2047 1780 3702 1854">
    <p class='ocr_par' dir='ltr' id='par_1_50' title="bbox 2047 1780 3702 1854">
     <span class='ocr_line' id='line_1_50' title="bbox 2047 1780 3702 1854; baseline 0.002 -18"><span class='ocrx_word' id='word_1_350' title='bbox 2047 1780 2426 1852; x_wconf 84' lang='lat' dir='ltr'>Compellitis,</span> <span class='ocrx_word' id='word_1_351' title='bbox 2489 1780 2702 1852; x_wconf 87' lang='lat' dir='ltr'>inquit,</span> <span class='ocrx_word' id='word_1_352' title='bbox 2753 1780 2906 1836; x_wconf 83' lang='lat' dir='ltr'>ﬁlios</span> <span class='ocrx_word' id='word_1_353' title='bbox 2973 1786 3037 1836; x_wconf 91' lang='lat' dir='ltr'>ut</span> <span class='ocrx_word' id='word_1_354' title='bbox 3103 1781 3299 1837; x_wconf 89' lang='lat' dir='ltr'>dicant</span> <span class='ocrx_word' id='word_1_355' title='bbox 3359 1783 3702 1854; x_wconf 88' lang='lat' dir='ltr'>parentibus</span> 
     </span>
    </p>
   </div>
   <div class='ocr_carea' id='block_1_51' title="bbox 2047 1859 3697 1941">
    <p class='ocr_par' dir='ltr' id='par_1_51' title="bbox 2047 1859 3697 1941">
     <span class='ocr_line' id='line_1_51' title="bbox 2047 1859 3697 1941; baseline 0.002 -17"><span class='ocrx_word' id='word_1_356' title='bbox 2047 1870 2204 1924; x_wconf 90' lang='lat' dir='ltr'>suis:</span> <span class='ocrx_word' id='word_1_357' title='bbox 2266 1871 2658 1941; x_wconf 91' lang='lat' dir='ltr'>quodcunque</span> <span class='ocrx_word' id='word_1_358' title='bbox 2710 1869 2930 1924; x_wconf 91' lang='lat' dir='ltr'>donum</span> <span class='ocrx_word' id='word_1_359' title='bbox 2992 1869 3299 1925; x_wconf 91' lang='lat' dir='ltr'>oblaturus</span> <span class='ocrx_word' id='word_1_360' title='bbox 3349 1859 3697 1940; x_wconf 49' lang='lat' dir='ltr'>eram-&#39;Deo,</span> 
     </span>
    </p>
   </div>
   <div class='ocr_carea' id='block_1_52' title="bbox 2047 1956 3700 2029">
    <p class='ocr_par' dir='ltr' id='par_1_52' title="bbox 2047 1956 3700 2029">
     <span class='ocr_line' id='line_1_52' title="bbox 2047 1956 3700 2029; baseline 0.001 -18"><span class='ocrx_word' id='word_1_361' title='bbox 2047 1959 2104 2011; x_wconf 89' lang='lat' dir='ltr'>in</span> <span class='ocrx_word' id='word_1_362' title='bbox 2137 1962 2268 2012; x_wconf 91' lang='lat' dir='ltr'>tuos</span> <span class='ocrx_word' id='word_1_363' title='bbox 2301 1974 2580 2012; x_wconf 87' lang='lat' dir='ltr'>consumo</span> <span class='ocrx_word' id='word_1_364' title='bbox 2604 1957 2787 2023; x_wconf 90' lang='lat' dir='ltr'>cibos,</span> <span class='ocrx_word' id='word_1_365' title='bbox 2831 1956 3056 2028; x_wconf 92' lang='lat' dir='ltr'>tibique</span> <span class='ocrx_word' id='word_1_366' title='bbox 3081 1958 3338 2028; x_wconf 90' lang='lat' dir='ltr'>prodest,</span> <span class='ocrx_word' id='word_1_367' title='bbox 3369 1975 3402 2012; x_wconf 94' lang='grc' dir='ltr'>ο</span> <span class='ocrx_word' id='word_1_368' title='bbox 3433 1962 3599 2029; x_wconf 90' lang='lat' dir='ltr'>pater</span> <span class='ocrx_word' id='word_1_369' title='bbox 3641 1963 3700 2014; x_wconf 92' lang='lat' dir='ltr'>et</span> 
     </span>
    </p>
   </div>
   <div class='ocr_carea' id='block_1_53' title="bbox 2046 2045 3696 2116">
    <p class='ocr_par' dir='ltr' id='par_1_53' title="bbox 2046 2045 3696 2116">
     <span class='ocr_line' id='line_1_53' title="bbox 2046 2045 3696 2116; baseline 0.002 -17"><span class='ocrx_word' id='word_1_370' title='bbox 2046 2050 2251 2112; x_wconf 86' lang='lat' dir='ltr'>mater,</span> <span class='ocrx_word' id='word_1_371' title='bbox 2285 2052 2349 2100; x_wconf 91' lang='lat' dir='ltr'>ut</span> <span class='ocrx_word' id='word_1_372' title='bbox 2380 2045 2464 2100; x_wconf 89' lang='lat' dir='ltr'>illi</span> <span class='ocrx_word' id='word_1_373' title='bbox 2523 2046 2798 2100; x_wconf 89' lang='lat' dir='ltr'>timentes</span> <span class='ocrx_word' id='word_1_374' title='bbox 2855 2046 3112 2116; x_wconf 88' lang='lat' dir='ltr'>accipere</span> <span class='ocrx_word' id='word_1_375' title='bbox 3159 2045 3316 2114; x_wconf 88' lang='lat' dir='ltr'>quod</span> <span class='ocrx_word' id='word_1_376' title='bbox 3378 2046 3494 2101; x_wconf 92' lang='lat' dir='ltr'>Deo</span> <span class='ocrx_word' id='word_1_377' title='bbox 3541 2047 3696 2104; x_wconf 68' lang='lat' dir='ltr'><strong>II2</strong></span> 
     </span>
    </p>
   </div>
   <div class='ocr_carea' id='block_1_54' title="bbox 2046 2133 3698 2206">
    <p class='ocr_par' dir='ltr' id='par_1_54' title="bbox 2046 2133 3698 2206">
     <span class='ocr_line' id='line_1_54' title="bbox 2046 2133 3698 2206; baseline 0.001 -16"><span class='ocrx_word' id='word_1_378' title='bbox 2046 2134 2445 2204; x_wconf 88' lang='lat' dir='ltr'>mancipatum</span> <span class='ocrx_word' id='word_1_379' title='bbox 2501 2134 2714 2200; x_wconf 91' lang='lat' dir='ltr'>vident,</span> <span class='ocrx_word' id='word_1_380' title='bbox 2751 2134 2983 2204; x_wconf 89' lang='lat' dir='ltr'>inopem</span> <span class='ocrx_word' id='word_1_381' title='bbox 3034 2135 3225 2206; x_wconf 87' lang='lat' dir='ltr'>magis</span> <span class='ocrx_word' id='word_1_382' title='bbox 3281 2133 3463 2191; x_wconf 85' lang='lat' dir='ltr'>velint</span> <span class='ocrx_word' id='word_1_383' title='bbox 3516 2136 3698 2192; x_wconf 87' lang='lat' dir='ltr'>vitam</span> 
     </span>
    </p>
   </div>
   <div class='ocr_carea' id='block_1_55' title="bbox 2046 2223 3326 2295">
    <p class='ocr_par' dir='ltr' id='par_1_55' title="bbox 2046 2223 3326 2295">
     <span class='ocr_line' id='line_1_55' title="bbox 2046 2223 3326 2295; baseline -0.001 -17"><span class='ocrx_word' id='word_1_384' title='bbox 2046 2224 2275 2290; x_wconf 90' lang='lat' dir='ltr'>ducere,</span> <span class='ocrx_word' id='word_1_385' title='bbox 2311 2239 2488 2295; x_wconf 89' lang='lat' dir='ltr'>quam</span> <span class='ocrx_word' id='word_1_386' title='bbox 2513 2223 2815 2278; x_wconf 89' lang='lat' dir='ltr'>comedere</span> <span class='ocrx_word' id='word_1_387' title='bbox 2841 2224 2912 2278; x_wconf 90' lang='lat' dir='ltr'>de</span> <span class='ocrx_word' id='word_1_388' title='bbox 2943 2223 3326 2278; x_wconf 89' lang='lat' dir='ltr'>consecratis.</span> 
     </span>
    </p>
   </div>
   <div class='ocr_carea' id='block_1_56' title="bbox 2117 2311 3698 2383">
    <p class='ocr_par' dir='ltr' id='par_1_56' title="bbox 2117 2311 3698 2383">
     <span class='ocr_line' id='line_1_56' title="bbox 2117 2311 3698 2383; baseline 0.003 -17"><span class='ocrx_word' id='word_1_389' title='bbox 2117 2313 2296 2383; x_wconf 88' lang='lat' dir='ltr'>(Vers.</span> <span class='ocrx_word' id='word_1_390' title='bbox 2335 2312 2444 2381; x_wconf 85' lang='grc'>11.)</span> <span class='ocrx_word' id='word_1_391' title='bbox 2484 2332 2504 2359; x_wconf 75' lang='grc' dir='ltr'><strong>α</strong></span> <span class='ocrx_word' id='word_1_392' title='bbox 2538 2313 2663 2366; x_wconf 88' lang='lat' dir='ltr'>Non</span> <span class='ocrx_word' id='word_1_393' title='bbox 2695 2312 2852 2383; x_wconf 92' lang='lat' dir='ltr'>quod</span> <span class='ocrx_word' id='word_1_394' title='bbox 2883 2311 3064 2366; x_wconf 87' lang='lat' dir='ltr'>intrat</span> <span class='ocrx_word' id='word_1_395' title='bbox 3092 2311 3152 2366; x_wconf 90' lang='lat' dir='ltr'>in</span> <span class='ocrx_word' id='word_1_396' title='bbox 3193 2329 3258 2368; x_wconf 90' lang='lat' dir='ltr'>os</span> <span class='ocrx_word' id='word_1_397' title='bbox 3297 2315 3698 2371; x_wconf 84' lang='lat' dir='ltr'>communicat</span> 
     </span>
    </p>
   </div>
   <div class='ocr_carea' id='block_1_57' title="bbox 2053 2400 3698 2472">
    <p class='ocr_par' dir='ltr' id='par_1_57' title="bbox 2053 2400 3698 2472">
     <span class='ocr_line' id='line_1_57' title="bbox 2053 2400 3698 2472; baseline 0.003 -18"><span class='ocrx_word' id='word_1_398' title='bbox 2053 2401 2349 2455; x_wconf 86' lang='lat' dir='ltr'>hominem</span> <span class='ocrx_word' id='word_1_399' title='bbox 2379 2419 2390 2466; x_wconf 93' lang='lat'><strong>;</strong></span> <span class='ocrx_word' id='word_1_400' title='bbox 2426 2402 2523 2456; x_wconf 89' lang='lat' dir='ltr'>sed</span> <span class='ocrx_word' id='word_1_401' title='bbox 2560 2401 2714 2472; x_wconf 91' lang='lat' dir='ltr'>quod</span> <span class='ocrx_word' id='word_1_402' title='bbox 2743 2401 3004 2471; x_wconf 90' lang='lat' dir='ltr'>procedit</span> <span class='ocrx_word' id='word_1_403' title='bbox 3033 2417 3100 2455; x_wconf 85' lang='lat' dir='ltr'>ex</span> <span class='ocrx_word' id='word_1_404' title='bbox 3129 2417 3247 2465; x_wconf 91' lang='lat' dir='ltr'>ore,</span> <span class='ocrx_word' id='word_1_405' title='bbox 3293 2400 3401 2457; x_wconf 90' lang='lat' dir='ltr'>hoc</span> <span class='ocrx_word' id='word_1_406' title='bbox 3433 2418 3698 2459; x_wconf 86' lang='lat' dir='ltr'>commu-</span> 
     </span>
    </p>
   </div>
   <div class='ocr_carea' id='block_1_58' title="bbox 2044 2489 3700 2564">
    <p class='ocr_par' dir='ltr' id='par_1_58' title="bbox 2044 2489 3700 2564">
     <span class='ocr_line' id='line_1_58' title="bbox 2044 2489 3700 2564; baseline 0.004 -20"><span class='ocrx_word' id='word_1_407' title='bbox 2044 2490 2202 2544; x_wconf 88' lang='lat' dir='ltr'>nicat</span> <span class='ocrx_word' id='word_1_408' title='bbox 2250 2489 2568 2545; x_wconf 89' lang='lat' dir='ltr'>hominem.</span> <span class='ocrx_word' id='word_1_409' title='bbox 2620 2512 2648 2538; x_wconf 90' lang='grc'><strong>››</strong></span> <span class='ocrx_word' id='word_1_410' title='bbox 2703 2489 2959 2544; x_wconf 88' lang='lat' dir='ltr'>Verbum</span> <span class='ocrx_word' id='word_1_411' title='bbox 3017 2491 3409 2558; x_wconf 82' lang='lat' dir='ltr'>communicat,</span> <span class='ocrx_word' id='word_1_412' title='bbox 3469 2492 3700 2564; x_wconf 87' lang='lat' dir='ltr'>proprie</span> 
     </span>
    </p>
   </div>
   <div class='ocr_carea' id='block_1_59' title="bbox 2043 2578 3695 2651">
    <p class='ocr_par' dir='ltr' id='par_1_59' title="bbox 2043 2578 3695 2651">
     <span class='ocr_line' id='line_1_59' title="bbox 2043 2578 3695 2651; baseline 0.002 -17"><span class='ocrx_word' id='word_1_413' title='bbox 2043 2580 2478 2651; x_wconf 86' lang='lat' dir='ltr'>Scripturarum</span> <span class='ocrx_word' id='word_1_414' title='bbox 2509 2582 2616 2643; x_wconf 90' lang='lat' dir='ltr'>est,</span> <span class='ocrx_word' id='word_1_415' title='bbox 2642 2583 2698 2632; x_wconf 90' lang='lat' dir='ltr'>et</span> <span class='ocrx_word' id='word_1_416' title='bbox 2728 2578 2960 2648; x_wconf 92' lang='lat' dir='ltr'>publico</span> <span class='ocrx_word' id='word_1_417' title='bbox 2993 2595 3261 2634; x_wconf 90' lang='lat' dir='ltr'>sermone</span> <span class='ocrx_word' id='word_1_418' title='bbox 3283 2595 3396 2634; x_wconf 89' lang='lat' dir='ltr'>non</span> <span class='ocrx_word' id='word_1_419' title='bbox 3426 2580 3695 2637; x_wconf 83' lang='lat' dir='ltr'>teritur‘.</span> 
     </span>
    </p>
   </div>
   <div class='ocr_carea' id='block_1_60' title="bbox 2044 2667 3690 2742">
    <p class='ocr_par' dir='ltr' id='par_1_60' title="bbox 2044 2667 3690 2742">
     <span class='ocr_line' id='line_1_60' title="bbox 2044 2667 3690 2742; baseline 0.001 -18"><span class='ocrx_word' id='word_1_420' title='bbox 2044 2668 2297 2739; x_wconf 85' lang='lat' dir='ltr'>Populus</span> <span class='ocrx_word' id='word_1_421' title='bbox 2329 2669 2687 2730; x_wconf 82' lang='lat' dir='ltr'>Judaeorum,</span> <span class='ocrx_word' id='word_1_422' title='bbox 2724 2672 2945 2738; x_wconf 88' lang='lat' dir='ltr'>partem</span> <span class='ocrx_word' id='word_1_423' title='bbox 2980 2667 3080 2722; x_wconf 91' lang='lat' dir='ltr'>Dei</span> <span class='ocrx_word' id='word_1_424' title='bbox 3129 2683 3258 2722; x_wconf 91' lang='lat' dir='ltr'>esse</span> <span class='ocrx_word' id='word_1_425' title='bbox 3289 2684 3351 2723; x_wconf 89' lang='lat' dir='ltr'>se</span> <span class='ocrx_word' id='word_1_426' title='bbox 3391 2669 3690 2742; x_wconf 86' lang='lat' dir='ltr'>jactitans,</span> 
     </span>
    </p>
   </div>
   <div class='ocr_carea' id='block_1_61' title="bbox 2043 2756 3695 2826">
    <p class='ocr_par' dir='ltr' id='par_1_61' title="bbox 2043 2756 3695 2826">
     <span class='ocr_line' id='line_1_61' title="bbox 2043 2756 3695 2826; baseline 0.001 -14"><span class='ocrx_word' id='word_1_427' title='bbox 2043 2773 2385 2812; x_wconf 90' lang='lat' dir='ltr'>communes</span> <span class='ocrx_word' id='word_1_428' title='bbox 2443 2756 2601 2811; x_wconf 91' lang='lat' dir='ltr'>cibos</span> <span class='ocrx_word' id='word_1_429' title='bbox 2651 2761 2834 2818; x_wconf 89' lang='lat' dir='ltr'>vocat,</span> <span class='ocrx_word' id='word_1_430' title='bbox 2905 2756 3119 2826; x_wconf 90' lang='lat' dir='ltr'>quibus</span> <span class='ocrx_word' id='word_1_431' title='bbox 3173 2773 3377 2812; x_wconf 90' lang='lat' dir='ltr'>omnes</span> <span class='ocrx_word' id='word_1_432' title='bbox 3445 2764 3695 2815; x_wconf 83' lang='lat' dir='ltr'>utuntur</span> 
     </span>
    </p>
   </div>
   <div class='ocr_carea' id='block_1_62' title="bbox 2042 2843 3686 2918">
    <p class='ocr_par' dir='ltr' id='par_1_62' title="bbox 2042 2843 3686 2918">
     <span class='ocr_line' id='line_1_62' title="bbox 2042 2843 3686 2918; baseline 0.001 -18"><span class='ocrx_word' id='word_1_433' title='bbox 2042 2847 2330 2902; x_wconf 87' lang='lat' dir='ltr'>homines.</span> <span class='ocrx_word' id='word_1_434' title='bbox 2362 2845 2532 2900; x_wconf 90' lang='lat' dir='ltr'>Verbi</span> <span class='ocrx_word' id='word_1_435' title='bbox 2568 2845 2777 2915; x_wconf 88' lang='lat' dir='ltr'>gratia,</span> <span class='ocrx_word' id='word_1_436' title='bbox 2833 2843 3065 2899; x_wconf 86' lang='lat' dir='ltr'>suillam</span> <span class='ocrx_word' id='word_1_437' title='bbox 3115 2861 3372 2914; x_wconf 87' lang='lat' dir='ltr'>carnem,</span> <span class='ocrx_word' id='word_1_438' title='bbox 3405 2851 3629 2902; x_wconf 88' lang='lat' dir='ltr'>ostreas</span> <span class='ocrx_word' id='word_1_439' title='bbox 3646 2848 3686 2918; x_wconf 82' lang='grc'>⁸,</span> 
     </span>
    </p>
   </div>
   <div class='ocr_carea' id='block_1_63' title="bbox 2041 2932 3686 3007">
    <p class='ocr_par' dir='ltr' id='par_1_63' title="bbox 2041 2932 3686 3007">
     <span class='ocr_line' id='line_1_63' title="bbox 2041 2932 3686 3007; baseline 0.001 -19"><span class='ocrx_word' id='word_1_440' title='bbox 2041 2934 2263 3007; x_wconf 89' lang='lat' dir='ltr'>lepores</span> <span class='ocrx_word' id='word_1_441' title='bbox 2323 2939 2380 2988; x_wconf 90' lang='lat' dir='ltr'>et</span> <span class='ocrx_word' id='word_1_442' title='bbox 2437 2933 2768 2989; x_wconf 89' lang='lat' dir='ltr'>istiusmodi</span> <span class='ocrx_word' id='word_1_443' title='bbox 2833 2932 3152 2987; x_wconf 87' lang='lat' dir='ltr'>animantia</span> <span class='ocrx_word' id='word_1_444' title='bbox 3221 2949 3347 3004; x_wconf 66' lang='lat' dir='ltr'>quae</span> <span class='ocrx_word' id='word_1_445' title='bbox 3403 2935 3686 3006; x_wconf 85' lang='lat' dir='ltr'>ungulam</span> 
     </span>
    </p>
   </div>
   <div class='ocr_carea' id='block_1_64' title="bbox 2041 3020 3692 3093">
    <p class='ocr_par' dir='ltr' id='par_1_64' title="bbox 2041 3020 3692 3093">
     <span class='ocr_line' id='line_1_64' title="bbox 2041 3020 3692 3093; baseline -0.001 -15"><span class='ocrx_word' id='word_1_446' title='bbox 2041 3041 2152 3078; x_wconf 94' lang='lat' dir='ltr'>non</span> <span class='ocrx_word' id='word_1_447' title='bbox 2181 3023 2406 3077; x_wconf 82' lang='lat' dir='ltr'>findunt</span> <span class='ocrx_word' id='word_1_448' title='bbox 2434 3039 2446 3076; x_wconf 91' lang='lat'>:</span> <span class='ocrx_word' id='word_1_449' title='bbox 2477 3037 2580 3075; x_wconf 87' lang='lat' dir='ltr'>nec</span> <span class='ocrx_word' id='word_1_450' title='bbox 2613 3020 2932 3084; x_wconf 87' lang='lat' dir='ltr'>ruminant,</span> <span class='ocrx_word' id='word_1_451' title='bbox 2969 3035 3071 3074; x_wconf 89' lang='lat' dir='ltr'>nec</span> <span class='ocrx_word' id='word_1_452' title='bbox 3093 3036 3409 3090; x_wconf 87' lang='lat' dir='ltr'>squamosa</span> <span class='ocrx_word' id='word_1_453' title='bbox 3431 3023 3487 3076; x_wconf 90' lang='lat' dir='ltr'>in</span> <span class='ocrx_word' id='word_1_454' title='bbox 3521 3022 3692 3093; x_wconf 90' lang='lat' dir='ltr'>pisci-</span> 
     </span>
    </p>
   </div>
   <div class='ocr_carea' id='block_1_65' title="bbox 2041 3108 3686 3180">
    <p class='ocr_par' dir='ltr' id='par_1_65' title="bbox 2041 3108 3686 3180">
     <span class='ocr_line' id='line_1_65' title="bbox 2041 3108 3686 3180; baseline -0.001 -13"><span class='ocrx_word' id='word_1_455' title='bbox 2041 3114 2150 3166; x_wconf 91' lang='lat' dir='ltr'>bus</span> <span class='ocrx_word' id='word_1_456' title='bbox 2182 3116 2338 3166; x_wconf 88' lang='lat' dir='ltr'>sunt.</span> <span class='ocrx_word' id='word_1_457' title='bbox 2393 3110 2554 3164; x_wconf 91' lang='lat' dir='ltr'>Unde</span> <span class='ocrx_word' id='word_1_458' title='bbox 2603 3115 2661 3162; x_wconf 88' lang='lat' dir='ltr'>et</span> <span class='ocrx_word' id='word_1_459' title='bbox 2716 3109 2773 3162; x_wconf 94' lang='lat' dir='ltr'>in</span> <span class='ocrx_word' id='word_1_460' title='bbox 2825 3108 3066 3162; x_wconf 85' lang='lat' dir='ltr'>Actibus</span> <span class='ocrx_word' id='word_1_461' title='bbox 3095 3108 3493 3180; x_wconf 89' lang='lat' dir='ltr'>apostolorum</span> <span class='ocrx_word' id='word_1_462' title='bbox 3541 3111 3686 3166; x_wconf 90' lang='lat' dir='ltr'>scri-</span> 
     </span>
    </p>
   </div>
   <div class='ocr_carea' id='block_1_66' title="bbox 267 3191 3688 3274">
    <p class='ocr_par' dir='ltr' id='par_1_66' title="bbox 267 3191 3688 3274">
     <span class='ocr_line' id='line_1_66' title="bbox 267 3191 3688 3274; baseline -0.001 -18"><span class='ocrx_word' id='word_1_463' title='bbox 267 3206 507 3274; x_wconf 84' lang='lat' dir='ltr'>ceperat</span> <span class='ocrx_word' id='word_1_464' title='bbox 564 3200 870 3269; x_wconf 90' lang='lat' dir='ltr'>Dominus,</span> <span class='ocrx_word' id='word_1_465' title='bbox 920 3198 1008 3253; x_wconf 81' lang='lat' dir='ltr'>vel</span> <span class='ocrx_word' id='word_1_466' title='bbox 1072 3199 1504 3265; x_wconf 88' lang='lat' dir='ltr'>imbecilitates,</span> <span class='ocrx_word' id='word_1_467' title='bbox 1562 3199 1649 3253; x_wconf 88' lang='lat' dir='ltr'>vel</span> <span class='ocrx_word' id='word_1_468' title='bbox 1708 3203 1924 3265; x_wconf 80' lang='lat' dir='ltr'>aetates,</span> <span class='ocrx_word' id='word_1_469' title='bbox 1959 3191 2000 3258; x_wconf 86' lang='lat' dir='ltr'><strong><em>C</em></strong></span> <span class='ocrx_word' id='word_1_470' title='bbox 2040 3205 2204 3270; x_wconf 89' lang='lat' dir='ltr'>ptum</span> <span class='ocrx_word' id='word_1_471' title='bbox 2247 3204 2370 3252; x_wconf 90' lang='lat' dir='ltr'>est:</span> <span class='ocrx_word' id='word_1_472' title='bbox 2405 3196 2553 3265; x_wconf 83' lang='lat' dir='ltr'>Quod</span> <span class='ocrx_word' id='word_1_473' title='bbox 2582 3197 2717 3251; x_wconf 84' lang='lat' dir='ltr'>Deus</span> <span class='ocrx_word' id='word_1_474' title='bbox 2745 3197 3126 3266; x_wconf 80' lang='lat' dir='ltr'>sanctiﬁcavit,</span> <span class='ocrx_word' id='word_1_475' title='bbox 3183 3200 3246 3251; x_wconf 85' lang='lat' dir='ltr'>tu</span> <span class='ocrx_word' id='word_1_476' title='bbox 3274 3214 3344 3252; x_wconf 86' lang='lat' dir='ltr'>ne</span> <span class='ocrx_word' id='word_1_477' title='bbox 3401 3214 3688 3255; x_wconf 85' lang='lat' dir='ltr'>commune</span> 
     </span>
    </p>
   </div>
   <div class='ocr_carea' id='block_1_67' title="bbox 265 3287 1929 3362">
    <p class='ocr_par' dir='ltr' id='par_1_67' title="bbox 265 3287 1929 3362">
     <span class='ocr_line' id='line_1_67' title="bbox 265 3287 1929 3362; baseline -0.002 -17"><span class='ocrx_word' id='word_1_478' title='bbox 265 3290 351 3346; x_wconf 85' lang='lat' dir='ltr'>vel</span> <span class='ocrx_word' id='word_1_479' title='bbox 380 3288 670 3362; x_wconf 89' lang='lat' dir='ltr'>penurias</span> <span class='ocrx_word' id='word_1_480' title='bbox 691 3292 999 3360; x_wconf 86' lang='lat' dir='ltr'>parentum</span> <span class='ocrx_word' id='word_1_481' title='bbox 1024 3287 1424 3353; x_wconf 91' lang='lat' dir='ltr'>considerans,</span> <span class='ocrx_word' id='word_1_482' title='bbox 1459 3293 1524 3341; x_wconf 93' lang='lat' dir='ltr'>ut</span> <span class='ocrx_word' id='word_1_483' title='bbox 1547 3287 1646 3341; x_wconf 85' lang='lat' dir='ltr'>ﬁlii</span> <span class='ocrx_word' id='word_1_484' title='bbox 1680 3287 1929 3342; x_wconf 89' lang='lat' dir='ltr'>honora-</span> 
     </span>
    </p>
   </div>
   <div class='ocr_carea' id='block_1_68' title="bbox 271 3376 1928 3448">
    <p class='ocr_par' dir='ltr' id='par_1_68' title="bbox 271 3376 1928 3448">
     <span class='ocr_line' id='line_1_68' title="bbox 271 3376 1928 3448; baseline -0.002 -14"><span class='ocrx_word' id='word_1_485' title='bbox 271 3384 426 3448; x_wconf 84' lang='lat' dir='ltr'>rent,</span> <span class='ocrx_word' id='word_1_486' title='bbox 462 3378 638 3432; x_wconf 89' lang='lat' dir='ltr'>etiam</span> <span class='ocrx_word' id='word_1_487' title='bbox 671 3377 730 3430; x_wconf 91' lang='lat' dir='ltr'>in</span> <span class='ocrx_word' id='word_1_488' title='bbox 771 3376 896 3430; x_wconf 79' lang='lat' dir='ltr'>vitae</span> <span class='ocrx_word' id='word_1_489' title='bbox 946 3377 1291 3431; x_wconf 86' lang='lat' dir='ltr'>necessariis</span> <span class='ocrx_word' id='word_1_490' title='bbox 1350 3376 1777 3444; x_wconf 88' lang='lat' dir='ltr'>ministrandis,</span> <span class='ocrx_word' id='word_1_491' title='bbox 1828 3394 1928 3447; x_wconf 88' lang='lat' dir='ltr'>pa-</span> 
     </span>
    </p>
   </div>
   <div class='ocr_carea' id='block_1_69' title="bbox 270 3464 1925 3536">
    <p class='ocr_par' dir='ltr' id='par_1_69' title="bbox 270 3464 1925 3536">
     <span class='ocr_line' id='line_1_69' title="bbox 270 3464 1925 3536; baseline -0.002 -14"><span class='ocrx_word' id='word_1_492' title='bbox 270 3474 470 3523; x_wconf 90' lang='lat' dir='ltr'>rentes</span> <span class='ocrx_word' id='word_1_493' title='bbox 515 3482 676 3521; x_wconf 89' lang='lat' dir='ltr'>suos.</span> <span class='ocrx_word' id='word_1_494' title='bbox 737 3465 896 3519; x_wconf 88' lang='lat' dir='ltr'>Hanc</span> <span class='ocrx_word' id='word_1_495' title='bbox 953 3465 1533 3536; x_wconf 88' lang='lat' dir='ltr'>providentissimam</span> <span class='ocrx_word' id='word_1_496' title='bbox 1605 3465 1699 3518; x_wconf 87' lang='lat' dir='ltr'>Dei</span> <span class='ocrx_word' id='word_1_497' title='bbox 1741 3464 1925 3536; x_wconf 87' lang='lat' dir='ltr'>legem</span> 
     </span>
    </p>
   </div>
   <div class='ocr_carea' id='block_1_70' title="bbox 269 3553 1926 3621">
    <p class='ocr_par' dir='ltr' id='par_1_70' title="bbox 269 3553 1926 3621">
     <span class='ocr_line' id='line_1_70' title="bbox 269 3553 1926 3621; baseline -0.002 -11"><span class='ocrx_word' id='word_1_498' title='bbox 269 3556 531 3612; x_wconf 83' lang='lat' dir='ltr'>volentes</span> <span class='ocrx_word' id='word_1_499' title='bbox 561 3555 778 3609; x_wconf 68' lang='lat' dir='ltr'>Scriba:</span> <span class='ocrx_word' id='word_1_500' title='bbox 808 3558 864 3608; x_wconf 89' lang='lat' dir='ltr'>et</span> <span class='ocrx_word' id='word_1_501' title='bbox 912 3553 1184 3608; x_wconf 85' lang='lat' dir='ltr'>Pharisaei</span> <span class='ocrx_word' id='word_1_502' title='bbox 1247 3555 1579 3608; x_wconf 88' lang='lat' dir='ltr'>subvertere</span> <span class='ocrx_word' id='word_1_503' title='bbox 1602 3554 1644 3621; x_wconf 68' lang='grc'>³,</span> <span class='ocrx_word' id='word_1_504' title='bbox 1704 3557 1767 3607; x_wconf 92' lang='lat' dir='ltr'>ut</span> <span class='ocrx_word' id='word_1_505' title='bbox 1824 3554 1926 3608; x_wconf 88' lang='lat' dir='ltr'>im-</span> 
     </span>
    </p>
   </div>
   <div class='ocr_carea' id='block_1_71' title="bbox 346 3677 1080 3744">
    <p class='ocr_par' dir='ltr' id='par_1_71' title="bbox 346 3677 1080 3744">
     <span class='ocr_line' id='line_1_71' title="bbox 346 3677 1080 3744; baseline 0 -11"><span class='ocrx_word' id='word_1_506' title='bbox 346 3684 360 3714; x_wconf 80' lang='grc'>²</span> <span class='ocrx_word' id='word_1_507' title='bbox 394 3677 745 3744; x_wconf 83' lang='lat' dir='ltr'>&#39;Rbabanus,</span> <span class='ocrx_word' id='word_1_508' title='bbox 772 3678 1080 3733; x_wconf 75' lang='lat' dir='ltr'>collatione.</span> 
     </span>
    </p>
   </div>
   <div class='ocr_carea' id='block_1_72' title="bbox 345 3748 1925 3820">
    <p class='ocr_par' dir='ltr' id='par_1_72' title="bbox 345 3748 1925 3820">
     <span class='ocr_line' id='line_1_72' title="bbox 345 3748 1925 3820; baseline 0 -16"><span class='ocrx_word' id='word_1_509' title='bbox 345 3753 368 3784; x_wconf 79' lang='grc'>³</span> <span class='ocrx_word' id='word_1_510' title='bbox 399 3750 608 3804; x_wconf 87' lang='lat' dir='ltr'>Stricte</span> <span class='ocrx_word' id='word_1_511' title='bbox 640 3749 1026 3820; x_wconf 80' lang='lat' dir='ltr'>Hieronymus</span> <span class='ocrx_word' id='word_1_512' title='bbox 1057 3748 1312 3804; x_wconf 68' lang='lat' dir='ltr'>adhaeret</span> <span class='ocrx_word' id='word_1_513' title='bbox 1344 3748 1702 3817; x_wconf 81' lang='lat' dir='ltr'>Adamantio,</span> <span class='ocrx_word' id='word_1_514' title='bbox 1754 3766 1925 3820; x_wconf 88' lang='lat' dir='ltr'>quem</span> 
     </span>
    </p>
   </div>
   <div class='ocr_carea' id='block_1_73' title="bbox 271 3819 1925 3891">
    <p class='ocr_par' dir='ltr' id='par_1_73' title="bbox 271 3819 1925 3891">
     <span class='ocr_line' id='line_1_73' title="bbox 271 3819 1925 3891; baseline 0.001 -17"><span class='ocrx_word' id='word_1_515' title='bbox 271 3822 332 3874; x_wconf 88' lang='lat' dir='ltr'>in</span> <span class='ocrx_word' id='word_1_516' title='bbox 364 3821 771 3876; x_wconf 79' lang='lat' dir='ltr'>eruditissima</span> <span class='ocrx_word' id='word_1_517' title='bbox 800 3819 906 3874; x_wconf 70' lang='lat' dir='ltr'>Ioui</span> <span class='ocrx_word' id='word_1_518' title='bbox 943 3836 1221 3891; x_wconf 83' lang='lat' dir='ltr'>perquam</span> <span class='ocrx_word' id='word_1_519' title='bbox 1261 3820 1514 3888; x_wconf 90' lang='lat' dir='ltr'>obscuri,</span> <span class='ocrx_word' id='word_1_520' title='bbox 1549 3819 1821 3889; x_wconf 86' lang='lat' dir='ltr'>varieque</span> <span class='ocrx_word' id='word_1_521' title='bbox 1854 3823 1925 3875; x_wconf 88' lang='lat' dir='ltr'>ab</span> 
     </span>
    </p>
   </div>
   <div class='ocr_carea' id='block_1_74' title="bbox 268 3891 1928 3962">
    <p class='ocr_par' dir='ltr' id='par_1_74' title="bbox 268 3891 1928 3962">
     <span class='ocr_line' id='line_1_74' title="bbox 268 3891 1928 3962; baseline 0.001 -17"><span class='ocrx_word' id='word_1_522' title='bbox 268 3891 694 3962; x_wconf 85' lang='lat' dir='ltr'>interpretibus</span> <span class='ocrx_word' id='word_1_523' title='bbox 725 3891 946 3962; x_wconf 85' lang='lat' dir='ltr'>accepit</span> <span class='ocrx_word' id='word_1_524' title='bbox 973 3891 1327 3962; x_wconf 86' lang='lat' dir='ltr'>expositione</span> <span class='ocrx_word' id='word_1_525' title='bbox 1355 3908 1539 3962; x_wconf 67' lang='lat' dir='ltr'>operae</span> <span class='ocrx_word' id='word_1_526' title='bbox 1573 3892 1819 3962; x_wconf 90' lang='lat' dir='ltr'>pretium</span> <span class='ocrx_word' id='word_1_527' title='bbox 1851 3893 1928 3947; x_wconf 88' lang='lat' dir='ltr'>sit</span> 
     </span>
    </p>
   </div>
   <div class='ocr_carea' id='block_1_75' title="bbox 269 3961 1926 4032">
    <p class='ocr_par' dir='ltr' id='par_1_75' title="bbox 269 3961 1926 4032">
     <span class='ocr_line' id='line_1_75' title="bbox 269 3961 1926 4032; baseline 0 -15"><span class='ocrx_word' id='word_1_528' title='bbox 269 3961 483 4017; x_wconf 79' lang='lat' dir='ltr'>Latine</span> <span class='ocrx_word' id='word_1_529' title='bbox 533 3961 732 4016; x_wconf 87' lang='lat' dir='ltr'>saltem</span> <span class='ocrx_word' id='word_1_530' title='bbox 787 3961 1104 4017; x_wconf 84' lang='lat' dir='ltr'>contulisse</span> <span class='ocrx_word' id='word_1_531' title='bbox 1138 3979 1149 4017; x_wconf 92' lang='lat'>:</span> <span class='ocrx_word' id='word_1_532' title='bbox 1219 3983 1240 4010; x_wconf 70' lang='grc' dir='ltr'>τι</span> <span class='ocrx_word' id='word_1_533' title='bbox 1276 3961 1587 4026; x_wconf 52' lang='lat' dir='ltr'>Pharisaei,</span> <span class='ocrx_word' id='word_1_534' title='bbox 1624 3962 1836 4032; x_wconf 90' lang='lat' dir='ltr'>inquit,</span> <span class='ocrx_word' id='word_1_535' title='bbox 1869 3968 1926 4017; x_wconf 90' lang='lat' dir='ltr'>et</span> 
     </span>
    </p>
   </div>
   <div class='ocr_carea' id='block_1_76' title="bbox 272 4033 1926 4114">
    <p class='ocr_par' dir='ltr' id='par_1_76' title="bbox 272 4033 1926 4114">
     <span class='ocr_line' id='line_1_76' title="bbox 272 4033 1926 4114; baseline 0.001 -26"><span class='ocrx_word' id='word_1_536' title='bbox 272 4033 700 4114; x_wconf 42' lang='lat' dir='ltr'>Scribaetalem.</span> <span class='ocrx_word' id='word_1_537' title='bbox 725 4033 853 4114; x_wconf 87' lang='lat' dir='ltr'>Legi</span> <span class='ocrx_word' id='word_1_538' title='bbox 886 4034 1235 4114; x_wconf 67' lang='lat' dir='ltr'>contrariam</span> <span class='ocrx_word' id='word_1_539' title='bbox 1267 4033 1635 4088; x_wconf 85' lang='lat' dir='ltr'>traditionem</span> <span class='ocrx_word' id='word_1_540' title='bbox 1663 4034 1926 4104; x_wconf 90' lang='lat' dir='ltr'>prodide-</span> 
     </span>
    </p>
   </div>
   <div class='ocr_carea' id='block_1_77' title="bbox 271 4104 1924 4176">
    <p class='ocr_par' dir='ltr' id='par_1_77' title="bbox 271 4104 1924 4176">
     <span class='ocr_line' id='line_1_77' title="bbox 271 4104 1924 4176; baseline 0.001 -18"><span class='ocrx_word' id='word_1_541' title='bbox 271 4111 438 4173; x_wconf 87' lang='lat' dir='ltr'>runt,</span> <span class='ocrx_word' id='word_1_542' title='bbox 474 4105 779 4159; x_wconf 89' lang='lat' dir='ltr'>obscurius</span> <span class='ocrx_word' id='word_1_543' title='bbox 810 4104 869 4158; x_wconf 91' lang='lat' dir='ltr'>in</span> <span class='ocrx_word' id='word_1_544' title='bbox 920 4104 1227 4176; x_wconf 86' lang='lat' dir='ltr'>Evangelio</span> <span class='ocrx_word' id='word_1_545' title='bbox 1259 4121 1613 4175; x_wconf 87' lang='lat' dir='ltr'>expressam,</span> <span class='ocrx_word' id='word_1_546' title='bbox 1644 4121 1820 4176; x_wconf 89' lang='lat' dir='ltr'>quem</span> <span class='ocrx_word' id='word_1_547' title='bbox 1854 4121 1924 4160; x_wconf 90' lang='lat' dir='ltr'>ne</span> 
     </span>
    </p>
   </div>
   <div class='ocr_carea' id='block_1_78' title="bbox 269 4175 1926 4247">
    <p class='ocr_par' dir='ltr' id='par_1_78' title="bbox 269 4175 1926 4247">
     <span class='ocr_line' id='line_1_78' title="bbox 269 4175 1926 4247; baseline 0.001 -17"><span class='ocrx_word' id='word_1_548' title='bbox 269 4193 381 4230; x_wconf 91' lang='lat' dir='ltr'>nos</span> <span class='ocrx_word' id='word_1_549' title='bbox 433 4176 674 4246; x_wconf 88' lang='lat' dir='ltr'>quidem</span> <span class='ocrx_word' id='word_1_550' title='bbox 733 4176 1051 4231; x_wconf 84' lang='lat' dir='ltr'>fuissemus</span> <span class='ocrx_word' id='word_1_551' title='bbox 1091 4175 1381 4237; x_wconf 85' lang='lat' dir='ltr'>assecuti,</span> <span class='ocrx_word' id='word_1_552' title='bbox 1433 4176 1545 4230; x_wconf 88' lang='lat' dir='ltr'>nisi</span> <span class='ocrx_word' id='word_1_553' title='bbox 1604 4175 1818 4247; x_wconf 88' lang='lat' dir='ltr'>aliquis</span> <span class='ocrx_word' id='word_1_554' title='bbox 1857 4193 1926 4231; x_wconf 88' lang='lat' dir='ltr'>ex</span> 
     </span>
    </p>
   </div>
   <div class='ocr_carea' id='block_1_79' title="bbox 267 4246 1923 4317">
    <p class='ocr_par' dir='ltr' id='par_1_79' title="bbox 267 4246 1923 4317">
     <span class='ocr_line' id='line_1_79' title="bbox 267 4246 1923 4317; baseline 0.002 -17"><span class='ocrx_word' id='word_1_555' title='bbox 267 4247 532 4302; x_wconf 65' lang='lat' dir='ltr'>Hebraeis</span> <span class='ocrx_word' id='word_1_556' title='bbox 564 4247 902 4302; x_wconf 89' lang='lat' dir='ltr'>tradidisset</span> <span class='ocrx_word' id='word_1_557' title='bbox 931 4247 1100 4302; x_wconf 89' lang='lat' dir='ltr'>nobis</span> <span class='ocrx_word' id='word_1_558' title='bbox 1149 4264 1216 4302; x_wconf 88' lang='lat' dir='ltr'>ea</span> <span class='ocrx_word' id='word_1_559' title='bbox 1261 4264 1388 4317; x_wconf 64' lang='lat' dir='ltr'>quae</span> <span class='ocrx_word' id='word_1_560' title='bbox 1427 4247 1496 4301; x_wconf 93' lang='lat' dir='ltr'>ad</span> <span class='ocrx_word' id='word_1_561' title='bbox 1546 4246 1923 4303; x_wconf 30' lang='lat' dir='ltr'>bunc’locum</span> 
     </span>
    </p>
   </div>
   <div class='ocr_carea' id='block_1_80' title="bbox 266 4318 1923 4400">
    <p class='ocr_par' dir='ltr' id='par_1_80' title="bbox 266 4318 1923 4400">
     <span class='ocr_line' id='line_1_80' title="bbox 266 4318 1923 4400; baseline 0.001 -28"><span class='ocrx_word' id='word_1_562' title='bbox 266 4318 587 4400; x_wconf 72' lang='lat' dir='ltr'>pertinent,</span> <span class='ocrx_word' id='word_1_563' title='bbox 622 4318 706 4400; x_wconf 68' lang='lat' dir='ltr'>sic</span> <span class='ocrx_word' id='word_1_564' title='bbox 737 4335 797 4373; x_wconf 87' lang='lat' dir='ltr'>se</span> <span class='ocrx_word' id='word_1_565' title='bbox 842 4318 1138 4400; x_wconf 79' lang='lat' dir='ltr'>habentia.</span> <span class='ocrx_word' id='word_1_566' title='bbox 1191 4319 1923 4400; x_wconf 40' lang='lat' dir='ltr'>Qonti‘ngnitponunquam,</span> 
     </span>
    </p>
   </div>
   <div class='ocr_carea' id='block_1_81' title="bbox 269 4388 1924 4460">
    <p class='ocr_par' dir='ltr' id='par_1_81' title="bbox 269 4388 1924 4460">
     <span class='ocr_line' id='line_1_81' title="bbox 269 4388 1924 4460; baseline 0.001 -17"><span class='ocrx_word' id='word_1_567' title='bbox 269 4388 490 4460; x_wconf 89' lang='lat' dir='ltr'>inquit,</span> <span class='ocrx_word' id='word_1_568' title='bbox 525 4394 588 4443; x_wconf 90' lang='lat' dir='ltr'>ut</span> <span class='ocrx_word' id='word_1_569' title='bbox 642 4388 994 4444; x_wconf 78' lang='lat' dir='ltr'>feneratores</span> <span class='ocrx_word' id='word_1_570' title='bbox 1046 4406 1178 4444; x_wconf 92' lang='lat' dir='ltr'>cum</span> <span class='ocrx_word' id='word_1_571' title='bbox 1215 4391 1271 4443; x_wconf 93' lang='lat' dir='ltr'>in</span> <span class='ocrx_word' id='word_1_572' title='bbox 1335 4388 1602 4460; x_wconf 69' lang='lat' dir='ltr'>difficiles</span> <span class='ocrx_word' id='word_1_573' title='bbox 1633 4388 1924 4445; x_wconf 89' lang='lat' dir='ltr'>debitores</span> 
     </span>
    </p>
   </div>
   <div class='ocr_carea' id='block_1_82' title="bbox 266 4458 1919 4532">
    <p class='ocr_par' dir='ltr' id='par_1_82' title="bbox 266 4458 1919 4532">
     <span class='ocr_line' id='line_1_82' title="bbox 266 4458 1919 4532; baseline 0.001 -18"><span class='ocrx_word' id='word_1_574' title='bbox 266 4458 565 4532; x_wconf 78' lang='lat' dir='ltr'>incidunt,</span> <span class='ocrx_word' id='word_1_575' title='bbox 597 4459 698 4532; x_wconf 90' lang='lat' dir='ltr'>qui</span> <span class='ocrx_word' id='word_1_576' title='bbox 731 4465 977 4532; x_wconf 90' lang='lat' dir='ltr'>possunt</span> <span class='ocrx_word' id='word_1_577' title='bbox 997 4461 1255 4532; x_wconf 91' lang='lat' dir='ltr'>quidem,</span> <span class='ocrx_word' id='word_1_578' title='bbox 1292 4462 1389 4515; x_wconf 89' lang='lat' dir='ltr'>sed</span> <span class='ocrx_word' id='word_1_579' title='bbox 1425 4458 1630 4514; x_wconf 87' lang='lat' dir='ltr'>nolunt</span> <span class='ocrx_word' id='word_1_580' title='bbox 1659 4461 1919 4516; x_wconf 88' lang='lat' dir='ltr'>debitum</span> 
     </span>
    </p>
   </div>
   <div class='ocr_carea' id='block_1_83' title="bbox 267 4531 1918 4603">
    <p class='ocr_par' dir='ltr' id='par_1_83' title="bbox 267 4531 1918 4603">
     <span class='ocr_line' id='line_1_83' title="bbox 267 4531 1918 4603; baseline 0.001 -18"><span class='ocrx_word' id='word_1_581' title='bbox 267 4531 537 4595; x_wconf 76' lang='lat' dir='ltr'>reddere,</span> <span class='ocrx_word' id='word_1_582' title='bbox 556 4531 815 4586; x_wconf 90' lang='lat' dir='ltr'>debitum</span> <span class='ocrx_word' id='word_1_583' title='bbox 839 4533 897 4585; x_wconf 90' lang='lat' dir='ltr'>in</span> <span class='ocrx_word' id='word_1_584' title='bbox 912 4531 1232 4603; x_wconf 86' lang='lat' dir='ltr'>pauperum</span> <span class='ocrx_word' id='word_1_585' title='bbox 1251 4532 1530 4587; x_wconf 90' lang='lat' dir='ltr'>rationem</span> <span class='ocrx_word' id='word_1_586' title='bbox 1560 4537 1918 4597; x_wconf 84' lang='lat' dir='ltr'>consecrent,</span> 
     </span>
    </p>
   </div>
   <div class='ocr_carea' id='block_1_84' title="bbox 267 4603 1922 4674">
    <p class='ocr_par' dir='ltr' id='par_1_84' title="bbox 267 4603 1922 4674">
     <span class='ocr_line' id='line_1_84' title="bbox 267 4603 1922 4674; baseline 0.001 -17"><span class='ocrx_word' id='word_1_587' title='bbox 267 4603 490 4674; x_wconf 87' lang='lat' dir='ltr'>quibus</span> <span class='ocrx_word' id='word_1_588' title='bbox 521 4603 580 4656; x_wconf 88' lang='lat' dir='ltr'>in</span> <span class='ocrx_word' id='word_1_589' title='bbox 614 4603 1092 4674; x_wconf 79' lang='lat' dir='ltr'>gazophylacium</span> <span class='ocrx_word' id='word_1_590' title='bbox 1141 4603 1388 4674; x_wconf 88' lang='lat' dir='ltr'>pecunia</span> <span class='ocrx_word' id='word_1_591' title='bbox 1447 4604 1786 4658; x_wconf 85' lang='lat' dir='ltr'>mittebatur</span> <span class='ocrx_word' id='word_1_592' title='bbox 1820 4621 1922 4674; x_wconf 92' lang='lat' dir='ltr'>pro</span> 
     </span>
    </p>
   </div>
   <div class='ocr_carea' id='block_1_85' title="bbox 266 4673 1924 4746">
    <p class='ocr_par' dir='ltr' id='par_1_85' title="bbox 266 4673 1924 4746">
     <span class='ocr_line' id='line_1_85' title="bbox 266 4673 1924 4746; baseline 0.002 -20"><span class='ocrx_word' id='word_1_593' title='bbox 266 4673 516 4746; x_wconf 77' lang='lat' dir='ltr'>viribus,</span> <span class='ocrx_word' id='word_1_594' title='bbox 552 4673 637 4727; x_wconf 13' lang='lat' dir='ltr'>ab,</span> <span class='ocrx_word' id='word_1_595' title='bbox 674 4673 1026 4746; x_wconf 89' lang='lat' dir='ltr'>unoquoque</span> <span class='ocrx_word' id='word_1_596' title='bbox 1077 4673 1278 4729; x_wconf 85' lang='lat' dir='ltr'>eorum</span> <span class='ocrx_word' id='word_1_597' title='bbox 1330 4674 1428 4745; x_wconf 90' lang='lat' dir='ltr'>qui</span> <span class='ocrx_word' id='word_1_598' title='bbox 1478 4673 1747 4729; x_wconf 84' lang='lat' dir='ltr'>volebant</span> <span class='ocrx_word' id='word_1_599' title='bbox 1790 4673 1924 4729; x_wconf 80' lang='lat' dir='ltr'>cum</span> 
     </span>
    </p>
   </div>
   <div class='ocr_carea' id='block_1_86' title="bbox 269 4744 1926 4801">
    <p class='ocr_par' dir='ltr' id='par_1_86' title="bbox 269 4744 1926 4801">
     <span class='ocr_line' id='line_1_86' title="bbox 269 4744 1926 4801; baseline 0.001 -1"><span class='ocrx_word' id='word_1_600' title='bbox 269 4744 390 4800; x_wconf 90' lang='lat' dir='ltr'>illis</span> <span class='ocrx_word' id='word_1_601' title='bbox 421 4746 577 4800; x_wconf 90' lang='lat' dir='ltr'>bona</span> <span class='ocrx_word' id='word_1_602' title='bbox 606 4744 1058 4801; x_wconf 33' lang='lat' dir='ltr'>communio—are.</span> <span class='ocrx_word' id='word_1_603' title='bbox 1093 4744 1374 4800; x_wconf 88' lang='lat' dir='ltr'>Dicebant</span> <span class='ocrx_word' id='word_1_604' title='bbox 1411 4749 1602 4800; x_wconf 86' lang='lat' dir='ltr'>autem</span> <span class='ocrx_word' id='word_1_605' title='bbox 1649 4762 1926 4801; x_wconf 85' lang='lat' dir='ltr'>nonnun-</span> 
     </span>
    </p>
   </div>
   <div class='ocr_carea' id='block_1_87' title="bbox 271 4815 1926 4887">
    <p class='ocr_par' dir='ltr' id='par_1_87' title="bbox 271 4815 1926 4887">
     <span class='ocr_line' id='line_1_87' title="bbox 271 4815 1926 4887; baseline 0.002 -19"><span class='ocrx_word' id='word_1_606' title='bbox 271 4832 452 4887; x_wconf 77' lang='lat' dir='ltr'>quam</span> <span class='ocrx_word' id='word_1_607' title='bbox 485 4815 849 4871; x_wconf 90' lang='lat' dir='ltr'>debitoribus</span> <span class='ocrx_word' id='word_1_608' title='bbox 880 4833 986 4872; x_wconf 87' lang='lat' dir='ltr'>sua</span> <span class='ocrx_word' id='word_1_609' title='bbox 1016 4816 1235 4886; x_wconf 89' lang='lat' dir='ltr'>lingua,</span> <span class='ocrx_word' id='word_1_610' title='bbox 1268 4816 1486 4871; x_wconf 85' lang='lat' dir='ltr'>Corban</span> <span class='ocrx_word' id='word_1_611' title='bbox 1535 4821 1623 4870; x_wconf 91' lang='lat' dir='ltr'>est</span> <span class='ocrx_word' id='word_1_612' title='bbox 1682 4817 1738 4870; x_wconf 91' lang='lat' dir='ltr'>id</span> <span class='ocrx_word' id='word_1_613' title='bbox 1773 4819 1926 4887; x_wconf 91' lang='lat' dir='ltr'>quod</span> 
     </span>
    </p>
   </div>
   <div class='ocr_carea' id='block_1_88' title="bbox 270 4886 1926 4956">
    <p class='ocr_par' dir='ltr' id='par_1_88' title="bbox 270 4886 1926 4956">
     <span class='ocr_line' id='line_1_88' title="bbox 270 4886 1926 4956; baseline 0.001 -15"><span class='ocrx_word' id='word_1_614' title='bbox 270 4886 424 4941; x_wconf 89' lang='lat' dir='ltr'>mihi</span> <span class='ocrx_word' id='word_1_615' title='bbox 455 4887 652 4956; x_wconf 84' lang='lat' dir='ltr'>debes,</span> <span class='ocrx_word' id='word_1_616' title='bbox 685 4887 795 4942; x_wconf 88' lang='lat' dir='ltr'>hoc</span> <span class='ocrx_word' id='word_1_617' title='bbox 843 4893 930 4943; x_wconf 91' lang='lat' dir='ltr'>est</span> <span class='ocrx_word' id='word_1_618' title='bbox 960 4889 1179 4944; x_wconf 91' lang='lat' dir='ltr'>donum</span> <span class='ocrx_word' id='word_1_619' title='bbox 1207 4906 1219 4954; x_wconf 91' lang='lat'><strong>;</strong></span> <span class='ocrx_word' id='word_1_620' title='bbox 1281 4887 1541 4942; x_wconf 85' lang='lat' dir='ltr'>dedicavi</span> <span class='ocrx_word' id='word_1_621' title='bbox 1578 4888 1733 4942; x_wconf 90' lang='lat' dir='ltr'>enim</span> <span class='ocrx_word' id='word_1_622' title='bbox 1785 4886 1926 4942; x_wconf 86' lang='lat' dir='ltr'>illud</span> 
     </span>
    </p>
   </div>
   <div class='ocr_carea' id='block_1_89' title="bbox 269 4958 1928 5031">
    <p class='ocr_par' dir='ltr' id='par_1_89' title="bbox 269 4958 1928 5031">
     <span class='ocr_line' id='line_1_89' title="bbox 269 4958 1928 5031; baseline 0.002 -20"><span class='ocrx_word' id='word_1_623' title='bbox 269 4958 636 5031; x_wconf 81' lang='lat' dir='ltr'>pauperibus</span> <span class='ocrx_word' id='word_1_624' title='bbox 664 4958 724 5012; x_wconf 90' lang='lat' dir='ltr'>in</span> <span class='ocrx_word' id='word_1_625' title='bbox 746 4959 1028 5015; x_wconf 89' lang='lat' dir='ltr'>rationem</span> <span class='ocrx_word' id='word_1_626' title='bbox 1058 4959 1293 5031; x_wconf 87' lang='lat' dir='ltr'>pietatis</span> <span class='ocrx_word' id='word_1_627' title='bbox 1323 4975 1461 5030; x_wconf 88' lang='lat' dir='ltr'>erga</span> <span class='ocrx_word' id='word_1_628' title='bbox 1480 4958 1684 5031; x_wconf 90' lang='lat' dir='ltr'>Deum.</span> <span class='ocrx_word' id='word_1_629' title='bbox 1711 4959 1928 5015; x_wconf 90' lang='lat' dir='ltr'>Deinde</span> 
     </span>
    </p>
   </div>
   <div class='ocr_carea' id='block_1_90' title="bbox 269 5029 1926 5101">
    <p class='ocr_par' dir='ltr' id='par_1_90' title="bbox 269 5029 1926 5101">
     <span class='ocr_line' id='line_1_90' title="bbox 269 5029 1926 5101; baseline 0.002 -18"><span class='ocrx_word' id='word_1_630' title='bbox 269 5029 506 5084; x_wconf 90' lang='lat' dir='ltr'>debitor</span> <span class='ocrx_word' id='word_1_631' title='bbox 537 5034 817 5100; x_wconf 83' lang='lat' dir='ltr'>tanquam</span> <span class='ocrx_word' id='word_1_632' title='bbox 851 5048 965 5085; x_wconf 88' lang='lat' dir='ltr'>non</span> <span class='ocrx_word' id='word_1_633' title='bbox 995 5029 1335 5086; x_wconf 83' lang='lat' dir='ltr'>hominibus</span> <span class='ocrx_word' id='word_1_634' title='bbox 1363 5029 1637 5101; x_wconf 88' lang='lat' dir='ltr'>amplius,</span> <span class='ocrx_word' id='word_1_635' title='bbox 1671 5031 1770 5085; x_wconf 90' lang='lat' dir='ltr'>sed</span> <span class='ocrx_word' id='word_1_636' title='bbox 1813 5031 1926 5087; x_wconf 89' lang='lat' dir='ltr'>Deo</span> 
     </span>
    </p>
   </div>
   <div class='ocr_carea' id='block_1_91' title="bbox 272 5101 1927 5173">
    <p class='ocr_par' dir='ltr' id='par_1_91' title="bbox 272 5101 1927 5173">
     <span class='ocr_line' id='line_1_91' title="bbox 272 5101 1927 5173; baseline 0.002 -19"><span class='ocrx_word' id='word_1_637' title='bbox 272 5101 519 5173; x_wconf 69' lang='lat' dir='ltr'>debeas,</span> <span class='ocrx_word' id='word_1_638' title='bbox 572 5117 808 5173; x_wconf 69' lang='lat' dir='ltr'>suaeque</span> <span class='ocrx_word' id='word_1_639' title='bbox 865 5118 1001 5172; x_wconf 84' lang='lat' dir='ltr'>erga</span> <span class='ocrx_word' id='word_1_640' title='bbox 1055 5102 1222 5156; x_wconf 92' lang='lat' dir='ltr'>illum</span> <span class='ocrx_word' id='word_1_641' title='bbox 1269 5101 1485 5172; x_wconf 84' lang='lat' dir='ltr'>pietati,</span> <span class='ocrx_word' id='word_1_642' title='bbox 1546 5101 1722 5156; x_wconf 90' lang='lat' dir='ltr'>veluti</span> <span class='ocrx_word' id='word_1_643' title='bbox 1789 5102 1927 5158; x_wconf 92' lang='lat' dir='ltr'>illuc</span> 
     </span>
    </p>
   </div>
   <div class='ocr_carea' id='block_1_92' title="bbox 271 5170 1925 5240">
    <p class='ocr_par' dir='ltr' id='par_1_92' title="bbox 271 5170 1925 5240">
     <span class='ocr_line' id='line_1_92' title="bbox 271 5170 1925 5240; baseline 0.002 -15"><span class='ocrx_word' id='word_1_644' title='bbox 271 5170 754 5238; x_wconf 73' lang='lat' dir='ltr'>concludebatur,</span> <span class='ocrx_word' id='word_1_645' title='bbox 816 5178 880 5226; x_wconf 94' lang='lat' dir='ltr'>ut</span> <span class='ocrx_word' id='word_1_646' title='bbox 908 5170 1080 5228; x_wconf 78' lang='lat' dir='ltr'>etiam</span> <span class='ocrx_word' id='word_1_647' title='bbox 1136 5170 1337 5227; x_wconf 77' lang='lat' dir='ltr'>nolens</span> <span class='ocrx_word' id='word_1_648' title='bbox 1369 5173 1631 5227; x_wconf 90' lang='lat' dir='ltr'>debitum</span> <span class='ocrx_word' id='word_1_649' title='bbox 1666 5174 1925 5240; x_wconf 83' lang='lat' dir='ltr'>referret,</span> 
     </span>
    </p>
   </div>
   <div class='ocr_carea' id='block_1_93' title="bbox 270 5241 1924 5314">
    <p class='ocr_par' dir='ltr' id='par_1_93' title="bbox 270 5241 1924 5314">
     <span class='ocr_line' id='line_1_93' title="bbox 270 5241 1924 5314; baseline 0.002 -17"><span class='ocrx_word' id='word_1_650' title='bbox 270 5259 389 5297; x_wconf 90' lang='lat' dir='ltr'>non</span> <span class='ocrx_word' id='word_1_651' title='bbox 421 5241 680 5313; x_wconf 87' lang='lat' dir='ltr'>amplius</span> <span class='ocrx_word' id='word_1_652' title='bbox 715 5245 1042 5313; x_wconf 87' lang='lat' dir='ltr'>feneratori,</span> <span class='ocrx_word' id='word_1_653' title='bbox 1087 5245 1186 5299; x_wconf 89' lang='lat' dir='ltr'>sed</span> <span class='ocrx_word' id='word_1_654' title='bbox 1219 5244 1343 5314; x_wconf 83' lang='lat' dir='ltr'>jam</span> <span class='ocrx_word' id='word_1_655' title='bbox 1400 5246 1510 5298; x_wconf 90' lang='lat' dir='ltr'>Deo</span> <span class='ocrx_word' id='word_1_656' title='bbox 1542 5244 1600 5298; x_wconf 92' lang='lat' dir='ltr'>in</span> <span class='ocrx_word' id='word_1_657' title='bbox 1644 5245 1924 5300; x_wconf 88' lang='lat' dir='ltr'>rationem</span> 
     </span>
    </p>
   </div>
   <div class='ocr_carea' id='block_1_94' title="bbox 270 5314 1925 5385">
    <p class='ocr_par' dir='ltr' id='par_1_94' title="bbox 270 5314 1925 5385">
     <span class='ocr_line' id='line_1_94' title="bbox 270 5314 1925 5385; baseline 0.002 -18"><span class='ocrx_word' id='word_1_658' title='bbox 270 5330 626 5384; x_wconf 84' lang='lat' dir='ltr'>pauperum,</span> <span class='ocrx_word' id='word_1_659' title='bbox 659 5316 896 5370; x_wconf 89' lang='lat' dir='ltr'>nomine</span> <span class='ocrx_word' id='word_1_660' title='bbox 930 5317 1292 5371; x_wconf 86' lang='lat' dir='ltr'>feneratoris.</span> <span class='ocrx_word' id='word_1_661' title='bbox 1327 5315 1486 5379; x_wconf 87' lang='lat' dir='ltr'>Quod</span> <span class='ocrx_word' id='word_1_662' title='bbox 1547 5314 1726 5385; x_wconf 88' lang='lat' dir='ltr'>igitur</span> <span class='ocrx_word' id='word_1_663' title='bbox 1771 5317 1925 5371; x_wconf 90' lang='lat' dir='ltr'>fene-</span> 
     </span>
    </p>
   </div>
   <div class='ocr_carea' id='block_1_95' title="bbox 268 5385 1926 5457">
    <p class='ocr_par' dir='ltr' id='par_1_95' title="bbox 268 5385 1926 5457">
     <span class='ocr_line' id='line_1_95' title="bbox 268 5385 1926 5457; baseline 0.002 -18"><span class='ocrx_word' id='word_1_664' title='bbox 268 5389 436 5439; x_wconf 83' lang='lat' dir='ltr'>rator</span> <span class='ocrx_word' id='word_1_665' title='bbox 466 5385 715 5457; x_wconf 81' lang='lat' dir='ltr'>faciebat</span> <span class='ocrx_word' id='word_1_666' title='bbox 744 5387 1035 5455; x_wconf 89' lang='lat' dir='ltr'>creditori,</span> <span class='ocrx_word' id='word_1_667' title='bbox 1081 5386 1223 5440; x_wconf 89' lang='lat' dir='ltr'>illud</span> <span class='ocrx_word' id='word_1_668' title='bbox 1258 5386 1408 5441; x_wconf 91' lang='lat' dir='ltr'>idem</span> <span class='ocrx_word' id='word_1_669' title='bbox 1441 5385 1709 5457; x_wconf 88' lang='lat' dir='ltr'>nonnulli</span> <span class='ocrx_word' id='word_1_670' title='bbox 1741 5403 1926 5457; x_wconf 90' lang='lat' dir='ltr'>quan-</span> 
     </span>
    </p>
   </div>
   <div class='ocr_carea' id='block_1_96' title="bbox 268 5456 1922 5529">
    <p class='ocr_par' dir='ltr' id='par_1_96' title="bbox 268 5456 1922 5529">
     <span class='ocr_line' id='line_1_96' title="bbox 268 5456 1922 5529; baseline 0.004 -20"><span class='ocrx_word' id='word_1_671' title='bbox 268 5457 471 5529; x_wconf 72' lang='lat' dir='ltr'>doque</span> <span class='ocrx_word' id='word_1_672' title='bbox 502 5456 610 5529; x_wconf 16' lang='lat' dir='ltr'>ﬁlii,</span> <span class='ocrx_word' id='word_1_673' title='bbox 637 5458 925 5513; x_wconf 87' lang='lat' dir='ltr'>faciebant</span> <span class='ocrx_word' id='word_1_674' title='bbox 959 5458 1321 5529; x_wconf 89' lang='lat' dir='ltr'>parentibus.</span> <span class='ocrx_word' id='word_1_675' title='bbox 1355 5456 1740 5529; x_wconf 88' lang='lat' dir='ltr'>dicebantque</span> <span class='ocrx_word' id='word_1_676' title='bbox 1763 5456 1922 5515; x_wconf 88' lang='lat' dir='ltr'>illis:</span> 
     </span>
    </p>
   </div>
   <div class='ocr_carea' id='block_1_97' title="bbox 266 5527 1926 5599">
    <p class='ocr_par' dir='ltr' id='par_1_97' title="bbox 266 5527 1926 5599">
     <span class='ocr_line' id='line_1_97' title="bbox 266 5527 1926 5599; baseline 0.002 -18"><span class='ocrx_word' id='word_1_677' title='bbox 266 5527 426 5599; x_wconf 83' lang='lat' dir='ltr'>Illud</span> <span class='ocrx_word' id='word_1_678' title='bbox 462 5528 617 5598; x_wconf 90' lang='lat' dir='ltr'>quod</span> <span class='ocrx_word' id='word_1_679' title='bbox 651 5549 684 5583; x_wconf 84' lang='lat' dir='ltr'>a</span> <span class='ocrx_word' id='word_1_680' title='bbox 715 5545 807 5583; x_wconf 87' lang='lat' dir='ltr'>me</span> <span class='ocrx_word' id='word_1_681' title='bbox 839 5527 1079 5599; x_wconf 84' lang='lat' dir='ltr'>adjutus</span> <span class='ocrx_word' id='word_1_682' title='bbox 1132 5529 1364 5596; x_wconf 86' lang='lat' dir='ltr'>fuisses,</span> <span class='ocrx_word' id='word_1_683' title='bbox 1399 5532 1561 5599; x_wconf 92' lang='lat' dir='ltr'>pater</span> <span class='ocrx_word' id='word_1_684' title='bbox 1591 5528 1677 5582; x_wconf 89' lang='lat' dir='ltr'>vel</span> <span class='ocrx_word' id='word_1_685' title='bbox 1719 5535 1926 5599; x_wconf 87' lang='lat' dir='ltr'>mater,</span> 
     </span>
    </p>
   </div>
   <div class='ocr_carea' id='block_1_98' title="bbox 265 5598 1925 5673">
    <p class='ocr_par' dir='ltr' id='par_1_98' title="bbox 265 5598 1925 5673">
     <span class='ocr_line' id='line_1_98' title="bbox 265 5598 1925 5673; baseline 0.002 -19"><span class='ocrx_word' id='word_1_686' title='bbox 265 5598 420 5673; x_wconf 71' lang='lat' dir='ltr'>scito</span> <span class='ocrx_word' id='word_1_687' title='bbox 453 5606 828 5672; x_wconf 87' lang='lat' dir='ltr'>accepturum</span> <span class='ocrx_word' id='word_1_688' title='bbox 860 5619 889 5657; x_wconf 89' lang='lat' dir='ltr'>e</span> <span class='ocrx_word' id='word_1_689' title='bbox 910 5598 1175 5673; x_wconf 25' lang='lat' dir='ltr'>’Corban,</span> <span class='ocrx_word' id='word_1_690' title='bbox 1209 5601 1280 5656; x_wconf 92' lang='lat' dir='ltr'>de</span> <span class='ocrx_word' id='word_1_691' title='bbox 1330 5598 1552 5673; x_wconf 82' lang='lat' dir='ltr'>ratione</span> <span class='ocrx_word' id='word_1_692' title='bbox 1603 5616 1925 5673; x_wconf 88' lang='lat' dir='ltr'>pauperum</span> 
     </span>
    </p>
   </div>
   <div class='ocr_carea' id='block_1_99' title="bbox 263 5671 1928 5748">
    <p class='ocr_par' dir='ltr' id='par_1_99' title="bbox 263 5671 1928 5748">
     <span class='ocr_line' id='line_1_99' title="bbox 263 5671 1928 5748; baseline 0.003 -14"><span class='ocrx_word' id='word_1_693' title='bbox 263 5671 395 5734; x_wconf 85' lang='lat' dir='ltr'>Deo</span> <span class='ocrx_word' id='word_1_694' title='bbox 443 5671 940 5735; x_wconf 80' lang='lat' dir='ltr'>consecratorum.</span> <span class='ocrx_word' id='word_1_695' title='bbox 1019 5672 1232 5732; x_wconf 86' lang='lat' dir='ltr'>Deinde</span> <span class='ocrx_word' id='word_1_696' title='bbox 1306 5671 1620 5734; x_wconf 71' lang='lat' dir='ltr'>audientes</span> <span class='ocrx_word' id='word_1_697' title='bbox 1655 5671 1928 5748; x_wconf 69' lang='lat' dir='ltr'>parentes</span> 
     </span>
    </p>
   </div>
   <div class='ocr_carea' id='block_1_100' title="bbox 2038 3286 3688 3358">
    <p class='ocr_par' dir='ltr' id='par_1_100' title="bbox 2038 3286 3688 3358">
     <span class='ocr_line' id='line_1_100' title="bbox 2038 3286 3688 3358; baseline 0.002 -17"><span class='ocrx_word' id='word_1_698' title='bbox 2038 3289 2244 3342; x_wconf 72' lang='lat' dir='ltr'>dixeris</span> <span class='ocrx_word' id='word_1_699' title='bbox 2297 3288 2446 3357; x_wconf 64' lang='lat' dir='ltr'>(Act.</span> <span class='ocrx_word' id='word_1_700' title='bbox 2479 3303 2534 3348; x_wconf 90' lang='lat' dir='ltr'>x,</span> <span class='ocrx_word' id='word_1_701' title='bbox 2565 3286 2673 3355; x_wconf 85' lang='grc'>15).</span> <span class='ocrx_word' id='word_1_702' title='bbox 2705 3289 3025 3340; x_wconf 90' lang='lat' dir='ltr'>Commune</span> <span class='ocrx_word' id='word_1_703' title='bbox 3057 3302 3216 3357; x_wconf 86' lang='lat' dir='ltr'>ergo,</span> <span class='ocrx_word' id='word_1_704' title='bbox 3276 3287 3428 3358; x_wconf 91' lang='lat' dir='ltr'>quod</span> <span class='ocrx_word' id='word_1_705' title='bbox 3462 3289 3688 3346; x_wconf 68' lang='lat' dir='ltr'>caeteris</span> 
     </span>
    </p>
   </div>
   <div class='ocr_carea' id='block_1_101' title="bbox 2039 3374 3683 3448">
    <p class='ocr_par' dir='ltr' id='par_1_101' title="bbox 2039 3374 3683 3448">
     <span class='ocr_line' id='line_1_101' title="bbox 2039 3374 3683 3448; baseline 0.002 -18"><span class='ocrx_word' id='word_1_706' title='bbox 2039 3376 2378 3431; x_wconf 85' lang='lat' dir='ltr'>hominibus</span> <span class='ocrx_word' id='word_1_707' title='bbox 2410 3380 2586 3445; x_wconf 90' lang='lat' dir='ltr'>patet,</span> <span class='ocrx_word' id='word_1_708' title='bbox 2636 3379 2694 3428; x_wconf 91' lang='lat' dir='ltr'>et</span> <span class='ocrx_word' id='word_1_709' title='bbox 2750 3374 2918 3444; x_wconf 89' lang='lat' dir='ltr'>quasi</span> <span class='ocrx_word' id='word_1_710' title='bbox 2971 3391 3084 3428; x_wconf 92' lang='lat' dir='ltr'>non</span> <span class='ocrx_word' id='word_1_711' title='bbox 3133 3383 3216 3429; x_wconf 90' lang='lat' dir='ltr'>est</span> <span class='ocrx_word' id='word_1_712' title='bbox 3249 3375 3319 3429; x_wconf 92' lang='lat' dir='ltr'>de</span> <span class='ocrx_word' id='word_1_713' title='bbox 3360 3381 3521 3447; x_wconf 88' lang='lat' dir='ltr'>parte</span> <span class='ocrx_word' id='word_1_714' title='bbox 3561 3377 3683 3448; x_wconf 92' lang='lat' dir='ltr'>Dei,</span> 
     </span>
    </p>
   </div>
   <div class='ocr_carea' id='block_1_102' title="bbox 2040 3461 3687 3535">
    <p class='ocr_par' dir='ltr' id='par_1_102' title="bbox 2040 3461 3687 3535">
     <span class='ocr_line' id='line_1_102' title="bbox 2040 3461 3687 3535; baseline 0.002 -17"><span class='ocrx_word' id='word_1_715' title='bbox 2040 3482 2142 3535; x_wconf 92' lang='lat' dir='ltr'>pro</span> <span class='ocrx_word' id='word_1_716' title='bbox 2175 3464 2480 3518; x_wconf 90' lang='lat' dir='ltr'>immundo</span> <span class='ocrx_word' id='word_1_717' title='bbox 2532 3461 2882 3534; x_wconf 88' lang='lat' dir='ltr'>appellatur.</span> <span class='ocrx_word' id='word_1_718' title='bbox 2916 3466 3042 3517; x_wconf 83' lang='lat' dir='ltr'>Non</span> <span class='ocrx_word' id='word_1_719' title='bbox 3100 3463 3244 3533; x_wconf 87' lang='lat' dir='ltr'>quod</span> <span class='ocrx_word' id='word_1_720' title='bbox 3299 3465 3474 3518; x_wconf 83' lang='lat' dir='ltr'>intrat</span> <span class='ocrx_word' id='word_1_721' title='bbox 3515 3468 3574 3520; x_wconf 82' lang='lat' dir='ltr'>in</span> <span class='ocrx_word' id='word_1_722' title='bbox 3631 3482 3687 3522; x_wconf 84' lang='lat' dir='ltr'>os</span> 
     </span>
    </p>
   </div>
   <div class='ocr_carea' id='block_1_103' title="bbox 2037 3551 3691 3623">
    <p class='ocr_par' dir='ltr' id='par_1_103' title="bbox 2037 3551 3691 3623">
     <span class='ocr_line' id='line_1_103' title="bbox 2037 3551 3691 3623; baseline 0.002 -15"><span class='ocrx_word' id='word_1_723' title='bbox 2037 3553 2397 3609; x_wconf 80' lang='lat' dir='ltr'>communicat</span> <span class='ocrx_word' id='word_1_724' title='bbox 2428 3552 2748 3607; x_wconf 82' lang='lat' dir='ltr'>hominem:</span> <span class='ocrx_word' id='word_1_725' title='bbox 2776 3551 2871 3605; x_wconf 79' lang='lat' dir='ltr'>sed</span> <span class='ocrx_word' id='word_1_726' title='bbox 2892 3552 3030 3622; x_wconf 80' lang='lat' dir='ltr'>quod</span> <span class='ocrx_word' id='word_1_727' title='bbox 3070 3552 3312 3622; x_wconf 82' lang='lat' dir='ltr'>procedit</span> <span class='ocrx_word' id='word_1_728' title='bbox 3347 3568 3418 3607; x_wconf 69' lang='lat' dir='ltr'>ex</span> <span class='ocrx_word' id='word_1_729' title='bbox 3448 3569 3559 3623; x_wconf 73' lang='lat' dir='ltr'>ore,</span> <span class='ocrx_word' id='word_1_730' title='bbox 3593 3555 3691 3611; x_wconf 85' lang='lat' dir='ltr'>hoc</span> 
     </span>
    </p>
   </div>
   <div class='ocr_carea' id='block_1_104' title="bbox 2036 3675 3682 3748">
    <p class='ocr_par' dir='ltr' id='par_1_104' title="bbox 2036 3675 3682 3748">
     <span class='ocr_line' id='line_1_104' title="bbox 2036 3675 3682 3748; baseline 0 -14"><span class='ocrx_word' id='word_1_731' title='bbox 2036 3679 2259 3734; x_wconf 86' lang='lat' dir='ltr'>Corban</span> <span class='ocrx_word' id='word_1_732' title='bbox 2292 3692 2419 3732; x_wconf 89' lang='lat' dir='ltr'>esse</span> <span class='ocrx_word' id='word_1_733' title='bbox 2451 3675 2567 3731; x_wconf 92' lang='lat' dir='ltr'>Deo</span> <span class='ocrx_word' id='word_1_734' title='bbox 2615 3680 3043 3748; x_wconf 83' lang='lat' dir='ltr'>consecratum,</span> <span class='ocrx_word' id='word_1_735' title='bbox 3095 3675 3152 3730; x_wconf 92' lang='lat' dir='ltr'>id</span> <span class='ocrx_word' id='word_1_736' title='bbox 3212 3678 3364 3748; x_wconf 89' lang='lat' dir='ltr'>quod</span> <span class='ocrx_word' id='word_1_737' title='bbox 3397 3678 3510 3732; x_wconf 90' lang='lat' dir='ltr'>sibi</span> <span class='ocrx_word' id='word_1_738' title='bbox 3543 3680 3682 3735; x_wconf 86' lang='lat' dir='ltr'>dan-</span> 
     </span>
    </p>
   </div>
   <div class='ocr_carea' id='block_1_105' title="bbox 2037 3746 3682 3824">
    <p class='ocr_par' dir='ltr' id='par_1_105' title="bbox 2037 3746 3682 3824">
     <span class='ocr_line' id='line_1_105' title="bbox 2037 3746 3682 3824; baseline 0.002 -21"><span class='ocrx_word' id='word_1_739' title='bbox 2037 3751 2178 3824; x_wconf 85' lang='lat' dir='ltr'>dum</span> <span class='ocrx_word' id='word_1_740' title='bbox 2218 3753 2509 3824; x_wconf 31' lang='lat' dir='ltr'>erattnon</span> <span class='ocrx_word' id='word_1_741' title='bbox 2561 3746 2898 3824; x_wconf 88' lang='lat' dir='ltr'>amplius__a</span> <span class='ocrx_word' id='word_1_742' title='bbox 2929 3746 3063 3801; x_wconf 87' lang='lat' dir='ltr'>ﬁliis</span> <span class='ocrx_word' id='word_1_743' title='bbox 3094 3746 3354 3824; x_wconf 85' lang='lat' dir='ltr'>accipere</span> <span class='ocrx_word' id='word_1_744' title='bbox 3393 3749 3682 3824; x_wconf 77' lang='lat' dir='ltr'>volebant,</span> 
     </span>
    </p>
   </div>
   <div class='ocr_carea' id='block_1_106' title="bbox 2035 3818 3680 3892">
    <p class='ocr_par' dir='ltr' id='par_1_106' title="bbox 2035 3818 3680 3892">
     <span class='ocr_line' id='line_1_106' title="bbox 2035 3818 3680 3892; baseline 0.002 -17"><span class='ocrx_word' id='word_1_745' title='bbox 2035 3820 2263 3892; x_wconf 86' lang='lat' dir='ltr'>etiamsi</span> <span class='ocrx_word' id='word_1_746' title='bbox 2310 3820 2484 3874; x_wconf 92' lang='lat' dir='ltr'>rebus</span> <span class='ocrx_word' id='word_1_747' title='bbox 2535 3818 2879 3892; x_wconf 78' lang='lat' dir='ltr'>necessariis</span> <span class='ocrx_word' id='word_1_748' title='bbox 2931 3818 3283 3892; x_wconf 79' lang='lat' dir='ltr'>magnopere</span> <span class='ocrx_word' id='word_1_749' title='bbox 3312 3818 3680 3892; x_wconf 54' lang='lat' dir='ltr'>indigerent;</span> 
     </span>
    </p>
   </div>
   <div class='ocr_carea' id='block_1_107' title="bbox 2035 3889 3683 3964">
    <p class='ocr_par' dir='ltr' id='par_1_107' title="bbox 2035 3889 3683 3964">
     <span class='ocr_line' id='line_1_107' title="bbox 2035 3889 3683 3964; baseline 0.001 -18"><span class='ocrx_word' id='word_1_750' title='bbox 2035 3891 2234 3964; x_wconf 84' lang='lat' dir='ltr'>Talem</span> <span class='ocrx_word' id='word_1_751' title='bbox 2266 3907 2402 3962; x_wconf 91' lang='lat' dir='ltr'>ergo</span> <span class='ocrx_word' id='word_1_752' title='bbox 2432 3889 3078 3964; x_wconf 79' lang='lat' dir='ltr'>traditionemseniores</span> <span class='ocrx_word' id='word_1_753' title='bbox 3095 3889 3250 3964; x_wconf 79' lang='lat' dir='ltr'>apud</span> <span class='ocrx_word' id='word_1_754' title='bbox 3272 3889 3528 3964; x_wconf 78' lang='lat' dir='ltr'>plebeios</span> <span class='ocrx_word' id='word_1_755' title='bbox 3552 3911 3683 3964; x_wconf 91' lang='lat' dir='ltr'>pro-</span> 
     </span>
    </p>
   </div>
   <div class='ocr_carea' id='block_1_108' title="bbox 2034 3960 3682 4032">
    <p class='ocr_par' dir='ltr' id='par_1_108' title="bbox 2034 3960 3682 4032">
     <span class='ocr_line' id='line_1_108' title="bbox 2034 3960 3682 4032; baseline 0.002 -15"><span class='ocrx_word' id='word_1_756' title='bbox 2034 3963 2298 4018; x_wconf 88' lang='lat' dir='ltr'>ferebant</span> <span class='ocrx_word' id='word_1_757' title='bbox 2332 3960 2355 4029; x_wconf 68' lang='grc'>;”</span> <span class='ocrx_word' id='word_1_758' title='bbox 2378 3961 2714 4032; x_wconf 90' lang='lat' dir='ltr'>quicunque</span> <span class='ocrx_word' id='word_1_759' title='bbox 2762 3960 2972 4016; x_wconf 86' lang='lat' dir='ltr'>dixerit</span> <span class='ocrx_word' id='word_1_760' title='bbox 3029 3961 3175 4031; x_wconf 89' lang='lat' dir='ltr'>patri</span> <span class='ocrx_word' id='word_1_761' title='bbox 3230 3960 3317 4016; x_wconf 83' lang='lat' dir='ltr'>vel</span> <span class='ocrx_word' id='word_1_762' title='bbox 3374 3960 3570 4031; x_wconf 73' lang='lat' dir='ltr'>matri,</span> <span class='ocrx_word' id='word_1_763' title='bbox 3625 3965 3682 4020; x_wconf 93' lang='lat' dir='ltr'>id</span> 
     </span>
    </p>
   </div>
   <div class='ocr_carea' id='block_1_109' title="bbox 2076 4032 3684 4099">
    <p class='ocr_par' dir='ltr' id='par_1_109' title="bbox 2076 4032 3684 4099">
     <span class='ocr_line' id='line_1_109' title="bbox 2076 4032 3684 4099; baseline 0.001 -11"><span class='ocrx_word' id='word_1_764' title='bbox 2076 4035 2188 4089; x_wconf 92' lang='lat' dir='ltr'>uod</span> <span class='ocrx_word' id='word_1_765' title='bbox 2223 4033 2394 4088; x_wconf 86' lang='lat' dir='ltr'>alicui</span> <span class='ocrx_word' id='word_1_766' title='bbox 2427 4048 2628 4087; x_wconf 87' lang='lat' dir='ltr'>eorum</span> <span class='ocrx_word' id='word_1_767' title='bbox 2685 4032 2944 4086; x_wconf 89' lang='lat' dir='ltr'>dandum</span> <span class='ocrx_word' id='word_1_768' title='bbox 2978 4036 3120 4097; x_wconf 89' lang='lat' dir='ltr'>erat,</span> <span class='ocrx_word' id='word_1_769' title='bbox 3178 4033 3399 4087; x_wconf 88' lang='lat' dir='ltr'>Corban</span> <span class='ocrx_word' id='word_1_770' title='bbox 3445 4050 3592 4099; x_wconf 88' lang='lat' dir='ltr'>esse,</span> <span class='ocrx_word' id='word_1_771' title='bbox 3627 4039 3684 4090; x_wconf 86' lang='lat' dir='ltr'>et</span> 
     </span>
    </p>
   </div>
   <div class='ocr_carea' id='block_1_110' title="bbox 2034 4051 3676 4175">
    <p class='ocr_par' dir='ltr' id='par_1_110' title="bbox 2034 4051 3676 4175">
     <span class='ocr_line' id='line_1_110' title="bbox 2076 4051 3676 4099; baseline 0.001 -11"><span class='ocrx_word' id='word_1_772' title='bbox 2076 4051 2188 4089; x_wconf 85' lang='lat' dir='ltr'>nou</span> <span class='ocrx_word' id='word_1_773' title='bbox 2223 4051 2394 4088; x_wconf 79' lang='lat' dir='ltr'>ancui</span> <span class='ocrx_word' id='word_1_774' title='bbox 2427 4051 2628 4087; x_wconf 87' lang='lat' dir='ltr'>eorum</span> <span class='ocrx_word' id='word_1_775' title='bbox 2685 4051 2944 4086; x_wconf 84' lang='lat' dir='ltr'>danaum</span> <span class='ocrx_word' id='word_1_776' title='bbox 2978 4051 3120 4097; x_wconf 79' lang='lat' dir='ltr'>erat,</span> <span class='ocrx_word' id='word_1_777' title='bbox 3178 4051 3399 4087; x_wconf 74' lang='lat' dir='ltr'>uornan</span> <span class='ocrx_word' id='word_1_778' title='bbox 3445 4051 3592 4099; x_wconf 87' lang='lat' dir='ltr'>esse,</span> <span class='ocrx_word' id='word_1_779' title='bbox 3627 4051 3676 4090; x_wconf 79' lang='lat' dir='ltr'>et</span> 
     </span>
     <span class='ocr_line' id='line_1_111' title="bbox 2034 4051 3676 4175; baseline 0 -16"><span class='ocrx_word' id='word_1_780' title='bbox 2034 4051 2276 4171; x_wconf 60' lang='lat' dir='ltr'>genum,</span> <span class='ocrx_word' id='word_1_781' title='bbox 2309 4120 2441 4159; x_wconf 90' lang='lat' dir='ltr'>eum</span> <span class='ocrx_word' id='word_1_782' title='bbox 2467 4120 2578 4158; x_wconf 93' lang='lat' dir='ltr'>non</span> <span class='ocrx_word' id='word_1_783' title='bbox 2611 4102 3216 4175; x_wconf 82' lang='lat' dir='ltr'>ampliusdebitorem</span> <span class='ocrx_word' id='word_1_784' title='bbox 3241 4119 3368 4158; x_wconf 87' lang='lat' dir='ltr'>esse</span> <span class='ocrx_word' id='word_1_785' title='bbox 3399 4105 3548 4175; x_wconf 90' lang='lat' dir='ltr'>patri</span> <span class='ocrx_word' id='word_1_786' title='bbox 3588 4106 3676 4161; x_wconf 88' lang='lat' dir='ltr'>vel</span> 
     </span>
    </p>
   </div>
   <div class='ocr_carea' id='block_1_111' title="bbox 2036 4173 3679 4246">
    <p class='ocr_par' dir='ltr' id='par_1_111' title="bbox 2036 4173 3679 4246">
     <span class='ocr_line' id='line_1_112' title="bbox 2036 4173 3679 4246; baseline 0.001 -16"><span class='ocrx_word' id='word_1_787' title='bbox 2036 4177 2203 4230; x_wconf 87' lang='lat' dir='ltr'>matri</span> <span class='ocrx_word' id='word_1_788' title='bbox 2237 4177 2305 4230; x_wconf 90' lang='lat' dir='ltr'>ad</span> <span class='ocrx_word' id='word_1_789' title='bbox 2368 4173 2795 4246; x_wconf 85' lang='lat' dir='ltr'>suppeditanda</span> <span class='ocrx_word' id='word_1_790' title='bbox 2840 4173 2921 4228; x_wconf 91' lang='lat' dir='ltr'>illi</span> <span class='ocrx_word' id='word_1_791' title='bbox 2960 4173 3485 4246; x_wconf 66' lang='lat' dir='ltr'>vitienecessaria.</span> <span class='ocrx_word' id='word_1_792' title='bbox 3521 4176 3679 4232; x_wconf 88' lang='lat' dir='ltr'>Hanc</span> 
     </span>
    </p>
   </div>
   <div class='ocr_carea' id='block_1_112' title="bbox 2034 4245 3681 4318">
    <p class='ocr_par' dir='ltr' id='par_1_112' title="bbox 2034 4245 3681 4318">
     <span class='ocr_line' id='line_1_113' title="bbox 2034 4245 3681 4318; baseline 0.002 -17"><span class='ocrx_word' id='word_1_793' title='bbox 2034 4248 2215 4318; x_wconf 86' lang='lat' dir='ltr'>igitur</span> <span class='ocrx_word' id='word_1_794' title='bbox 2245 4245 2614 4301; x_wconf 79' lang='lat' dir='ltr'>traditionem</span> <span class='ocrx_word' id='word_1_795' title='bbox 2644 4251 2909 4318; x_wconf 83' lang='lat' dir='ltr'>servator</span> <span class='ocrx_word' id='word_1_796' title='bbox 2937 4245 3330 4318; x_wconf 82' lang='lat' dir='ltr'>reprehendit,</span> <span class='ocrx_word' id='word_1_797' title='bbox 3379 4264 3494 4302; x_wconf 92' lang='lat' dir='ltr'>non</span> <span class='ocrx_word' id='word_1_798' title='bbox 3522 4248 3681 4304; x_wconf 88' lang='lat' dir='ltr'>velut</span> 
     </span>
    </p>
   </div>
   <div class='ocr_carea' id='block_1_113' title="bbox 2034 4317 3682 4381">
    <p class='ocr_par' dir='ltr' id='par_1_113' title="bbox 2034 4317 3682 4381">
     <span class='ocr_line' id='line_1_114' title="bbox 2034 4317 3682 4381; baseline 0 -7"><span class='ocrx_word' id='word_1_799' title='bbox 2034 4317 2262 4381; x_wconf 74' lang='lat' dir='ltr'>sanam,</span> <span class='ocrx_word' id='word_1_800' title='bbox 2282 4318 2380 4372; x_wconf 90' lang='lat' dir='ltr'>sed</span> <span class='ocrx_word' id='word_1_801' title='bbox 2406 4318 2504 4371; x_wconf 92' lang='lat' dir='ltr'>Dei</span> <span class='ocrx_word' id='word_1_802' title='bbox 2540 4317 2811 4370; x_wconf 85' lang='lat' dir='ltr'>mandato</span> <span class='ocrx_word' id='word_1_803' title='bbox 2826 4317 3254 4372; x_wconf 87' lang='lat' dir='ltr'>adversantem.</span> <span class='ocrx_word' id='word_1_804' title='bbox 3287 4317 3433 4373; x_wconf 90' lang='lat' dir='ltr'>Nam</span> <span class='ocrx_word' id='word_1_805' title='bbox 3453 4319 3502 4374; x_wconf 89' lang='lat' dir='ltr'>si</span> <span class='ocrx_word' id='word_1_806' title='bbox 3526 4319 3682 4375; x_wconf 90' lang='lat' dir='ltr'>Deus</span> 
     </span>
    </p>
   </div>
   <div class='ocr_carea' id='block_1_114' title="bbox 2034 4388 3683 4459">
    <p class='ocr_par' dir='ltr' id='par_1_114' title="bbox 2034 4388 3683 4459">
     <span class='ocr_line' id='line_1_115' title="bbox 2034 4388 3683 4459; baseline 0.002 -16"><span class='ocrx_word' id='word_1_807' title='bbox 2034 4389 2210 4444; x_wconf 87' lang='lat' dir='ltr'>dicit:</span> <span class='ocrx_word' id='word_1_808' title='bbox 2257 4391 2474 4443; x_wconf 80' lang='lat' dir='ltr'>Honora</span> <span class='ocrx_word' id='word_1_809' title='bbox 2521 4392 2752 4459; x_wconf 71' lang='lat' dir='ltr'>patrem</span> <span class='ocrx_word' id='word_1_810' title='bbox 2783 4395 2836 4442; x_wconf 85' lang='lat' dir='ltr'>et</span> <span class='ocrx_word' id='word_1_811' title='bbox 2884 4395 3135 4457; x_wconf 85' lang='lat' dir='ltr'>matrem,</span> <span class='ocrx_word' id='word_1_812' title='bbox 3205 4388 3434 4445; x_wconf 89' lang='lat' dir='ltr'>dicebat</span> <span class='ocrx_word' id='word_1_813' title='bbox 3488 4397 3683 4446; x_wconf 89' lang='lat' dir='ltr'>autem</span> 
     </span>
    </p>
   </div>
   <div class='ocr_carea' id='block_1_115' title="bbox 2033 4457 3685 4531">
    <p class='ocr_par' dir='ltr' id='par_1_115' title="bbox 2033 4457 3685 4531">
     <span class='ocr_line' id='line_1_116' title="bbox 2033 4457 3685 4531; baseline 0.002 -17"><span class='ocrx_word' id='word_1_814' title='bbox 2033 4459 2300 4516; x_wconf 87' lang='lat' dir='ltr'>traditio:</span> <span class='ocrx_word' id='word_1_815' title='bbox 2361 4460 2488 4531; x_wconf 89' lang='lat' dir='ltr'>Non</span> <span class='ocrx_word' id='word_1_816' title='bbox 2522 4457 2712 4531; x_wconf 80' lang='lat' dir='ltr'>debet</span> <span class='ocrx_word' id='word_1_817' title='bbox 2740 4457 3026 4514; x_wconf 91' lang='lat' dir='ltr'>honorare</span> <span class='ocrx_word' id='word_1_818' title='bbox 3075 4465 3299 4531; x_wconf 90' lang='lat' dir='ltr'>patrem</span> <span class='ocrx_word' id='word_1_819' title='bbox 3351 4466 3409 4515; x_wconf 90' lang='lat' dir='ltr'>et</span> <span class='ocrx_word' id='word_1_820' title='bbox 3437 4467 3685 4517; x_wconf 87' lang='lat' dir='ltr'>matrem</span> 
     </span>
    </p>
   </div>
   <div class='ocr_carea' id='block_1_116' title="bbox 2033 4530 3684 4602">
    <p class='ocr_par' dir='ltr' id='par_1_116' title="bbox 2033 4530 3684 4602">
     <span class='ocr_line' id='line_1_117' title="bbox 2033 4530 3684 4602; baseline 0.002 -18"><span class='ocrx_word' id='word_1_821' title='bbox 2033 4531 2359 4602; x_wconf 82' lang='lat' dir='ltr'>largitione.</span> <span class='ocrx_word' id='word_1_822' title='bbox 2396 4530 2495 4602; x_wconf 90' lang='lat' dir='ltr'>qui</span> <span class='ocrx_word' id='word_1_823' title='bbox 2555 4530 2609 4582; x_wconf 92' lang='lat' dir='ltr'>id</span> <span class='ocrx_word' id='word_1_824' title='bbox 2645 4531 2796 4600; x_wconf 91' lang='lat' dir='ltr'>quod</span> <span class='ocrx_word' id='word_1_825' title='bbox 2859 4530 3105 4586; x_wconf 83' lang='lat' dir='ltr'>daturus</span> <span class='ocrx_word' id='word_1_826' title='bbox 3146 4536 3269 4585; x_wconf 87' lang='lat' dir='ltr'>erat</span> <span class='ocrx_word' id='word_1_827' title='bbox 3297 4533 3684 4602; x_wconf 87' lang='lat' dir='ltr'>parentibus,</span> 
     </span>
    </p>
   </div>
   <div class='ocr_carea' id='block_1_117' title="bbox 2040 4601 3690 4667">
    <p class='ocr_par' dir='ltr' id='par_1_117' title="bbox 2040 4601 3690 4667">
     <span class='ocr_line' id='line_1_118' title="bbox 2040 4601 3690 4667; baseline 0 -9"><span class='ocrx_word' id='word_1_828' title='bbox 2040 4601 2176 4667; x_wconf 91' lang='lat' dir='ltr'>Deo,</span> <span class='ocrx_word' id='word_1_829' title='bbox 2237 4606 2300 4656; x_wconf 91' lang='lat' dir='ltr'>ut</span> <span class='ocrx_word' id='word_1_830' title='bbox 2357 4601 2606 4665; x_wconf 87' lang='lat' dir='ltr'>Corban,</span> <span class='ocrx_word' id='word_1_831' title='bbox 2681 4603 3076 4657; x_wconf 89' lang='lat' dir='ltr'>consecravit:</span> <span class='ocrx_word' id='word_1_832' title='bbox 3151 4601 3528 4657; x_wconf 86' lang='lat' dir='ltr'>manifestum</span> <span class='ocrx_word' id='word_1_833' title='bbox 3599 4608 3690 4658; x_wconf 88' lang='lat' dir='ltr'>est</span> 
     </span>
    </p>
   </div>
   <div class='ocr_carea' id='block_1_118' title="bbox 2040 4673 3687 4743">
    <p class='ocr_par' dir='ltr' id='par_1_118' title="bbox 2040 4673 3687 4743">
     <span class='ocr_line' id='line_1_119' title="bbox 2040 4673 3687 4743; baseline 0.001 -15"><span class='ocrx_word' id='word_1_834' title='bbox 2040 4674 2220 4728; x_wconf 90' lang='lat' dir='ltr'>fuisse</span> <span class='ocrx_word' id='word_1_835' title='bbox 2253 4674 2566 4727; x_wconf 86' lang='lat' dir='ltr'>rescissum</span> <span class='ocrx_word' id='word_1_836' title='bbox 2599 4678 2951 4743; x_wconf 76' lang='lat' dir='ltr'>praeceptum</span> <span class='ocrx_word' id='word_1_837' title='bbox 2996 4673 3096 4727; x_wconf 82' lang='lat' dir='ltr'>D81</span> <span class='ocrx_word' id='word_1_838' title='bbox 3130 4673 3199 4727; x_wconf 92' lang='lat' dir='ltr'>de</span> <span class='ocrx_word' id='word_1_839' title='bbox 3232 4673 3446 4743; x_wconf 86' lang='lat' dir='ltr'>honore</span> <span class='ocrx_word' id='word_1_840' title='bbox 3481 4691 3687 4743; x_wconf 87' lang='lat' dir='ltr'>paren-</span> 
     </span>
    </p>
   </div>
   <div class='ocr_carea' id='block_1_119' title="bbox 2035 4742 3800 4814">
    <p class='ocr_par' dir='ltr' id='par_1_119' title="bbox 2035 4742 3800 4814">
     <span class='ocr_line' id='line_1_120' title="bbox 2035 4742 3800 4814; baseline 0.001 -14"><span class='ocrx_word' id='word_1_841' title='bbox 2035 4750 2186 4812; x_wconf 91' lang='lat' dir='ltr'>tum,</span> <span class='ocrx_word' id='word_1_842' title='bbox 2213 4744 2630 4799; x_wconf 62' lang='lat' dir='ltr'>Pbarisworum</span> <span class='ocrx_word' id='word_1_843' title='bbox 2667 4749 2723 4798; x_wconf 90' lang='lat' dir='ltr'>et</span> <span class='ocrx_word' id='word_1_844' title='bbox 2751 4742 3086 4798; x_wconf 83' lang='lat' dir='ltr'>Scribarum</span> <span class='ocrx_word' id='word_1_845' title='bbox 3120 4742 3689 4814; x_wconf 86' lang='lat' dir='ltr'>traditione,dicente</span> <span class='ocrx_word' id='word_1_846' title='bbox 3796 4743 3800 4747; x_wconf 80' lang='grc'><strong>’</strong></span> 
     </span>
    </p>
   </div>
   <div class='ocr_carea' id='block_1_120' title="bbox 2038 4813 3760 4886">
    <p class='ocr_par' dir='ltr' id='par_1_120' title="bbox 2038 4813 3760 4886">
     <span class='ocr_line' id='line_1_121' title="bbox 2038 4813 3760 4886; baseline 0 -14"><span class='ocrx_word' id='word_1_847' title='bbox 2038 4834 2151 4872; x_wconf 91' lang='lat' dir='ltr'>non</span> <span class='ocrx_word' id='word_1_848' title='bbox 2187 4814 2438 4885; x_wconf 89' lang='lat' dir='ltr'>amplius</span> <span class='ocrx_word' id='word_1_849' title='bbox 2469 4831 2600 4869; x_wconf 89' lang='lat' dir='ltr'>eum</span> <span class='ocrx_word' id='word_1_850' title='bbox 2636 4815 2844 4886; x_wconf 86' lang='lat' dir='ltr'>debere</span> <span class='ocrx_word' id='word_1_851' title='bbox 2891 4818 3114 4886; x_wconf 90' lang='lat' dir='ltr'>patrem</span> <span class='ocrx_word' id='word_1_852' title='bbox 3143 4813 3445 4886; x_wconf 78' lang='lat' dir='ltr'>honorare</span> <span class='ocrx_word' id='word_1_853' title='bbox 3477 4821 3532 4871; x_wconf 93' lang='lat' dir='ltr'>et</span> <span class='ocrx_word' id='word_1_854' title='bbox 3564 4834 3688 4873; x_wconf 84' lang='lat' dir='ltr'>ma-</span> <span class='ocrx_word' id='word_1_855' title='bbox 3756 4882 3760 4886; x_wconf 31' lang='grc' dir='ltr'>η</span> 
     </span>
    </p>
   </div>
   <div class='ocr_carea' id='block_1_121' title="bbox 2037 4885 3686 4958">
    <p class='ocr_par' dir='ltr' id='par_1_121' title="bbox 2037 4885 3686 4958">
     <span class='ocr_line' id='line_1_122' title="bbox 2037 4885 3686 4958; baseline 0.001 -16"><span class='ocrx_word' id='word_1_856' title='bbox 2037 4894 2208 4954; x_wconf 89' lang='lat' dir='ltr'>trem,</span> <span class='ocrx_word' id='word_1_857' title='bbox 2241 4886 2340 4957; x_wconf 92' lang='lat' dir='ltr'>qui</span> <span class='ocrx_word' id='word_1_858' title='bbox 2371 4887 2486 4941; x_wconf 91' lang='lat' dir='ltr'>Deo</span> <span class='ocrx_word' id='word_1_859' title='bbox 2536 4885 2730 4958; x_wconf 66' lang='lat' dir='ltr'>semei</span> <span class='ocrx_word' id='word_1_860' title='bbox 2755 4885 3184 4958; x_wconf 79' lang='lat' dir='ltr'>consecraverit</span> <span class='ocrx_word' id='word_1_861' title='bbox 3229 4885 3285 4940; x_wconf 92' lang='lat' dir='ltr'>id</span> <span class='ocrx_word' id='word_1_862' title='bbox 3337 4888 3491 4958; x_wconf 91' lang='lat' dir='ltr'>quod</span> <span class='ocrx_word' id='word_1_863' title='bbox 3525 4904 3686 4944; x_wconf 87' lang='lat' dir='ltr'>acce-</span> 
     </span>
    </p>
   </div>
   <div class='ocr_carea' id='block_1_122' title="bbox 2038 4955 3686 5031">
    <p class='ocr_par' dir='ltr' id='par_1_122' title="bbox 2038 4955 3686 5031">
     <span class='ocr_line' id='line_1_123' title="bbox 2038 4955 3686 5031; baseline 0.002 -19"><span class='ocrx_word' id='word_1_864' title='bbox 2038 4955 2572 5031; x_wconf 42' lang='lat' dir='ltr'>pissent—parentes.</span> <span class='ocrx_word' id='word_1_865' title='bbox 2607 4957 2675 5012; x_wconf 88' lang='lat' dir='ltr'>Et</span> <span class='ocrx_word' id='word_1_866' title='bbox 2705 4955 3000 5020; x_wconf 73' lang='lat' dir='ltr'>Pharisaei,</span> <span class='ocrx_word' id='word_1_867' title='bbox 3034 4959 3234 5031; x_wconf 85' lang='lat' dir='ltr'>utpote</span> <span class='ocrx_word' id='word_1_868' title='bbox 3266 4955 3445 5031; x_wconf 79' lang='lat' dir='ltr'>avari,</span> <span class='ocrx_word' id='word_1_869' title='bbox 3491 4975 3559 5015; x_wconf 87' lang='lat' dir='ltr'>ea</span> <span class='ocrx_word' id='word_1_870' title='bbox 3588 4961 3686 5016; x_wconf 89' lang='lat' dir='ltr'>do-</span> 
     </span>
    </p>
   </div>
   <div class='ocr_carea' id='block_1_123' title="bbox 2036 5028 3680 5100">
    <p class='ocr_par' dir='ltr' id='par_1_123' title="bbox 2036 5028 3680 5100">
     <span class='ocr_line' id='line_1_124' title="bbox 2036 5028 3680 5100; baseline 0.001 -15"><span class='ocrx_word' id='word_1_871' title='bbox 2036 5028 2261 5095; x_wconf 78' lang='lat' dir='ltr'>cebant,</span> <span class='ocrx_word' id='word_1_872' title='bbox 2298 5035 2362 5083; x_wconf 90' lang='lat' dir='ltr'>ut</span> <span class='ocrx_word' id='word_1_873' title='bbox 2391 5029 2500 5083; x_wconf 90' lang='lat' dir='ltr'>sub</span> <span class='ocrx_word' id='word_1_874' title='bbox 2559 5044 2889 5100; x_wconf 14' lang='lat' dir='ltr'>pauperum,</span> <span class='ocrx_word' id='word_1_875' title='bbox 2935 5028 3127 5100; x_wconf 91' lang='lat' dir='ltr'>specie</span> <span class='ocrx_word' id='word_1_876' title='bbox 3181 5045 3250 5083; x_wconf 91' lang='lat' dir='ltr'>ea</span> <span class='ocrx_word' id='word_1_877' title='bbox 3305 5030 3480 5085; x_wconf 90' lang='lat' dir='ltr'>etiam</span> <span class='ocrx_word' id='word_1_878' title='bbox 3533 5031 3680 5086; x_wconf 91' lang='lat' dir='ltr'>acci-</span> 
     </span>
    </p>
   </div>
   <div class='ocr_carea' id='block_1_124' title="bbox 2037 5097 3572 5173">
    <p class='ocr_par' dir='ltr' id='par_1_124' title="bbox 2037 5097 3572 5173">
     <span class='ocr_line' id='line_1_125' title="bbox 2037 5097 3572 5173; baseline -0.003 -17"><span class='ocrx_word' id='word_1_879' title='bbox 2037 5107 2256 5173; x_wconf 86' lang='lat' dir='ltr'>perent,</span> <span class='ocrx_word' id='word_1_880' title='bbox 2291 5117 2416 5172; x_wconf 73' lang='lat' dir='ltr'>qua:</span> <span class='ocrx_word' id='word_1_881' title='bbox 2451 5097 2794 5173; x_wconf 76' lang='lat' dir='ltr'>parentibus</span> <span class='ocrx_word' id='word_1_882' title='bbox 2819 5097 3067 5168; x_wconf 83' lang='lat' dir='ltr'>alicujus</span> <span class='ocrx_word' id='word_1_883' title='bbox 3099 5100 3293 5155; x_wconf 87' lang='lat' dir='ltr'>danda</span> <span class='ocrx_word' id='word_1_884' title='bbox 3323 5107 3507 5157; x_wconf 88' lang='lat' dir='ltr'>erant.</span> <span class='ocrx_word' id='word_1_885' title='bbox 3545 5124 3572 5151; x_wconf 88' lang='grc'>››</span> 
     </span>
    </p>
   </div>
   <div class='ocr_carea' id='block_1_125' title="bbox 2106 5171 2643 5236">
    <p class='ocr_par' dir='ltr' id='par_1_125' title="bbox 2106 5171 2643 5236">
     <span class='ocr_line' id='line_1_126' title="bbox 2106 5171 2643 5236; baseline -0.006 -10"><span class='ocrx_word' id='word_1_886' title='bbox 2106 5174 2127 5207; x_wconf 84' lang='grc'><strong><em>³</em></strong></span> <span class='ocrx_word' id='word_1_887' title='bbox 2149 5171 2486 5236; x_wconf 82' lang='lat' dir='ltr'>Rhabanus,</span> <span class='ocrx_word' id='word_1_888' title='bbox 2516 5171 2643 5224; x_wconf 89' lang='lat' dir='ltr'>tali.</span> 
     </span>
    </p>
   </div>
   <div class='ocr_carea' id='block_1_126' title="bbox 2107 5239 3687 5314">
    <p class='ocr_par' dir='ltr' id='par_1_126' title="bbox 2107 5239 3687 5314">
     <span class='ocr_line' id='line_1_127' title="bbox 2107 5239 3687 5314; baseline 0.001 -17"><span class='ocrx_word' id='word_1_889' title='bbox 2107 5247 2128 5278; x_wconf 78' lang='grc'>²</span> <span class='ocrx_word' id='word_1_890' title='bbox 2156 5243 2303 5297; x_wconf 86' lang='lat' dir='ltr'>Alibi</span> <span class='ocrx_word' id='word_1_891' title='bbox 2333 5245 2570 5297; x_wconf 84' lang='lat' dir='ltr'>tenetur.</span> <span class='ocrx_word' id='word_1_892' title='bbox 2615 5241 2786 5294; x_wconf 91' lang='lat' dir='ltr'>Porro</span> <span class='ocrx_word' id='word_1_893' title='bbox 2835 5239 3115 5314; x_wconf 9' lang='lat' dir='ltr'>inrveleri</span> <span class='ocrx_word' id='word_1_894' title='bbox 3163 5241 3524 5314; x_wconf 87' lang='lat' dir='ltr'>Evangelior.</span> <span class='ocrx_word' id='word_1_895' title='bbox 3563 5243 3687 5314; x_wconf 80' lang='lat' dir='ltr'>Ve-</span> 
     </span>
    </p>
   </div>
   <div class='ocr_carea' id='block_1_127' title="bbox 2038 5313 3683 5382">
    <p class='ocr_par' dir='ltr' id='par_1_127' title="bbox 2038 5313 3683 5382">
     <span class='ocr_line' id='line_1_128' title="bbox 2038 5313 3683 5382; baseline 0 -12"><span class='ocrx_word' id='word_1_896' title='bbox 2038 5314 2269 5370; x_wconf 88' lang='lat' dir='ltr'>ronensi</span> <span class='ocrx_word' id='word_1_897' title='bbox 2323 5329 2430 5367; x_wconf 91' lang='lat' dir='ltr'>ms.</span> <span class='ocrx_word' id='word_1_898' title='bbox 2484 5328 2585 5382; x_wconf 91' lang='lat' dir='ltr'>pro</span> <span class='ocrx_word' id='word_1_899' title='bbox 2643 5313 3007 5367; x_wconf 82' lang='lat' dir='ltr'>communicat</span> <span class='ocrx_word' id='word_1_900' title='bbox 3049 5313 3230 5368; x_wconf 87' lang='lat' dir='ltr'>altero</span> <span class='ocrx_word' id='word_1_901' title='bbox 3279 5313 3509 5369; x_wconf 80' lang='lat' dir='ltr'>tantum</span> <span class='ocrx_word' id='word_1_902' title='bbox 3558 5313 3683 5370; x_wconf 91' lang='lat' dir='ltr'>loco</span> 
     </span>
    </p>
   </div>
   <div class='ocr_carea' id='block_1_128' title="bbox 2037 5382 3686 5454">
    <p class='ocr_par' dir='ltr' id='par_1_128' title="bbox 2037 5382 3686 5454">
     <span class='ocr_line' id='line_1_129' title="bbox 2037 5382 3686 5454; baseline -0.001 -12"><span class='ocrx_word' id='word_1_903' title='bbox 2037 5392 2146 5450; x_wconf 90' lang='lat' dir='ltr'>est,</span> <span class='ocrx_word' id='word_1_904' title='bbox 2179 5387 2472 5454; x_wconf 82' lang='lat' dir='ltr'>inquinat:</span> <span class='ocrx_word' id='word_1_905' title='bbox 2519 5382 2644 5437; x_wconf 88' lang='lat' dir='ltr'>vice</span> <span class='ocrx_word' id='word_1_906' title='bbox 2692 5400 2858 5438; x_wconf 89' lang='lat' dir='ltr'>versa</span> <span class='ocrx_word' id='word_1_907' title='bbox 2886 5384 3149 5454; x_wconf 89' lang='lat' dir='ltr'>inferius,</span> <span class='ocrx_word' id='word_1_908' title='bbox 3184 5385 3282 5439; x_wconf 91' lang='lat' dir='ltr'>ubi</span> <span class='ocrx_word' id='word_1_909' title='bbox 3333 5391 3526 5441; x_wconf 88' lang='lat' dir='ltr'>textus</span> <span class='ocrx_word' id='word_1_910' title='bbox 3577 5387 3686 5442; x_wconf 89' lang='lat' dir='ltr'>iste</span> 
     </span>
    </p>
   </div>
   <div class='ocr_carea' id='block_1_129' title="bbox 2039 5455 3684 5533">
    <p class='ocr_par' dir='ltr' id='par_1_129' title="bbox 2039 5455 3684 5533">
     <span class='ocr_line' id='line_1_130' title="bbox 2039 5455 3684 5533; baseline 0.001 -21"><span class='ocrx_word' id='word_1_911' title='bbox 2039 5463 2305 5533; x_wconf 72' lang='lat' dir='ltr'>recurrit,</span> <span class='ocrx_word' id='word_1_912' title='bbox 2338 5455 2656 5533; x_wconf 83' lang='lat' dir='ltr'>coinquinat</span> <span class='ocrx_word' id='word_1_913' title='bbox 2685 5455 2874 5533; x_wconf 88' lang='lat' dir='ltr'>primo</span> <span class='ocrx_word' id='word_1_914' title='bbox 2908 5455 3029 5511; x_wconf 92' lang='lat' dir='ltr'>loco</span> <span class='ocrx_word' id='word_1_915' title='bbox 3053 5461 3142 5511; x_wconf 88' lang='lat' dir='ltr'>est</span> <span class='ocrx_word' id='word_1_916' title='bbox 3171 5456 3230 5512; x_wconf 91' lang='lat' dir='ltr'>in</span> <span class='ocrx_word' id='word_1_917' title='bbox 3254 5474 3369 5514; x_wconf 87' lang='lat' dir='ltr'>uno</span> <span class='ocrx_word' id='word_1_918' title='bbox 3403 5456 3684 5533; x_wconf 85' lang='lat' dir='ltr'>Palatino,</span> 
     </span>
    </p>
   </div>
   <div class='ocr_carea' id='block_1_130' title="bbox 2038 5527 2727 5584">
    <p class='ocr_par' dir='ltr' id='par_1_130' title="bbox 2038 5527 2727 5584">
     <span class='ocr_line' id='line_1_131' title="bbox 2038 5527 2727 5584; baseline -0.001 -2"><span class='ocrx_word' id='word_1_919' title='bbox 2038 5530 2092 5582; x_wconf 87' lang='lat' dir='ltr'>in</span> <span class='ocrx_word' id='word_1_920' title='bbox 2131 5527 2310 5584; x_wconf 88' lang='lat' dir='ltr'>altero</span> <span class='ocrx_word' id='word_1_921' title='bbox 2341 5527 2727 5582; x_wconf 85' lang='lat' dir='ltr'>communicat.</span> 
     </span>
    </p>
   </div>
   <div class='ocr_carea' id='block_1_131' title="bbox 2107 5597 2829 5660">
    <p class='ocr_par' dir='ltr' id='par_1_131' title="bbox 2107 5597 2829 5660">
     <span class='ocr_line' id='line_1_132' title="bbox 2107 5597 2829 5660; baseline 0.003 -2"><span class='ocrx_word' id='word_1_922' title='bbox 2107 5601 2126 5636; x_wconf 74' lang='grc'><strong>⁵</strong></span> <span class='ocrx_word' id='word_1_923' title='bbox 2158 5601 2332 5658; x_wconf 87' lang='lat' dir='ltr'>Tacet</span> <span class='ocrx_word' id='word_1_924' title='bbox 2358 5597 2571 5656; x_wconf 88' lang='lat' dir='ltr'>Victor.</span> <span class='ocrx_word' id='word_1_925' title='bbox 2604 5601 2829 5660; x_wconf 78' lang='lat' dir='ltr'>ostreas.</span> 
     </span>
    </p>
   </div>
  </div>
