4024 6196
318 418 428 480 111

1567 399 1633 458 S.
1679 392 1993 457 EUSEBII
2038 391 2481 453 HIERONYMI

3604 382 3721 441 112

317 547 639 620 coinquinat
676 542 971 599 hominem.
1014 537 1284 611 Opponat
1338 532 1617 620 prudens,
1651 528 1853 620 lector,
1910 526 1965 620 et
1994 528 2046 593 Α
2075 522 2133 577 in
2167 523 2385 578 foveam
2419 523 2655 578 cadunt.
2687 542 2716 572 η
2752 520 2868 576 Ηοο
2897 521 2986 574 est
3011 515 3321 590 Apostolus
3349 516 3721 588 praeceperat:

318 639 509 694 dicat:
532 634 592 690 Si
640 632 799 706 quod
826 629 1008 686 intrat
1036 627 1094 683 in
1144 642 1210 683 os
1240 640 1356 680 non
1388 618 1730 691 coinquinat
1770 612 1963 669 homi-

318 742 474 793 nem,
531 705 712 797 quare
743 716 1084 791 idolothytis
1132 718 1262 787 Lnon
1320 707 1660 769 vescimur?
1727 705 1967 775 Aposto-

317 816 414 874 lus
443 793 681 872 scribit:
726 812 843 868 Non
890 808 1113 881 potestis
1159 803 1384 860 calicem
1430 796 1656 856 Domini
1704 793 1889 850 bibere
1917 794 1967 845 et

320 907 553 965 calicem
607 900 1001 959 damoniorum
1060 896 1105 968 (Ι
1157 894 1278 950 Cor.
1343 908 1402 952 Χ.
1458 888 1571 958 20).
1649 881 1965 940 Sciendum

321 1001 504 1076 igitur
531 996 688 1072 quod
717 992 831 1068 ipsi
862 989 1100 1064 quidem
1131 983 1245 1042 cibi
1274 987 1332 1038 et
1360 978 1461 1037 Dei
1492 980 1756 1034 creatura
1786 987 1888 1044 per
1906 985 1967 1024 se

323 1064 517 1149 o‘innis
549 1064 793 1144 -munda
839 1081 945 1138 sit:
1007 1076 1109 1134 sed
1165 1071 1459 1129 idolorum
1515 1081 1581 1122 ac
1633 1064 1965 1118 daemonum

324 1175 611 1237 invocatio
640 1190 711 1233 ea
737 1170 915 1229 faciat
935 1163 1262 1223 immunda.

394 1269 583 1342 (Vers.
613 1263 728 1337 42.)
745 1283 775 1314 ‹‹
803 1261 967 1317 Tunc
987 1254 1325 1313 accedentes
1340 1243 1613 1319 discipuli
1643 1243 1793 1314 ejus,
1816 1237 1970 1294 dixe-

321 1365 462 1420 runt
488 1358 573 1417 ei:
603 1354 728 1412 Scis
752 1351 892 1425 quia
913 1343 1211 1414 Pharisaei,
1233 1340 1433 1396 audito
1452 1334 1626 1393 verbo
1648 1332 1774 1399 hoc,
1799 1344 1969 1384 scan-

322 1446 561 1508 dalizati
588 1447 745 1503 sunt.
781 1462 811 1492 ››
842 1440 924 1496 Ex
952 1452 1070 1493 uno
1101 1444 1371 1489 sermone
1402 1423 1595 1482 omnis
1632 1415 1968 1492 superstitio

322 1535 799 1598 Observationum
856 1525 1237 1584 Judaicarum
1293 1518 1482 1572 fuerat
1537 1511 1715 1577 elisa;
1779 1504 1969 1579 quiin

321 1627 469 1686 cibis
497 1620 804 1685 sumendis
835 1608 1385 1678 abominandisque,
1425 1601 1767 1674 religionem
1799 1609 1969 1651 suam

320 1685 497 1774 sitam
528 1709 966 1769 arbitrabantur
994 1702 1099 1767 (Al.
1126 1692 1526 1762 arbitrantur).
1586 1692 1654 1743 Et
1678 1685 1817 1757 quia
1846 1699 1967 1738 cre-

322 1807 429 1874 bro
455 1802 665 1861 teritur
690 1800 754 1855 in
809 1788 1220 1853 ecclesiasticis
1257 1780 1595 1856 Scripturis,
1626 1774 1967 1874 scandalum,

320 1862 572 1954 breviter
599 1890 866 1947 dicamus
895 1882 1036 1956 quid
1057 1878 1212 1936 us
1244 1874 1554 1969 significat.
1590 1862 1813 1966 Σκρλῶν
1841 1865 1973 1959 1,_ot
2001 1904 2049 1969 Β

322 1980 688 2051 scandalum,
703 1993 811 2035 nos
821 1950 1231 2046 o/fendiculum,
1249 1963 1338 2021 vel
1352 1961 1582 2017 ruinam
1600 1950 1969 2025 etimpactio-

322 2041 458 2135 nem
489 2045 654 2145 pedis
674 2041 1001 2140 possumus
1018 2059 1227 2145 dicere.
1258 2050 1507 2145 Quando
1531 2062 1667 2118 ergo
1690 2041 1969 2143 legimus:

323 2133 665 2231 Quicunque
693 2156 766 2211 de
795 2149 1060 2209 minimis
1088 2144 1220 2203 istis
1250 2133 1732 2199 scandalizaverit
1760 2144 1972 2204 quem-

322 2219 505 2326 piam,
534 2219 645 2305 hbe
675 2241 1080 2314 intelligimus,
1139 2234 1241 2307 qui
1271 2231 1427 2287 dicto
1465 2228 1687 2283 factove
1716 2219 1971 2278 occasio-

326 2323 461 2399 nem
493 2337 675 2395 ruinae
707 2333 984 2405 cuiquam
1014 2323 1258 2383 dederit.

397 2396 583 2503 (Vers.
634 2425 747 2493 13.)
804 2396 844 2473 «-
883 2422 958 2476 At
1011 2416 1108 2472 ille
1164 2408 1547 2483 respondens,
1600 2403 1716 2459 ait:
1771 2396 1976 2503 Dmnis

325 2486 608 2594 plantatio
639 2486 820 2588 quam
848 2526 967 2567 non
996 2501 1279 2580 plantavit
1308 2500 1476 2554 Pater
1504 2508 1671 2550 meus
1700 2486 1975 2557 caelestis,

337 2575 748 2665 inmensi".
783 2625 806 2655 ι
841 2575 1032 2656 Etiam
1061 2609 1190 2665 quae
1220 2589 1395 2662 plana
1421 2583 1694 2640 videntur
1731 2579 1794 2633 in
1822 2575 1975 2632 Scri-

328 2697 541 2774 pturis,
591 2693 766 2767 plena
811 2690 953 2746 sunt
996 2678 1462 2756 quaestionibus:
1521 2670 1731 2736 Omnis,
1761 2666 1974 2739 inquit,

327 2757 614 2862 planta-tio-
648 2796 813 2855 quam
858 2791 975 2833 non
1024 2770 1297 2846 plantavit
1327 2768 1493 2822 Pater
1528 2776 1680 2816 meus
1727 2757 1974 2823 cwlestis,

331 2844 729 2935 eradicabitur.
782 2869 933 2939 Ergo
977 2844 1373 2920 eradicabitur
1420 2857 1475 2909 et
1523 2850 1625 2905 illa
1672 2844 1975 2921 plantatio,

330 2968 404 3025 de
432 2981 552 3038 qua
575 2937 891 3036 Apostolus
944 2953 1062 3011 ait:
1121 2951 1228 3021 Ego
1269 2943 1548 3038 plantavi,
1588 2938 1777 3010 Apollo
1828 2937 1979 3003 riga-

331 3022 412 3113 {ei
439 3022 484 3127 ξι
514 3022 647 3111 Cor:
677 3067 765 3118 ιιι,
794 3046 873 3121 6).
918 3042 1032 3101 Sed
1061 3038 1308 3097 solvitur
1345 3029 1591 3106 quaestio
1620 3045 1689 3084 ex
1726 3042 1793 3082 eo
1824 3022 1980 3096 quod

334 3112 676 3216 sequitur':
907 3136 1092 3190 autem
1147 3129 1544 3185 incrementum
1579 3117 1727 3175 dedit
1775 3113 1914 3187 (Ibid
1941 3112 1981 3184 ).

2075 615 2413 669 Hmreticum
2453 613 2728 668 hominem
2781 617 2901 678 post
2944 625 3113 664 unam
3150 612 3204 662 et
3260 606 3498 661 alteram
3545 618 3726 659 corre-

2068 703 2321 773 ptioncm
2371 701 2570 770 devita,
2627 700 2799 755 sciens
2866 698 3006 773 quod
3060 712 3345 768 perversus
3400 697 3471 751 sit
3527 693 3725 764 hujus-

2073 790 2221 846 modi
2250 795 2299 845 et
2335 792 2679 860 asemetipso
2725 788 3014 843 damnatus
3073 787 3194 858 (Tit.
3248 802 3333 850 III,
3386 786 3472 856 10,
3523 787 3630 857 11).
3692 808 3723 839 »

2076 882 2137 935 In
2166 880 2322 935 hunc
2351 895 2591 936 sensum
2624 882 2681 935 et
2708 878 2967 933 Salvator
3002 875 3276 947 praecepit
3304 875 3569 931 doctores
3596 893 3727 949 pes-

2077 970 2259 1025 simos
2286 968 2666 1025 dimittendos
2697 965 2936 1023 arbitrio
2970 982 3097 1032 suo,
3133 964 3324 1020 sciens
3347 981 3448 1021 eos
3467 964 3724 1022 difﬁcul-

2077 1064 2165 1113 ter
2220 1058 2290 1112 ad
2349 1057 2651 1113 veritatem
2702 1072 2874 1127 posse
2928 1054 3102 1124 trahi,
3163 1057 3220 1108 et
3249 1069 3430 1110 caecos
3458 1070 3609 1123 esse,
3667 1058 3728 1111 et

2076 1164 2293 1203 caecum
2324 1146 2606 1219 populum
2628 1145 2687 1199 in
2719 1159 2973 1200 errorem
3002 1142 3250 1199 trahere.

2148 1237 2332 1309 (Vers.
2372 1237 2452 1302 15,
2493 1237 2780 1303 16.)114
2809 1256 2836 1283 ‹‹
2862 1233 3240 1305 Respondens
3269 1236 3464 1289 autem
3498 1233 3728 1300 Petrus,

2079 1326 2225 1382 dixit
2253 1326 2305 1381 ei
2335 1342 2347 1380 :
2381 1324 2649 1381 Edissere
2700 1322 2870 1378 nobis
2901 1320 3237 1394 parabolam
3294 1321 3491 1377 istam.
3524 1326 3601 1376 At
3629 1321 3730 1377 ille

2078 1415 2254 1471 dixit:
2290 1414 2498 1470 Adhuc
2541 1419 2599 1469 et
2626 1429 2729 1468 vos
2777 1412 2903 1467 sine
2931 1409 3227 1466 intellectu
3259 1409 3445 1465 estis?
3504 1433 3532 1460 ‹‹
3563 1411 3729 1476 Quod

2079 1508 2275 1577 aperte
2321 1503 2544 1559 dictum
2575 1501 2785 1570 fuerat,
2839 1504 2899 1556 et
2952 1499 3188 1571 patebat
3218 1498 3465 1569 auditui,
3494 1503 3729 1572 aposto-

2077 1593 2170 1649 lus
2202 1596 2406 1648 Petrus
2453 1608 2555 1663 per
2584 1587 2920 1662 parabolam
2980 1588 3204 1643 dictum
3254 1591 3439 1660 putat,
3490 1594 3547 1645 et
3574 1588 3635 1644 in
3666 1605 3730 1645 re

2079 1681 2389 1737 manifesta
2415 1679 2718 1753 mysticam
2752 1677 2957 1750 qumrit
2978 1676 3447 1749 intelligentiam.
3480 1676 3730 1750 Corripi-

2078 1777 2287 1840 turque
2318 1788 2351 1826 a
2394 1769 2663 1835 Domino,
2724 1784 2905 1839 quare
2961 1765 3292 1839 parabolice
3337 1766 3562 1822 dictum
3619 1783 3730 1839 pu-

2077 1864 2179 1929 tet,
2208 1861 2363 1933 quod
2389 1859 2694 1932 perspicue
2731 1857 2964 1913 locutus
3006 1861 3115 1912 est.
3165 1856 3246 1911 Ex
3275 1855 3431 1928 quod
3460 1855 3731 1912 animad-

2078 1951 2361 2006 vertimus
2406 1948 2682 2004 vitiosum
2713 1962 2841 2003 esse
2873 1945 3218 2012 auditorem,
3252 1944 3355 2016 qui
3384 1948 3487 2001 aut
3514 1945 3730 2001 obscu-

2080 2057 2144 2094 ra
2176 2038 2505 2103 manifeste,
2567 2042 2669 2093 aut
2727 2035 3033 2091 manifeste
3087 2033 3246 2109 dicta
3301 2034 3546 2091 obscure
3590 2033 3734 2091 velit

2078 2128 2424 2200 intelligere.

2154 2218 2341 2289 (Vers.
2390 2218 2475 2287 17,
2528 2216 2638 2287 18.)
2699 2236 2727 2266 ‹‹
2786 2214 2912 2269 Non
2956 2211 3311 2285 intelligitis,
3371 2212 3509 2285 quia
3558 2229 3735 2270 omne

2083 2307 2237 2380 quod
2272 2306 2333 2361 in
2365 2323 2429 2362 os
2480 2305 2682 2372 intrat,
2726 2304 2785 2358 in
2843 2307 3102 2359 ventrem
3133 2302 3311 2374 vadit,
3345 2306 3404 2358 et
3432 2303 3493 2358 in
3548 2319 3734 2359 seces-

2082 2413 2216 2453 sum
2248 2394 2580 2452 emittitur?
2636 2393 2771 2457 Quai
2811 2397 3008 2448 autem
3038 2392 3363 2463 procedunt
3391 2392 3462 2447 de
3509 2408 3628 2458 ore,
3660 2393 3735 2448 de

2084 2486 2254 2542 corde
2291 2488 2521 2551 exeunt,
2555 2488 2610 2538 et
2641 2499 2709 2538 ea
2755 2481 3140 2553 coinquinant
3169 2481 3489 2537 hominem.
3522 2481 3735 2538 Omnia

2084 2574 2531 2647 Evangeliorum
2573 2571 2699 2628 loca
2749 2572 2903 2644 apud
2967 2569 3272 2627 hazreticos
3319 2575 3377 2626 et
3429 2587 3732 2642 perversos

2084 2664 2257 2736 plena
2284 2668 2423 2720 sunt
2451 2660 2765 2718 scandatis.
2798 2664 2865 2714 Et
2884 2676 2953 2715 ex
2980 2659 3089 2715 hac
3111 2658 3462 2715 sententiola
3489 2659 3735 2732 quidam

2085 2753 2542 2819 calumniantur,
2562 2751 2717 2822 quod
2744 2750 3029 2806 Dominus
3050 2748 3301 2820 physicas
3318 2748 3736 2821 disputationis

2086 2844 2349 2916 ignarus,
2399 2844 2563 2912 putet
2609 2854 2814 2895 omnes
2845 2838 3004 2893 cibos
3060 2837 3123 2891 in
3152 2842 3412 2894 ventrem
3443 2837 3546 2908 ire,
3587 2841 3645 2892 et
3675 2838 3736 2893 in

2089 2948 2387 2989 secessum
2418 2928 2602 3002 digeri
2657 2928 2765 3002 [ΑΙ.
2810 2927 3042 2999 dirigi]:
3103 2942 3237 2982 cum
3297 2926 3498 2983 statim
3531 2927 3736 2982 infusa;

2089 3040 2231 3080 escae
2263 3038 2365 3094 per
2393 3025 2555 3076 artus
2611 3022 2668 3073 et
2711 3034 2886 3073 venas
2935 3032 3001 3072 ac
3049 3015 3357 3084 medullas,
3415 3032 3743 3088 nervosque

2091 3112 2432 3168 fundantur.
2466 3109 2630 3164 Unde
2655 3111 2711 3163 et
2740 3106 2978 3175 multos,
3012 3106 3112 3179 qui
3142 3106 3282 3161 vitio
3308 3104 3743 3177 stomachiper-

336 3193 489 3290 m2“
530 3232 589 3285 οι
612 3193 769 3300 ipso:
829 3224 926 3279 Dei
953 3219 1322 3291 agricultura,
1362 3214 1462 3269 Dei
1508 3207 1805 3300 mdiﬁcatio
2017 3273 2057 3300 Π
2096 3205 2287 3300 petam
2320 3197 2616 3254 sustinent
2642 3195 2950 3261 vomitum,
2981 3197 3114 3266 post
3142 3211 3337 3250 ccenas
3388 3198 3444 3250 et
3472 3193 3743 3266 prandia,

336 3322 438 3395 (Ib.
467 3318 548 3393 9).
577 3273 669 3375 Et:
677 3314 738 3372 in
759 3273 1032 3370 alio'lo—cb
1085 3273 1466 3395 Cooperatores
1497 3273 1630 3395 .Dei'
1656 3309 1843 3395 sumus
1887 3292 1990 3363 (III
2016 3273 2059 3341 α
2098 3290 2298 3347 statim
2328 3303 2592 3345 evomere
2623 3285 2778 3357 quod
2812 3282 3184 3355 ingesserint,
3230 3286 3288 3339 et
3316 3286 3515 3339 tamen
3545 3299 3748 3355 corpu-

335 3382 591 3480 ἀριθμῶ.
634 3405 697 3464 Si
725 3405 921 3460 autem
951 3397 1384 3469 cooperatores:
1433 3386 1634 3459 igitur,
1686 3382 1986 3455 plantante

339 3470 519 3559 Paulo
547 3470 608 3554 et
632 3494 860 3567 rigante
887 3485 1111 3561 Apollo,
1144 3488 1296 3538 Deus
1337 3492 1471 3533 cum
1515 3470 1985 3544 cooperatoribus

340 3591 450 3665 (Αι.
484 3562 909 3661 operatoribus)
936 3575 1062 3635 suis
1087 3572 1315 3646 plantat
1342 3570 1400 3624 et
1416 3565 1588 3638 rigat.
1607 3562 1989 3617 Abuntuntur

341 3649 455 3737 hoc
504 3649 631 3733 lbco
660 3671 763 3746 qui
789 3649 1050 3727 diversas
1080 3664 1323 3719 naturas
1378 3654 1761 3711 introducunt
1790 3649 1985 3704 dicen-

339 3773 465 3829 tes:
522 3765 582 3821 Si
612 3741 895 3837 plantatio
942 3769 1139 3828 quam.
1168 3766 1286 3806 non
1329 3742 1613 3820 plantavit
1641 3741 1829 3810 Pater,
1861 3754 1986 3793 era-

344 3830 673 3917 dicabitur:
751 3863 885 3920 ergo
954 3858 1133 3917 quam
1190 3833 1472 3911 plantavit
1542 3830 1659 3901 ille,
1718 3844 1833 3920 non
1892 3843 1989 3899 po-

340 3916 458 4009 test
501 3916 989 4004 eradicari.vSedi
1014 3930 1257 3988 audiant
1310 3923 1456 3981 illud
1512 3919 1818 3977 Jeremize:
1878 3916 1988 3985 Ego

337 4053 432 4095 vos
456 4031 708 4109 plantavi
753 4028 977 4084 vineam
1013 4035 1222 4086 veram,
1271 4012 1538 4088 quomodo
1567 4010 1709 4066 versi
1759 4008 1887 4063 estis
1927 4007 1989 4060 in

337 4092 775 4184 amtiritudinem
804 4115 933 4172 vitis
961 4111 1162 4168 alim
1197 4107 1413 4179 (Jerem.
1446 4118 1510 4168 ιι,
1541 4097 1675 4171 2i)?
1702 4092 1990 4152 Plantavit

335 4216 582 4289 quidem
622 4210 798 4274 Deus,
832 4207 889 4260 et
916 4216 1088 4258 nemo
1115 4199 1310 4271 potest
1337 4190 1633 4249 eradicare
1684 4183 1992 4259 plantatio-

334 4274 474 4361 nem
507 4302 657 4373 ejus.
692 4295 806 4353 Sed
840 4289 1119 4365 quoniam
1150 4286 1267 4342 ista
1296 4279 1578 4356 plantatio
1603 4277 1662 4332 in
1692 4274 1990 4331 voluntate

336 4390 564 4467 proprii
597 4383 825 4444 arbitrii
866 4363 982 4449 est,
1040 4376 1240 4433 nullus
1302 4371 1455 4428 alius
1512 4384 1641 4424 eam
1700 4363 1992 4423 eradicare

336 4465 552 4557 poterit
580 4476 697 4534 nisi
727 4474 858 4547 ipsa
876 4465 1187 4544 praebuerit
1214 4475 1546 4521 assensum.

408 4568 598 4645 (Vers.
633 4564 747 4637 14.)
772 4584 799 4616 (ν
831 4557 1017 4618 Sinite
1044 4554 1197 4623 illos,
1231 4551 1365 4608 caeci
1394 4551 1553 4616 sunt,
1603 4547 1781 4602 duces
1810 4558 1987 4598 caeco-

2095 3378 2284 3434 lentos
2339 3392 2505 3433 esse:
2558 3374 2698 3447 quia
2753 3373 2825 3428 ad
2873 3372 3131 3444 primum
3175 3374 3398 3426 tactum
3466 3370 3747 3442 liquidior

2095 3465 2262 3522 cibus
2287 3470 2344 3520 et
2386 3467 2558 3536 potus
2580 3477 2684 3535 per
2712 3461 2978 3517 membra
3006 3460 3343 3515 fundantur.
3394 3459 3508 3515 Sed
3539 3459 3746 3515 istius-

2095 3555 2257 3611 modi
2280 3553 2548 3609 homines
2586 3553 2726 3608 dum
2757 3550 2959 3608 volunt
2987 3549 3229 3606 alterius
3257 3548 3612 3620 imperitiam
3659 3564 3750 3605 re-

2096 3644 2472 3717 prehendere,
2502 3642 2818 3697 ostendunt
2848 3655 3038 3695 suam.
3071 3638 3347 3702 Quamvis
3367 3637 3525 3693 enim
3546 3637 3741 3693 tenuis

2095 3735 2309 3790 humor
2337 3737 2394 3788 et
2422 3731 2655 3803 liquens
2689 3729 2878 3795 esca3,
2936 3744 3070 3784 cum
3096 3727 3161 3782 in
3192 3726 3355 3783 venis
3401 3731 3458 3782 et
3494 3726 3740 3782 artubus

2097 3826 2371 3881 concocta
2416 3821 2591 3877 fuerit
2644 3823 2701 3875 et
2746 3818 2992 3891 digesta,
3041 3833 3144 3888 per
3199 3815 3457 3872 occultos
3512 3820 3747 3872 meatus

2096 3911 2377 3984 corporis,
2437 3925 2584 3981 quos
2633 3906 2815 3965 Graeci
2861 3904 3063 3979 πόρους
3093 3910 3323 3976 vocant,
3356 3904 3429 3960 ad
3466 3903 3746 3960 inferiora

2096 4002 2396 4066 dilabitur,
2428 4004 2485 4079 et
2511 3998 2573 4053 iu
2597 4013 2894 4053 secessum
2917 3994 3091 4050 vadit.

2168 4092 2354 4163 (Vers.
2396 4089 2478 4156 19,
2511 4088 2626 4158 20.)
2658 4109 2685 4136 ‹‹
2740 4087 2816 4141 De
2854 4084 3025 4141 corde
3069 4083 3226 4139 enim
3275 4084 3488 4139 exeunt
3534 4081 3751 4154 cogita-

2096 4180 2286 4236 tiones
2317 4177 2506 4244 malae,
2556 4174 2892 4245 homicidia,
2951 4172 3264 4240 adulteria,
3318 4170 3753 4239 fornicationes,

2100 4271 2274 4339 furta,
2326 4266 2475 4323 falsa
2524 4262 2886 4329 testimonia,
2954 4261 3374 4334 blasphemia:
3444 4260 3568 4316 hac
3609 4264 3752 4316 sunt

2099 4376 2226 4433 quae
2258 4356 2640 4428 coinquinant
2668 4352 2987 4409 hominem.
3044 4352 3168 4409 Non
3218 4349 3353 4406 lotis
3410 4354 3607 4405 autem
3639 4364 3762 4404 ma-

2101 4449 2276 4505 nibus
2306 4446 2685 4512 manducare,
2718 4459 2833 4499 non
2874 4440 3216 4512 coinquinat
3255 4438 3579 4495 hominem.
3618 4461 3639 4489 ι
3675 4436 3761 4494 De

2101 4539 2295 4606 corde,
2329 4535 2542 4607 inquit,
2575 4536 2788 4589 exeunt
2806 4529 3189 4603 cogitationes
3219 4526 3407 4584 malas.
3440 4527 3589 4600 Ergo
3629 4525 3758 4582 ani-

410 4615 427 4645 \
451 4615 598 4626 ’νη-
637 4615 745 4637 ---ι
834 4615 860 4618 -ν
1183 4615 1194 4623 .

341 4674 496 4718 rum.
529 4657 727 4715 Caecus
742 4654 940 4709 autem
970 4645 1021 4703 si
1049 4659 1197 4702 caeco
1228 4642 1510 4697 ducatum
1540 4638 1793 4709 praestet,
1818 4631 1991 4688 ambo
2022 4641 2069 4705 ι)
2103 4645 2207 4684 mae
2238 4622 2557 4699 principale
2586 4638 2702 4677 non
2752 4620 3078 4677 secundum
3125 4616 3430 4673 Platonem
3478 4615 3539 4671 in
3588 4630 3749 4671 cere-

418 4788 435 4822 ¹
468 4781 665 4842 Nostri
714 4791 918 4835 omnes
964 4787 1112 4828 mss.
1160 4767 1352 4824 Scolon
1405 4762 1718 4842 praeferunt
1774 4755 1997 4842 Latinis

340 4827 683 4923 litterigjvad
714 4827 1170 4923 iﬁbih'mﬁggu;
1202 4843 1253 4895 et
1283 4827 1697 4923 copulamﬁp‘ro
1729 4827 1996 4923 estLverbo

345 4901 971 4993 substituimujsripso
1004 4901 1377 4993 _ﬁdejussoré
1427 4911 1517 4993 8‘.”
1543 4901 1711 4985 Patre
1897 4970 1921 4993 Ω
1957 4915 1997 4993 ξι

342 4969 788 5077 52513;:553253
808 4969 1167 5077 ῥὲιξιρἰέινξοέξ
1198 4998 1257 5037 n.
1293 4981 1368 5077 1Sa
1382 4996 1396 5034 :
1428 4975 1599 5077 r‘Nisi,
1649 4969 1999 5077 inquithfel-

344 5070 453 5142 lor,
506 5043 719 5142 ῗηοῶλογ
771 5043 833 5119 et
867 5043 1168 5113 ἇκᾶνόαλοῦ
1214 5048 1653 5142 apuduGrfecos
1692 5062 1761 5100 ex
1813 5043 1994 5142 offen-

343 5115 508 5199 siobe
532 5142 592 5195 et
620 5136 790 5192 ruina
810 5146 1024 5187 nomen
1047 5110 1288 5199 accepit.
1321 5145 1349 5174 »
1381 5118 1753 5199 Martianzeus
1773 5110 1991 5181 σκολὸν,

341 5216 446 5270 aut
476 5189 696 5265 σκολῖόῦ
721 5189 862 5261 cum
894 5204 1134 5258 accentu
1166 5189 1224 5252 in
1270 5192 1594 5270 penultima
1621 5189 1824 5270 vitiose
1839 5201 1995 5270 ‘prae-

338 5258 687 5355 ieRaI'iEé’ii.’
722 5258 1022 5355 ζ-Ᾰ--Αςιειιες
1067 5274 1155 5326 est
1179 5258 1477 5355 Epiphanes
1519 5259 1809 5355 Yictorius
1839 5258 1993 5312 hunc

338 5334 545 5414 locum
556 5334 798 5409 mutare
843 5346 1065 5416 absque
1109 5338 1400 5416 suffragio
1457 5334 1725 5416 codicum
1784 5346 1993 5416 manu-

337 5402 797 5500 scriptoruniwet
848 5402 1218 5500 Ρι·ς›ῖ“α-ξιολόντ
1251 5402 1340 5500 vel
1385 5402 1605 5460 σκολίον
1639 5402 1995 5500 substituere

724 5472 794 5574 et:
838 5472 1162 5574 ἔξιάνδαλιζν.
1197 5482 1623 5574 lnfranquoque
1654 5478 1845 5574 mutat
1873 5472 1994 5574 e‘di-

336 5543 496 5628 ti'one
526 5543 637 5624 8‘6};
664 5543 1000 5621 contextum
1016 5556 1323 5627 vulgatum
1355 5543 1690 5628 Hieronymi
1722 5543 1990 5600 dicentis:

343 5623 605 5714 Quamvis
655 5637 823 5714 enini
859 5632 1052 5714 tenuis
1083 5623 1281 5714 humor
1319 5632 1367 5678 ct
1426 5623 1640 5714 liquens
1694 5632 1838 5714 escp,
1871 5631 1995 5714 opm

642 5686 936 5780 studii—Quid
985 5700 1066 5780 sit
1109 5702 1315 5780 autem‘
1340 5686 1552 5780 'scolon,
1598 5689 1752 5763 quod
1780 5686 1997 5780 legitur

437 5757 962 5850 inse.'eodicibus,
1021 5771 1140 5829 sive
1194 5762 1415 5825 σκολίον
1474 5757 1632 5823 cum'
1655 5757 1894 5821 accentu
1933 5757 1994 5814 in

2106 4750 2451 4834 penulntima,
2483 4748 2631 4834 scire
2661 4760 2979 4834 possumus
3000 4759 3069 4800 ex
3094 4741 3268 4799 verbo
3305 4737 3564 4809 σκολιόω,
3598 4738 3756 4834 qppd

2105 4809 2400 4897 significat
2428 4809 2733 4897 intorquEO,
2791 4820 3109 4897 tortuosum.
3160 4822 3214 4869 et
3277 4809 3754 4897 pragumvrefldo.

2105 4880 2239 4970 Quae
2281 4880 2631 4970 enimsunt
2690 4880 2865 4970 prava
2920 4880 3289 4970 et'tortuosa,
3334 4880 3755 4966 offendiculum

2104 4954 2364 5039 praebent
2412 4968 2586 5039 atque
2628 4954 2890 5039 ruinam,
2945 4957 3079 5039 sive.
3116 4954 3282 5028 pedis
3337 4954 3755 5026 impactionem

2105 5024 2428 5095 secundum
2463 5024 2791 5105 Hieronymi
2823 5024 3280 5105 adnotationem.
3313 5024 3485 5099 Apud
3516 5024 3758 5092 Isaiam,

2104 5118 2264 5166 erunt
2287 5123 2466 5181 prava
2489 5108 2547 5160 in
2578 5102 2804 5168 directa,
2828 5108 2935 5157 etc.
2952 5102 3151 5181 lMARjI‘.

2176 5183 2197 5215 ²
2228 5167 2413 5235 Antea
2461 5180 2584 5232 erat
2624 5191 2694 5231 ea:
2730 5190 2792 5228 eo
2822 5172 2962 5244 quod
2991 5171 3273 5244 scribitur,
3308 5174 3364 5225 et
3396 5167 3569 5241 paulo
3612 5169 3769 5244 post

2104 5249 2621 5325 rigante/ipolline,
2657 5263 2759 5325 pro
2817 5236 3221 5325 leollojnquod
3259 5236 3488 5325 nomen
3539 5236 3643 5294 est
3677 5236 3769 5292 in-

2105 5313 2450 5381 déclinabile
2488 5320 2547 5375 in
2577 5313 2793 5374 nostris
2826 5313 2947 5371 mss
2994 5313 3286 5369 Victorius
3318 5316 3597 5382 praeterea
3625 5324 3767 5365 mox

2106 5399 2232 5452 etin
2266 5394 2449 5451 eodem
2481 5393 2593 5447 loco
2639 5389 2785 5461 legit
2827 5404 2928 5459 pro
2977 5381 3336 5461 _alio,_qu_od
3373 5381 3495 5437 hinc
3553 5384 3767 5436 mutuo

2104 5468 2256 5523 inter
2287 5482 2349 5521 se
2370 5453 3196 5536 junctaputarit'testimonia
3218 5453 3368 5536 I‘Cor.
3394 5469 3481 5536 1‘11.

2140 5540 2196 5621 .3
2240 5524 2485 5663 SupElet
2531 5524 2846 5593 Victorius,
2892 5532 2953 5583 in
2989 5545 3185 5599 corpus
3228 5524 3501 5597 fundatur
3551 5530 3765 5590 tamen,

2140 5626 2232 5663 me
2262 5626 2361 5663 σω
2408 5624 2478 5663 us
2501 5604 2611 5660 sibi
2641 5604 2803 5658 visus
2824 5606 2913 5657 est
2932 5616 3144 5656 sensus
3172 5598 3457 5655 laborare.
3476 5596 3549 5652 At
3566 5608 3763 5663 neque

2105 5610 2232 5667 sine
2262 5596 2478 5681 quibus
2501 5604 2617 5681 sibi
2641 5604 2803 5658 visus
2824 5606 2913 5657 est
2932 5596 3144 5656 sensus
3172 5596 3457 5655 laborare.
3476 5596 3763 5681 Atneque

2105 5665 2248 5739 mss.
2277 5665 2720 5751 ‘sulfragantur,
2754 5688 2943 5746 neque
2999 5686 3202 5732 revera
3249 5684 3462 5731 sensus
3515 5665 3763 5739 dispen-

2102 5755 2267 5812 dium
2297 5756 2405 5810 est.
