4024 6196
317 321 425 384 H3

307 454 429 523 bro,
463 454 565 511 sed
589 454 763 527 juxta
791 454 1089 512 Christum
1121 454 1181 510 in
1195 454 1366 511 corde
1388 457 1479 510 est
1505 454 1519 489 ¹
1546 470 1560 510 :
1585 459 1642 508 et
1662 450 1947 525 arguendi
1981 456 2035 521 Α

305 561 373 601 ex
395 545 502 599 hac
532 546 824 600 sententia
852 548 1008 611 sunt,
1044 546 1145 616 qui
1176 547 1324 602 115
1360 544 1744 617 cogitationes
1767 559 1801 597 a
1833 541 1950 595 dia-

306 633 439 689 bolo
471 633 712 689 immitti
744 637 1041 706 putant,et
1068 651 1184 690 non
1222 650 1366 707 expr
1381 634 1548 706 opria
1565 632 1732 688 nasci
1754 630 1957 687 volun-

301 726 445 777 tate.
477 721 757 778 Diabolus
783 724 875 793 adj
888 727 1083 779 utoret
1104 723 1370 779 incentor
1388 725 1409 757 ²
1433 722 1721 778 malarum
1735 720 1951 793 cogita-

299 811 530 866 tionum
556 816 754 883 potest
799 828 949 880 esse,
1002 817 1204 868 auctor
1241 829 1371 868 esse
1417 829 1533 867 non
1585 814 1793 883 potest.
1845 807 1947 864 Sin

299 904 498 956 autem
529 915 764 972 semper
785 900 845 955 in
874 900 1109 956 insidiis
1140 901 1387 973 positus,
1419 899 1603 957 levem
1640 898 1947 973 cogitatio-

295 1006 446 1045 num
478 995 812 1046 nostrarum
844 989 1162 1046 scintillam
1195 990 1320 1046 suis
1356 989 1663 1045 fomitibus
1711 987 1945 1043 inflam-

299 1078 504 1143 marit,
536 1096 649 1135 non
681 1079 966 1135 debemus
1010 1079 1238 1152 opinari
1282 1096 1416 1136 eum
1470 1078 1663 1135 cordis
1713 1092 1947 1150 quoque

296 1169 529 1225 occulta
559 1169 781 1237 rimari,
815 1169 917 1225 sed
946 1186 1017 1225 ex
1030 1169 1289 1241 corporis
1316 1170 1542 1239 habitu,
1574 1172 1632 1223 et
1678 1167 1945 1240 gestibus

293 1259 587 1314 aestimare
617 1258 757 1331 quid
787 1275 1090 1315 versemus
1114 1258 1491 1314 intrinsecus.
1524 1257 1696 1313 Verbi
1721 1255 1942 1328 gratia:

285 1348 349 1404 Si
379 1347 693 1420 pulchram
722 1347 1030 1403 mulierem
1062 1365 1169 1404 nos
1184 1346 1942 1417 crebrovideritinspicere.

285 1436 571 1511 intelligit
597 1439 619 1472 ³
649 1455 748 1493 cor
778 1438 994 1493 amoris
1017 1436 1216 1508 jaculo
1245 1436 1638 1493 vulneratum.

357 1526 552 1597 (Vers.
579 1528 672 1596 21,
702 1528 817 1597 22.)
846 1548 873 1576 «
903 1527 973 1582 Et
1002 1542 1274 1599 egressus
1302 1525 1439 1581 inde
1469 1526 1664 1595 Jesus,
1699 1523 1943 1579 secessit

282 1614 346 1671 in
382 1620 580 1688 partes
611 1617 746 1690 Tyri
777 1620 834 1671 et
860 1615 1116 1671 Sidonis.
1140 1616 1211 1671 Et
1242 1631 1370 1671 ecce
1391 1613 1942 1670 mulierChananasa

284 1722 318 1762 a
348 1705 573 1761 ﬁnibus
603 1705 723 1761 illis
752 1721 987 1778 egressa
1017 1704 1307 1773 clamavit,
1340 1704 1539 1759 dicens
1561 1704 1631 1760 ei.
1662 1725 1689 1753 »
1720 1702 1939 1759 Scribis

281 1799 342 1851 et
411 1794 723 1850 Pharisais
779 1793 1307 1850 calumniatoribus
1374 1793 1687 1858 derelictis,
1742 1796 1937 1848 trans-

280 1884 557 1957 greditur
580 1884 641 1939 in
673 1887 869 1956 partes
896 1883 1032 1956 Tyri
1063 1887 1121 1939 et
1150 1882 1406 1950 Sidonis,
1460 1886 1526 1937 ut
1573 1881 1798 1955 Tyrios,
1843 1881 1930 1937 Si-

278 1974 616 2046 doniosque
645 1978 895 2029 curaret.
929 1971 1136 2028 Mulier
1165 1977 1359 2027 autem
1390 1970 1717 2027 Chanamsa
1771 1987 1933 2043 egre-

276 2061 450 2117 ditur
477 2063 548 2118 de
571 2061 793 2118 ﬁnibus
822 2061 1109 2134 pristinis,
1144 2066 1210 2117 ut
1256 2061 1520 2117 clamans
1563 2061 1695 2115 ﬁliae
1746 2061 1931 2132 impe-

274 2155 399 2207 tret
440 2153 776 2208 sanitatem.
827 2151 1078 2207 Observa
1134 2150 1290 2222 quod
1335 2151 1396 2206 in
1446 2152 1650 2223 quinto
1700 2150 1928 2206 decimo

273 2239 411 2297 loco
440 2240 564 2297 filia
592 2240 930 2298 Chananaea:
961 2243 1219 2297 sanetur.
1258 2262 1279 2289 σι
1314 2240 1586 2297 Miserere
1643 2240 1780 2307 mei,
1821 2240 1932 2295 Do-

276 2329 468 2397 mine,
492 2330 574 2386 fili
603 2330 805 2386 David.
834 2353 861 2379 »
893 2330 1032 2386 Inde
1058 2330 1219 2385 novit
1254 2346 1460 2386 vocare
1491 2328 1679 2385 filium
1728 2328 1930 2396 David,

275 2418 434 2492 quia
461 2434 687 2491 egressa
711 2421 841 2491 jam
872 2420 1061 2476 fuerat
1089 2419 1160 2475 de
1189 2419 1451 2475 finibuus
1483 2419 1629 2484 suis,
1661 2421 1717 2474 et
1774 2434 1933 2474 erro-

273 2524 415 2564 rem
438 2509 736 2581 Tyriorum
772 2525 837 2564 ac
864 2508 1237 2565 Sidoniorum
1269 2507 1381 2564 loci
1411 2524 1477 2563 ac
1509 2507 1643 2563 fidei
1666 2523 1931 2564 commu-
2006 2562 2018 2574 ,

272 2597 506 2653 latione
536 2597 862 2653 dimiserat.
896 2620 924 2647 ‹‹
956 2596 1099 2653 Filia
1130 2613 1261 2653 mea
1291 2596 1444 2653 male
1475 2614 1509 2653 a
1532 2596 1817 2653 daemonio
1832 2614 1928 2652 ve-

272 2690 476 2742 xatur.
502 2708 529 2735 ››
558 2687 680 2760 Ego
710 2686 892 2742 ﬁliam
923 2685 1281 2755 Chananeus,
1308 2687 1330 2720 ‘
1361 2690 1500 2758 puto
1532 2687 1761 2742 animas
1803 2702 1931 2742 esse

273 2775 674 2842 credentium,
732 2792 860 2847 quae
908 2775 1061 2830 male
1110 2792 1144 2831 a
1189 2776 1475 2831 daemonio
1550 2775 1926 2845 vexabantur,

273 2867 618 2938 ignorantes
647 2866 999 2933 Creatorem,
1033 2868 1090 2920 et
1115 2865 1425 2921 adorantes
1455 2864 1730 2936 lapidem.

347 2953 543 3024 (Vers.
565 2955 684 3024 23.)
713 2977 742 3004 «
768 2954 875 3020 Qui
907 2972 1023 3010 non
1054 2954 1357 3027 respondit
1376 2954 1427 3009 ei
1455 2954 1721 3009 verbum.
1749 2976 1776 3003 ››
1801 2954 1926 3011 Non

272 3044 348 3100 de
380 3043 658 3114 superbia
687 3043 1045 3111 Pharisaica,
1076 3060 1181 3099 nec
1212 3044 1282 3099 de
1347 3042 1684 3099 Scribarum
1729 3059 1928 3114 super-

833 320 1351 385 COMMEN'l‘AR.
1398 320 1475 381 ΙΝ
1521 318 1917 380 EVANGELI

2085 317 2463 380 ΜᾹΤΤΗΑΞΙ
2510 317 2659 380 LIB.
2705 317 2781 380 ΙΙ.
2827 318 3002 380 CAP.
3046 316 3177 381 XV.

3594 318 3708 380 114

2137 451 2324 523 (Vers.
2356 452 2472 523 24.)
2518 451 2693 523 «Ipse
2742 454 2937 507 autem
2983 451 3345 524 respondens
3396 448 3518 508 ait:
3571 448 3701 509 Non

2060 557 2192 596 sum
2226 541 2445 596 missus
2477 541 2591 596 nisi
2621 541 2691 596 ad
2716 557 2849 596 oves
2880 557 3007 612 quae
3056 540 3354 614 perierunt
3401 541 3509 611 [Αἰ.
3559 556 3697 613 per-

2058 630 2232 701 ditas]
2266 631 2475 685 domus
2509 629 2706 687 Israel.
2736 652 2763 679 ››
2793 630 3070 702 Νοηῖᾳιιο
3102 634 3161 685 et
3206 630 3279 685 ad
3327 634 3529 703 gentes
3581 646 3697 686 non

2060 719 2279 775 missus
2309 720 2421 788 sit;
2457 720 2557 775 sed
2591 720 2993 793 quogprimum
3024 719 3244 775 missus
3273 718 3351 774 sit
3380 719 3452 774 ad
3489 717 3696 786 Israel,

2059 812 2123 863 ut
2152 808 2269 864 illis
2300 826 2415 865 non
2447 809 2863 881 recipientibus
2895 806 3295 881 Evangelium,
3319 808 3486 879 justa
3534 808 3702 864 fleret

2058 899 2129 954 ad
2161 902 2364 971 gentes
2392 898 2835 971 transmigratio
2868 899 3000 971 (Act.
3033 915 3156 966 χιιι,
3188 897 3301 969 46).
3362 896 3430 952 Et
3476 895 3699 970 signiti-

2056 993 2252 1044 canter
2279 988 2443 1059 dixit,
2474 988 2553 1044 Ad
2581 1004 2700 1045 oves
2726 989 2974 1060 perditas
3030 987 3222 1044 domus
3268 986 3472 1054 Israel;
3520 989 3588 1042 ut
3629 1000 3701 1042 ex

2054 1077 2164 1133 hoc
2194 1077 2319 1133 loco
2350 1077 2525 1133 etiam
2559 1094 2740 1135 unam
2779 1092 3082 1135 erroneam
3121 1092 3287 1133 ovem
3337 1075 3409 1131 de
3457 1072 3572 1131 alia
3600 1090 3699 1147 pa-

2054 1166 2253 1222 rabola
2284 1166 2704 1239 intelligamus.

2124 1256 2312 1325 (Vers.
2342 1256 2433 1322 25,
2464 1257 2576 1328 26.)
2612 1276 2640 1307 α
2670 1259 2744 1311 At
2772 1254 2874 1311 illa
2918 1254 3081 1311 venit
3118 1257 3176 1310 et
3230 1252 3494 1311 adoravit
3539 1269 3700 1321 eum,

2054 1344 2281 1401 dicens:
2317 1345 2581 1414 Domine,
2616 1346 2829 1416 adjuva
2869 1361 2981 1401 me.
3015 1344 3123 1409 Qui
3171 1343 3534 1417 respondens
3580 1341 3696 1399 ait:

2051 1435 2177 1491 Non
2207 1439 2297 1490 est
2334 1436 2554 1490 bonum
2589 1436 3055 1507 sumerepanem
3088 1430 3366 1501 filiorum,
3388 1436 3445 1489 et
3466 1430 3699 1490 mittere

2051 1525 2368 1580 canibus.»
2403 1524 2548 1580 Mira
2586 1525 2696 1581 sub
2720 1530 3037 1597 "personna
3062 1522 3354 1595 imulieris
3399 1520 3699 1581 Chanani:

2050 1614 2190 1669 tidis
2219 1613 2487 1670 Ecclesiae
2520 1614 2686 1684 ﬁdes,
2703 1614 2983 1686 patientia
3003 1612 3385 1686 eﬁhumilitas
3412 1610 3692 1685 pradica-

2048 1706 2163 1758 tur.
2200 1702 2368 1759 Fides
2399 1720 2517 1776 qua
2544 1702 2793 1759 credidit
2823 1702 3018 1759 sanari
3049 1717 3222 1776 posse
3264 1698 3444 1757 ﬁliam
3497 1715 3691 1755 suam.

2049 1792 2354 1859 Patientia,
2388 1809 2506 1864 qua
2534 1792 2707 1848 toties
2738 1795 3089 1864 contempta,
3138 1789 3199 1847 in
3238 1789 3512 1863 precibus
3559 1802 3695 1861 per-

2047 1885 2288 1937 severat.
2320 1880 2658 1951 Humilitas,
2692 1898 2807 1954 qua
2837 1898 2899 1936 se
2928 1897 3045 1937 non
3078 1879 3345 1936 canibus.
3379 1879 3482 1935 sed
3527 1880 3694 1934 catu-

2045 1969 2120 2026 lis
2152 1975 2473 2042 comparat.
2506 1970 2690 2027 Canes
2721 1974 2916 2026 autem
2937 1965 3688 2042 ethnicifpropteridololas

2044 2060 2217 2117 triam
2244 2061 2542 2128 dicuntur,
2576 2058 2676 2132 qui
2706 2058 2832 2115 esui
2860 2058 3170 2131 sanguinis
3201 2056 3401 2129 dediti,
3424 2060 3482 2113 et
3511 2056 3686 2114 cada-

2040 2150 2276 2206 veribus
2332 2154 2722 2216 mortuorum,
2782 2148 3054 2205 feruntur
3106 2146 3167 2203 in
3218 2146 3461 2203 rabiem.
3540 2143 3690 2205 Nota

2045 2239 2199 2311 quod
2232 2239 2345 2295 ista
2373 2237 2718 2294 Chananitis
2749 2240 3186 2311 perseveranter
3204 2236 3467 2310 primum
3497 2234 3687 2293 filium

2042 2328 2242 2400 David,
2271 2327 2483 2383 deinde
2530 2326 2845 2383 Dominum
2895 2329 3078 2397 vocet,
3132 2330 3189 2383 et
3245 2326 3691 2395 ad,extremum

2043 2417 2245 2473 adoret
2263 2422 2329 2473 ut
2347 2422 2547 2473 Deum.

2114 2508 2302 2579 (Vers.
2334 2507 2557 2578 27,28.)
2591 2530 2619 2555 «
2653 2506 2719 2561 At
2766 2504 2870 2561 illa
2925 2504 3099 2561 dixit:
3160 2503 3371 2575 Etiam,
3418 2502 3687 2563 Domine.

2043 2597 2191 2653 Nam
2223 2601 2280 2653 et
2310 2595 2499 2652 catelli
2532 2596 2711 2651 edunt
2730 2595 2801 2651 de
2826 2593 2996 2651 micis
3009 2611 3134 2667 quae
3152 2595 3371 2651 cadunt
3391 2594 3465 2650 de
3485 2610 3692 2655 mensa

2041 2686 2416 2742 dominorum
2447 2701 2710 2741 suorum.
2741 2684 2905 2739 Tunc
2932 2684 3294 2756 respondens
3349 2683 3545 2753 Jesus,
3606 2682 3690 2741 ait

2040 2773 2125 2831 illi
2157 2792 2169 2830 :
2204 2776 2247 2830 Ο
2280 2775 2512 2840 mulier,
2547 2790 2762 2846 magna
2790 2777 2880 2829 est
2918 2773 3062 2829 fides
3092 2777 3224 2829 tua:
3265 2772 3369 2830 ﬁat
3397 2772 3506 2836 tibi
3535 2771 3701 2849 sicut,

2038 2865 2147 2921 vis.
2180 2865 2250 2919 Et
2281 2869 2486 2920 sanata
2516 2866 2604 2919 est
2634 2862 2757 2918 filia
2786 2864 2915 2933 ejus
2946 2879 3015 2919 ex
3041 2860 3143 2918 illa
3167 2862 3333 2918 hora.
3359 2884 3389 2913 ››
3416 2861 3548 2918 Scio
3568 2876 3683 2933 me,

2039 2954 2256 3026 inquit,
2289 2953 2545 3008 filiorum
2576 2969 2786 3025 panem
2818 2967 2935 3007 non
2993 2950 3227 3018 mereri,
3277 2966 3382 3006 nec
3425 2950 3685 3022 integros

2039 3060 2212 3115 posse
2242 3058 2445 3115 capere
2476 3040 2667 3105 cibos;
2704 3057 2810 3095 nec
2854 3039 3057 3096 sedere
3096 3039 3169 3093 ad
3220 3053 3487 3095 mensam
3545 3054 3683 3097 cum

269 3132 456 3199 cilio;
490 3133 592 3187 sed
645 3149 719 3187 ne
776 3132 902 3205 ipse
950 3132 1248 3188 sententiae
1293 3149 1411 3188 suae
1454 3132 1754 3187 videretur
1800 3147 1928 3187 esse
1972 3203 1999 3205 _A
2042 3135 2235 3203 patre;
2270 3132 2370 3186 sed
2406 3134 2679 3185 contenta
2720 3145 2853 3184 sum
2901 3126 3167 3201 reliquiis
3209 3124 3580 3184 catulorum:
3614 3130 3684 3197 ut

271 3221 634 3289 contrarius,
665 3238 767 3293 per
798 3203 974 3292 quam
1024 3222 1286 3293 jusserat
1307 3237 1320 3276 :
1344 3223 1408 3277 In
1426 3222 1576 3276 viam
1593 3222 1838 3291 gentium
1857 3236 1928 3275 ne
1959 3203 2001 3269 C
2040 3236 2142 3291 per
2160 3218 2555 3275 humilitatem
2588 3218 2895 3288 micarum,
2927 3216 2999 3273 ad
3031 3214 3425 3289 panisintegri
3452 3214 3682 3275 veniam

269 3311 456 3367 abieri
465 3313 560 3382 tis,
591 3318 641 3366 et
668 3310 911 3366 civitates
959 3309 1442 3365 Samaritanorum
1468 3326 1539 3364 ne
1580 3309 1923 3365 intraveritis

271 3400 480 3457 Matth.
516 3416 575 3466 Χ,
603 3401 680 3467 5).
713 3398 957 3454 Nolebat
978 3399 1134 3453 enim
1185 3398 1550 3454 occasionem
1611 3397 1930 3453 calumnia-

271 3490 508 3545 toribus
520 3489 659 3544 dare
672 3487 1101 3561 perfectamque
1123 3487 1373 3543 salutem
1396 3488 1682 3559 gentium,
1703 3487 1927 3559 passio-

270 3579 368 3636 nis
399 3582 462 3634 et
491 3576 939 3634 resurrectionis
968 3576 1218 3649 tempori
1270 3576 1622 3632 reservabat.
1654 3599 1680 3625 ι(
1715 3577 1783 3631 Et
1832 3592 1926 3631 ac-

265 3669 544 3724 cedentes
572 3665 845 3738 discipuli
879 3666 1009 3737 ejus
1064 3666 1350 3738 rogabant
1405 3681 1563 3736 eum,
1622 3665 1919 3720 dicentes:

264 3752 513 3813 Dimitte
542 3772 693 3823 eam,
726 3756 866 3827 quia
895 3754 1109 3810 clamat
1137 3759 1269 3827 post
1300 3771 1426 3811 nos.
1453 3776 1481 3804 »
1515 3753 1924 3826 Discipuli,illo

263 3843 462 3899 adhuc
492 3846 757 3915 tempore
814 3841 1095 3919 mysteria
1144 3840 1377 3897 Domini
1429 3842 1779 3908 nescientes,
1835 3841 1919 3898 vel

262 3929 678 3986 misericordia
698 3930 996 4001 commoti,
1029 3930 1316 4003 rogabant
1366 3947 1469 4001 pro
1502 3931 1657 3985 116
1689 3930 1919 3985 Chana-

261 4035 423 4086 naea,
455 4017 714 4089 muliere,
747 4036 926 4092 quam
949 4006 1094 4075 alter
1113 4018 1497 4092 Evangelium
1520 4019 1919 4092 Syrophcenis-

259 4125 394 4167 sam
429 4107 685 4181 appellat
712 4109 901 4180 (Marc.
935 4126 1039 4179 vn,
1068 4109 1161 4180 26)
1191 4109 1281 4164 vel
1312 4108 1761 4180 importunitate
1791 4110 1920 4180 ejus

259 4213 463 4255 carere
492 4198 830 4270 cupientes:
862 4198 1002 4269 quia
1032 4214 1147 4252 non
1186 4200 1252 4252 ut
1281 4196 1650 4268 clementem,
1716 4199 1818 4254 sed
1853 4203 1919 4253 ut

261 4288 482 4344 durum
516 4287 813 4343 medicum
843 4287 1107 4343 crebrius
1138 4285 1504 4343 inclamaret.

334 4394 659 4475 {Diximus
683 4394 792 4450 hac
824 4395 895 4475 de
927 4410 988 4475 re
1009 4394 1096 4475 ad.
1134 4393 1319 4475 epist.
1377 4395 1448 4448 64
1502 4394 1916 4475 αᾴηΡθίδὶοιᾳω

260 4465 468 4548 initio:
504 4466 721 4537 quibus
721 4466 899 4592 (paria
928 4465 1105 4521 habet
1134 4464 1525 4546 Hieronymus
1545 4464 1647 4520 lib.
1672 4469 1698 4521 Ι
1722 4471 1915 4522 contra

260 4538 625 4592 Iovinianum
681 4554 717 4592 a
813 4537 1035 4592 Cantici
1089 4553 1313 4592 vers1c:
1373 4538 1683 4592 Fratruelis
1765 4554 1915 4592 meus

259 4538 625 4593 Iovinianum
681 4537 755 4592 ad
813 4537 1035 4593 Cantici
1089 4537 1313 4592 versic:
1373 4538 1683 4593 Fratruelis
1765 4554 1916 4593 meus

261 4574 625 4593 ,υνιιηωηιοιη
682 4574 755 4592 αι.
815 4574 1035 4593 wn...“
1098 4574 1275 4592 τωο...
1301 4580 1313 4592 .
1542 4574 1681 4593 ..νην
1765 4574 1913 4593 um...

261 4608 426 4673 mihi,
459 4611 511 4663 et
538 4624 634 4681 ego
660 4609 772 4675 illi,
803 4610 867 4662 in
894 4609 1081 4681 medio
1096 4608 1326 4681 uberum
1369 4624 1619 4681 meorum
1672 4624 1909 4665 commo-
1943 4574 1992 4639 Β

263 4682 535 4736 rabitur:
573 4679 654 4735 in
696 4681 1021 4751 principali,
1069 4679 1280 4751 inquit,
1331 4679 1527 4746 cordis,
1582 4681 1681 4735 ubi
1734 4697 1909 4736 sermo

263 4753 365 4809 Dei
390 4751 556 4807 habet
589 4752 913 4822 hospitium.
938 4773 967 4801 »
1018 4751 1347 4822 Concinunt
1370 4768 1566 4822 porro
1615 4768 1684 4807 ex
1729 4752 1909 4808 eccle-

266 4823 527 4894 siasticis
556 4821 898 4878 auctoribus
955 4822 1239 4894 plerique.
1288 4821 1587 4894 Origenes,
1640 4822 1844 4878 homil.
1876 4824 1910 4875 9

262 4893 334 4950 in
360 4894 662 4966 Exodum:
696 4917 724 4944 ‹‹
760 4893 1138 4950 Potest’intra
1184 4910 1245 4951 se
1273 4893 1460 4966 agere
1506 4894 1910 4964 pontiﬁcatum

265 4980 419 5037 pars
456 4964 577 5031 illa,
613 4982 739 5037 qua:
779 4965 840 5037 in
880 4982 946 5037 eo
994 4970 1081 5037 est
1137 4964 1566 5037 pretiosissima
1622 4966 1908 5037 omnium,

266 5036 698 5119 Quod‘quidam
732 5036 1055 5119 principale
1073 5036 1276 5119 cordis
1316 5036 1650 5119 appellant,
1682 5036 1782 5119 alii
1829 5055 1913 5092 ra-

260 5107 545 5165 tionalem
576 5107 840 5176 sensum,
875 5107 975 5163 aut
1004 5107 1456 5163 intellectualem
1490 5109 1910 5176 substantiam,

264 5178 357 5236 vel
408 5195 772 5252 quocunque
830 5179 1004 5236 modo
1063 5178 1341 5251 appellari
1388 5183 1579 5250 potest
1627 5180 1684 5235 in
1743 5182 1913 5235 nobis

267 5250 826 5323 portiognostri'illa,
847 5267 981 5323 iper
1037 5250 1215 5323 quam
1250 5266 1510 5323 capaces
1522 5267 1674 5323 besse
1705 5269 1913 5322 possu-

269 5320 411 5379 inus
449 5321 573 5378 Dei.
610 5346 638 5373 ››
663 5320 1072 5378 Tertull—ianus
1105 5320 1350 5394 passim,
1394 5325 1451 5377 et
1497 5320 1649 5394 libro
1701 5320 1765 5377 de
1816 5324 1913 5378 Re-

270 5396 617 5465 surrectione
644 5395 833 5450 carnis
863 5411 990 5465 cap.
1024 5393 1122 5448 15.7
1143 5394 1542 5462 Hegemonicon
1574 5393 1680 5463 (sic
1705 5394 1916 5465 iGrmce

270 5464 606 5537 ἡγεμονικόν
640 5465 854 5521 dicitur
882 5464 1226 5537 Principale)
1257 5466 1464 5521 animm
1493 5466 1557 5537 in
1586 5464 1746 5537 corde
1785 5482 1915 5520 con-

267 5534 556 5594 secratum
595 5554 743 5606 esse,
779 5539 981 5594 multis
1029 5534 1338 5608 scripturas
1386 5534 1737 5608 testimoniis
1786 5553 1918 5608 pro-

269 5608 397 5667 bat.
429 5608 536 5665 His
565 5610 713 5666 adde
743 5609 1047 5665 Philonem
1099 5607 1403 5680 in’Opusc.
1455 5607 1519 5663 de
1548 5622 1607 5663 eo
1652 5607 1802 5678 quod
1826 5608 1917 5663 de-

269 5682 447 5737 terius
500 5683 710 5753 potiori
766 5680 1105 5744 insidietur;
1178 5680 1514 5747 Nissenum,
1569 5684 1715 5736 orat.
1780 5681 1802 5733 1
1856 5680 1921 5735 de

2040 3308 2529 3381 magnitudinem.
2587 3308 2630 3362 Ο
2678 3307 2828 3362 mira
2879 3322 3076 3362 rerum
3125 3303 3456 3361 conversio!
3503 3302 3683 3363 Israel

2037 3398 2335 3471 quondam
2368 3397 2546 3465 filius,
2580 3414 2697 3453 non
2727 3413 2921 3452 canes.
2977 3400 3087 3450 Pro
3134 3394 3469 3450 diversitate
3523 3391 3681 3461 ﬁdei,

2037 3488 2177 3543 ordo
2208 3486 2517 3542 nominum
2549 3489 2966 3542 commutatur.
2990 3482 3196 3539 Deillis
3212 3480 3678 3555 posteadicitur:

2037 3575 2521 3633 Circumdederunt
2550 3590 2640 3629 me
2667 3590 2828 3630 canes
2859 3573 3024 3627 multi
3055 3572 3225 3643 (Psal.
3257 3588 3373 3643 χχι,
3428 3570 3538 3643 17).
3570 3570 3676 3631 Et:

2037 3666 2229 3721 Videte
2276 3680 2454 3734 canes,
2508 3663 2680 3719 videte
2726 3663 2873 3717 117
2927 3661 3105 3717 malos
3148 3662 3451 3734 operarios,
3505 3658 3681 3719 videte

2031 3756 2399 3811 crmcisz’onem
2454 3754 2723 3824 (Philipp.
2758 3769 2845 3816 ιιι,
2874 3751 2953 3823 2.)
2983 3751 3101 3807 Nos
3148 3749 3484 3807 audivimus
3541 3765 3680 3811 cum

2030 3842 2493 3917 Syrophmnissa,
2527 3843 2584 3896 et
2613 3839 2859 3895 muliere
2889 3855 3016 3911 quas
3047 3836 3335 3911 sanguine
3393 3838 3677 3897 ﬂuxerat:

2029 3935 2226 4005 Magna
2255 3935 2333 3987 est
2360 3929 2491 4001 ﬁdes
2524 3937 2636 3999 tua,
2686 3930 2783 4000 ﬁat
2831 3927 2934 3983 tibi
2987 3927 3131 3982 sicut
3188 3928 3289 3983 vis.
3348 3929 3452 3984 Et:
3508 3928 3677 3999 Filia,

2028 4022 2160 4093 ﬁdes
2190 4028 2285 4076 tua
2314 4024 2369 4075 te
2397 4017 2609 4074 salvam
2635 4017 2766 4088 fecit
2795 4015 2989 4087 (Marc.
3012 4032 3069 4084 v,
3100 4014 3214 4083 34).

2100 4110 2287 4182 (Vers.
2319 4108 2410 4176 29,
2442 4107 2557 4179 30.)
2580 4129 2608 4156 ‹‹
2642 4107 2877 4161 Etcum
2929 4103 3243 4160 transisset
3294 4103 3432 4160 inde
3479 4103 3676 4176 Jesus,

2028 4201 2188 4256 venit
2215 4214 2384 4254 secus
2414 4212 2575 4252 mare
2604 4193 2851 4252 Galilaeaa
2876 4209 2889 4248 :
2923 4197 2980 4250 et
3007 4192 3333 4250 ascendens
3388 4192 3452 4250 in
3504 4209 3673 4256 mon-

2026 4293 2169 4353 tem,
2203 4286 2442 4343 sedebat
2476 4283 2578 4339 ibi.
2639 4284 2708 4339 Et
2759 4285 3134 4337 accesserunt
3173 4281 3247 4337 ad
3303 4297 3441 4338 eum
3488 4282 3676 4341 turba

2026 4396 2329 4451 Resurrect.
2358 4390 2600 4451 Christi:
2658 4389 3101 4457 Theodoritum,
3153 4405 3333 4445 serm.
3365 4392 3400 4446 3
3427 4390 3497 4447 de
3535 4392 3674 4448 Pro-

2024 4466 2285 4521 videntia.
2347 4463 2629 4533 aliosque.
2690 4460 2907 4517 Contra
2954 4461 3316 4533 Lactantius,
3346 4532 3349 4533 ν
3379 4461 3485 4519 lib.
3533 4480 3552 4519 ι
3607 4462 3674 4520 de

2027 4537 2367 4610 0piﬁc._Dei.
2401 4532 2531 4610 capi
2574 4534 2676 4610 16,_
2721 4533 2781 4588 in
2842 4532 3087 4610 ancipiti
3119 4532 3405 4610 reliquit,
3466 4538 3669 4590 utrum

2022 4603 2081 4664 in
2116 4603 2307 4672 corde,
2337 4623 2410 4661 an
2440 4603 2501 4661 in
2532 4604 2767 4661 cerebro
2817 4608 2953 4676 stet.
2979 4603 3168 4662 ’Plato
3216 4603 3434 4676 autem,
3469 4619 3669 4676 quem

2024 4680 2408 4749 Hieronymus
2455 4677 2692 4743 refutat,
2750 4675 2982 4749 proprie
3030 4674 3529 4749 constituebat_in
3572 4689 3668 4749 ca-

2021 4752 2140 4826 pite
2170 4745 2291 4807 sive
2329 4750 2387 4826 in
2440 4745 2993 4826 summo‘c'orp'oris
3053 4748 3270 4804 nostri:
3327 4746 3485 4803 unde
3533 4745 3666 4804 ani-

2024 4815 2183 4879 inam
2208 4822 2460 4895 vocabat
2489 4815 2810 4895 ἐγκέφαλον.

2091 4897 2112 4929 ²
2142 4893 2337 4949 Minus
2377 4887 2538 4948 bene'
2579 4887 2769 4960 antea,
2800 4893 3069 4960 incensor,
3136 4887 3291 4959 quod
3350 4888 3669 4947 emendant

2025 4983 2167 5022 mss.
2203 4964 2380 5020 Paulo
2414 4979 2647 5035 quoque
2676 4966 2809 5034 post
2824 4960 2952 5035 alii
2972 4959 3210 5025 habent,
3240 4974 3334 5015 cor
3363 4960 3439 5017 ab
3495 4961 3668 5018 oculis

2024 5039 2399 5103 vulneratum,
2429 5032 2537 5108 pro
2550 5032 2781 5108 amoris
2801 5032 3007 5105 jaculo.

2093 5110 2115 5143 ³
2150 5109 2212 5163 In
2235 5101 2468 5163 duobus
2508 5101 2814 5162 codicibus
2863 5119 3031 5170 mss.,
3090 5101 3194 5158 Cor
3221 5101 3291 5157 ab
3337 5102 3509 5160 oculis
3555 5103 3669 5160 vul-

2023 5188 2301 5236 neratum.
2338 5179 2527 5234 MART.

2095 5251 2115 5285 ‘
2146 5252 2287 5305 Tres
2318 5247 2566 5305 Palatini
2597 5246 2761 5302 codd.
2820 5245 3100 5316 Ecclesiae,
3162 5261 3267 5316 pro
3327 5246 3665 5303 Chartam.

2024 5325 2304 5377 Caeterum
2337 5320 2458 5376 haec
2509 5334 2740 5390 quoque
2769 5334 2839 5374 ex
2901 5317 3148 5390 Origene
3192 5317 3480 5376 translata
3533 5332 3669 5390 sen-

2026 5394 2211 5449 tentia
2262 5396 2386 5447 est:
2436 5414 2463 5439 «
2497 5387 2776 5445 Existimo
2834 5387 3052 5459 autem,
3102 5404 3260 5462 cum
3298 5387 3669 5462 proportione

2027 5466 2095 5520 ad
2150 5464 2333 5531 illam,
2384 5478 2510 5535 qua:
2561 5465 2876 5535 sursum‘est
2896 5458 3489 5535 Jerusale_m,liberdm
3504 5458 3666 5517 Pauli

2026 5541 2279 5601 matrem,
2322 5530 2587 5605 ejusque
2648 5531 2956 5605 similium,
3014 5530 3453 5605 intelligendam
3538 5547 3667 5587 esse

2028 5603 2415 5663 Chananazam
2441 5624 2453 5672 ;
2479 5603 2725 5677 matrem
2784 5603 2988 5677 puella:
3019 5619 3053 5659 a
3083 5603 3368 5677 daemonio
3424 5605 3664 5675 vexatae,

2031 5696 2157 5751 qua:
2180 5682 2397 5735 matres
2428 5676 2719 5748 ejusmodi
2749 5674 2953 5733 animae
2983 5674 3316 5747 symbolum
3344 5679 3500 5735 est.»
