4024 6196
302 339 425 403 115

1099 424 1119 455 Ι

1414 390 1449 403 κ
1546 350 1612 415 S.
1657 351 1973 416 EUSEBll
2018 353 2464 430 HIERONYMI

3592 366 3711 428 116

309 474 527 543 multae,
567 472 852 533 habentes
897 494 1098 537 secum
1160 486 1376 554 mutos,
1426 501 1627 556 caecos,
1684 486 1947 555 claudos,
1981 492 2031 555 Α
2064 493 2265 562 quitur
2293 498 2364 554 ad
2397 500 2611 559 Eliam:
2659 500 2857 576 Surge,
2915 506 2967 560 et
3012 499 3304 570 manduca,
3353 501 3483 574 quia
3535 518 3712 573 gran-

308 562 551 629 debiles,
584 566 641 619 et
671 562 817 621 alios
850 569 1088 628 multos.
1113 571 1183 626 Et
1211 574 1581 644 projecerunt
1603 593 1702 633 cos
1727 579 1798 632 ad
1851 595 1948 650 pe-

307 652 411 707 des
438 651 590 723 ejus,
612 674 633 704 ι
669 653 733 709 In
763 672 829 711 eo
858 655 983 714 loco
1018 659 1116 715 ubi
1146 661 1388 720 Latinus
1417 666 1704 738 interpres
1757 677 1950 726 trans-

307 740 463 812 tulit,
524 741 748 814 debiles,
808 745 866 800 in
928 747 1123 806 Graeco
1182 752 1469 826 scriptum
1520 762 1627 827 est,
1686 757 1948 829 κυλιλοὺς,

308 830 471 902 quod
502 847 618 887 non
657 835 930 906 generale
961 837 1300 913 debilitatis,
1320 844 1420 898 sed
1454 846 1952 905 uniusinﬁrmita—

309 912 385 975 tis
410 922 500 975 est
530 936 777 978 nomen:
811 928 877 979 ut
915 928 1208 997 quomodo
1264 912 1510 989 claudus
1563 935 1800 1003 dicitur,
1854 939 1954 1010 qui

307 1024 426 1063 uno
483 1007 776 1066 claudicat
830 1014 1006 1084 pede:
1070 1016 1154 1073 sic
1184 1015 1391 1081 κυλλός
1438 1024 1764 1097 appelletur
1855 1007 1954 1100 qui

304 1113 491 1153 unam
524 1114 765 1155 manum
824 1102 1075 1160 debilem
1136 1106 1330 1164 habet.
1378 1110 1495 1169 Nos
1540 1115 1954 1186 proprietatem

308 1184 490 1257 hujus
520 1187 682 1243 verbi
714 1205 828 1245 non
861 1191 1169 1252 habemus.
1226 1197 1387 1255 Unde
1417 1205 1473 1257 et
1506 1184 1560 1257 in
1595 1221 1955 1277 consequen-

308 1272 474 1331 tibus
505 1277 864 1349 evangelista
894 1286 1231 1340 cmterorum
1263 1287 1545 1346 debilium
1578 1272 1844 1365 exposuit
1869 1314 1960 1352 sa-

313 1362 551 1430 nitates,
586 1364 798 1423 horum
831 1372 1032 1428 tacuit.
1068 1375 1216 1440 Quid
1248 1375 1405 1435 enim
1436 1362 1746 1453 sequitur?

387 1452 577 1524 (Vers.
609 1453 699 1523 30,
728 1458 842 1531 31.)
875 1460 944 1515 Et
974 1464 1201 1520 curavit
1230 1483 1360 1523 eos:
1391 1469 1473 1525 ita
1501 1452 1567 1527 ut
1611 1475 1796 1529 turbas
1846 1475 1959 1530 mi-

320 1547 611 1612 rarentur,
643 1547 905 1605 videntes
936 1556 1130 1609 mutos
1152 1553 1476 1631 loquentes,
1501 1560 1961 1621 claudosambu-

322 1628 533 1699 lantes,
569 1651 752 1691 caecos
811 1637 1105 1697 videntes:
1168 1649 1226 1700 et
1267 1628 1725 1720 magniﬁcabant
1783 1660 1963 1710 Deum

324 1720 525 1775 Israel.
557 1744 583 1769 ››
623 1722 706 1779 De
734 1723 964 1789 κυλλοϊς
994 1731 1191 1805 tacuit,
1243 1737 1380 1807 quia
1425 1741 1565 1810 quid
1614 1759 1645 1796 e
1674 1745 1967 1800 contrario

2060 580 2183 638 dem
2212 588 2359 644 viam
2387 592 2780 648 ambulaturus
2809 608 2864 648 es
2894 592 2993 663 (III
3018 593 3144 661 Reg.
3178 608 3294 659 x1x,
3325 592 3403 660 7).

2133 673 2315 745 (Vere.
2362 680 2432 734 33
2461 681 2574 752 39.)
2640 705 2661 730 α
2699 683 2769 737 Et
2819 681 3024 736 dicunt
3069 681 3119 736 ei
3179 679 3501 752 discipuli:
3548 679 3715 737 Unde

2061 776 2198 833 ergo
2229 767 2397 824 nobis
2428 769 2486 824 in
2513 770 2742 825 deserto
2775 786 2955 843 panes
3008 775 3225 837 tantos,
3266 773 3332 824 ut
3373 774 3712 825 saturemus

2062 852 2297 909 turbam
2330 857 2600 913 tantam?
2650 858 2718 913 Et
2740 859 2828 914 ait
2856 858 2975 914 illis
3022 859 3225 915 Jesus:
3279 859 3438 923 Quod
3483 857 3714 915 habetis

2064 942 2284 1010 panes?
2315 950 2390 1000 At
2418 946 2504 1001 illi
2537 944 2848 1003 dixerunt:
2880 949 3137 1020 Septem,
3170 951 3227 1003 et
3265 962 3482 1019 paucos
3530 946 3713 1018 pisci-

2064 1028 2347 1099 culos;et
2383 1019 2655 1108 praecepit
2704 1038 2887 1092 turbae
2934 1019 2997 1091 ut
3042 1035 3483 1091 discumberent
3534 1051 3716 1107 super

2065 1121 2302 1176 terram.
2343 1123 2413 1178 Et
2446 1124 2737 1197 accipiens
2786 1130 3010 1199 septem
3058 1141 3239 1197 panes
3292 1129 3350 1179 et
3398 1125 3607 1196 pisces,
3658 1128 3718 1179 et

2065 1207 2285 1277 gratias
2330 1226 2509 1283 agens
2556 1214 2746 1286 fregit,
2778 1219 2835 1269 et
2884 1214 3045 1270 dedit
3083 1210 3394 1284 discipulis
3444 1212 3608 1268 suis:
3659 1217 3719 1268 et

2069 1294 2342 1369 discipuli
2372 1301 2658 1357 dederunt
2690 1302 2923 1376 populo.
2967 1303 3038 1357 Et
3081 1303 3466 1359 comederunt
3512 1318 3718 1358 omnes

2069 1388 2128 1439 et
2158 1388 2400 1444 saturati
2431 1397 2590 1447 sunt.
2624 1392 2693 1447 Et
2717 1392 2869 1463 quod
2911 1390 3198 1463 superfuit
3235 1391 3307 1446 de
3348 1390 3718 1463 fragmentis,

2071 1473 2334 1533 tulerunt
2364 1485 2584 1552 septem
2619 1487 2848 1553 sportas
2881 1479 3107 1552 plenas.
3147 1484 3329 1535 Erant
3367 1483 3566 1535 autem
3615 1479 3719 1562 qui

2074 1564 2574 1624 manducaverunt
2614 1577 2868 1642 quatuor
2924 1568 3111 1624 millia
3158 1567 3488 1635 hominum,
3550 1572 3717 1624 extra

2075 1655 2348 1722 parvulos
2369 1662 2427 1713 et
2458 1658 2753 1715 mulieres.
2782 1660 2852 1713 Et
2905 1657 3152 1713 dimissa
3207 1657 3403 1724 turba,
3454 1656 3720 1713 ascendit

2074 1739 2137 1795 in
2171 1745 2523 1815 naviculam,
2554 1754 2611 1803 et
2636 1747 2790 1803 venit
2832 1747 2893 1802 in
2933 1747 3079 1803 ﬁnes
3130 1746 3414 1819 Magedan
3473 1741 3718 1819 [Μαγδα-

328 1809 565 1883 diceret,
601 1829 715 1868 non
744 1814 1016 1874 habebat.
1050 1824 1168 1877 Hoc
1199 1824 1270 1880 de
1317 1809 1457 1884 uno,
1489 1831 1685 1887 verbo.
1734 1839 1967 1890 Intuea-
1998 1857 2047 1924 B
2079 1825 2190 1902 λά].
2210 1854 2236 1882 ››
2271 1834 2352 1890 De
2384 1834 2491 1892 hoc
2520 1836 2688 1909 signo
2709 1838 2837 1908 jam
2868 1853 3051 1935 supra
3068 1835 3357 1935 diximus,
3382 1840 3466 1935 “et
3515 1836 3717 1935 eadem

328 1913 460 1935 mnn
490 1905 681 1935 un+nm
717 1906 869 1935 “una
905 1913 1103 1935 ηηηηι..
1132 1912 1455 1935 ηι.-..-Ὰ-,η
1500 1918 1575 1935 ηι-
1816 1928 1825 1935 .
1877 1930 1886 1935 .
2221 1927 2230 1935 .
2389 1926 2425 1935 ..
2504 1925 2515 1935 .
2617 1931 2625 1935 .
2703 1931 2711 1935 .
2806 1930 2813 1935 .

324 1913 460 1953 mur
488 1905 683 1957 autem
716 1906 872 1975 quod
905 1913 1109 1965 sanata
1131 1912 1464 1971 Chananaeaz
1496 1918 1616 1975 tilia
1646 1928 1970 1979 revertatur
1998 1905 2047 1924 u
2076 1925 2517 1992 repetereotiosi
2546 1931 2663 1981 est:
2697 1930 2927 1981 tantum
2963 1925 3021 1980 in
3068 1923 3162 1980 his
3208 1940 3334 1996 qua:
3364 1923 3721 1996 discrepant,

324 1987 397 2041 ad
425 1987 713 2058 Judaaam,
761 1996 817 2049 et
846 1994 918 2050 ad
977 2013 1137 2054 mare
1188 2001 1455 2071 Galilaeaa,
1488 2012 1545 2063 et
1598 2012 1875 2068 ascendat
1910 2013 1967 2068 in

325 2082 619 2134 montem:
652 2084 710 2135 et
759 2083 927 2155 quasi
962 2087 1083 2143 avis
1134 2092 1364 2147 teneros
1410 2095 1563 2152 fetus
1593 2105 1865 2169 provocet
1895 2104 1967 2158 ad

324 2164 674 2237 volandum;
712 2171 910 2243 ibique
939 2176 1159 2245 sedeat,
1192 2184 1249 2234 et
1277 2184 1462 2238 turba:
1494 2164 1846 2246 con—currant
1897 2193 1968 2247 ad

326 2270 484 2321 eum,
517 2257 871 2316 deducentes
901 2263 1021 2319 sive
1052 2273 1348 2338 portantes
1390 2290 1589 2331 secum
1634 2279 1809 2334 variis
1867 2297 1967 2354 0p-

325 2346 1055 2414 pressosinﬁrmitatibus:
1091 2372 1241 2427 quos
1258 2366 1570 2434 postquam
1588 2368 1834 2433 curavit,
1868 2346 1969 2425 de-

328 2431 414 2487 dit
439 2433 523 2490 eis
554 2434 748 2506 cibos;
783 2444 840 2494 et
872 2440 980 2497 hoc
1021 2461 1194 2517 opere
1239 2431 1550 2522 completo,
1597 2431 1862 2512 ascendit
1909 2458 1969 2513 in

330 2520 681 2593 naviculam,
715 2532 774 2583 et
810 2530 968 2585 venit
1015 2533 1071 2587 in
1120 2535 1265 2591 fines
1310 2520 1611 2610 Magedan.
1654 2545 1722 2601 Et
1776 2563 1972 2603 ascen-

333 2609 481 2666 dens
513 2611 573 2667 in
606 2622 885 2686 montem,
927 2621 1167 2679 sedebat
1200 2625 1278 2681 ibi
1326 2644 1338 2683 :
1371 2634 1429 2684 et
1485 2640 1857 2693 accesserunt
1900 2637 1970 2692 ad

334 2715 470 2756 eum
519 2703 726 2760 turbes.
778 2708 1033 2765 Observa
1075 2714 1229 2782 quod
1271 2718 1440 2783 muti,
1491 2718 1681 2777 claudi
1725 2729 1782 2780 et
1838 2726 1975 2780 caeci

331 2787 632 2847 ducuntur
668 2794 741 2848 ad
773 2801 1055 2865 montem,
1087 2804 1152 2855 ut
1183 2803 1281 2858 ubi
1333 2814 1612 2863 curentur
1641 2828 1674 2865 a
1703 2812 1971 2869 Domino.

400 2878 582 2947 (Vere.
615 2883 732 2951 32.)
781 2885 1002 2943 «Jesus
1052 2896 1246 2947 autem
1295 2898 1625 2954 convocatis
1668 2901 1974 2975 discipulis

339 2966 484 3038 suis,
518 2968 702 3027 dixit:
736 2972 1012 3032 Misereor
1040 2981 1243 3051 turbm,
1277 2984 1416 3055 quia
1445 2987 1638 3045 triduo
1663 2990 1790 3061 jam
1822 2966 1974 3064 ’ρει--

331 3064 599 3115 severant
626 3078 878 3128 mecum,
909 3070 966 3122 et
996 3084 1111 3124 non
1146 3069 1363 3128 habent
1388 3077 1542 3146 quod
1596 3080 1971 3138 manducent.

329 3145 400 3199 Et
430 3146 725 3203 dimittere
756 3168 854 3206 eos
877 3155 1116 3225 jejunos
1146 3160 1300 3227 nolo,
1336 3145 1773 3224 nedeﬁciantin
1802 3171 1914 3226 via.
1945 3194 1986 3220 »μ

332 3230 474 3286 Vult
504 3250 743 3304 pascere
773 3254 922 3309 quos
953 3246 1195 3311 curavit,
1228 3225 1390 3319 prius
1420 3253 1967 3327 aufertdebilitates,
2000 3225 2045 3293 Ε

331 3323 402 3375 ut
457 3328 661 3393 postea
719 3325 879 3382 sanis
922 3330 1125 3385 offerat
1172 3335 1353 3391 cibos.
1402 3342 1690 3398 Convocat
1744 3323 1977 3420 quoque

335 3408 657 3483 discipulos
690 3414 855 3481 suos,
885 3421 942 3473 et
964 3421 1116 3490 quod
1171 3422 1435 3481 facturus
1465 3434 1575 3497 est,
1612 3408 1981 3506 loqui-tur,.ut

329 3499 419 3555 vel
451 3502 751 3575 magistris
781 3507 1113 3579 exemplum
1157 3512 1397 3583 tribuat,
1459 3533 1591 3574 cum
1651 3522 1979 3582 minoribus

334 3590 513 3658 atque
539 3588 846 3663 discipulis
886 3599 1378 3659 communicanda
1421 3620 1549 3661 esse
1579 3608 1841 3681 consilia,
1891 3613 1977 3669 vel

336 3690 406 3730 ex
435 3678 910 3738 confabulatione
936 3684 1269 3759 intelligant
1311 3691 1463 3764 signi
1499 3697 1643 3754 118
1688 3678 1981 3773 magnitu-

335 3761 554 3834 dinem,
589 3769 1008 3838 respondentes
1041 3790 1104 3829 se
1133 3792 1314 3846 panes
1359 3761 1418 3835 in
1472 3798 1666 3840 eremo
1714 3804 1827 3842 non
1874 3789 1978 3844 ha-

331 3850 489 3907 bere.
523 3855 1057 3931 Misereorginquit,
1090 3866 1286 3932 turbae,
1319 3885 1449 3939 quia
1478 3873 1664 3930 triduo
1682 3876 1805 3947 jam
1859 3896 1980 3951 per-

327 3946 582 3998 seuerant
636 3960 865 4002 mecum.
907 3949 1216 4009 Miseretur
1260 3958 1463 4025 turbae,
1506 3962 1645 4034 quia
1684 3946 1742 4021 in
1796 3946 1976 4025 trium

329 4029 560 4087 dierum
612 4050 877 4107 numero,
910 4041 1090 4112 Patri,
1122 4043 1287 4110 Filio,
1339 4047 1702 4123 Spirituique
1751 4062 1972 4129 sancto,

326 4121 665 4178 credebant.
699 4125 767 4180 Et
803 4144 916 4184 non
961 4130 1160 4187 habent
1189 4137 1332 4206 quod
1387 4121 1740 4198 manducent.
1783 4121 1977 4202 Turba

325 4224 558 4281 semper
596 4214 802 4282 esurit,
857 4220 915 4271 et
962 4218 1107 4277 cibis
1164 4223 1405 4297 indiget,
1451 4228 1566 4284 nisi
1617 4235 1913 4288 saturetur
1943 4253 1977 4290 a

325 4296 595 4353 Domino.
633 4302 703 4357 Et
726 4302 1005 4363 dimittere
1046 4325 1133 4366 eos
1168 4296 1560 4387 jejuaosnolo,
1591 4336 1663 4374 ne
1716 4322 1976 4392 deﬁciant

326 4386 384 4439 in
418 4387 530 4441 via.
564 4387 911 4448 Esuriebant
934 4402 1067 4466 post
1090 4415 1337 4472 magnas
1367 4386 1721 4472 debilitates,
1772 4386 1829 4466 et
1873 4429 1976 4484 per

327 4473 671 4545 patientiam
707 4479 934 4537 futuros
963 4491 1396 4559 exspectabant,
1439 4494 1620 4552 cibos.
1671 4498 1795 4554 Non
1846 4473 1975 4559 vult

2078 2008 2482 2069 immoremur.
2519 2015 2709 2087 Supra
2754 2014 3079 2087 legimus‘:
3124 2014 3348 2086 Vespere
3385 2021 3567 2069 autem
3600 2017 3722 2083 [ac-

2079 2106 2150 2170 to,
2204 2112 2541 2159 accesserunt
2570 2104 2640 2159 ad
2666 2120 2793 2159 eum
2834 2103 3113 2175 discipuli,
3163 2104 3430 2158 dicentes:
3474 2103 3729 2157 Desertus

2077 2196 2160 2241 est
2190 2188 2339 2245 locus
2370 2192 2579 2261 (Matth.
2611 2210 2725 2260 x1v,
2759 2193 2868 2263 15),
2900 2196 2958 2247 et
3014 2191 3261 2263 reliqua.
3314 2190 3416 2246 Hic
3464 2191 3726 2264 discipu-

2078 2274 2152 2332 lis
2200 2281 2550 2347 convocatis,
2606 2281 2730 2353 ipse
2779 2279 3064 2336 Dominus
3112 2277 3410 2351 loquitur:
3470 2279 3727 2335 Misereor

2081 2367 2281 2435 turbae,
2304 2369 2436 2439 quia
2461 2369 2642 2426 triduo
2658 2370 2779 2441 jam
2798 2375 3149 2440 perseverant
3180 2384 3412 2424 mecum.
3446 2367 3532 2423 Ibi
3558 2368 3728 2440 quin-

2081 2471 2409 2529 quepanes,
2428 2463 2593 2515 erant
2622 2465 2679 2515 et
2699 2460 2814 2515 duo
2856 2459 3086 2529 pisces:
3140 2457 3235 2512 hic
3275 2461 3499 2529 septem
3546 2473 3728 2528 panes

2081 2549 2138 2600 et
2167 2548 2334 2618 pauci
2369 2547 2655 2620 pisciculi.
2694 2549 2775 2604 Ibi
2828 2564 3006 2621 super
3052 2546 3253 2646 fenum
3300 2545 3722 2646 discumbunt:

2083 2632 2178 2688 hic
2208 2652 2386 2707 super
2413 2642 2648 2694 terram.
2684 2636 2770 2692 Ibi
2788 2636 2888 2710 qui
2911 2637 3229 2693 comedunt
3248 2635 3512 2734 quinque
3537 2633 3730 2734 millia

2084 2728 2244 2791 sunt,
2269 2725 2441 2794 juxta
2471 2743 2690 2796 panum
2717 2741 3029 2782 numerum
3062 2741 3210 2796 quos
3240 2725 3585 2779 comedunt:
3633 2721 3729 2779 hic

2084 2816 2337 2883 quatuor
2359 2813 2563 2870 millia.
2600 2814 2683 2870 Ibi
2713 2813 3022 2870 duodecim
3045 2812 3281 2885 cophini
3311 2811 3610 2883 replentur
3656 2811 3731 2867 de

2084 2900 2326 2973 reliquis
2358 2904 2844 2976 fragmentorum,
2876 2903 2971 2958 hic
3002 2906 3223 2999 septem
3252 2905 3497 2999 sportis.
3528 2905 3728 2999 lusu:

2083 2990 2296 3062 periori
2328 3008 2465 3064 ergo
2505 2992 2695 3064 signo,
2738 2993 2878 3064 quia
2909 2990 3220 3064 propinqui
3254 2994 3420 3045 erant
3448 2993 3507 3044 et
3552 2990 3731 3044 vicini

2084 3079 2344 3152 quinque
2375 3098 2681 3148 sensuum,
2705 3098 2822 3137 non
2852 3081 2977 3153 ipse
3003 3079 3283 3135 Dominus
3311 3094 3509 3135 eorum
3543 3094 3734 3177 recor-

2085 3169 2278 3236 datur,
2329 3171 2427 3226 sed
2474 3171 2786 3242 discipuli:
2838 3175 2897 3226 et
2942 3169 3323 3226 recordantur
3361 3182 3595 3239 vespere
3643 3169 3732 3221 vi-

2086 3258 2217 3312 cina
2238 3265 2424 3328 nocte,
2447 3264 2504 3315 et
2524 3259 2843 3316 inclinante
2875 3259 3172 3329 llﬁjam
3213 3256 3360 3313 sole.
3399 3255 3503 3312 Hic
3530 3260 3729 3311 autem

2086 3346 2213 3417 ipse
2233 3347 2517 3404 Dominus
2540 3349 2899 3415 recordatur,
2934 3352 2991 3404 et
3024 3346 3287 3444 misereri
3338 3362 3417 3437 se
3442 3344 3640 3444 dicit,‘
3672 3347 3731 3400 et

2088 3450 2329 3491 causam
2378 3437 2775 3493 miserationis
2838 3436 3109 3509 exponit:
3178 3436 3319 3503 Quia
3375 3434 3584 3533 triduo-
3616 3434 3735 3533 iam

2081 3530 2431 3595 perseverant
2458 3542 2673 3581 mecum
2730 3525 2837 3598 [ΑΙ.
2876 3542 3002 3582 cum
3054 3541 3139 3592 co,
3182 3529 3273 3621 eth
3288 3522 3594 3621 secura].et
3641 3521 3731 3621 di-

2090 3611 2321 3669 mittere
2342 3630 2442 3670 eos
2463 3615 2703 3685 jejunos
2732 3631 2847 3670 non
2874 3614 3018 3682 vult,
3053 3629 3125 3668 ne
3165 3612 3438 3668 deficiant
3505 3611 3565 3664 in
3614 3611 3727 3665 via.

2090 3701 2191 3757 Isti
2223 3703 2325 3773 qui
2357 3703 2427 3757 de
2457 3707 2677 3775 septem
2734 3704 3010 3776 panibus,
3062 3701 3175 3757 hoc
3229 3706 3340 3770 est,
3391 3700 3451 3798 in
3503 3704 3736 3798 sacrato

2088 3790 2328 3848 aluntur
2348 3808 2593 3849 numero
2632 3796 2809 3866 atque
2830 3793 3102 3864 perfecto,
3145 3807 3263 3845 non
3295 3793 3435 3845 sunt
3472 3790 3739 3860 quinque

2090 3879 2293 3947 millia,
2329 3881 2431 3936 sed
2463 3885 2717 3952 quatuor
2747 3879 2965 3936 millia:
3018 3879 3120 3951 qui
3172 3894 3452 3951 numerus
3503 3892 3741 3947 semper

2084 3967 2145 4023 in
2172 3968 2345 4026 laude
2377 3970 2629 4042 ponitur,
2663 3975 2719 4025 et
2760 3967 3254 4042 quandrangulus
3288 3965 3439 4038 lapis
3480 3982 3596 4021 non
3627 3962 3737 4019 ﬂu-

2085 4062 2266 4124 ctuat,
2302 4063 2358 4113 et
2415 4077 2526 4115 non
2570 4065 2658 4114 est
2696 4058 3022 4125 instabilis;
3055 4063 3113 4114 et
3159 4057 3232 4112 ob
3289 4055 3441 4110 hanc
3496 4068 3736 4110 causam

2085 4147 2259 4203 etiam
2292 4147 2600 4222 Evangelia
2629 4147 2689 4203 in
2711 4164 2777 4203 eo
2808 4164 3052 4203 numero
3084 4147 3425 4201 consecrata
3457 4145 3613 4198 sunt.

2157 4237 2316 4307 (Cap.
2353 4236 2500 4292 XVI.
2534 4268 2601 4279 —
2630 4236 2795 4292 Vers.
2862 4238 2916 4304 1,
2946 4236 3023 4307 4.)
3057 4257 3084 4285 ‹‹
3120 4235 3187 4289 Et
3242 4235 3615 4289 accesserunt
3661 4229 3735 4285 ad

2084 4342 2216 4379 eum
2249 4324 2523 4381 Pharisazi
2544 4324 2915 4381 etSadducaei
2945 4327 3261 4388 tentantes,
3293 4326 3350 4376 et
3389 4321 3740 4393 rogaverunt

2084 4431 2215 4470 cum
2240 4419 2305 4469 ut
2336 4414 2571 4486 signum
2603 4416 2674 4470 de
2705 4418 2847 4471 cmlo
2882 4413 3218 4470 ostenderet
3247 4411 3363 4510 eis.
3507 4407 3604 4462 ille
3652 4423 3739 4462 re-

2083 4503 2399 4575 spondens,
2447 4504 2528 4560 ait
2555 4503 2708 4560 illis:
2761 4505 2932 4560 Facto
2989 4512 3273 4575 vespere,
3308 4499 3526 4564 dicitis,
3575 4511 3737 4552 sere-

328 4578 429 4619 eos
457 4562 633 4622 Jesus
663 4567 959 4627 dimittere
1005 4572 1266 4648 jejunos,
1313 4597 1384 4636 ne
1442 4583 1717 4642 deficiant
1770 4589 1830 4644 in
1888 4590 1983 4647 via
2008 4591 2057 4658 D
2090 4562 2232 4647 num
2265 4592 2395 4657 erit,
2429 4593 2825 4649 rubicundum
2858 4596 2949 4649 est
2976 4591 3132 4647 enim
3164 4587 3410 4646 ccnlum:
3445 4591 3501 4642 et
3539 4600 3737 4651 mane,

332 4653 882 4732 Periclitaturergo,
914 4660 1014 4732 qui
1044 4663 1171 4720 sine
1201 4667 1417 4727 cmleeti
1448 4689 1597 4744 pane
1626 4676 1697 4731 ad
1716 4682 1979 4749 optatam

337 4742 702 4803 mansionem
737 4750 1037 4821 pervenire
1066 4751 1322 4813 festinat.
1356 4742 1517 4817 Unde
1546 4768 1603 4819 et
1632 4766 1876 4838 angelus
1907 4768 1985 4823 lo-

417 4959 431 4992 ¹
464 4958 781 5044 lien-dipse
806 4981 909 5036 per
938 4972 1133 5044 partes
1163 4976 1657 5044 comparationem
1687 4981 1980 5037 Adaman-

340 5026 458 5083 tius
490 5026 766 5127 instituit,
797 5026 1236 5127 exque-bonam
1270 5026 1495 5116 partem
1544 5048 1656 5105 huc
1706 5050 1982 5127 Hierony—

340 5115 474 5156 mus
506 5101 562 5155 in
595 5119 702 5159 sua
733 5101 1053 5165 transtulit.

410 5171 431 5205 ²
463 5176 585 5228 Non
618 5178 740 5231 tota
756 5177 1002 5261 .haac‘est
1029 5197 1156 5253 quae
1189 5187 1553 5261 proponitur,
1594 5209 1769 5261 quam
1814 5195 1983 5252 docet

341 5241 724 5337 [lieronymus
751 5247 811 5302 in
848 5241 1468 5337 plerisquecodicibus
1509 5241 1813 5337 pbricopen
1866 5284 1978 5324 non

335 5314 572 5394 haberi;
593 5319 694 5394 sed
723 5314 1019 5394 secundus
1045 5314 1115 5378 ac
1151 5330 1360 5384 tertius
1392 5314 1679 5391 duntaxat
1707 5314 1978 5394 rversicu-

332 5381 425 5439 lus
457 5402 490 5441 a
540 5381 751 5478 verbis,
799 5391 957 5448 Facto
1001 5381 1486 5478 vesperefdicitis,
1530 5423 1716 5478 usque
1764 5411 1859 5475 ad,
1902 5412 1978 5466 si-

328 5471 439 5549 gna
468 5463 655 5549 autem.
679 5463 989 5549 temporum
1016 5463 1131 5549 nan.
1150 5475 1372 5549 potestis
1402 5463 1560 5549 scire.
1597 5463 1802 5535 \lerius
1834 5463 1976 5539 adeo

330 5532 450 5614 tunes
478 5529 720 5587 Palatini
753 5529 896 5614 mss.
932 5535 1027 5591 hic
1054 5529 1301 5597 reticent
1351 5529 1559 5614 prium
1598 5552 1973 5609 versiculum.

328 5596 392 5656 Et
423 5609 765 5685 accesserunt
793 5605 865 5661 ad
893 5623 1037 5685 eum,
1070 5614 1204 5679 etc.,
1239 5618 1295 5668 et
1327 5596 1663 5685 (ﬁert—um.“
1686 5620 1975 5680 Generatio

325 5671 473 5727 mala
503 5676 553 5729 et
581 5674 851 5746 adultera,
884 5671 1974 5768 etc.,'quos'neutiquam-Hieronymus

2092 4679 2264 4734 hodie
2315 4685 2666 4751 tempestas;
2727 4680 2934 4736 rutilat
2998 4679 3155 4735 enim
3246 4676 3415 4732 triste
3489 4671 3735 4729 cmlum:

2092 4769 2318 4825 Faciem
2354 4786 2490 4841 ergo
2517 4769 2643 4825 coeli
2677 4770 2999 4839 dijudicare
3046 4767 3258 4836 nostis,
3317 4764 3487 4838 signa
3536 4765 3736 4816 autem

2093 4984 2557 5058 comprehendit,
2582 4982 2811 5058 quique
2836 4982 3075 5058 omninp
3108 4976 3459 5058 praecidendi
3495 4975 3568 5032 ab
3625 4972 3741 5029 hac

2093 5053 2243 5112 serie
2274 5061 2434 5121 sunt,
2468 5072 2541 5110 ne
2573 5053 2756 5109 falsus
2797 5055 2924 5123 ipse
2968 5053 3252 5108 videatur.
3303 5053 3586 5123 Caeterum
3638 5060 3738 5123 ve-

2090 5128 2305 5184 tustior
2333 5145 2400 5182 ex
2422 5116 2636 5204 iisdem
2668 5116 3159 5204 Palatiniscodex
3188 5116 3740 5204 nonalisoluteﬂat-

2092 5216 2204 5271 que
2235 5197 2559 5271 indeﬁnite,
2593 5194 3157 5271 sed,_apud_ercos,
3189 5193 3352 5271 addit
3380 5190 3487 5245 hoc
3505 5185 3740 5271 inple-

2090 5258 2289 5342 risque
2301 5258 2598 5347 codicibus
2618 5258 2954 5347 desiderari.
2972 5258 3191 5347 Estque
3225 5267 3474 5347 fortasse
3502 5258 3737 5347 facilius

2088 5333 2314 5398 Graecoe
2369 5339 2661 5412 ejusmodi
2713 5337 2961 5417 codices,
3022 5333 3124 5393 aut
3181 5336 3284 5417 qui
3340 5333 3738 5417 saltem.ma-

2086 5430 2263 5486 gnam
2295 5407 2495 5468 eorum
2528 5427 2803 5491 versuum
2813 5414 3052 5491 partem
3080 5407 3561 5491 praetcrmittant,
3579 5407 3740 5491 inve:

2086 5475 2232 5549 nire,
2266 5500 2443 5556 quam
2498 5482 2745 5537 Latinos.
2809 5475 2977 5556 Certe
3026 5475 3486 5556 antiquissimus
3534 5475 3739 5556 noster

2087 5543 2463 5617 Veronensis.
2515 5552 2965 5625 quemApassim
3022 5543 3356 5625 laudamus,
3394 5562 3517 5625 eos
3542 5543 3741 5625 habet

2084 5643 2420 5700 quanquam
2453 5614 2648 5681 verbis
2677 5614 3104 5696 aliquantisper
3132 5639 3167 5679 a
3195 5614 3451 5693 Vulgata
3464 5614 3732 5673 abludat.
