4024 6196
305 360 417 421 ΗἹ

818 355 1334 421 COMMENTAR.
1383 355 1461 419 IN
1507 355 1950 420 EVANGELIU

2067 353 2440 416 MA'l‘THzEl
2490 311 2628 412 LlB.
2679 350 2785 410 ιιι.
2831 347 3000 409 CAP.
3047 346 3206 410 XVI.

3597 345 3716 406 ΗΒ

299 495 634 564 temporum
667 507 784 546 non
829 493 1075 563 potestis
1119 493 1286 548 scire.
1338 493 1644 547 Generatio
1693 491 1848 546 mala
1895 495 1952 546 et
1980 491 2034 556 Α
2065 488 2293 552 dixerit,
2326 485 2647 542 cavendum
2680 500 2714 539 a
2744 484 3026 538 fermento
3076 497 3315 554 panum,
3374 479 3477 538 sed
3525 496 3561 536 a
3607 477 3707 537 doc

299 580 563 639 adultera
594 581 829 653 signum
861 581 1088 652 quaerit,
1121 587 1178 637 et
1208 583 1444 654 signum
1469 599 1583 636 non
1615 581 1850 635 dabitur
1878 581 1949 647 ei,

297 670 414 726 nisi
445 669 684 740 signum
738 670 897 726 Jonae
948 670 1266 742 prophetae.
1303 694 1331 720 ››
1377 671 1493 726 Hoc
1543 671 1600 724 in
1660 669 1952 740 plerisque

303 759 602 816 codicibus
633 775 749 814 non
766 759 1077 814 habetur’:
1115 775 1443 831 sensusque
1470 760 1818 814 manifestus
1841 763 1947 823 est,

301 848 456 921 quod
481 864 549 903 ex
579 846 1006 904 elementorum
1032 849 1233 904 ordine
1265 855 1438 920 atque
1470 848 1952 919 constantia,pos-

297 938 422 993 sint
450 943 508 992 et
537 937 726 993 sereni
757 942 813 992 et
844 937 1052 1010 pluviae
1085 939 1208 994 dies
1264 937 1567 1010 praenosci.
1624 938 1804 992 Sribae
1853 955 1954 992 au-

297 1031 421 1082 tem
441 1031 498 1082 et
527 1026 828 1094 Pharisaei,
862 1027 963 1099 qui
1008 1027 1356 1082 videbantur
1388 1028 1534 1100 legis
1581 1044 1708 1083 esse
1755 1028 1951 1081 docto-

295 1133 419 1182 res,
453 1132 520 1171 ex
548 1115 967 1188 prophetarum
1008 1116 1280 1172 vaticinio
1327 1133 1442 1172 non
1505 1119 1821 1188 potuerunt
1867 1116 1949 1169 in-

297 1203 561 1276 telligere
592 1203 907 1260 Salvatoris
942 1205 1278 1260 adventum.

369 1293 639 1364 (Vers.4.
687 1294 766 1365 5.)
824 1315 846 1342 α
908 1297 976 1349 Et
1034 1294 1250 1350 relictis
1299 1293 1437 1360 illis,
1497 1294 1658 1360 abiit,
1715 1299 1772 1348 et
1818 1310 1950 1348 cum

291 1383 600 1439 venissent
641 1382 916 1456 discipuli
949 1385 1077 1455 ejus
1107 1390 1270 1440 trans
1328 1385 1562 1449 fretum,
1613 1382 1774 1438 obliti
1815 1388 1953 1438 sunt

289 1487 481 1544 panes
505 1471 786 1543 accipere.
833 1471 940 1539 Qui
995 1472 1140 1528 dixit
1182 1473 1319 1528 illis.
1357 1497 1378 1525 ι»
1443 1470 1680 1527 Relictis
1731 1471 1950 1526 Scribis

291 1563 350 1616 et
392 1558 728 1626 Pharisaeis,
789 1559 1005 1630 quibus
1055 1560 1316 1617 dixerat:
1371 1559 1661 1615 Generatio
1707 1561 1858 1614 mala
1904 1567 1954 1613 et

289 1649 556 1703 adultera
583 1649 807 1719 signum
835 1650 1056 1720 gustarit,
1091 1653 1144 1704 et
1201 1651 1422 1720 signum
1471 1666 1580 1704 non
1627 1648 1854 1704 dabitur
1899 1649 1953 1702 ei

287 1738 412 1792 nisi
437 1738 663 1808 signum
692 1739 848 1794 Iona:
875 1738 1172 1810 prophetae,
1215 1743 1366 1794 recte
1419 1737 1562 1793 abiit
1617 1741 1779 1792 trans
1828 1738 1950 1792 fre-

287 1829 447 1894 tum,
482 1832 540 1926 et
571 1825 835 1900 gentium
894 1831 1133 1882 secutus
1183 1831 1272 1882 est
1327 1826 1594 1899 populos.
1657 1826 1804 1891 Quid
1855 1843 2030 1926 au-B

291 1919 420 1970 tem
451 1913 567 1970 sibi
597 1914 732 1970 velit
783 1915 1018 1988 signum
1078 1917 1258 1983 Jonas,
1310 1915 1438 1986 jam
1497 1932 1675 1986 supra
1728 1915 1951 1970 dictum

291 2009 410 2059 est.

360 2093 555 2153 (Vers.
587 2095 642 2148 6.
668 2095 750 2165 7.)
783 2116 811 2144 «
845 2092 1186 2163 Intuemini,
1222 2096 1280 2148 et
1327 2098 1526 2149 cavete
1573 2110 1608 2148 a
1667 2093 1951 2148 fermento

281 2181 730 2237 Pharisaeorum
759 2185 818 2238 et
848 2182 1321 2238 Sadduczeorum.
1373 2186 1447 2236 At
1493 2181 1576 2236 illi
1618 2181 1954 2254 cogitabant

282 2269 452 2325 inter
480 2287 542 2325 se
573 2271 880 2326 dicentes:
924 2270 1070 2337 Quia
1131 2287 1310 2342 panes
1369 2288 1483 2326 non
1534 2273 1884 2342 accepimus.
1922 2292 1949 2319 »

287 2358 410 2425 Qui
441 2364 600 2415 cavet
629 2377 662 2416 a
693 2361 978 2416 termento
1021 2359 1453 2415 Pharisaeorum
1501 2364 1556 2415 et
1607 2359 1948 2415 Sadduceeo-

283 2463 460 2517 rum,
487 2447 628 2521 legis
651 2447 944 2504 aclitterae
995 2453 1283 2520 praecepta
1337 2465 1452 2504 non
1505 2452 1722 2515 servat,
1777 2447 1953 2502 tradi-

282 2535 493 2591 tiones
523 2537 672 2594 12θ
702 2537 1014 2592 hominum
1038 2535 1304 2609 negligit,
1353 2545 1416 2592 ut
1477 2537 1649 2592 faciat
1706 2538 1950 2592 manda-

281 2629 424 2680 tum
457 2623 579 2679 Dei.

363 2712 555 2782 (Vers.
587 2714 768 2784 8-12.)
809 2736 829 2762 ι
867 2714 1068 2770 Sciens
1127 2718 1321 2769 autem
1375 2714 1570 2780 Jesus,
1630 2713 1776 2768 dixit
1825 2714 1946 2769 eis:

281 2801 442 2866 Quid
496 2802 766 2874 cogitatis
798 2801 950 2857 inter
977 2819 1100 2872 vos,
1133 2803 1375 2858 modica-3
1405 2803 1563 2870 ﬁdei,
1595 2803 1734 2873 quia
1769 2819 1949 2876 panes

283 2907 410 2946 non
435 2889 667 2946 habetis
691 2890 720 2944 ?
739 2890 1012 2946 Nondum
1046 2889 1394 2962 intelligitis,
1435 2907 1619 2961 neque
1680 2892 1947 2948 recorda-

283 2979 440 3034 mini
473 2977 738 3052 quinque
759 2983 1066 3050 panum,et
1081 2979 1340 3050 quinque
1364 2978 1615 3035 millium
1637 2979 1944 3034 hominum

281 3071 348 3122 et
378 3072 531 3138 quot
558 3066 844 3138 cophinos
887 3067 1276 3140 sumpsistis?
1323 3068 1522 3138 Neque
1575 3074 1797 3140 septem
1851 3086 1948 3140 pa-

279 3168 460 3224 num,
494 3159 750 3227 quatuor
779 3155 1035 3210 millium
1067 3155 1398 3224 hominum,
1435 3161 1492 3211 et
1522 3161 1665 3228 quot
1712 3161 1946 3227 sportas

280 3243 685 3316 sumpsistis?
715 3245 903 3308 Quare
944 3261 1060 3300 non
1117 3244 1464 3317 intelligitis,
1525 3244 1664 3316 quia
1719 3261 1834 3299 non
1876 3244 1945 3299 de

277 3349 442 3406 pane
473 3331 594 3389 dixi
624 3332 821 3388 vobis:
856 3334 1062 3390 Cavete
1107 3351 1141 3389 a
1197 3334 1478 3389 fermento
1520 3332 1943 3388 Pharisaeorum

281 3426 351 3476 et
388 3421 868 3477 Sadducaeorum.
928 3423 1094 3478 Tunc
1151 3421 1580 3490 intellexerunt,
1635 3421 1775 3494 quia
1827 3438 1942 3477 non

2062 577 2249 633 ctrina
2277 576 2708 631 Pharisaeorum
2736 577 2791 628 et
2809 572 3286 628 Sadducaeorum.
3317 592 3346 620 »
3381 571 3483 626 Per
3538 586 3712 636 occa-

2064 669 2286 724 sionem
2313 665 2604 738 praecepti,
2639 663 2794 736 quod
2819 661 3081 717 Salvator
3127 661 3407 731 jusserat,
3459 659 3663 718 dicens
3693 675 3706 716 :

2065 758 2256 812 Cavete
2279 773 2312 810 α
2341 761 2612 825 [ermenlo
2641 754 3049 808 Pliarisworum
3068 757 3121 806 et
3136 747 3582 817 Sadducaeorum,
3609 749 3711 806 do-

2062 853 2151 902 cet
2175 864 2274 901 eos
2309 846 2448 917 quid
2481 843 2814 916 signiﬁcent
2844 841 3103 912 quinque
3134 854 3336 912 panes,
3371 842 3661 910 etseptem
3687 857 3701 906 ;

2062 936 2322 1008 quinque
2383 933 2569 988 millia
2628 931 2958 998 hominum,
3037 934 3095 984 et
3177 931 3433 1000 quatuor
3499 925 3707 995 millia,

2061 1042 2188 1096 quae
2247 1027 2414 1094 pasta
2474 1026 2612 1078 sunt
2667 1022 2725 1076 in
2783 1035 3024 1086 eremo;
3083 1017 3242 1089 quod
3299 1014 3435 1072 licet
3506 1015 3704 1088 signo-

2061 1129 2191 1167 rum
2261 1111 2604 1183 magnitudo
2654 1108 2963 1180 perspicua
3007 1107 3104 1175 sit,
3152 1109 3351 1162 tamen
3427 1108 3486 1161 et
3549 1103 3710 1161 aliud

2061 1201 2120 1256 in
2153 1199 2446 1272 spirituali
2483 1197 2866 1270 intelligentia
2921 1196 3374 1252 demonstretur.
3433 1194 3494 1251 Si
3549 1193 3708 1250 enim

2063 1292 2417 1344 fermentum
2475 1287 2901 1344 Pharisaeorum
2949 1290 3007 1342 et
3068 1285 3522 1341 Sadducmorum
3593 1299 3709 1338 non

2061 1378 2420 1451 corporalem
2473 1394 2707 1450 panem,
2795 1376 2896 1432 sed
2979 1374 3325 1431 traditiones
3409 1388 3710 1447 perversae

2059 1474 2117 1525 et
2141 1469 2414 1524 haeretica
2442 1467 2736 1539 signiﬁcat
2757 1467 3065 1538 dogmata:
3099 1480 3280 1536 quare
3307 1466 3366 1520 et
3393 1461 3528 1534 cibi,
3569 1461 3700 1535 qui-

2061 1559 2171 1613 bus
2203 1557 2458 1612 nutritus
2491 1561 2579 1612 est
2607 1553 2860 1627 populus
2881 1553 3126 1621 Dei,non
3153 1569 3348 1609 veram
3379 1551 3708 1612 doctrinam

2060 1647 2465 1719 integramque
2496 1643 2871 1718 signiﬁcent?
2899 1645 3129 1710 Quaerat
3152 1641 3366 1715 aliquis
3395 1644 3453 1698 et
3500 1641 3657 1697 dicat
3689 1657 3704 1696 :

2059 1737 2360 1800 Quomodo
2393 1751 2571 1807 panes
2601 1751 2717 1789 non
2744 1733 3058 1799 habebant,
3090 1730 3191 1804 qui
3220 1729 3420 1788 statim
3449 1728 3707 1803 impletis

2061 1827 2283 1895 septem
2315 1822 2551 1894 sportis,
2575 1822 2970 1876 ascenderunt
2988 1819 3048 1874 in
3081 1817 3434 1887 naviculam,
3491 1823 3551 1875 et
3606 1834 3708 1875 ve-

2063 1915 2276 1967 nerunt
2305 1911 2364 1965 in
2396 1912 2542 1966 ﬁnes
2565 1911 2849 1983 Magedan
2877 1935 2891 1978 ;
2923 1909 3122 1980 ibique
3153 1907 3404 1964 audiunt
3434 1906 3708 1981 navigan-

2059 2005 2167 2072 tes,
2201 2001 2356 2072 quod
2387 2015 2586 2055 cavere
2616 1999 2867 2055 debeant
2896 2015 2931 2054 a
2960 1999 3242 2055 fermento
3275 1996 3704 2054 Pharisaeorum

2060 2095 2118 2145 et
2173 2089 2626 2145 Sadducaeorum
2669 2087 2696 2141 ?
2737 2088 2844 2144 Sed
2894 2086 3168 2160 Sciptura
3215 2089 3468 2142 testatur
3547 2085 3704 2158 quod

2061 2179 2222 2235 obliti
2255 2178 2375 2233 sint
2402 2193 2500 2234 eos
2530 2193 2732 2232 secum
2761 2175 2980 2232 tollere.
3004 2179 3125 2231 Hoc
3179 2179 3269 2232 est
3322 2174 3703 2242 fermentum,

2061 2270 2132 2323 de
2164 2284 2278 2339 quo
2309 2271 2366 2322 et
2395 2265 2710 2338 Apostolus
2739 2264 3001 2336 loquitur
3032 2279 3046 2320 :
3078 2263 3346 2321 Modicum
3369 2265 3708 2336 fermentum

2060 2361 2227 2412 totam
2254 2373 2495 2411 massam
2524 2356 2889 2426 corrumpil(l
2906 2355 3026 2410 Cor.
3054 2371 3111 2424 ν,
3135 2353 3560 2422 6).Istiusmodi
3591 2353 3704 2414 fer.-

2061 2451 2326 2500 mentum
2347 2445 2500 2516 quod
2520 2443 2682 2500 omni
2723 2443 2946 2500 ratione
2991 2443 3298 2499 vitandum
3345 2445 3456 2510 est,
3499 2440 3708 2498 habuit

2060 2535 2344 2603 Marcion,
2378 2533 2878 2599 etValentinus,et
2898 2530 3396 2588 omneshaaretici.
3430 2531 3703 2588 Fermen-

2058 2629 2182 2679 tum
2212 2623 2361 2678 hanc
2379 2623 2493 2680 vim
2516 2623 2692 2678 habet
2709 2621 2848 2688 ut,si
2870 2621 3070 2678 farinae
3083 2620 3327 2677 mistum
3349 2620 3706 2693 fuerit,quod

2060 2730 2301 2785 parvum
2335 2712 2662 2778 videbatur,
2696 2714 2919 2767 crescat
2949 2711 3009 2766 in
3040 2710 3320 2782 majus,et
3339 2710 3412 2766 ad
3433 2725 3706 2782 saporem

2059 2818 2239 2880 suum
2275 2801 2608 2856 universam
2640 2799 3228 2871 conspersionem[Al.
3262 2798 3702 2855 conversionem

2057 2891 2251 2946 trahat
2287 2908 2298 2944 :
2333 2891 2414 2945 ita
2443 2894 2498 2946 et
2529 2889 2793 2944 doctrina
2814 2887 3104 2954 haeretica,
3153 2885 3203 2942 si
3257 2885 3349 2942 vel
3407 2885 3701 2943 modicam

2058 2977 2379 3034 scintillam
2411 2977 2472 3032 in
2496 2984 2664 3032 tuum
2699 2981 2902 3048 pectus
2922 2975 3152 3047 jecerit,
3184 2974 3244 3029 in
3290 2973 3451 3029 brevi
3491 2973 3702 3046 ingens

2058 3069 2296 3122 ﬂamma
2319 3065 2652 3132 succrescit,
2686 3069 2742 3120 et
2768 3068 2949 3120 totam
2979 3061 3236 3119 hominis
3267 3060 3701 3135 possessionem

2056 3157 2128 3210 ad
2157 3173 2218 3212 se
2247 3155 2448 3210 trahit.
2483 3152 2738 3224 Denique
2769 3151 3071 3223 sequitur:
3106 3151 3248 3206 Tunc
3306 3151 3704 3207 intellexerunt

2054 3245 2189 3316 quia
2215 3259 2325 3297 non
2349 3242 2577 3297 dixisset
2605 3241 2906 3296 cavendum
2935 3257 2976 3296 α
2999 3241 3266 3310 fermento
3309 3255 3542 3312 panum,
3610 3237 3706 3296 sed

2054 3351 2089 3387 a
2118 3333 2367 3388 doctrina
2397 3332 2810 3388 Pharisaeorum
2840 3333 2894 3384 et
2938 3328 3384 3388 Sadducazorum.

1435 3721 1833 3806 LIBER
1925 3718 2584 3806 TERTIUS.
2665 3809 2672 3816 .

379 4005 561 4078 (νει-ε.
594 4007 702 4079 13.)
733 4009 881 4065 121
925 4030 946 4057 ι
985 4008 1158 4064 Venit
1203 4013 1396 4066 autem
1427 4010 1600 4066 Jesus
1648 4009 1708 4065 in
1754 4015 1948 4082 partes
1980 4012 2023 4080 C
2062 4010 2319 4067 nominis
2349 4009 2662 4084 appellavit
2689 4025 2819 4066 eam
2847 4008 3170 4066 Caesaream
3201 4007 3472 4083 Philippi,
3503 4011 3562 4066 et
3616 4015 3709 4069 est

295 4094 572 4152 Caesarem
615 4095 892 4170 Philippi.
925 4119 954 4148 ››
1004 4097 1308 4172 Philippus
1338 4099 1448 4155 iste
1504 4105 1594 4156 est
1641 4101 1818 4156 frater
1853 4101 1957 4155 He-

296 4185 482 4252 rodis,
515 4187 590 4241 de
619 4203 736 4258 quo
765 4187 1244 4259 supradiximus,
1278 4189 1568 4245 tetrarcha
1618 4194 1840 4244 Iturzeae
1899 4195 1956 4245 et

293 4273 734 4330 Trachonitidis
778 4275 1086 4349 regionis’,
1139 4277 1240 4348 qui
1287 4277 1347 4332 in
1407 4277 1689 4334 honorem
1738 4278 1953 4334 Tiberii

295 4361 557 4419 Cesaris
581 4367 930 4432 Caesaream,
954 4383 1080 4438 quae
1112 4383 1267 4421 nunc
1299 4370 1520 4423 Paneas
1552 4367 1786 4435 dicitur,
1822 4385 1952 4422 con-

297 4452 538 4520 struxit,
584 4457 644 4509 et
698 4453 758 4508 in
816 4453 1096 4510 honorem
1153 4455 1412 4522 Caesaris,
1471 4456 1802 4528 pariterque
1859 4457 1952 4510 sui

372 4638 661 4714 1Induno
719 4639 968 4714 alterove
1025 4656 1160 4707 ms.,
1221 4644 1617 4714 consonantia;
1702 4659 1951 4714 moxque

298 4707 650 4836 ﬁgantius,
677 4712 858 4782 pluvii
885 4712 1024 4782 dies,
1057 4728 1160 4784 pro
1189 4711 1409 4784 pluviae.
1461 4712 1550 4767 Sic
1597 4714 1752 4783 apud
1803 4707 1952 4770 Rha-

377 4798 547 4836 num.

377 4798 547 4836 num.

372 4853 396 4886 ²
413 4851 709 4925 Yitiosein
731 4853 904 4909 editis
923 4852 1090 4909 libris
1109 4852 1320 4925 legitur
1347 4854 1405 4908 in
1431 4853 1881 4922 pluralthurave
1897 4861 1951 4909 et

309 4923 709 4980 Trachonitidis
739 4927 1044 4993 regionum,
1091 4923 1225 4979 cuin
1277 4942 1480 4980 omnes
1527 4943 1668 4980 mss.
1720 4927 1949 4981 codices

307 4996 490 5068 nostri
524 4995 818 5051 retineant
843 4996 1195 5068 singularem
1235 5013 1570 5062 numerum,
1621 5005 1673 5051 et
1721 4999 1948 5052 Truc/zo-

303 5067 500 5121 nitidis
530 5069 798 5138 regionis.
821 5067 1038 5122 Deinde
1068 5067 1243 5122 iidem
1276 5067 1416 5122 editi
1439 5075 1496 5122 et
1529 5067 1789 5122 nonnulli
1826 5086 1949 5122 ma-

303 5138 598 5209 nuscripti
629 5139 858 5194 codices
889 5145 1311 5208 consequenter
1331 5140 1663 5208 adjungunt
1695 5158 1708 5206 ;
1747 5143 1844 5209 qui
1890 5142 1947 5192 in

304 5208 570 5265 honorem
626 5210 841 5282 Tiberii
875 5210 1110 5267 Caesaris
1142 5211 1466 5282 ,Ca’saream
1511 5208 1778 5282 Philippi,
1827 5227 1952 5281 qua:

305 5296 454 5352 nunc
481 5283 699 5336 Paucas
735 5281 938 5336 dicitur
967 5279 1268 5352 appellavit
1297 5297 1317 5341 ;
1345 5286 1395 5336 et
1452 5286 1550 5346 est,
1599 5279 1708 5337 etc.
1762 5279 1948 5337 Lectio

308 5351 574 5407 codicum
603 5368 744 5427 mss.
778 5351 1118 5427 monasterii
1147 5357 1202 5406 S.
1231 5353 1488 5427 Andreas:
1511 5370 1680 5427 secus
1711 5355 1954 5427 evenie-

309 5437 443 5478 nem
469 5425 660 5496 magis
687 5423 1074 5496 placuit,quia
1102 5424 1466 5496 manifestior
1500 5425 1666 5479 nobis
1697 5423 1818 5480 visa
1843 5431 1950 5480 est.

304 5496 488 5550 IAM.
521 5495 818 5550 4Contra
846 5512 1022 5566 quam
1053 5495 1114 5548 in
1147 5495 1271 5550 suis
1296 5512 1440 5549 mss.
1473 5497 1841 5550 Martiansens
1871 5514 1952 5550 re-

304 5567 480 5637 perit,
514 5567 698 5622 nostri
729 5583 936 5622 omnes
965 5566 1182 5621 habent
1239 5583 1372 5620 cum
1421 5567 1642 5636 pridem
1701 5567 1953 5635 vulgatis

305 5635 568 5708 plurium
602 5654 868 5703 numero,
898 5639 1182 5708 regionum
1203 5655 1222 5690 :
1253 5635 1504 5707 moxque
1547 5644 1666 5692 tres
1709 5639 1950 5692 Palatini

303 5723 442 5764 cum
503 5708 894 5780 Cisterciensi,
955 5709 1284 5777 Caesaream,
1331 5710 1594 5780 Philippi,
1640 5727 1759 5780 qua:
1807 5727 1954 5764 mmo

303 5779 775 5862 Paneasdicitur,
805 5780 1118 5862 appellavit,
1153 5787 1203 5836 et
1229 5783 1308 5834 est
1367 5782 1423 5834 in
1464 5779 1744 5862 provincia
1786 5783 1950 5862 ‘lVlt'lL

303 5853 471 5924 nisis,
497 5855 610 5911 etc.
633 5857 717 5911 Ac
740 5853 935 5912 nescio
959 5869 1030 5911 an
1062 5868 1339 5924 germana
1369 5853 1557 5923 magis
1617 5853 1734 5908 haec
1786 5853 1949 5908 lectio

2063 4099 2124 4155 in
2154 4099 2450 4172 provincia
2479 4097 2766 4154 Phcenicis
2797 4116 2810 4154 :
2843 4097 3109 4172 imitatus
3138 4097 3422 4154 Herodem
3455 4101 3703 4171 patrem,

2064 4190 2164 4260 qui
2195 4190 2250 4244 in
2284 4189 2564 4244 honorem
2594 4187 2840 4259 Augusti
2873 4185 3112 4242 Caesaris
3159 4185 3474 4259 appellavit
3518 4187 3708 4245 Cassa-

2062 4295 2208 4346 rem,
2237 4295 2362 4348 qua:
2387 4277 2548 4349 prius
2605 4277 2786 4332 turris
2817 4275 3105 4330 Stratonis
3132 4275 3448 4333 vocabatur
3478 4295 3492 4332 :
3535 4280 3596 4334 et
3639 4295 3711 4335 ex

2063 4366 2312 4422 nominee
2331 4365 2600 4434 ﬁliaeejus
2619 4363 2943 4420 Juliadem3
2963 4367 3128 4421 trans
3146 4364 3465 4424 Jordanem
3487 4371 3711 4426 exstru-

2060 4456 2162 4510 xit.
2199 4457 2310 4511 Iste
2342 4455 2448 4525 (Al.
2475 4453 2592 4524 ille)
2624 4453 2786 4510 locus
2812 4457 2902 4509 est
2947 4453 3222 4510 Caesarea:
3281 4454 3556 4530 Philippi,
3603 4457 3708 4514 ubi

2061 4643 2158 4707 sit,
2190 4659 2314 4713 quae
2345 4647 2402 4696 et
2432 4641 2851 4713 brevior.ACum
2896 4639 3176 4696 Palatinis
3232 4645 3290 4695 et
3333 4639 3705 4713 Cistercienci

2060 4711 2225 4768 mssf
2255 4713 2431 4780 verba
2487 4711 2586 4767 illa
2633 4711 2964 4783 Rhabanus
3003 4727 3234 4783 quoque
3291 4711 3700 4783 praetermittit.

2058 4789 2186 4839 Mox
2208 4785 2490 4840 Libiadem
2521 4801 2621 4855 pro
2647 4783 2928 4839 Juliadem
2955 4781 3113 4854 legit.

2129 4857 2160 4936 3_
2181 4856 2287 4910 Pro
2315 4851 2558 4936 uiuida,
2590 4855 2940 4936 exemplaria
2963 4851 3250 4936 'qiitedam
3298 4853 3704 4936 manuscripts.

2060 4928 2310 4982 retinent
2339 4929 2646 4982 Libiadem.
2675 4923 2819 4981 Filia
2846 4940 2978 4980 vero
3006 4923 3252 4995 Augusti
3295 4923 3538 4980 Caesaris
3585 4923 3702 4984 non

2059 5000 2373 5053 vocabatur
2403 5001 2558 5053 Livia
2587 4999 2706 5053 sive
2736 4995 3232 5070 Libia,sed_l_ulia.
3266 4995 3429 5052 Unde
3453 4997 3702 5070 conjicio

2059 5086 2252 5124 errore
2276 5071 2695 5141 exscriptorum
2728 5067 2985 5141 positum
3021 5067 3201 5141 fuisse
3258 5083 3471 5124 nomen
3517 5067 3705 5126 Libia-

2058 5141 2145 5196 alis
2180 5157 2192 5194 :
2229 5141 2341 5195 nisi
2374 5137 2517 5195 forte
2543 5156 2702 5195 error
2732 5137 2811 5192 sit
2838 5137 2898 5210 in
2930 5153 3064 5193 voce
3095 5138 3254 5208 ﬁliae,
3287 5155 3390 5210 pro
3421 5155 3538 5210 qua
3595 5158 3701 5198 no-

2060 5229 2190 5267 men
2216 5214 2412 5267 uxoris
2442 5212 2612 5266 Livia:
2643 5209 2978 5279 ponendum
3011 5213 3166 5264 esset
3197 5225 3210 5264 :
3245 5209 3379 5266 nam
3403 5209 3550 5266 uxor
3581 5216 3702 5268 Au-

2060 5283 2237 5352 gusti,
2271 5289 2460 5336 mater
2478 5280 2697 5336 Tiberii
2726 5281 2992 5348 Caesaris,
3038 5280 3343 5337 dicebetur
3388 5283 3544 5338 Livia
3600 5299 3703 5340 seu

2065 5356 2238 5408 Livia.
2274 5354 2459 5407 MART.
2496 5383 2561 5393 —
2587 5353 3072 5424 Crederermalim
3105 5354 3176 5407 ab
3235 5351 3494 5424 antiquis
3550 5371 3708 5410 ama-

2065 5425 2389 5479 nuensihus
2422 5424 2810 5496 substitutum
2842 5423 2935 5496 hic
2956 5423 3252 5496 ﬁliwtpro
3293 5423 3508 5491 mm,
3547 5426 3705 5496 quod

2064 5514 2188 5550 eam
2224 5497 2513 5549 (‘lVltalOm
2548 5512 2662 5549 non
2694 5494 2929 5550 aliunde
2960 5492 3240 5566 appellari
3299 5492 3583 5566 potuisss'
3605 5499 3705 5553 Ju-

2063 5569 2282 5631 ιίιιτίεηι,
2317 5584 2492 5637 quam
2527 5567 2743 5622 aJulia
2799 5565 3050 5636 Augusti
3107 5565 3228 5620 ﬁlia
3279 5565 3495 5622 fuerint
3544 5568 3706 5624 arbi-

2062 5639 2217 5692 trati.
2273 5639 2474 5711 Neque
2533 5638 2687 5692 enim
2733 5640 2929 5711 potuit
2983 5639 3252 5711 ignorare
3297 5637 3703 5711 Hieronymus,

2064 5709 2282 5763 nomini
2311 5711 2526 5776 uxoris,
2555 5726 2664 5764 non
2687 5709 2815 5763 lilia:
2837 5707 3084 5778 Augusti
3117 5707 3442 5764 dedicatam
3473 5707 3701 5778 urbem,

2061 5798 2192 5836 cum
2225 5781 2690 5853 etJosepliusﬂc
2723 5777 3027 5853 Bello__Jud.
3053 5777 3155 5853 lib_.
3188 5795 3382 5853 u,cap.
3411 5777 3706 5853 13,auctor

2061 5854 2159 5921 sit,
2193 5849 2532 5910 aediﬁcatam
2557 5853 2664 5909 sub
2694 5851 2906 5906 Tiberii
2939 5849 3206 5921 imperio,
3238 5849 3408 5920 longo
3451 5852 3584 5920 post
3599 5865 3704 5924 .re-
