4024 6196
294 347 400 411 ﬁt

792 346 1308 410 COMMENTAR.
1353 348 1432 410 IN
1480 346 1927 411 EVANGELIU

2045 342 2420 407 MATTH/El
2467 344 2614 406 LIB.
2664 345 2768 406 lll.
2817 344 2991 406 CAP.
3037 344 3198 409 XVI.

3585 345 3704 406 {22

285 480 384 554 qui
435 478 581 537 estis
632 477 736 547 dii,
771 496 959 552 'quem
1008 496 1136 535 esse
1184 479 1574 536 existimatis?
1621 483 1829 535 Petrus
1870 494 1939 534 ex
1968 480 2023 547 Α
2051 478 2379 533 secundum
2435 476 2836 549 metaphoram
2892 479 3086 548 petris,
3132 481 3286 534 recte
3344 476 3561 534 dicitur
3606 477 3698 547 ei;

281 586 534 643 persona
582 569 847 624 omnium
884 568 1306 641 apostolorum
1360 569 1705 642 proﬁtetur;
1760 571 1835 624 Tu
1881 584 1937 623 es

284 659 531 715 Christus
559 656 748 713 Filius
795 659 895 713 Dei
915 660 1053 713 vivi.
1106 663 1286 713 Deum
1330 659 1523 713 vivum
1556 656 1828 730 appellat,
1862 657 1934 712 ad

292 745 728 802 distinctionem
783 762 987 801 eorum
1039 747 1281 802 deorum
1341 747 1439 819 qui
1498 750 1777 818 putantur
1829 746 1932 814 dii,

281 837 383 892 sed
416 835 631 891 mortui
664 839 825 903 sunt,
862 836 1202 907 Saturnum,
1246 836 1468 891 Jovem.
1499 836 1805 905 Venerem,
1839 834 1937 890 Mi-

279 940 517 980 nervam
548 924 657 993 [Αι.
688 925 999 995 Cererem],
1046 925 1337 993 Liberum,
1384 924 1711 995 Herculem,
1740 929 1797 980 et
1825 941 1934 981 cae-

273 1017 405 1069 tera
432 1012 720 1069 idolorum
753 1016 1022 1085 portenta
1052 1012 1416 1085 signiﬁcans.

353 1103 537 1172 (Vers.
565 1102 680 1170 27.)
712 1124 739 1148 η
788 1102 1168 1173 Respondens
1214 1109 1409 1158 autem
1441 1103 1637 1167 Jesus,
1663 1102 1811 1158 dixit
1838 1103 1887 1158 ei
1919 1119 1932 1158 :

278 1191 495 1248 Beatus
522 1208 605 1255 es,
630 1190 1121 1269 Simon‘Barjona,
1156 1191 1296 1262 quia
1316 1208 1448 1246 caro
1478 1198 1534 1247 et
1556 1192 1798 1264 sanguis
1820 1207 1934 1247 non

273 1280 552 1336 revelavit
582 1279 709 1345 tibi,
752 1281 853 1335 sed
886 1279 1057 1335 Pater
1106 1296 1274 1336 meus
1304 1282 1405 1351 qui
1461 1281 1521 1335 in
1552 1281 1713 1336 caelis
1760 1285 1867 1336 est.
1903 1302 1932 1331 ››

270 1369 643 1425 Testimonio
702 1370 772 1424 de
822 1386 886 1424 se
943 1369 1193 1439 apostoli
1245 1370 1436 1424 reddit
1490 1371 1695 1426 vicem.
1731 1371 1934 1425 Petrus

269 1457 539 1513 dixerat:
578 1460 650 1512 Tu
679 1474 736 1512 es
781 1456 1027 1512 Christus
1054 1457 1235 1513 Filius
1275 1460 1378 1513 Dei
1414 1461 1567 1525 vivi;
1604 1460 1931 1514 mercedem

270 1546 498 1618 recepit
544 1563 679 1601 vera
725 1545 1052 1614 confessio;
1107 1550 1302 1602 Beatus
1350 1563 1404 1602 es
1433 1546 1619 1602 Simon
1668 1550 1930 1620 Barjona.

270 1635 514 1700 Quare?
563 1635 704 1705 quia
752 1651 869 1690 non
919 1633 1190 1690 revelavit
1238 1635 1342 1690 tibi
1394 1652 1525 1690 caro
1574 1639 1632 1691 et
1667 1636 1929 1708 sanguis,

264 1724 375 1780 sed
408 1722 688 1783 revelavit
715 1722 902 1778 Pater.
950 1723 1112 1786 Quod
1146 1740 1278 1778 caro
1308 1728 1366 1777 et
1404 1725 1651 1795 sanguis
1680 1724 1934 1780 revelare

268 1829 391 1867 non
444 1810 656 1884 potuit.
703 1811 955 1883 Spiritus
1004 1813 1189 1868 sancti
1238 1814 1426 1884 gratia
1474 1812 1789 1869 revelatum
1821 1819 1930 1868 est.

263 1900 421 1973 Ergo
452 1918 523 1957 ex
549 1901 956 1956 confessionne
987 1901 1231 1956 sortitur
1263 1895 1635 1969 vocabulum,
1668 1904 1825 1974 quod
1854 1920 1935 1959 re-

262 1989 619 2046 velationem
652 2005 721 2044 ex
749 1989 967 2061 Spiritu
997 1993 1199 2045 sancto
1231 1989 1461 2055 habeat,
1485 1992 1655 2062 cujus
1687 1998 1744 2046 et
1775 1991 1933 2047 ﬁlius

260 2078 661 2151 appellandus
691 2077 789 2133 sit.
823 2078 1125 2150 Siquidem
1148 2080 1392 2150 Barjona
1417 2079 1477 2134 in
1500 2085 1703 2136 nostra
1730 2080 1935 2153 lingua

261 2172 466 2234 sonat,
498 2169 653 2224 I24
700 2166 859 2238 ﬁlius
905 2168 1192 2225 columba.
1239 2168 1350 2223 Alii
1400 2168 1746 2241 simpliciter
1782 2170 1932 2225 acci-

261 2258 464 2330 piunt,
496 2257 650 2328 quod
684 2256 907 2323 Simon,
959 2257 1018 2312 id
1048 2261 1136 2312 est
1184 2258 1415 2325 Petrus,
1458 2258 1535 2313 sit
1564 2257 1721 2314 ﬁlius
1749 2261 1931 2314 Joan-

266 2345 393 2413 nis,
443 2347 614 2416 juxta
671 2344 914 2401 alterius
967 2344 1078 2401 loci
1135 2346 1691 2419 interrogationem:
1744 2349 1931 2403 Simon

263 2436 514 2492 Joannis
566 2434 754 2505 diligis
824 2438 954 2490 me?
1009 2435 1115 2498 Qui
1186 2435 1523 2505 respondit:
1578 2438 1820 2493 Domine
1872 2442 1933 2492 tu

266 2526 388 2580 scis
446 2524 619 2593 (Joan.
678 2541 794 2590 xxx,
852 2525 962 2593 15).
1022 2523 1091 2577 Et
1144 2522 1347 2578 volunt
1402 2524 1754 2594 scriptorum
1794 2525 1931 2581 vitio

268 2611 679 2683 depravatum,
743 2616 806 2666 ut
870 2628 973 2683 pro
1029 2614 1141 2667 Bar
1192 2613 1426 2680 Joanne,
1487 2612 1595 2668 hoc
1652 2618 1742 2669 est
1777 2614 1934 2685 ﬁlius

266 2700 507 2756 Joannis
533 2702 772 2773 Barjona
798 2699 1085 2771 scriptum
1116 2699 1212 2771 sit,
1248 2717 1365 2755 una
1395 2702 1653 2777 detracta
1683 2703 1926 2775 syllaba.

266 2789 488 2845 Joanne
515 2795 716 2844 autem
744 2788 1180 2861 interpretatur.
1210 2790 1429 2847 Domini
1458 2793 1661 2861 gratia.
1694 2792 1927 2848 Utrum-

271 2894 392 2949 que
420 2881 621 2934 autem
652 2894 867 2933 nomen
899 2877 1144 2951 mystice
1171 2877 1415 2952 intelligi
1441 2883 1651 2951 potest,
1684 2884 1843 2953 quod
1874 2886 1933 2938 et

268 2964 571 3037 columba,
594 2966 879 3040 Spiritum
910 2972 1182 3023 sanetum
1208 2985 1221 3025 :
1253 2973 1309 3023 et
1331 2968 1520 3040 gratia
1548 2969 1671 3037 Dei,
1706 2971 1926 3026 donum

267 3054 570 3129 signiﬁcet
614 3053 941 3127 spirituale.
987 3056 1134 3111 Illud
1187 3073 1419 3128 quoque
1455 3059 1603 3130 quod
1642 3059 1757 3114 ait:
1794 3060 1933 3127 Quia

266 3160 395 3200 caro
428 3153 486 3200 et
530 3147 766 3217 sanguis
808 3161 918 3201 non
955 3146 1214 3201 revelavit
1255 3147 1374 3200 tibi.
1421 3146 1764 3218 Apostolicaa
1804 3166 1935 3204 nar-

2044 567 2345 635 A-Jaiﬁcabo
2398 567 2702 622 Ecclesium
2757 581 2937 622 meam
2988 582 3149 636 super
3210 572 3282 623 te.
3312 588 3340 618 ‹‹
3397 568 3467 622 Et
3509 571 3698 639 porta

2045 656 2216 712 inferi
2250 672 2364 711 non
2398 655 2793 728 praevalebunt
2836 656 3116 711 adversus
3160 672 3310 712 eam.
3342 677 3370 707 »ι
3415 658 3531 729 Ego
3564 673 3697 730 por-

2043 748 2135 799 tas
2194 744 2364 799 inferi
2394 748 2410 779 ι
2469 761 2596 800 reor
2644 744 2786 800 vitia
2840 749 3017 816 atque
3075 749 3345 815 peccata:
3403 745 3490 800 vel
3546 749 3698 801 certe

2046 832 2451 889 haereticorum
2506 833 2825 901 doctrinas,
2877 848 2978 903 per
3023 850 3170 905 quas
3214 832 3391 889 illecti
3428 833 3696 889 homines

2046 922 2345 977 ducuntur
2401 922 2472 978 ad
2534 926 2841 977 tartarum.
2904 922 3085 978 Nemo
3155 922 3355 994 itaque
3410 926 3574 993 putet
3627 923 3699 977 de

2047 1016 2231 1067 morte
2280 1011 2418 1079 dici,
2467 1012 2622 1082 quod
2673 1010 2919 1083 apostoli
2969 1011 3285 1067 conditioni
3325 1010 3529 1066 mortis
3559 1011 3699 1066 sub-

2037 1099 2177 1170 jecti
2219 1117 2332 1155 non
2382 1100 2617 1167 fuerint,
2666 1116 2917 1172 quorum
2970 1101 3253 1173 martyria
3288 1100 3483 1157 videat
3529 1116 3697 1156 coru-

2046 1206 2228 1245 SCCI‘C.

2116 1279 2303 1349 (Vers.
2339 1279 2450 1349 19.)
2487 1298 2514 1331 α
2542 1280 2611 1334 Et
2656 1280 2805 1336 dabo
2833 1279 2938 1334 tibi
2984 1278 3172 1335 claves
3202 1280 3366 1352 regni
3397 1278 3698 1335 coslorum.

2044 1367 2111 1422 Et
2141 1368 2531 1439 quodcunque
2576 1367 2848 1440 ligaveris
2899 1384 3075 1439 super
3120 1372 3361 1439 terram,
3404 1368 3513 1424 erit
3552 1368 3697 1441 liga-

2042 1462 2169 1511 tum
2203 1459 2259 1511 in
2293 1456 2489 1511 coelis:
2525 1462 2584 1511 et
2631 1457 3023 1529 quodcunque
3071 1457 3316 1513 solveris
3356 1473 3535 1530 super
3578 1462 3699 1513 ter-

2044 1561 2193 1613 ram,
2225 1545 2333 1600 erit
2360 1544 2620 1600 solutum
2644 1545 2703 1601 in
2734 1545 2915 1602 caelis.
2953 1568 2982 1595 ››
3008 1548 3192 1602 Istum
3224 1545 3417 1602 locum
3440 1546 3699 1618 episcopi

2043 1638 2101 1689 et
2158 1634 2480 1706 presbyteri
2536 1652 2651 1690 non
2712 1634 3127 1708 intelligentes,
3188 1634 3412 1707 aliquid
3460 1635 3574 1692 sibi
3627 1636 3698 1691 de

2042 1722 2470 1779 Pharisaeorum
2502 1729 2815 1779 assumunt
2843 1723 3177 1796 supercilio,
3210 1729 3276 1779 ut
3305 1723 3390 1780 vel
3420 1723 3701 1780 damnent

2043 1811 2407 1880 innocentes,
2439 1811 2527 1867 vel
2560 1812 2781 1869 solvere
2809 1829 2876 1869 se
2908 1813 3114 1868 noxios
3144 1812 3543 1869 arbitrentur:
3565 1829 3698 1869 cum

2042 1901 2197 1973 apud
2230 1900 2411 1956 Deum
2448 1903 2598 1959 125
2634 1919 2750 1957 non
2801 1903 3093 1957 sententia
3124 1903 3492 1958 sacerdotum
3521 1903 3563 1973 ³,
3596 1903 3699 1958 sed

2041 2005 2276 2045 reorum
2308 1991 2427 2045 vita
2456 1996 2770 2063 quzrratur.
2822 1990 3094 2064 Legimus
3123 1990 3184 2045 in
3229 1990 3481 2047 Levitico
3512 1992 3584 2046 de
3613 1991 3699 2047 le-
3738 2006 3765 2011 "

2042 2079 2254 2150 prosis,
2292 2078 2391 2133 ubi
2413 2080 2702 2150 jubentur
2730 2084 2796 2134 ut
2824 2079 3136 2135 ostendant
3180 2096 3242 2135 se
3270 2079 3696 2147 sacerdotibus,

2041 2171 2097 2222 et
2126 2167 2176 2222 si
2207 2166 2429 2239 lepram
2460 2168 2795 2234 habuerint,
2828 2165 2969 2223 tunc
2999 2186 3035 2224 a
3077 2168 3377 2224 sacerdote
3404 2168 3698 2224 immundi

2044 2257 2187 2310 fiant
2231 2256 2425 2326 (Levit.
2477 2274 2590 2325 xxv,
2622 2256 2777 2328 2-4):
2825 2274 2940 2313 non
2989 2274 3105 2329 quo
3150 2258 3486 2313 sacerdotes
3516 2257 3701 2329 lepro-

2042 2361 2140 2400 sos
2169 2344 2387 2401 faciant
2416 2351 2472 2401 et
2491 2346 2852 2417 immundos,
2876 2347 2977 2402 sed
3005 2363 3119 2419 quo
3141 2346 3397 2402 habeant
3427 2346 3694 2402 notitiam

2041 2432 2278 2505 leprosi,
2329 2439 2386 2490 et
2417 2451 2533 2490 non
2579 2434 2814 2507 leprosi,
2863 2440 2920 2491 et
2960 2436 3190 2507 possint
3236 2435 3566 2491 discernere
3596 2434 3699 2508 qui

2044 2523 2325 2591 mundus,
2346 2524 2449 2595 qui
2487 2523 2833 2580 immundus
2845 2524 3252 2590 sit.Quomodo
3269 2541 3405 2597 ergo
3422 2524 3701 2597 ibilepro-

2042 2628 2174 2668 sum
2207 2613 2477 2668 sacerdos
2499 2613 2790 2669 mundum
2810 2613 2899 2669 vel
2930 2614 3305 2670 immundum
3336 2614 3474 2670 facit
3496 2632 3515 2669 :
3534 2614 3619 2670 sic
3640 2615 3698 2670 et

2042 2700 2137 2755 hic
2161 2699 2381 2773 alligat,
2431 2700 2517 2757 vel
2558 2701 2730 2757 solvit
2767 2701 3081 2775 episcopus
3126 2707 3185 2758 et
3223 2702 3545 2774 presbyter,
3579 2718 3697 2759 non

2043 2806 2143 2847 eos
2173 2791 2274 2863 qui
2322 2790 2586 2847 insontes
2633 2795 2792 2860 sunt,
2842 2790 2929 2847 vel
2980 2790 3176 2849 noxii:
3227 2791 3324 2847 sed
3370 2808 3473 2862 pro
3506 2791 3699 2848 ofﬁcio

2042 2897 2170 2946 suo,
2193 2897 2326 2935 cum
2349 2884 2720 2952 peccatorum
2749 2880 3001 2936 audierit
3020 2880 3350 2947 varietates,
3375 2880 3486 2935 scit
3506 2880 3605 2951 qui
3630 2880 3696 2935 li-

2040 2968 2283 3041 gandus
2304 2968 2400 3039 sit,
2434 2968 2603 3040 quive
2631 2968 2962 3024 solvendus.

2112 3058 2297 3130 (Vers.
2338 3059 2454 3124 20.)
2507 3079 2535 3107 ‹‹
2567 3057 2728 3112 Tunc
2787 3058 3063 3128 praecepit
3115 3055 3422 3128 discipulis
3470 3056 3594 3112 suis
3626 3061 3695 3113 ut

2041 3145 2260 3202 nemini
2291 3146 2550 3201 dicerent
2597 3144 2737 3216 quia
2776 3145 2902 3217 ipse
2952 3149 3108 3201 esset
3134 3145 3309 3201 Jesus
3338 3144 3627 3201 Christus.
3662 3168 3695 3197 ››

265 3233 490 3288 rationi
520 3237 917 3306 comparatur,
964 3234 1025 3289 in
1058 3251 1175 3305 qua
1222 3235 1340 3301 ait;
1392 3234 1664 3291 Continuo
1692 3254 1807 3291 non
1836 3254 1929 3294 ac—
1960 3225 2004 3292 C
2040 3239 2227 3306 Supra
2249 3235 2489 3289 mittens
2512 3232 2832 3305 discipulos
2859 3236 2929 3290 ad
2954 3233 3417 3306 praedicandum,
3434 3235 3695 3305 jusserat

265 3324 460 3394 quievi
486 3324 654 3378 carni
699 3327 750 3378 et
793 3325 1061 3393 sanguini
1108 3322 1305 3395 (Colat.
1351 3342 1390 3389 ι,
1444 3326 1553 3397 16),
1582 3342 1817 3381 carnem
1850 3326 1929 3382 ibi

264 3416 320 3466 et
349 3410 731 3483 sanguinem,
781 3411 1016 3467 Judaaos
1063 3411 1425 3484 significans,
1480 3419 1543 3468 ut
1574 3413 1668 3468 hic
1699 3430 1932 3486 quoque

267 3500 377 3554 sub
442 3499 556 3555 alio
614 3516 792 3556 sensu
852 3501 1304 3567 demonstretur,
1362 3502 1515 3573 quod
1572 3502 1623 3557 ei
1683 3520 1797 3559 non
1828 3521 1932 3575 per

267 3587 600 3644 doctrinam
672 3589 1125 3658 Phariszeorum,
1201 3591 1303 3645 sed
1360 3607 1463 3663 per
1518 3591 1621 3646 Dei
1677 3592 1928 3665 gratiam

268 3677 540 3733 Christus
567 3677 672 3733 Dei
705 3678 888 3733 Filius
919 3678 1209 3734 revelatus
1241 3679 1338 3734 sit.

340 3765 533 3837 (Vers.
586 3766 697 3835 18.)
726 3788 757 3817 ‹‹
787 3767 856 3821 Et
904 3784 1009 3839 ego
1053 3766 1182 3823 dico
1237 3767 1363 3823 tibi.
1400 3790 1429 3817 »
1461 3768 1610 3832 Quid
1652 3774 1743 3825 est
1775 3771 1931 3841 quod

269 3854 392 3910 ait:
422 3856 491 3911 Et
515 3871 610 3926 ego
658 3854 777 3911 dico
819 3856 969 3911 tibi?
1013 3855 1159 3919 Quia
1199 3861 1260 3911 tu
1309 3857 1455 3911 mihi
1507 3858 1743 3913 dixisti:
1779 3860 1851 3914 Tu
1878 3876 1932 3915 es

273 3942 534 3998 Christus
579 3944 750 3999 Filius
772 3945 873 3999 Dei
920 3945 1067 4013 vivi;
1101 3948 1153 3999 et
1200 3961 1296 4014 ego
1346 3945 1467 4001 dico
1500 3948 1622 4017 tibi,
1665 3964 1778 4003 non
1808 3965 1931 4004 ser-

273 4047 458 4086 mone
487 4047 666 4097 casso,
698 4037 756 4088 et
776 4032 1008 4088 nullum
1040 4034 1292 4090 habente
1312 4050 1481 4106 opus,
1511 4036 1612 4090 sed
1644 4036 1772 4091 dico
1802 4036 1928 4105 tibi,

272 4120 418 4193 quia
449 4136 647 4177 meum
690 4121 935 4192 dixisse,
989 4121 1195 4177 fecisse
1225 4127 1335 4178 est.
1389 4145 1416 4173 ‹‹
1465 4123 1611 4186 Quia
1639 4128 1703 4179 tu
1735 4141 1796 4180 es
1827 4130 1931 4181 Pe-

270 4212 423 4280 trus,
473 4214 532 4265 et
577 4226 755 4281 super
800 4210 951 4281 hanc
1004 4215 1230 4281 petram
1275 4209 1572 4268 aediﬁcabo
1616 4213 1929 4270 Ecclesiam

272 4312 488 4353 meam.
525 4320 555 4347 ››
603 4298 938 4371 εἰουιηίρεθ
979 4298 1180 4355 lumen
1230 4299 1514 4372 apostolis
1565 4301 1824 4368 donavit,
1865 4308 1931 4359 ut

264 4385 472 4442 lumen
508 4386 715 4442 mundi
747 4386 1199 4459 appellarentur,
1236 4392 1557 4461 caateraque
1588 4406 1656 4446 ex
1689 4390 1931 4448 Domino

269 4474 639 4531 eortitisunt
686 4474 1005 4531 vocabula:
1041 4476 1123 4531 ita
1169 4482 1225 4532 et
1253 4477 1498 4543 Simoni,
1530 4477 1629 4548 qui
1661 4480 1935 4537 credebat

270 4562 330 4619 in
362 4569 595 4636 petram
625 4563 941 4635 Christum,
987 4564 1139 4619 Petri
1190 4563 1440 4637 largitus
1470 4570 1559 4622 est
1588 4582 1822 4624 nomen.
1856 4574 1932 4626 At
1960 4595 2007 4658 Β

346 4740 373 4820 '_
393 4738 562 4824 Hanc
577 4757 647 4795 ex
663 4740 912 4824 Qrigene
931 4741 1271 4824 allegoriam
1290 4745 1729 4824 mutuatusest,
1755 4762 1933 4824 quam

275 4813 331 4864 et
359 4811 420 4885 in
449 4811 1114 4885 Isai§e_Commentariis
1145 4813 1242 4868 lib.
1293 4831 1395 4870 VIII
1432 4816 1642 4885 repetit
1671 4811 1730 4872 S.
1766 4811 1934 4874 Pater

274 4881 489 4959 quibus
520 4883 590 4937 ad
623 4881 858 4959 Petram
909 4886 1156 4959 dicitur:
1207 4887 1383 4941 Porta:
1422 4881 1600 4957 inferi
1642 4904 1750 4959 non
1780 4906 1932 4959 prie-

272 4953 530 5035 valebunt
573 4954 879 5035 adversum
920 4962 1023 5035 _le:
1068 4956 1153 5014 sic
1208 4962 1406 5029 portas
1455 4953 1700 5030 iustitiae
1731 4953 1932 5016 omnia

274 5036 453 5097 Opera
480 5030 787 5082 virtutum.
824 5050 846 5076 ι
882 5031 991 5083 etc.

320 5096 367 5180 ,ξ
422 5095 757 5180 Origenes,“
805 5113 874 5154 ex
941 5098 1144 5180 Latina
1210 5098 1421 5180 liuetii_
1457 5099 1933 5180 interpretatione

273 5166 607 5243 {Quoniam
640 5173 856 5238 autem,
887 5172 985 5242 qui
1008 5169 1381 5243 episcopatus
1406 5166 1933 5229 locum'vindicant

273 5238 493 5317 dictum
525 5240 651 5317 hoc,
682 5238 992 5317 usurpant,
1043 5238 1462 5317 sicutfPetrus,
1483 5248 1570 5317 _et
1614 5244 1868 5317 acceptis
1898 5262 1932 5301 a

271 5310 576 5388 Senatore
606 5310 882 5388 clavibus
915 5313 1077 5386 regni
1121 5314 1422 5388 caelorum,
1465 5315 1674 5388 docent
1703 5310 1770 5372 ea
1799 5332 1928 5388 quae

272 5381 607 5461 aseligata
654 5388 817 5454 sunt,
869 5381 1095 5461 hoc'est
1139 5381 1547 5453 condemnata,
1576 5381 1928 5461 ligataesse

269 5457 332 5536 et
364 5452 418 5537 in
448 5452 646 5537 ciulis:
681 5452 1202 5537 pronuntiandum
1230 5460 1338 5522 est,
1390 5462 1543 5537 recte
1572 5452 1708 5537 illos
1735 5460 1926 5537 dicere

268 5524 320 5602 _si
356 5524 585 5602 factum
645 5524 819 5583 etiam
878 5526 1208 5602 habuerint,
1266 5532 1503 5601 propter
1554 5531 1711 5602 quod
1756 5532 1924 5588 Petro

264 5596 408 5652 huic
438 5597 665 5652 dictum
712 5603 837 5654 eet:
890 5600 962 5655 Tu
1019 5616 1077 5656 es
1120 5596 1472 5662 Petnlsfac
1516 5596 1591 5656 si'
1610 5601 1755 5661 tales
1785 5607 1927 5659 sunt

266 5674 339 5726 nt
368 5684 549 5738 super
575 5668 707 5726 illos
748 5670 1068 5727 aedificetur
1112 5669 1365 5729 Ecclesia
1406 5689 1440 5728 a
1484 5672 1731 5745 Christo,
1764 5679 1820 5731 et
1849 5675 1922 5732 ad

2040 3323 2123 3380 eis
2154 3327 2219 3378 ut
2247 3323 2665 3379 annuntiarent
2693 3324 3009 3378 adventum
3050 3338 3225 3378 suum
3252 3338 3265 3378 :
3299 3322 3393 3378 hic
3422 3323 3699 3395 praecepit

2041 3427 2113 3467 ne
2143 3428 2205 3467 se
2235 3410 2433 3466 dicant
2483 3426 2612 3467 esse
2657 3411 2860 3467 Jesum
2914 3410 3234 3467 Christum.
3287 3410 3425 3467 Mihi
3467 3410 3698 3467 videtur

2039 3499 2198 3557 aliud
2228 3516 2357 3556 esse
2386 3500 2686 3555 Christum
2737 3500 3071 3573 praedicare,
3104 3499 3262 3555 aliud
3307 3500 3511 3556 Jesum
3540 3499 3699 3556 Chri-

2039 3594 2219 3646 stum.
2279 3588 2545 3645 Christus
2577 3605 2891 3645 commune
2934 3589 3236 3660 dignitatis
3268 3593 3385 3645 -est
3443 3605 3699 3659 nomen;

2037 3680 2207 3735 Jesus
2259 3678 2559 3750 proprium
2608 3677 2955 3734 vocabulum
3003 3677 3337 3735 Salvatoris.
3372 3679 3566 3735 Potest
3592 3696 3695 3735 au-

2038 3772 2157 3823 tem
2192 3767 2313 3822 ﬁeri
2346 3772 2409 3822 ut
2440 3767 2656 3823 idcirco
2687 3772 2820 3822 ante
2866 3768 3203 3839 passionem
3232 3772 3290 3824 et
3319 3768 3698 3824 resurrectio-

2040 3874 2175 3912 nem
2225 3873 2288 3912 se
2333 3855 2584 3911 noluerit
2634 3856 2972 3928 praedicari;
3025 3860 3107 3928 ut,
3155 3856 3447 3929 completo
3496 3862 3699 3930 postea

2040 3945 2346 4019 sanguinis
2378 3950 2760 4013 sacramento,
2814 3945 3200 4017 opportunius
3230 3945 3512 4017 apostolis
3541 3945 3698 4001 dice-

2040 4038 2162 4090 ret:
2195 4036 2398 4090 Eunles
2443 4034 2625 4089 docete
2654 4050 2837 4090 omnes
2875 4040 3088 4105 gentes,
3122 4039 3213 4089 etc
3254 4034 3465 4105 (Matth.
3495 4050 3696 4101 xxvm,

2042 4124 2151 4193 19).
2180 4123 2342 4187 Quod
2377 4140 2449 4178 ne
2481 4123 2614 4195 quis
2646 4127 2808 4194 putet
2850 4126 3063 4179 nostra:
3103 4126 3332 4178 tantum
3363 4137 3493 4178 esse
3522 4121 3696 4178 intel-

2038 4211 2314 4284 ligentiae,
2347 4216 2403 4267 et
2436 4229 2551 4266 non
2567 4227 2784 4267 sensus
2811 4210 3151 4283 evangelici,
3183 4228 3309 4282 quae
3341 4213 3693 4283 sequuntur,

2040 4317 2251 4357 causas
2283 4300 2585 4372 prohibita:
2620 4304 2757 4355 tunc
2788 4299 3219 4372 praedicationis
3247 4304 3566 4373 exponunt.

2112 4390 2298 4461 (Vers.
2331 4390 2445 4461 21.)
2480 4411 2505 4438 ››
2532 4388 2748 4443 Exinde
2777 4388 2953 4460 cmpit
2980 4387 3154 4445 Jesus
3191 4389 3498 4446 ostendere
3525 4389 3699 4445 disci-

2039 4477 2196 4551 pulis
2224 4479 2369 4543 suis,
2403 4477 2543 4549 quia
2594 4481 2885 4548 oporteret
2916 4494 3051 4533 eum
3096 4477 3183 4533 ire
3210 4477 3695 4551 Hierosolymam,

2038 4573 2095 4625 et
2125 4567 2313 4623 multa
2338 4567 2457 4639 pati
2489 4584 2521 4622 a
2543 4566 2874 4624 senioribus
2907 4570 2964 4623 et
2986 4566 3225 4636 Scribis,
3254 4572 3310 4624 et
3329 4566 3700 4640 principibus

2043 4744 2177 4801 illos
2200 4746 2334 4816 jure
2362 4743 2419 4799 id
2452 4743 2651 4800 referri
2685 4742 2887 4815 possit.
2922 4747 3106 4798 Portae
3129 4747 3324 4816 autem
3356 4741 3524 4797 interi
3558 4758 3699 4816 prie-

2041 4812 2233 4871 valere
2264 4833 2379 4872 non
2412 4816 2625 4872 debent
2658 4812 2939 4871 adversus
2982 4830 3117 4869 eum
3147 4812 3247 4885 qui
3277 4812 3457 4885 ligare
3486 4812 3610 4868 vult
3640 4818 3697 4871 et

2043 4888 2283 4943 solvere.
2347 4910 2374 4937 ››
2437 4888 2598 4951 Quod
2671 4887 2719 4942 si
2777 4886 3007 4957 funibus
3072 4894 3415 4957 peccatorum
3464 4900 3696 4941 suorum

2040 4961 2455 5030 constringitur,
2516 4960 2705 5030 fustra
2759 4955 2815 5012 et
2862 4956 3004 5029 ligat
3060 4955 3117 5011 et
3173 4955 3371 5030 solvit.
3421 4978 3450 5006 ››
3508 4960 3693 5022 Quam

2041 5047 2182 5087 sane
2197 5027 2583 5102 periculosam
2604 5029 2848 5098 falsamq
2860 5027 3292 5102 uesententiam
3307 5027 3693 5102 Hieronymus

2041 5102 2101 5157 in
2133 5098 2508 5158 commodum
2530 5116 2770 5172 sensum
2802 5098 2999 5166 traxit,
3028 5102 3392 5172 mutavitque
3422 5098 3695 5155 eruditis-

2040 5174 2188 5230 sime
2216 5174 2275 5229 in
2306 5190 2521 5229 veram.
2551 5172 2651 5228 Ille
2699 5170 3103 5227 ministrorum
3145 5170 3403 5227 Ecclesia
3436 5176 3690 5241 potesta-

2038 5250 2155 5301 tem
2201 5261 2270 5301 ex
2317 5261 2517 5301 eorum
2570 5243 2829 5315 pendere
2869 5242 3099 5315 volebat
3147 5243 3515 5315 integritate:
3572 5258 3694 5315 qua

2037 5316 2108 5372 de
2157 5333 2218 5372 re
2266 5316 2472 5372 merito
2522 5312 2791 5370 a_doctis
2846 5314 2986 5370 viris
3044 5312 3525 5384 reprehenditur:
3564 5312 3692 5384 hic,

2036 5404 2110 5443 ne
2155 5388 2484 5443 sacerdotes
2532 5387 2642 5443 sibi
2692 5383 2918 5441 ninium
2970 5387 3041 5443 de
3070 5382 3414 5442 auctoritate
3443 5382 3693 5440 obblan-

2035 5459 2293 5527 diantur,
2324 5475 2507 5532 eaque
2554 5459 2873 5532 abutantur
2913 5462 3151 5525 temere,
3186 5457 3373 5530 magis
3403 5456 3516 5532 ait,_
3534 5455 3692 5528 apud

2039 5532 2219 5587 Deum
2272 5528 2457 5603 quaeri
2507 5546 2740 5587 reorum
2810 5529 3011 5598 vitam,
3080 5546 3261 5602 quam
3297 5528 3692 5586 “sacerdotum

2035 5602 2409 5659 sententiam.
