4024 6196
315 324 430 387 123

1560 335 1623 395 S.
1670 335 1985 399 EUSEBII
2029 336 2472 400 HIERONYMI

3599 340 3721 402 124

308 458 679 517 sacerdotum
712 466 769 519 et
798 462 1001 532 occidi,
1033 469 1090 520 et
1117 465 1289 521 tertia
1333 466 1426 523 die
1466 484 1789 541 resurgere.
1830 494 1848 517 ιι
1886 471 1957 526 Et
1986 470 2039 537 Α
2069 470 2169 525 sed
2202 469 2573 526 adversarius
2621 469 2885 543 spiritus,
2932 470 3032 544 qui
3064 470 3184 527 haec
3232 471 3422 528 dicere
3451 472 3718 544 apostolo

307 552 398 604 est
426 565 673 607 sensus:
707 552 868 607 Tunc
917 568 1007 607 me
1051 555 1382 625 praedicate,
1436 574 1570 614 cum
1601 559 1713 615 ista
1744 577 1956 633 passus

310 636 492 707 fuero,
525 639 663 711 quia
691 656 805 694 non
854 642 1092 712 prodest
1139 644 1435 701 Christum
1486 647 1717 719 publice
1757 651 1959 720 praedi-

307 742 459 797 care,
490 732 549 782 et
575 728 702 797 ejus
735 727 969 799 vulgare
999 730 1058 785 in
1092 732 1326 804 populis
1357 736 1748 806 majestatem,
1781 754 1955 809 quem

310 818 441 887 post
470 815 751 886 populum
774 816 1129 889 ﬂagellatum
1161 822 1339 879 visuri
1368 824 1486 880 sint
1513 830 1569 881 et
1589 826 1954 895 cruciﬁxum,

310 903 465 959 I26
495 908 553 958 et
607 904 793 961 multa
848 908 968 978 pati
1025 926 1059 965 a
1108 911 1458 980 senioribus,
1518 919 1574 971 et
1630 916 1870 984 Scribis,
1903 921 1960 972 et

305 989 670 1064 principibus
698 997 1091 1055 sacerdotum.
1126 1000 1192 1054 Et
1212 1018 1366 1057 nunc
1393 1002 1565 1060 Jesus
1600 1005 1785 1061 multa
1815 1009 1959 1079 pati-

304 1084 404 1135 tur
431 1080 505 1136 ab
537 1080 631 1137 his
661 1083 761 1155 qui
792 1102 1030 1144 rursum
1062 1088 1173 1145 sibi
1221 1091 1571 1165 cruciﬁgunt
1618 1094 1828 1151 Filium
1864 1096 1962 1152 Dei

309 1168 489 1240 (Hebr.
520 1188 597 1242 v1,
630 1172 708 1244 6),
740 1178 798 1229 et
828 1191 961 1231 cum
994 1178 1253 1234 seniores
1288 1185 1567 1251 putentur
1596 1181 1654 1237 in
1686 1184 1959 1255 Ecclesia,

306 1262 365 1313 et
393 1259 686 1334 principes
707 1265 1099 1336 sacerdotum,
1124 1267 1451 1340 simplicem
1476 1277 1788 1343 sequentes
1815 1274 1962 1330 litte-

306 1363 457 1414 ram,
490 1350 766 1408 occidunt
812 1353 1025 1410 Filium
1078 1356 1202 1424 Dei,
1251 1360 1351 1429 qui
1404 1365 1561 1416 totus
1609 1362 1860 1417 sentitur
1904 1363 1962 1418 in

308 1436 545 1510 spiritu.

379 1526 565 1599 (Vers.
599 1530 689 1597 22,
713 1532 830 1600 23.)
864 1555 891 1584 ‹‹
922 1534 991 1589 Et
1018 1552 1328 1594 assumens
1366 1555 1501 1596 eum
1532 1541 1758 1613 Petrus,
1791 1542 1969 1616 coepit

306 1613 607 1689 increpare
654 1617 842 1691 illum,
892 1622 1130 1682 dicens:
1184 1628 1353 1683 Absit
1379 1646 1411 1684 a
1444 1634 1521 1697 te,
1555 1630 1819 1699 Domine,
1851 1613 1967 1690 non

2067 560 2170 629 (Al.
2225 559 2579 631 apostolum)
2640 561 3005 633 suggerebat.
3067 562 3176 616 Sed
3228 561 3369 616 mihi
3420 560 3513 616 hic
3555 579 3721 617 error

2067 648 2446 718 apostolicus,
2499 654 2555 703 et
2601 651 2672 705 de
2721 651 2954 721 pietatis
3004 652 3211 706 affectu
3259 650 3516 719 veniens,
3563 668 3717 706 nun-

2068 755 2245 809 quam
2277 738 2636 793 incentivum
2687 740 2900 795 diaboli
2950 740 3216 795 videtur:
3258 740 3394 795 Vade
3439 745 3581 795 retro
3612 758 3717 810 me,

2065 831 2297 884 Salano.
2332 827 2572 882 Diabolo
2613 828 2865 884 dicitur:
2902 830 3041 884 Vade
3086 838 3247 885 retro.
3282 829 3485 885 Petrus
3514 830 3719 885 audit:

2075 917 2212 972 Vade
2240 922 2384 971 retr-0
2407 934 2508 983 me,
2535 917 2641 972 hoc
2665 923 2770 985 est,
2799 935 3042 989 sequere
3067 917 3417 974 sententiam
3442 935 3634 973 meam
3657 919 3681 953 ³
3706 936 3719 972 :

2069 1006 2197 1077 quia
2226 1022 2335 1061 non
2364 1009 2513 1078 sapis
2537 1024 2599 1062 ea
2648 1023 2773 1078 quae
2801 1009 2899 1063 Dei
2937 1011 3086 1079 sunt,
3116 1008 3211 1063 sed
3258 1023 3384 1080 quae
3415 1010 3722 1064 hominum.

2071 1094 2210 1149 Mem
2244 1095 2563 1151 voluntatis
2595 1102 2703 1162 est,
2736 1101 2792 1151 et
2826 1097 3010 1151 Patris
3042 1098 3235 1169 (cujus
3261 1096 3389 1152 veni
3423 1097 3606 1153 facere
3628 1114 3727 1153 vo-

2071 1182 2359 1239 luntatem
2393 1186 2570 1255 (Joan.
2602 1203 2680 1256 vr,
2715 1187 2803 1257 38)
2835 1191 2898 1241 ut
2918 1204 3019 1257 pro
3049 1186 3357 1241 hominum
3387 1186 3575 1242 salute
3607 1204 3730 1242 mo-

2071 1273 2227 1340 riar;
2260 1277 2322 1327 tu
2354 1277 2515 1329 tuam
2539 1278 2767 1329 tantum
2795 1275 3170 1330 considerans
3195 1274 3573 1343 voluntatem,
3607 1293 3726 1331 non

2072 1361 2160 1417 vis
2191 1378 2441 1433 granum
2472 1363 2648 1418 tritici
2680 1363 2739 1417 in
2771 1368 2987 1419 terram
3019 1365 3244 1431 cadere,
3278 1369 3343 1420 ut
3374 1363 3590 1420 multos
3612 1365 3729 1419 fru-

2073 1455 2169 1506 tus
2201 1450 2403 1507 aﬁ‘erat
2433 1452 2610 1522 (Joan.
2635 1470 2733 1523 xu,
2768 1454 2856 1515 24,
2888 1454 3000 1524 25).
3034 1454 3298 1509 Prudens
3327 1453 3509 1509 lector
3537 1453 3729 1525 inqui-

2076 1544 2167 1595 rat
2196 1541 2491 1611 quomodo
2516 1546 2648 1612 post
2675 1545 2900 1597 tantam
2925 1542 3349 1597 beatitudinem
3372 1558 3387 1597 :
3421 1544 3622 1598 Beatus
3650 1559 3725 1598 es.

2078 1630 2270 1685 Simon
2297 1631 2533 1701 Barjona
2559 1648 2577 1684 :
2639 1634 2729 1686 et:
2795 1633 2866 1686 Tu
2895 1648 2951 1687 es
3007 1634 3208 1687 Petrus
3230 1650 3249 1688 :
3306 1637 3356 1687 et
3385 1649 3548 1703 super
3587 1633 3731 1686 hanc

306 1706 415 1761 erit
445 1706 549 1762 tibi
583 1706 712 1764 hoc.
746 1711 853 1775 Qui
885 1728 1201 1772 conversus
1253 1717 1398 1773 dixit
1428 1720 1614 1776 Petro.
1648 1722 1807 1777 Vade
1838 1714 1969 1795 post
2075 1722 2286 1791 petram
2335 1719 2617 1789 aediﬁcabo
2664 1722 2973 1775 Eeclesiam
3027 1737 3207 1776 meam
3251 1730 3302 1777 et
3340 1730 3518 1794 porta
3558 1723 3732 1792 inferi

306 1810 421 1863 me,
456 1796 692 1867 Satana,
745 1801 1088 1858 scandalum
1142 1821 1203 1861 es
1253 1807 1397 1862 mihi
1426 1826 1440 1871 ;
1487 1810 1627 1881 quia
1658 1827 1771 1866 non
1805 1812 1964 1884 sapis
1993 1845 2041 1910 B
2077 1824 2189 1863 non
2212 1808 2593 1879 praevalebunt
2621 1809 2875 1865 adversus
2904 1826 3070 1876 eam;
3117 1814 3212 1866 et:
3253 1812 3353 1867 tibi
3382 1810 3517 1867 dabo
3546 1810 3732 1866 claves

310 1899 370 1910 Α..
410 1900 533 1910 λη-..
570 1886 661 1910 Π-ε
716 1894 849 1910 -___L
929 1909 972 1910 ,,
1006 1893 1020 1910 I
1361 1897 1375 1910 1
1509 1899 1519 1909 ι
1803 1902 1833 1910 ,-
2225 1900 2235 1909 ο
2352 1898 2364 1910 .
2639 1903 2648 1910 .
2739 1900 2766 1910 Α
2869 1899 2879 1910 ι
2917 1902 2953 1910 ..
3136 1902 3149 1910 .
3274 1901 3285 1910 .
3381 1901 3393 1910 ι
3504 1901 3514 1910 .

308 1899 376 1973 ea
407 1900 535 1956 qua
570 1887 664 1942 Dei
713 1894 870 1960 sunt,
922 1893 1023 1947 sed
1068 1911 1136 1949 ea
1184 1912 1311 1968 quae
1361 1897 1691 1955 hominum.
1741 1924 1767 1950 ››
1801 1902 1965 1973 Saepe
1993 1887 2041 1910 u
2072 1900 2235 1967 regni
2262 1898 2527 1953 caelorum
2550 1916 2569 1959 ;
2600 1903 2693 1953 et:
2729 1899 2879 1966 Quod
2908 1902 3173 1970 ligaveris
3202 1901 3285 1956 vel
3314 1901 3539 1956 solveris
3565 1915 3733 1970 super

312 1972 568 2030 diximus
616 1976 782 2032 nimii
833 1981 1058 2038 ardoris
1108 1986 1443 2057 amorisque
1491 2004 1669 2059 quam
1728 1972 1965 2045 maximi

308 2060 493 2119 fuisse
522 2068 757 2121 Petrum
791 2067 849 2123 in
883 2068 1198 2129 Dominum
1243 2075 1623 2133 Salvatorem.
1656 2079 1800 2143 Quia
1830 2096 1964 2152 ergo

311 2157 447 2222 post
488 2154 914 2213 confessionem
972 2177 1162 2230 suam,
1198 2180 1314 2235 qua
1334 2164 1591 2221 dixerat:
1629 2168 1700 2223 Tu
1722 2184 1776 2222 es
1808 2168 1968 2223 Chri-

311 2242 400 2296 tus
427 2242 607 2299 Filius
635 2246 733 2301 Dei
779 2248 930 2302 vivi:
976 2253 1032 2305 et
1080 2253 1383 2322 praemium
1432 2255 1766 2323 Salvatoris,
1809 2258 1963 2328 quod

313 2330 615 2389 audierat:
658 2336 857 2391 Beatus
903 2353 977 2405 es,
1028 2339 1216 2396 Simon
1265 2345 1530 2415 Barjona,
1579 2348 1710 2418 quia
1759 2363 1887 2402 caro
1916 2339 1967 2403 ει

314 2423 544 2489 sanguis
584 2439 696 2479 non
751 2427 1014 2481 revelavit
1057 2429 1193 2485 tibi:
1253 2431 1346 2487 sed
1392 2434 1557 2489 Pater
1596 2451 1749 2490 meus
1788 2437 1883 2507 qui
1906 2437 1967 2491 in

315 2510 464 2565 cretis
493 2515 593 2582 est,
626 2519 860 2585 repente
906 2517 1132 2574 audita
1181 2522 1446 2588 Domino,
1495 2529 1760 2595 oportere
1790 2542 1851 2580 se
1882 2525 1965 2580 ire

314 2597 798 2674 Hierosolymam,
848 2604 1049 2676 ibique
1096 2607 1283 2663 multa
1330 2610 1448 2681 pati
1488 2628 1521 2666 a
1549 2612 1880 2669 senioribus
1909 2617 1967 2669 et

315 2687 557 2758 Scribis,
608 2696 665 2747 et
710 2692 1074 2767 principibus
1121 2698 1512 2768 sacerdotum,
1566 2706 1621 2756 et
1668 2702 1871 2773 occidi,
1910 2705 1968 2758 et

313 2776 487 2835 tertia
539 2780 632 2836 die
687 2796 1008 2856 resurgere,
1071 2803 1188 2841 non
1245 2787 1418 2856 (Vict.
1476 2794 1615 2846 tacet
1671 2791 1809 2861 non)
1840 2790 1967 2846 vult

316 2867 541 2925 destrui
584 2871 1010 2930 confessionem
1067 2892 1236 2931 suam
1265 2894 1279 2945 ;
1330 2894 1434 2933 nec
1465 2884 1607 2951 puta
1639 2880 1761 2935 ﬁeri
1796 2897 1965 2952 posse

313 2960 382 3013 nt
412 2956 595 3015 Filius
618 2959 716 3017 Dei
774 2961 1103 3019 occidatur:
1158 2967 1526 3040 assumitque
1570 2986 1706 3025 eum
1726 2952 1795 3024 in
1828 2970 1964 3024 affe-

315 3050 477 3103 ctum
507 3065 706 3115 suum,
737 3050 826 3107 vel
873 3054 1188 3126 separatim
1238 3055 1421 3128 ducit,
1470 3074 1541 3114 ne
1579 3058 1966 3131 praesentibus

313 3135 536 3191 caeteris
566 3138 984 3211 condiscipulis
1013 3143 1364 3215 magistrum
1402 3146 1667 3202 videatur
1698 3164 1959 3220 arguere,

2072 1993 2297 2051 terram,
2330 1989 2435 2043 erit
2464 1988 2694 2056 ligatum
2727 1990 2808 2043 vel
2857 1990 3098 2045 solutum
3129 1992 3190 2044 in
3231 1990 3363 2044 caelo
3385 2007 3403 2043 :
3436 2005 3593 2045 nunc
3625 2005 3729 2043 au-

2075 2076 2232 2132 diat:
2288 2076 2426 2131 Vade
2473 2080 2616 2132 retro
2667 2094 2773 2145 me,
2825 2076 3031 2134 Satana
3084 2079 3410 2134 scandalum
3453 2077 3595 2132 mihi
3630 2080 3733 2132 es?

2074 2168 2189 2221 Aut
2218 2182 2343 2236 quae
2370 2165 2446 2221 sit
2476 2169 2597 2220 tam
2626 2166 2930 2237 repentina
2961 2167 3278 2235 conversio,
3312 2170 3377 2221 ut
3405 2170 3538 2239 post
3566 2169 3734 2221 tanta

2080 2255 2336 2327 praemia,
2371 2255 2618 2310 Satanas
2644 2254 2972 2327 appellatur
2994 2256 3022 2311 ?
3053 2256 3162 2310 Sed
3199 2256 3246 2311 si
3270 2255 3600 2311 consideret
3628 2254 3733 2326 qui

2076 2343 2186 2399 hoc
2216 2343 2423 2413 quaerit
2453 2345 2493 2413 ‘,
2518 2344 2683 2399 Petro
2715 2342 2878 2399 illam
2907 2344 3373 2401 benedictionem
3404 2347 3462 2400 et
3482 2343 3737 2399 beatitu-

2075 2433 2295 2501 dinem,
2328 2449 2393 2487 ac
2421 2435 2791 2505 potestatem,
2825 2436 2883 2488 et
2912 2433 3356 2489 aediﬁcationem
3386 2449 3562 2505 super
3592 2446 3728 2488 eum

2075 2521 2362 2589 Ecclesiae,
2413 2522 2473 2576 in
2524 2522 2720 2577 futuro
2763 2523 3138 2594 promissam,
3190 2539 3305 2579 non
3357 2523 3415 2578 in
3456 2525 3728 2595 praesenti

2074 2612 2274 2666 datam
2305 2609 2609 2682 intelliget.
2654 2612 2977 2681 xEdiﬁcabo,
3030 2611 3243 2684 inquit,
3277 2627 3441 2683 super
3468 2619 3520 2667 te
3547 2614 3730 2669 Eccle-

2072 2703 2215 2756 siam
2243 2716 2444 2764 meam,
2468 2703 2518 2754 et
2536 2709 2716 2771 portae
2747 2702 2922 2771 inferi
2940 2716 3049 2757 non
3074 2700 3452 2773 praevalebunt
3470 2700 3733 2757 adversus

2072 2806 2213 2845 eam.
2266 2789 2371 2846 Et:
2422 2788 2566 2843 Dabo
2608 2789 2713 2843 tibi
2758 2789 2939 2844 claves
2992 2790 3152 2861 regni
3193 2791 3473 2846 caelorum.
3522 2790 3734 2845 Omnia

2074 2878 2145 2933 de
2177 2878 2393 2947 futuro,
2427 2894 2552 2949 quae
2584 2876 2631 2932 si
2664 2878 2864 2933 statim
2910 2879 3167 2935 dedisset
3214 2880 3287 2947 ei,
3333 2896 3636 2951 nunquam
3669 2880 3729 2934 in

2074 2982 2141 3022 eo
2173 2983 2357 3038 pravae
2389 2965 2681 3038 opinionis
2715 2967 2735 3001 ⁵
2765 2984 2925 3023 error
2948 2968 3270 3023 invenisset
3298 2967 3513 3023 locum.

2147 3046 2333 3128 (Vers.
2366 3056 2583 3127 24-26.)
2640 3057 2789 3112 Tunc
2816 3056 2991 3112 Jesus
3039 3055 3185 3112 dixit
3225 3056 3533 3128 discipulis
3561 3056 3727 3112 suis:

2074 3145 2129 3201 Si
2163 3145 2299 3217 quis
2326 3143 2453 3199 vult
2483 3148 2616 3217 post
2647 3161 2739 3200 me
2770 3138 2984 3211 venire,
3017 3146 3268 3217 abneget
3300 3145 3684 3217 semetipsum
3714 3164 3727 3212 ;

315 3226 373 3278 et
392 3222 566 3293 ccepit
586 3224 884 3297 increpare
904 3228 1073 3286 illum
1095 3214 1350 3290 amantis
1371 3236 1601 3302 aﬁ‘ectu,
1626 3241 1684 3292 et
1705 3214 1963 3309 optantis
1993 3214 2036 3280 ί)
2076 3238 2133 3289 et
2159 3214 2328 3289 tollat
2358 3214 2588 3289 crucem
2643 3250 2835 3300 suam,
2868 3239 2926 3290 et
2973 3214 3258 3306 sequatur
3287 3250 3399 3289 me.
3433 3214 3539 3301 Qui
3572 3233 3731 3290 enim

317 3311 542 3368 dicere:
569 3313 723 3370 Absit
748 3331 782 3370 a
810 3322 860 3371 te
905 3318 1174 3375 Domine:
1217 3321 1328 3389 vel,
1377 3327 1438 3377 ut
1472 3324 1684 3379 melius
1715 3325 1964 3380 habetur
2069 3321 2320 3378 voluerit
2344 3322 2602 3378 animam
2646 3339 2816 3377 suam
2865 3322 3088 3378 salvam
3118 3322 3327 3388 facere,
3347 3324 3549 3395 perdet
3576 3339 3727 3379 eam.

313 3399 374 3457 in
446 3401 661 3469 Greco,
734 3399 905 3466 ’ίλεὼς
974 3404 1085 3475 σοις
1157 3407 1341 3482 Κύριε,
1418 3408 1480 3463 οὗ
1542 3410 1616 3484 μῄ
1673 3408 1821 3465 ’ἐσται
1878 3432 1962 3466 σοι

2084 3411 2179 3475 Qui
2210 3415 2405 3466 autem
2465 3412 2786 3482 perdiderit
2839 3412 3098 3467 animam
3148 3428 3314 3467 suam
3346 3415 3584 3483 propter
3612 3428 3727 3479 me,

312 3492 500 3557 τοῦτο,
531 3490 641 3548 hoc
671 3496 779 3564 est,
822 3494 1110 3567 Propitsus
1154 3499 1233 3553 sis
1269 3498 1389 3570 tibi,
1439 3500 1691 3568 Domine,
1720 3516 1829 3556 non
1859 3502 1965 3557 erit
2072 3498 2324 3554 inveniet
2355 3514 2504 3553 eam.
2538 3499 2689 3565 Quid
2721 3497 2880 3555 enim
2902 3500 3138 3571 prodest
3166 3497 3389 3554 homini
3420 3498 3470 3554 si
3501 3497 3732 3553 univero

312 3580 418 3636 tibi
444 3579 543 3636 hoe
572 3581 588 3616 ί
614 3598 627 3635 :
690 3598 806 3638 non
864 3588 1058 3655 potest
1110 3585 1256 3653 ﬁeri,
1320 3604 1422 3644 nec
1479 3588 1765 3660 recipiunt
1794 3605 1965 3645 aures
2073 3604 2207 3644 sum
2239 3588 2527 3643 mundum
2556 3587 2838 3656 lucretur,
2867 3589 3074 3644 anima:
3102 3604 3237 3644 vero
3266 3604 3384 3644 sua:
3415 3587 3734 3643 detrimen-

314 3684 480 3736 mea,
512 3672 579 3724 ut
609 3669 710 3726 Dei
733 3672 915 3729 Filius
945 3674 1300 3732 occidendus
1325 3677 1422 3733 sit.
1455 3678 1544 3734 Ad
1573 3694 1745 3751 quem
1781 3678 1965 3735 Domi-

313 3773 428 3812 nus
476 3773 809 3829 conversus,
862 3761 979 3818 ait:
1039 3765 1179 3820 Vade
1222 3768 1367 3821 retro
1414 3765 1584 3838 (Vict.
1631 3767 1796 3823 addit
1835 3768 1962 3840 me),

313 3846 541 3917 Satana,
573 3850 898 3908 scandalum
941 3853 1088 3909 mihi
1112 3870 1189 3910 es.
1243 3854 1492 3911 Satanas
1522 3855 1965 3929 interpretatur,

310 3936 678 4007 adversarius,
710 3939 832 3997 sive
858 3944 1194 4001 contrarius.
1228 3944 1373 4010 Quia
1407 3946 1721 4013 contraria,
1752 3945 1968 4018 inquit,

312 4025 569 4099 loqueris
593 4027 877 4087 voluntati
894 4048 1054 4100 mete,
1079 4032 1256 4089 debes
1275 4032 1643 4090 adversarius
1664 4034 1965 4107 appellari.

312 4115 480 4173 Multi
510 4121 722 4189 putant
743 4121 898 4191 quod
926 4137 1042 4176 non
1075 4121 1277 4177 Petrus
1307 4127 1611 4194 correptus
1643 4124 1720 4179 sit
1739 4124 1780 4188 ²,
1814 4125 1962 4180 I27

326 4241 655 4320 '__'_lteru_r_n
690 4241 897 4320 placet,
932 4250 997 4300 ut
1026 4245 1379 4320 Veronensis
1395 4246 1845 4320 rEvangeliorum
1878 4263 1971 4303 co-

320 4308 467 4390 dicis
490 4308 804 4390 lectionem
835 4308 929 4371 hic
973 4319 1303 4389 expendas:
1336 4319 1493 4374 Absit
1532 4308 1667 4388 aute,
1695 4320 1972 4390 propitius

317 4385 449 4449 esto,
482 4383 750 4440 Domine:
779 4402 892 4443 non
920 4390 1026 4443 erit
1045 4383 1225 4444 istud.

391 4454 413 4528 ξ
442 4453 604 4511 Unus
634 4473 738 4528 pro
768 4459 997 4514 cunctis
1025 4459 1083 4514 S.
1135 4460 1390 4516 Hilarius
1441 4461 1503 4515 in
1543 4460 1700 4516 hunc
1733 4459 1925 4517 locum
1955 4478 1967 4515 :

327 4546 355 4578 α
384 4527 449 4581 In
480 4541 616 4605 eum
639 4527 797 4605 ivero
855 4529 1215 4605 (diabolum),
1263 4548 1364 4605 per
1392 4548 1565 4605 quem
1624 4533 1819 4605 opinio
1848 4532 1972 4588 haec

327 4548 355 4578 ι
385 4548 449 4581 ιι]
480 4548 616 4582 eum
666 4548 797 4584 vero
855 4548 1204 4656 (diaconum;
1263 4548 1364 4603 per
1392 4548 1565 4658 quem
1624 4549 1819 4605 opimo
1849 4548 1972 4588 naac

320 4599 762 4685 suggerebatur,
786 4617 1102 4682 conversus
1123 4619 1156 4656 a
1185 4603 1367 4685 .jecit:
1429 4607 1629 4686 .atana,
1650 4605 1973 4660 scandalum

318 4670 464 4726 mihi
491 4687 566 4726 es.
602 4671 726 4727 Non
757 4688 914 4727 enim
958 4679 1228 4729 convenit
1273 4680 1627 4731 existimare.
1670 4675 1836 4731 Petro
1869 4676 1969 4731 Sa-

320 4746 471 4819 tanae
503 4759 714 4819 nomen
748 4748 819 4819 et_
834 4744 1214 4819 offensionem
1255 4746 1515 4801 scandali
1545 4718 1811 4819 de’putari
1843 4752 1975 4818 post

320 4810 423 4867 illa
438 4812 691 4891 indultae
720 4819 784 4891 et
806 4814 1183 4891 beatitudinis
1213 4821 1270 4873 et
1297 4810 1798 4891 potestatisftanta
1828 4810 1969 4891 prie-

321 4884 510 4962 gonia.
544 4885 656 4941 Sed
687 4886 825 4962 quia
864 4887 1176 4962 inﬁdelitas
1225 4884 1417 4962 omnis
1443 4889 1658 4945 diaboli
1690 4884 1972 4962 opusﬁesﬁt,

320 4954 481 5037 Petri.
508 4954 895 5037 responsione
912 4959 1191 5037 Dominus
1213 4960 1472 5037 ofiensus
1504 4977 1639 5017 cum
1662 4954 1974 5034 opprobrio

323 5026 1142 5086 nominisi’nﬁdelitatisistius
1154 5037 1243 5087 est
1264 5032 1585 5088 detestatus
1605 5026 1921 5089 auctorem.
1948 5055 1973 5081 ››

321 5100 606 5177 gratorum
640 5099 750 5177 hac
781 5102 909 5174 ipsa
937 5102 1007 5157 de
1038 5103 1581 5177 causa‘Marcellum
1607 5104 1979 5177 reprehendit

322 5169 612 5249 Eusebius
634 5170 746 5249 _l_i_b.
781 5169 1036 5229 {contra
1064 5174 1359 5249 eumdem,
1382 5192 1510 5249 cap.
1542 5177 1597 5239 2,
1627 5169 1783 5249 quod
1811 5198 1838 5249 ᾳ
1869 5176 1978 5249 mi-

321 5240 480 5319 nime
510 5240 846 5319 intelligens
877 5246 1171 5319 quomodo
1202 5245 1323 5319 haec
1349 5240 1622 5319 '(Sa'tana,
1645 5240 1979 5319 scandalum

319 5311 462 5391 mihi
488 5318 570 5391 es)
598 5311 979 5391 dicuntur'ad
1021 5311 1386 5391 apostolum,
1418 5324 1476 5375 et
1507 5311 1787 5391 quersum
1819 5318 1976 5374 afﬁr-

324 5389 449 5439 mat
477 5384 549 5440 ad
581 5385 883 5442 diabolum
913 5404 1041 5445 esse
1057 5384 1241 5443 'dicta.
1280 5414 1299 5438 ι

390 5455 414 5490 ⁸
441 5456 659 5533 Mavult
704 5458 912 5533 Noster
957 5459 1022 5533 in
1066 5460 1332 5533 Origenis
1376 5461 1729 5517 sententiam
1777 5476 1981 5533 conce-

324 5526 498 5603 dere;
533 5528 615 5603 sic
647 5530 803 5603 enim
837 5532 961 5602 ipse
1007 5526 1446 5603 interpretatur,
1478 5538 1543 5587 ut
1573 5533 1741 5588 Petro
1771 5531 1982 5587 dixerit

322 5597 504 5685 .lesu;
563 5600 705 5656 Vade
754 5597 877 5685 post
917 5620 1021 5673 me,
1082 5597 1273 5685 quasi”
1311 5597 1550 5685 quilire
1599 5607 1732 5685 post
1788 5602 1978 5685 illum,

322 5684 576 5743 cumque
604 5673 770 5746 sequi
814 5673 1119 5733 cessasset:
1155 5699 1185 5728 ››
1217 5675 1285 5732 Et
1331 5673 1505 5750 paulo
1533 5673 1704 5749 post:
1739 5698 1761 5726 ι
1794 5673 1980 5732 Simul

2072 3681 2203 3732 tum
2250 3676 2553 3747 patiatur?
2604 3698 2632 3726 »
2663 3678 2685 3711 ⁸
2713 3677 2836 3743 Qui,
2864 3676 3102 3749 deponit
3146 3679 3399 3733 veterem
3429 3674 3729 3731 hominem

2074 3781 2208 3822 cum
2238 3764 2513 3837 operibus
2535 3766 2661 3822 suis
2684 3766 2912 3839 (Coloss.
2938 3784 3025 3837 ιιι,
3055 3766 3110 3835 9,
3136 3766 3225 3838 10)
3257 3766 3505 3839 denegat
3523 3767 3734 3821 semet-

2073 3854 2272 3927 ipsum
2304 3853 2505 3910 dicens
2532 3872 2544 3911 :
2580 3855 2704 3910 Vivo
2730 3862 2913 3911 autem
2930 3856 3053 3927 jam
3081 3870 3193 3910 non
3221 3870 3337 3926 ego,
3363 3855 3496 3910 vivit
3524 3868 3649 3909 vero
3669 3855 3734 3909 in

2075 3959 2163 3999 me
2192 3943 2439 4000 Christus
2470 3944 2667 4015 (Galat.
2721 3961 2782 4014 ιι,
2832 3944 2923 4015 20)
2950 3961 2962 3999 :
2996 3944 3148 4000 428
3196 3942 3469 4016 tollitque
3497 3958 3731 3999 crucem

2078 4049 2269 4099 suam,
2301 4036 2359 4087 et
2389 4032 2609 4087 mundo
2658 4032 3041 4104 cruciﬁgitur.
3098 4031 3204 4087 Cui
3242 4035 3440 4088 autem
3472 4031 3731 4087 mundus

2078 4121 2397 4177 cruciﬁxus
2418 4125 2528 4188 est,
2549 4121 2814 4192 sequitur
2834 4121 3147 4177 Dominum
3173 4122 3537 4177 cruciﬁxum.
3564 4142 3594 4171 »
3619 4124 3735 4176 Aut

2080 4248 2276 4318 autem
2325 4245 2586 4318 conferes
2629 4246 2786 4318 quod
2817 4246 3001 4318 Petro
3048 4246 3231 4301 dixit:
3286 4246 3424 4302 Vade
3468 4249 3733 4318 postme,

2079 4316 2332 4372 Satana,:
2365 4322 2421 4371 et
2451 4315 2683 4371 diabolo
2713 4317 2765 4373 ei
2796 4317 3012 4373 dicenti
3037 4335 3050 4373 :
3074 4318 3196 4373 Haec
3222 4319 3411 4373 omnia
3439 4315 3545 4373 tibi
3570 4315 3736 4383 dabo,

2080 4390 2130 4443 si
2182 4387 2381 4460 cadens
2434 4387 2757 4443 adoraveris
2812 4406 2937 4444 me:
3000 4390 3174 4459 Vade,
3232 4391 3469 4459 Satana,
3510 4387 3736 4460 absque

2078 4459 2500 4533 additamento,
2552 4464 2839 4533 post_me.
2892 4464 3028 4533 Post
3067 4461 3270 4516 Jesum
3319 4461 3539 4533 quippe
3577 4459 3732 4533 esse,

2081 4531 2448 4604 bonum_est,_
2476 4552 2504 4604 ξ)
2536 4530 2644 4601 etc,
2677 4531 3064 4604 Consentiunt
3092 4548 3275 4604 porro
3307 4530 3365 4589 et
3400 4530 3575 4588 modo
3605 4530 3735 4604 lau-

2082 4603 2254 4658 datus
2286 4601 2589 4670 Eusebius,
2645 4607 2832 4657 contra
2881 4601 3215 4671 Marcellum,
3265 4608 3322 4660 et
3363 4601 3733 4669 Ambrosius,

2082 4674 2183 4730 lib.
2216 4691 2233 4728 ι
2266 4674 2336 4728 de
2366 4673 2666 4737 Abraham,
2701 4690 2862 4729 num.
2893 4676 2984 4731 55.

2151 4747 2173 4779 ⁴
2202 4744 2468 4800 Fortasse
2516 4746 2730 4801 rectius
2785 4745 2967 4802 nostri
3012 4761 3155 4801 mss.
3206 4744 3325 4812 hic,
3361 4746 3414 4800 si
3441 4742 3737 4812 voculam,

2081 4820 2139 4872 et
2166 4817 2227 4872 in
2259 4817 2373 4871 ﬁne
2404 4816 2624 4887 periodi
2651 4816 2916 4886 verbum,
2949 4817 3238 4887 intelliget,
3271 4817 3561 4873 nesciunt.

2154 4888 2174 4961 ξ
2203 4888 2345 4961 Tres
2378 4887 2647 4961 Palatini
2672 4888 2839 4961 codd.
2891 4889 3244 4961 confessionis
3291 4904 3394 4961 pro
3430 4888 3735 4961 opinionis.

2154 4960 2175 4994 ⁶
2208 4960 2339 5024 Quae
2383 4958 2519 5015 hinc
2564 4959 2946 5031 subsequitur
2990 4958 3310 5031 'pericopen'
3354 4958 3559 5031 recitat
3589 4958 3736 5030 ipse,

2083 5031 2472 5103 edisseritque
2502 5030 2933 5103 Hieronymus,
2976 5030 3149 5103 epist.
3186 5030 3279 5086 121
3326 5030 3399 5087 ad
3427 5031 3735 5103 Algasiam,

2084 5106 2290 5173 quaest.
2324 5102 2357 5155 3
2386 5100 2791 5173 initioslpsam
2820 5119 2952 5157 vero
2982 5100 3117 5158 cum
3140 5102 3340 5173 hujus,
3373 5100 3513 5158 tum'
3536 5102 3740 5158 subse-

2128 5171 2318 5246 uentis
2349 5171 2642 5246 versiculi
2680 5173 3101 5246 expositionem
3131 5191 3199 5230 ex
3221 5171 3587 5231 'Adamantio
3618 5174 3740 5230 fere

2127 5242 2416 5299 escrinsit.

2161 5259 2270 5298 seri
2321 5259 2416 5299 81L.

2158 5259 2315 5388 Mss?
2357 5315 2618 5388 plerique
2674 5332 2898 5388 omnes,
2952 5316 3147 5388 Soene,
3204 5316 3595 5388 autSoeouet
3627 5313 3740 5388 He-

2087 5386 2280 5460 braice
2308 5385 2397 5443 est
2427 5385 2566 5443 Chiis
2593 5390 2643 5443 et
2690 5387 2876 5460 Saba,
2897 5385 3286 5460 Hieronymus
3316 5386 3376 5460 in
3396 5403 3541 5460 eum
3575 5386 3739 5443 Isaia

2086 5456 2303 5513 locum.
2358 5481 2386 5508 «
2437 5464 2545 5514 Pro
2603 5458 2809 5530 Συῄνη,
2863 5456 3345 5531 inquit,_'reliqui
3392 5458 3739 5531 interpretes

2090 5534 2414 5603 posuerunt
2438 5547 2598 5603 sana,
2630 5529 2785 5603 unde
2831 5529 2961 5603 fuit
2983 5529 3184 5603 regina
3230 5529 3453 5600 Austri,
3486 5529 3612 5601 qua:
3642 5545 3740 5586 ve-

2088 5600 2176 5657 nit
2205 5602 2553 5675 sapientiam
2583 5602 2786 5659 audire
2804 5600 3150 5660 Salomonis.
3189 5624 3210 5651 ι
