4024 6196
288 365 405 426 125

811 360 1244 425 COMMENTA
1258 364 1330 425 It.
1378 365 1453 425 ΙΝ
1501 360 1946 425 EVANGELIU

2062 357 2432 422 ΜΑΤἸἮΑΞΙ
2477 361 2626 421 LIB.
2673 361 2782 422 Ill.
2819 361 2994 423 CAP.
3025 361 3212 425 XVII.

3582 359 3698 422 126

288 511 467 568 quam
497 493 664 550 dabit
685 493 860 550 homo
881 495 1396 551 commutationem
1430 512 1532 567 pro
1565 495 1765 550 anima
1797 496 1944 549 sua?
1971 492 2026 559 Α
2055 492 2204 565 (Luc.
2242 510 2316 558 Ix,
2348 493 2461 554 28).
2492 493 2601 549 Sed
2660 492 2847 548 facilis
2904 493 3206 565 responsio
3261 496 3370 562 est,
3431 493 3565 566 quia
3605 491 3702 548 hic

287 585 396 641 Pro
419 583 598 640 Israel
626 585 801 641 datur
829 585 1207 640 commutatio
1236 586 1519 657 .Egyptus
1543 589 1599 640 et
1628 583 1937 654 Ethiopia,

287 679 344 730 et
393 675 577 743 Syene
627 675 758 744 (lsa.
809 691 966 742 XLIII,
1015 673 1107 745 3):
1164 692 1266 746 pro
1297 675 1494 730 anima
1544 674 1801 729 humana
1840 671 1941 725 illa

289 763 414 820 sola
444 767 533 819 est
579 763 886 818 retributio
917 781 1092 835 quam
1146 763 1458 819 Psalmista
1497 763 1689 828 canit;
1726 785 1752 811 ‹‹
1793 761 1940 826 Quid

291 853 617 908 retribuam
642 853 890 908 Domino
911 870 1015 924 pro
1037 854 1311 910 omnibus
1325 871 1448 924 quae
1463 852 1731 908 retribuit
1755 850 1940 906 mihi?

285 941 538 999 Calicem
561 940 844 997 salutaris
866 942 1170 1014 accipiam,
1195 947 1250 998 et
1273 957 1482 998 nomen
1524 942 1754 998 Domini
1777 941 1938 996 invo-

289 1031 438 1086 cabo
465 1054 493 1078 »
526 1030 699 1101 (Psal.
733 1047 860 1098 cxv,
897 1033 982 1098 12,
1018 1032 1125 1102 13).

366 1119 533 1191 (Vers
584 1119 697 1189 27.)
757 1118 942 1175 Filius
999 1120 1155 1175 enim
1206 1119 1463 1177 hominis
1509 1124 1790 1175 venturus
1850 1123 1941 1174 est

291 1207 352 1263 in
405 1207 588 1279 gloria
640 1207 831 1263 Patris
881 1208 974 1263 sui
1021 1226 1154 1264 cum
1205 1209 1428 1280 angelis
1497 1210 1657 1266 suis:
1700 1213 1757 1264 et
1802 1214 1939 1264 tunc

289 1296 496 1352 reddet
544 1296 860 1368 unicuique
909 1298 1233 1353 secundum
1284 1316 1432 1370 opus
1479 1300 1627 1370 ejus.
1666 1320 1692 1346 η
1735 1303 1940 1353 Petrus

288 1386 359 1441 ad
392 1385 866 1456 praedicationem
898 1385 1208 1442 Dominicis
1243 1388 1447 1442 mortis
1488 1387 1939 1450 scandalizatus,

290 1474 581 1530 sententia
647 1475 875 1530 Domini
943 1476 1134 1530 fuerat
1206 1467 1580 1548 increpatus:
1652 1475 1942 1548 provocati

290 1561 588 1634 discipuli,
623 1567 685 1618 ut
737 1564 1094 1636 abnegarent
1147 1580 1229 1630 se,
1283 1571 1340 1620 et
1401 1565 1668 1621 tollerent
1710 1580 1940 1620 crucem

291 1668 486 1719 suam,
535 1657 593 1706 et
642 1653 1020 1708 morientium
1084 1654 1279 1710 animo
1323 1659 1709 1725 sequerentur
1758 1653 1939 1724 magi-

291 1745 504 1796 strum.
535 1741 787 1796 Grandis
837 1747 1022 1797 terror
1066 1743 1452 1810 audientium,
1503 1750 1558 1798 et
1605 1743 1704 1815 qui
1737 1743 1940 1815 possit,

293 1829 558 1902 principe
581 1829 976 1901 apostolorum
1001 1832 1330 1903 perterrito,
1361 1833 1536 1888 etiam
1569 1833 1698 1888 aliis
1723 1838 1943 1888 metum
1978 1865 2024 1930 Β

290 1918 565 1988 injicere:
594 1919 811 1974 idcirco
851 1920 1124 1976 tristibus
1161 1921 1292 1976 leta
1317 1923 1660 1988 succedunt,
1692 1927 1748 1978 et
1777 1921 1942 1977 dicit:

290 2010 336 2062 Γ
335 2009 474 2063 ilius
503 2008 746 2064 hominis
779 2019 1110 2065 ventururus
1125 2015 1203 2067 est
1235 2012 1487 2082 ingloria
1510 2013 1696 2067 Patris
1717 2014 1806 2067 sui
1826 2027 1947 2067 cum

284 2099 498 2168 angelis
528 2100 666 2152 suis.
702 2098 900 2154 Times
935 2105 1204 2165 mortem,
1257 2100 1392 2155 audi
1444 2099 1690 2172 gloriam
1739 2101 1945 2156 trium-

286 2186 547 2258 phantis.
587 2187 813 2243 Vereris
844 2204 1099 2258 crucem,
1133 2188 1404 2244 ausculta
1451 2190 1791 2262 angelorum
1833 2191 1944 2244 mi-

286 2275 551 2331 nisteria.
603 2277 665 2330 Et
710 2280 858 2343 tunc,
905 2277 1119 2348 inquit,
1173 2277 1356 2332 reddet
1415 2280 1722 2350 unicuique
1757 2295 1944 2334 secun-

285 2363 430 2418 dum
493 2379 654 2433 Opera
719 2366 858 2432 eius.
929 2365 1054 2420 Non
1121 2371 1211 2420 est
1278 2365 1577 2422 distinctio
1639 2367 1824 2422 Judaei
1892 2371 1948 2422 et

286 2451 537 2521 ethnici,
580 2451 682 2506 viri
731 2457 789 2508 et
838 2451 1121 2523 mulieris,
1186 2471 1512 2526 pauperum
1579 2460 1636 2510 et
1700 2455 1946 2511 divitum

295 2541 476 2612 (Rom.
511 2558 564 2610 x,
603 2543 705 2613 12),
742 2541 840 2599 ubi
873 2559 986 2598 non
1021 2559 1302 2615 personae,
1339 2545 1435 2600 sed
1467 2560 1643 2615 opera
1682 2544 1945 2601 conside-

291 2636 520 2685 rantur.

358 2719 547 2789 (Vers.
576 2719 691 2790 ‘28.)
724 2743 751 2768 «
787 2724 969 2776 Amen
1002 2721 1131 2776 dico
1180 2721 1364 2792 vobis,
1416 2727 1556 2776 sunt
1605 2722 1845 2794 quidam
1877 2723 1947 2778 de

290 2807 384 2862 hic
416 2809 740 2873 stantibus,
775 2809 872 2880 qui
921 2825 1035 2864 non
1083 2811 1407 2881 gustabunt
1453 2816 1724 2878 mortem,
1765 2812 1947 2866 donec

285 2897 527 2953 videant
561 2897 774 2952 Filium
804 2897 1060 2954 hominis
1089 2899 1415 2954 venientem
1448 2900 1506 2954 in
1539 2915 1716 2972 regno
1750 2918 1877 2956 suo.
1919 2923 1946 2948 ››

284 2987 596 3042 Terrorem
629 2987 1026 3058 apostolorum
1057 3004 1160 3060 spe
1188 2989 1463 3044 medicari
1501 2989 1761 3045 voluerat
1810 3006 1947 3054 pro-

291 3076 644 3145 missorum,
678 3075 918 3131 dicens:
956 3077 1132 3132 Filius
1179 3077 1417 3132 hominis
1473 3082 1734 3134 venturus
1779 3083 1858 3134 est
1888 3080 1948 3134 in

286 3166 476 3234 gloria
506 3166 692 3219 Patris
721 3167 811 3220 sui
857 3182 983 3220 cum
1029 3167 1243 3236 angelis
1289 3169 1421 3222 suis.
1474 3167 1720 3239 Insuper
1748 3172 1945 3222 aucto-

289 3227 468 3309 ritate
511 3253 734 3324 judicis
783 3253 983 3309 addita
1029 3227 1132 3310 :Et
1172 3255 1366 3311 reddet
1411 3227 1710 3328 unicuiaue
1754 3271 1933 3311 secun-
1979 3227 2022 3294 θ

286 3343 424 3397 dum
457 3357 623 3412 opera
655 3359 771 3397 sua.
800 3343 1033 3399 Poterat
1063 3344 1460 3416 apostolorum
1512 3344 1690 3400 tacita
1727 3345 1948 3417 cogita-

289 3432 397 3502 tio,
429 3430 767 3486 istiusmodi
811 3432 1155 3488 scandalum
1216 3433 1544 3489 sustinere:
1601 3433 1945 3489 occisionem

291 3525 354 3574 et
375 3525 629 3574 mortem
655 3537 811 3575 nunc
844 3520 990 3576 dicis
1022 3537 1151 3576 esse
1182 3526 1522 3576 venturam:
1556 3522 1711 3593 quod
1754 3527 1948 3578 autem

290 3608 592 3680 promittis
624 3613 681 3664 te
712 3609 1054 3665 adfuturum
1085 3610 1143 3664 in
1175 3608 1361 3682 gloria
1386 3612 1575 3667 Patris
1605 3627 1739 3666 cum
1771 3627 1950 3684 ange-

292 3697 489 3752 lorum
521 3697 888 3764 ministeriis,
923 3703 978 3753 et
999 3698 1222 3770 judicis
1251 3703 1561 3770 potestate,
1596 3700 1706 3756 hoc
1737 3700 1796 3755 in
1829 3699 1955 3755 dies

292 3786 427 3854 erit,
490 3792 547 3842 et
603 3787 664 3842 in
723 3790 990 3858 tempora
1046 3787 1222 3860 longa
1281 3789 1432 3857 l29
1490 3789 1792 3845 differetur
1831 3789 1943 3860 [Αἰ.

297 3874 595 3946 differtur]
660 3875 987 3931 Praevidens
1052 3893 1188 3948 ergo
1263 3877 1626 3932 occultorum
1691 3878 1956 3950 cognitor

300 3961 454 4032 quid
504 3968 736 4034 possent
786 3965 1058 4036 objicere,
1110 3970 1454 4037 prasentem
1498 3967 1770 4021 timorem
1811 3983 1954 4038 prae-

301 4051 460 4106 senti
486 4057 824 4124 compensat
864 4054 1122 4126 przemio.
1153 4055 1300 4120 Quid
1328 4055 1483 4110 enim
1529 4054 1708 4110 dicit:
1744 4078 1771 4104 «
1808 4056 1959 4112 Sunt

297 4139 544 4211 quidam
610 4141 682 4198 de
743 4141 837 4196 hic
904 4143 1218 4211 stantibus,
1284 4143 1384 4216 qui
1454 4161 1568 4200 non
1634 4143 1958 4218 gustabunt

302 4233 580 4296 mortem,
613 4230 797 4286 donec
817 4230 1052 4286 videant
1081 4231 1292 4287 Filium
1325 4231 1582 4289 hominis
1627 4233 1953 4289 venientem

302 4316 363 4371 in
395 4333 577 4390 regno
601 4335 744 4385 suo;
783 4342 803 4367 ι
841 4324 907 4374 ut
937 4319 1130 4390 qualis
1159 4325 1250 4376 est
1278 4326 1482 4393 postea
1535 4326 1837 4390 venturus,
1882 4321 1956 4378 ob

298 4405 777 4462 incredulitatem
815 4413 1070 4464 vestram
1102 4409 1371 4481 praesenti
1423 4413 1684 4483 tempore
1713 4410 1953 4466 demon-

299 4498 543 4549 stretur.

375 4583 537 4656 (Cap.
571 4583 736 4639 XVII.
790 4615 855 4624 —
901 4584 1065 4642 Vers.
1119 4585 1194 4658 1.)
1228 4609 1253 4635 ‹‹

301 4688 616 4728 assumens
643 4673 816 4730 Iesus
849 4673 1101 4740 Petrum,
1134 4680 1192 4731 et
1217 4675 1522 4744 Jacobum,
1568 4679 1625 4731 et
1668 4679 1955 4732 Joannem

303 4761 548 4817 fratrem
616 4763 766 4833 ejus.
839 4763 1086 4826 «Quare
1148 4765 1374 4829 Petrus,
1437 4769 1495 4820 et
1555 4765 1832 4832 Jacobus,
1901 4772 1956 4820 et

307 4849 562 4907 Joannes
591 4851 652 4905 in
701 4851 1056 4922 quibusdam
1105 4853 1550 4925 Evangeliorum
1599 4854 1740 4910 locis
1789 4871 1954 4925 sepa-

309 4943 514 4993 rentur
558 4956 592 4994 a
656 4940 914 4996 caeteris:
989 4946 1092 4996 aut
1156 4942 1294 5014 quid
1356 4942 1643 5014 privilegii
1705 4942 1958 4998 habeant

303 5030 468 5082 extra
546 5027 693 5083 alios
769 5029 1084 5102 apostolos,
1162 5033 1362 5086 crebro
1436 5032 1713 5088 diximus.
1791 5031 1956 5088 Nunc

303 5116 589 5188 quaeritur
617 5119 917 5188 quomodo
950 5123 1083 5191 post
1112 5119 1238 5175 dies
1278 5136 1378 5175 sex
1417 5121 1806 5194 assumpserit
1834 5137 1953 5191 eos,

301 5211 358 5260 et
403 5205 642 5261 duxerit
684 5205 744 5260 in
797 5212 1056 5262 montem
1104 5209 1398 5264 excelsum
1457 5226 1769 5268 seorsum:
1821 5227 1954 5266 cum

301 5291 489 5349 Lucas
557 5293 922 5366 evangelista
983 5296 1347 5352 octonarium
1415 5314 1728 5355 numerum
1778 5305 1957 5372 ponat

339 5473 398 5599 tc'
432 5471 674 5530 Codices
706 5471 971 5542 Palatini,
1021 5474 1085 5530 Et
1111 5477 1324 5546 factum
1377 5481 1457 5532 est
1511 5485 1632 5546 post
1687 5495 1784 5534 sea:
1819 5479 1956 5550 dies,

300 5561 331 5600 e

377 5617 399 5650 ³
433 5613 536 5672 Hic
566 5619 744 5686 atque
772 5613 944 5682 infra,
978 5615 1078 5671 ubi
1136 5604 1318 5676 locus.
1349 5618 1459 5675 iste
1513 5620 1781 5686 recurrit,
1813 5642 1956 5682 mss.

300 5687 491 5747 nostri
550 5686 873 5760 preferunt
927 5687 1141 5746 minori
1200 5707 1464 5760 numero,
1519 5694 1798 5765 apparuit.
1857 5697 1958 5754 Le-

1312 4583 1379 4641 Et
1437 4590 1568 4658 post
1619 4587 1744 4643 dies
1791 4603 1891 4643 sex
1915 4591 1954 4658 ί,
1987 4593 2033 4658 ι)

2052 583 2226 639 medii
2259 589 2560 655 ponuntur
2587 582 2732 649 dies,
2765 582 2843 637 ibi
2876 583 3102 653 primus
3136 582 3369 638 additur
3417 587 3474 637 et
3503 587 3690 637 extre-

2052 689 2205 728 mus.
2239 674 2367 730 Non
2399 672 2554 728 enim
2608 672 2860 728 dicitur:
2922 674 3046 726 Post
3074 671 3188 727 dies
3244 676 3357 726 octo
3403 673 3696 743 assumpsit

2048 765 2203 820 Iesus
2231 765 2481 829 Petrum,
2525 765 2578 818 et
2625 762 2914 833 Jacobum,
2973 767 3028 816 et
3074 763 3384 818 Joannem:
3443 761 3543 814 sed
3604 760 3696 816 die

2051 855 2269 909 octavo.
2327 874 2353 900 «
2404 852 2578 907 Ducit
2622 851 2752 907 illos
2803 852 2856 906 in
2910 856 3169 906 montem
3219 848 3514 905 excelsum
3542 865 3699 903 seor-

2051 958 2204 997 sum.
2240 964 2268 989 ››
2302 941 2524 998 Ducere
2553 943 2624 998 ad
2661 945 2937 997 montana
2968 939 3308 1012 discipulos,
3368 955 3504 1010 pars
3538 937 3701 1010 regni

2050 1036 2160 1086 est.
2197 1037 2502 1086 Ducuntur
2531 1048 2818 1101 seorsum,
2870 1030 3010 1104 quia
3059 1028 3228 1084 multi
3281 1027 3488 1097 vocati,
3527 1026 3697 1098 pauci

2048 1136 2181 1176 vero
2211 1119 2378 1176 electi
2410 1121 2616 1191 (Matth.
2648 1138 2741 1189 ῃ,
2775 1121 2878 1187 16;
2913 1137 3048 1186 xxn,
3087 1119 3194 1189 14).

2121 1208 2304 1279 (Vers.
2354 1210 2433 1279 2.)
2484 1233 2511 1258 «
2564 1211 2631 1264 Et
2678 1209 3131 1282 transfiguratus
3181 1211 3272 1263 est
3320 1210 3453 1262 ante
3501 1221 3621 1260 eos.
3666 1225 3695 1253 ››

2051 1295 2251 1364 Qualis
2274 1297 2510 1352 futurus
2540 1301 2627 1352 est
2657 1301 2916 1370 tempore
2955 1295 3284 1367 judicandi,
3335 1295 3470 1350 talis
3510 1310 3694 1367 appa-

2052 1385 2190 1450 ruit,
2223 1385 2520 1456 apostolis.
2553 1385 2714 1450 Quod
2764 1391 2959 1441 autem
3017 1385 3196 1440 dicit:
3251 1383 3696 1456 Transﬁguratus

2051 1482 2128 1530 est
2156 1479 2283 1530 ante
2329 1491 2436 1542 eos,
2491 1491 2660 1530 nemo
2713 1480 2875 1546 putet
2914 1475 3223 1546 pristinam
3280 1490 3414 1529 eum
3446 1473 3696 1528 formam

2051 1568 2110 1619 et
2139 1564 2345 1620 faciem
2380 1563 2722 1635 perdidisse,
2756 1563 2842 1620 vel
2873 1564 3142 1620 amisisse
3191 1563 3450 1635 corporis
3487 1560 3698 1616 verita-

2050 1655 2190 1718 tem,
2247 1658 2303 1708 et
2359 1654 2753 1724 assumpsisse
2809 1671 3020 1725 corpus
3076 1653 3161 1707 vel
3226 1650 3552 1724 spirituale,
3611 1647 3697 1704 vel

2053 1758 2284 1797 aereum
2320 1760 2332 1809 ;
2366 1743 2464 1798 sed
2498 1743 2791 1814 quomodo
2821 1744 3274 1798 transformatus
3306 1740 3402 1807 sit,
3444 1754 3696 1810 evange-

2053 1829 2190 1886 lista
2234 1832 2615 1901 demonstrat,
2677 1834 2897 1888 dicens.
2932 1856 2958 1882 ‹‹
3007 1833 3075 1888 Et
3133 1829 3489 1903 resplenduit
3520 1828 3696 1883 facies

2055 1921 2183 1991 ejus
2214 1921 2369 1976 sicut
2397 1921 2482 1977 sol
2540 1921 2889 1977 vestimenta
2947 1925 3141 1977 autem
3201 1921 3329 1990 ejus
3386 1918 3538 1972 facta
3563 1920 3701 1971 sunt

2056 2008 2189 2065 alba
2219 2009 2372 2066 sicut
2400 2010 2517 2065 nix.
2557 2033 2576 2059 η
2615 2010 2722 2065 Ubi
2756 2010 3031 2082 splendor
3061 2009 3224 2064 faciei
3262 2005 3610 2076 ostenditur,
3643 2010 3700 2059 et

2055 2099 2276 2154 candor
2305 2099 2656 2154 describitur
2679 2099 2951 2166 vestium,
3003 2116 3117 2153 non
3170 2095 3504 2153 substantia
3543 2093 3702 2149 tolli-

2056 2191 2170 2255 tur,
2197 2188 2297 2243 sed
2331 2189 2516 2260 gloria
2545 2193 2962 2244 commutatur.
2995 2187 3346 2258 Resplenduit
3385 2186 3554 2257 facies
3583 2183 3702 2254 ejus

2055 2278 2198 2333 sicut
2255 2278 2353 2332 sol.
2415 2278 2580 2333 Certe
2637 2277 3090 2333 transformatus
3151 2281 3240 2332 est
3296 2275 3582 2332 Dominus
3639 2274 3696 2328 in

2056 2381 2184 2420 eam
2216 2364 2463 2438 gloriam
2497 2383 2613 2440 qua
2642 2371 2922 2422 venturus
2953 2371 3042 2422 est
3065 2372 3266 2438 postea
3287 2365 3343 2420 in
3371 2380 3547 2436 regno
3570 2363 3703 2418 suo.

2056 2455 2522 2512 Transformatio
2545 2455 2914 2528 splendorem
2942 2454 3400 2523 addidit,faciem
3425 2469 3540 2508 non
3563 2451 3704 2506 sub-

2056 2543 2251 2599 traxit.
2286 2544 2422 2600 Esto
2453 2559 2665 2616 corpus
2695 2543 2998 2617 spirituale
3021 2544 3214 2614 fuerit,
3249 2559 3390 2598 num
3442 2546 3499 2596 et
3526 2540 3702 2597 vesti-

2055 2637 2255 2688 menta
2285 2637 2508 2689 mutata
2534 2638 2692 2701 sunt,
2727 2651 2854 2705 quae
2886 2634 2944 2688 in
2977 2638 3210 2689 tantum
3243 2633 3400 2688 fuere
3431 2630 3701 2694 candida,

2057 2725 2122 2777 ut
2153 2720 2306 2776 alius
2337 2722 2691 2794 evangelista
2721 2723 2933 2778 dixerit
2958 2739 2969 2777 :
3004 2723 3211 2791 Qualia
3237 2723 3378 2792 [ullo
3405 2736 3571 2792 super
3595 2723 3709 2774 ter-

2056 2827 2178 2866 ram
2215 2826 2325 2865 non
2376 2816 2548 2882 potest
2600 2813 2780 2875 facere
2818 2811 3000 2882 (Mare.
3065 2829 3141 2866 Ix.
3173 2812 3249 2880 ‘2).
3312 2811 3472 2876 Quod
3506 2812 3699 2863 autem

2057 2898 2198 2954 fullo
2220 2916 2397 2972 super
2427 2904 2642 2955 terram
2677 2905 2867 2972 potest
2895 2900 3102 2970 facere,
3132 2898 3427 2970 corporale
3440 2901 3532 2953 est
3550 2897 3704 2952 180

2055 2993 2112 3044 et
2137 2989 2635 3060 tactuisubjacet,
2696 2995 2752 3045 et
2811 3005 2923 3043 non
2983 2986 3285 3060 spirituale
3342 2992 3398 3042 et
3447 3001 3705 3052 aereum,

2056 3080 2211 3150 quod
2244 3077 2453 3134 illudat
2485 3077 2691 3145 oculis,
2725 3084 2783 3134 et
2803 3081 3030 3132 tantum
3060 3076 3117 3130 in
3142 3076 3551 3147 phantasmate
3574 3091 3707 3130 con-

2060 3167 2360 3238 spiciatur.
3699 3174 3704 3180 ‘

2132 3254 2319 3326 (Vers.
2354 3256 2432 3322 3.)
2464 3277 2491 3305 «
2517 3254 2585 3309 Et
2613 3270 2742 3309 ecce
2784 3257 3182 3326 apparuerunt
3206 3255 3228 3288 ²
3250 3253 3368 3309 illis
3395 3253 3622 3325 Moyses
3651 3255 3709 3307 et

2058 3343 2230 3414 Elias,
2281 3359 2416 3398 cum
2462 3360 2528 3399 eo
2577 3343 2966 3415 loquentes.»
3026 3343 3248 3398 Scribis
3307 3346 3364 3397 et
3403 3340 3706 3397 Pharisaeis

2057 3433 2418 3488 tentantibus
2452 3449 2534 3500 se,
2567 3436 2623 3488 et
2653 3433 2722 3488 de
2752 3430 2894 3487 ccclo
2926 3433 3096 3504 signa
3127 3431 3522 3502 poscentibus,
3565 3430 3703 3485 dare

2059 3521 2266 3589 noluit,
2302 3522 2401 3577 sed
2432 3537 2668 3593 pravam
2717 3519 3170 3592 postulationem
3219 3519 3535 3576 confutavit
3585 3534 3704 3573 res-

2059 3610 2344 3682 ponsione
2373 3611 2665 3682 prudenti.
2699 3609 2802 3666 Hic
2850 3626 3005 3680 vero,
3050 3615 3115 3665 ut
3162 3608 3559 3682 apostolorum
3601 3624 3704 3663 au-

2061 3705 2196 3772 geat
2228 3699 2428 3766 ﬁdem,
2460 3700 2561 3755 dat
2592 3699 2828 3772 signum
2854 3700 2924 3755 de
2955 3698 3120 3766 caelo,
3151 3698 3277 3754 Elia
3311 3699 3444 3754 inde
3473 3699 3714 3754 descen-

2063 3790 2235 3845 dente
2257 3805 2370 3861 quo
2402 3789 2859 3856 conscenderat;
2893 3793 2950 3844 et
2977 3792 3171 3858 Moyse
3202 3788 3274 3843 ab
3305 3786 3505 3842 inferis
3525 3803 3715 3841 resur-

2062 3882 2270 3951 gente:
2331 3879 2489 3950 quod
2520 3883 2576 3932 et
2607 3878 2798 3933 Achaz
2848 3893 2952 3949 per
2992 3877 3201 3933 Isaiam
3269 3875 3600 3947 precipitur
3647 3879 3713 3930 ut

2063 3970 2222 4040 petat
2250 3965 2359 4023 sibi
2390 3966 2625 4038 signum
2657 3966 2727 4021 de
2756 3965 3004 4033 excelso,
3037 3969 3138 4021 aut
3187 3965 3256 4020 de
3313 3964 3539 4019 inferno
3579 3965 3706 4033 (Isa.

2063 4055 2312 4127 x11,1l).
2344 4056 2490 4110 Nam
2525 4056 2679 4125 quod
2733 4053 2953 4110 dictum
3004 4058 3124 4110 est:
3181 4055 3567 4125 Apparuerunt
3594 4052 3711 4107 illis

2064 4149 2274 4216 Moyses
2303 4150 2357 4200 et
2382 4145 2550 4210 Elius,
2583 4161 2706 4200 cum
2733 4159 2794 4200 eo
2826 4144 3140 4215 loquentes;
3183 4145 3239 4196 et
3283 4140 3342 4196 in
3390 4139 3500 4196 alio
3531 4140 3709 4195 refer-

2065 4239 2164 4290 tur
2194 4233 2522 4304 Evangelio,
2547 4233 2852 4289 nuntiasse
2881 4233 2933 4288 ei
2965 4249 3091 4304 quae
3126 4229 3538 4300 Hierosolymis
3578 4246 3711 4301 pas-

2065 4340 2240 4379 surus
2263 4327 2417 4378 esset
2438 4325 2588 4392 (Luc.
2622 4340 2698 4389 Ix,
2735 4320 2844 4391 31).
2881 4325 2992 4376 Lex
3021 4319 3350 4376 ostenditur
3378 4323 3434 4374 et
3464 4317 3714 4391 prophe-

2065 4417 2158 4477 ιω,
2187 4412 2287 4484 qui
2318 4417 2373 4468 et
2422 4411 2756 4483 passionem
2807 4409 3057 4476 Domini,
3113 4413 3170 4465 et
3224 4409 3708 4465 resurrectionem

2064 4503 2282 4558 crebris
2310 4502 2550 4557 vocibus
2582 4499 2946 4555 nuntiarunt.

2137 4590 2321 4661 (Vers.
2356 4591 2433 4661 4.)
2466 4613 2492 4639 ‹‹
2529 4589 2911 4661 Respondeas
2933 4593 3131 4644 autem
3181 4587 3405 4653 Petrus,
3455 4585 3595 4641 dicit
3632 4585 3704 4639 ad

2061 4679 2304 4735 Jesum:
2339 4677 2605 4744 Domine,
2660 4677 2882 4733 bonum
2913 4681 3002 4733 est
3058 4693 3164 4732 nos
3220 4675 3314 4730 hic
3351 4689 3497 4730 esse.
3535 4697 3557 4725 ι
3595 4672 3704 4736 Qui

2064 4769 2136 4824 ad
2195 4772 2473 4824 montana
2519 4767 2954 4835 conscenderat,
3009 4782 3123 4819 non
3178 4761 3301 4817 vult
3361 4763 3431 4816 ad
3483 4766 3712 4816 terrena

2064 4859 2416 4914 descendere
2441 4875 2454 4924 ;
2490 4857 2590 4911 sed
2615 4872 2846 4926 semper
2865 4854 2921 4908 in
2947 4851 3303 4908 sublimibus
3329 4866 3710 4922 perseverare.

2073 4969 2099 4999 α
2128 4947 2184 5001 Si
2216 4946 2324 5013 vis,
2350 4945 2636 5000 faciamus
2658 4944 2751 4998 hic
2773 4943 2884 4997 tria
2906 4938 3310 4995 tabernacula:
3347 4937 3478 4993 Tibi
3501 4953 3709 5002 unum,

2067 5035 2248 5108 Moysi
2282 5051 2486 5100 unum,
2513 5036 2570 5088 et
2605 5031 2737 5086 Elite
2780 5045 2980 5084 unum.
3017 5046 3044 5078 η
3100 5027 3294 5095 Erras,
3341 5027 3530 5092 Petre,
3563 5025 3712 5083 sicut

2065 5130 2122 5182 et
2153 5124 2304 5181 alius
2359 5120 2714 5194 evangelista
2771 5122 3042 5174 testatur.
3104 5116 3306 5173 Nescis
3362 5115 3504 5188 quid
3547 5115 3710 5170 dicas

2066 5218 2223 5288 (Luc.
2256 5231 2333 5278 ιχ,
2365 5214 2475 5282 33).
2511 5209 2637 5266 Noli
2685 5208 2798 5264 tria
2846 5205 3222 5263 tabernacula
3267 5221 3543 5277 querere,
3575 5219 3709 5259 cum

2065 5319 2252 5360 unum
2283 5302 2360 5358 sit
2388 5297 2835 5356 tabernaculum
2881 5295 3196 5369 Evangelii,
3254 5294 3315 5349 in
3364 5311 3479 5366 quo
3538 5293 3627 5348 lex
3657 5296 3716 5347 et

2067 5499 2200 5557 gem
2230 5484 2285 5538 et
2313 5478 2629 5557 prophetas
2673 5493 2790 5557 per
2844 5477 3078 5557 Moysen
3136 5478 3221 5557 et.
3249 5473 3463 5557 Etiam“
3487 5470 3718 5557 signiﬁ-

2069 5545 2210 5624 cari,
2270 5545 2621 5625 quae—obvia
2671 5545 3074 5624 interpretatio
3141 5550 3249 5615 est,
3304 5546 3363 5601 S.
3424 5545 3591 5601 Pater
3650 5558 3718 5599 ex

2068 5621 2314 5701 Origene
2345 5621 2585 5696 accepit.
