4024 6196
348 326 462 390 127

1593 337 1656 396 S.
1704 337 2012 399 EUSEBIl
2059 339 2509 400 HIERONYMI

3638 337 3748 398 128

342 460 640 533 prophetae
699 461 1134 536 recapitulanda
1191 470 1347 523 sunt.
1409 467 1467 523 Si
1525 472 1718 525 autem
1774 470 2410 544 quaerisApostquam
2454 478 2852 539 surrexerunt,
2910 489 3024 528 non
3083 470 3356 526 viderunt
3411 467 3522 525 nisi
3556 467 3746 525 solum

342 551 456 605 tria
484 551 880 624 tabernacula,
911 571 1278 627 nequaquam
1328 575 1523 613 servos
1573 575 1705 613 cum
1739 559 1986 616 Domino

340 639 624 711 conferas,
658 642 760 698 sed
794 643 878 698 fac
909 645 1020 698 tria
1050 646 1424 714 tabernacula
1451 664 1462 702 :
1516 648 1632 702 imo
1667 665 1849 702 unum
1881 649 1987 703 Pa~

337 726 434 792 tri,
468 733 524 784 et
577 729 738 801 Filio,
793 737 850 787 et
903 733 1142 804 Spiritui
1202 741 1442 795 sancto:
1477 741 1541 790 ut
1601 753 1850 807 quorum
1901 743 1988 792 est

339 832 458 872 una
488 818 786 889 divinitas,
821 839 1005 876 unum
1041 823 1116 877 sit
1165 829 1222 878 et
1270 825 1325 878 in
1379 830 1610 896 pectore
1658 831 1758 881 tuo
1790 831 1984 881 taber-

338 906 637 964 naculum.

411 994 599 1066 (Vers.
631 998 710 1069 5.)
748 1021 768 1046 α
804 999 1004 1054 Adhuc
1035 1017 1101 1056 eo
1152 1001 1444 1073 loquente,
1498 1021 1629 1059 ecce
1677 1005 1861 1059 nubes
1895 1005 1983 1058 lu-

335 1083 464 1138 cida
495 1086 871 1143 obumbravit
899 1106 1017 1144 eos.
1053 1091 1120 1145 Et
1150 1109 1282 1146 ecce
1313 1109 1420 1147 vox
1448 1093 1516 1148 de
1541 1094 1716 1157 nube,
1746 1094 1943 1148 dicens
1970 1112 1981 1149 :

337 1173 440 1228 Hic
472 1179 560 1229 est
602 1175 783 1232 Filius
841 1195 1008 1235 meus
1065 1180 1334 1250 dilectus,
1397 1183 1456 1236 in
1516 1200 1630 1254 quo
1665 1183 1806 1237 mihi
1839 1183 1985 1238 bene

336 1263 696 1332 complacui:
733 1266 928 1338 ipsum
961 1270 1177 1326 audite.
1219 1294 1247 1321 »
1279 1272 1423 1337 Quia
1463 1273 1864 1343 imprudenter
1894 1273 1980 1326 in—

335 1354 746 1424 terrogaverat,
781 1361 1084 1429 propterea
1115 1361 1556 1432 responsionem
1603 1361 1832 1416 Domini
1868 1379 1980 1416 non

332 1446 606 1508 meretur,
640 1445 739 1499 sed
772 1449 943 1500 Pater
972 1450 1285 1519 respondet
1317 1466 1419 1521 pro
1453 1449 1620 1519 Filio,
1654 1455 1715 1504 ut
1739 1451 1979 1504 verbum

331 1530 560 1585 Domini
621 1534 1042 1606 eompleretur:
1109 1539 1216 1606 Ego
1274 1541 1643 1594 testimonium
1698 1556 1807 1593 non
1863 1540 1979 1595 dico

325 1635 426 1689 pro
456 1637 561 1686 me,
591 1622 681 1676 sed
710 1625 876 1678 Pater
899 1627 996 1696 qui
1044 1643 1130 1681 me
1176 1629 1347 1694 misit,
1411 1630 1522 1698 ipse
1575 1645 1674 1699 pro
1732 1645 1818 1683 me
1843 1630 1980 1684 dicit

327 1709 703 1765 testimonium
733 1714 914 1782 (Joan.
968 1731 1022 1783 v,
1056 1717 1161 1782 37;
1216 1733 1337 1782 vm,
1397 1718 1504 1789 18).
1555 1717 1749 1773 Nubes
1781 1723 1975 1773 autem

2096 560 2298 615 Jesum
2333 577 2343 614 :
2379 576 2449 614 ne
2481 561 2529 615 si
2565 561 2789 633 Moyses
2821 565 2877 614 et
2906 560 3064 615 Elias
3115 562 3582 630 perseverassent
3613 575 3746 612 cum

2097 649 2362 714 Domino,
2399 649 2583 705 Patris
2613 667 2722 704 vox
2753 649 3048 704 videretur
3096 649 3338 712 incerta,
3388 648 3476 702 cui
3513 647 3746 718 potissi-

2097 754 2258 792 mum
2290 739 2454 792 daret
2487 739 2907 793 testimonium.
2941 737 3156 792 Vident
3186 753 3320 808 ergo
3352 737 3557 792 Jesum
3591 741 3749 790 stan-

2095 831 2234 895 tem,
2267 826 2461 881 ablata
2495 827 2668 891 nube,
2700 831 2756 880 et
2787 827 3023 898 Moysen
3075 830 3130 880 et
3181 825 3364 879 Eliam
3397 823 3743 879 evanuisse:

2095 915 2234 986 quia
2261 921 2571 987 postquam
2629 916 2776 987 legis
2826 921 2882 970 et
2931 915 3344 987 prophetarum
3396 913 3604 968 umbra
3634 913 3748 968 dis-

2095 1005 2351 1075 cesserit,
2413 1023 2539 1076 quae
2597 1005 2926 1060 velamento
2985 1022 3092 1060 suo
3148 1002 3445 1075 apostolos
3503 1006 3746 1068 texerat,

2096 1097 2410 1164 utrumque
2443 1093 2640 1148 lumen
2672 1095 2693 1127 ²
2724 1094 2781 1148 in
2813 1093 3122 1164 Evangelio
3159 1092 3466 1164 reperitur.

2165 1181 2348 1251 (Vcrs.
2398 1183 2477 1251 0.)
2536 1206 2563 1231 ‹‹
2599 1183 2665 1236 Et
2722 1181 3216 1237 descendentibus
3272 1179 3390 1234 illis
3448 1180 3519 1234 de
3550 1183 3749 1234 monte

2091 1270 2363 1342 praecepit
2394 1272 2547 1326 132
2579 1271 2771 1340 Jesus,
2805 1271 3003 1324 dicens
3032 1287 3044 1323 :
3093 1269 3323 1324 Nemini
3367 1268 3629 1324 dixeritis
3659 1268 3748 1323 vi-

2093 1359 2337 1425 sionem,
2375 1360 2556 1415 donec
2587 1359 2767 1414 Filius
2794 1359 3052 1413 hominis
3076 1376 3109 1412 a
3131 1358 3377 1412 mortuis
3401 1363 3688 1428 resurgat.
3719 1380 3744 1405 ››

2093 1448 2293 1503 Futuri
2327 1449 2488 1520 regni
2522 1450 2968 1520 praemeditatio,
3003 1452 3060 1502 et
3088 1447 3274 1519 gloria
3319 1446 3746 1518 triumphantis

2089 1538 2489 1594 demonstrata
2518 1540 2708 1592 fuerat
2740 1538 2794 1591 in
2851 1542 3068 1592 monte.
3124 1538 3248 1592 Non
3293 1553 3429 1607 ergo
3475 1535 3599 1590 vult
3632 1535 3744 1590 hoc

2087 1625 2146 1680 in
2179 1627 2425 1698 populos
2467 1627 2792 1698 praedicari,
2843 1643 2914 1681 ne
2959 1631 3016 1680 et
3064 1625 3402 1681 incredibile
3454 1630 3608 1680 esset
3640 1641 3745 1696 pro

2090 1715 2166 1769 rei
2221 1716 2645 1787 magnitudine,
2706 1720 2763 1770 et
2820 1721 2951 1787 post
3009 1719 3231 1770 tantam
3290 1714 3538 1786 gloriam
3585 1715 3742 1786 apud

327 1795 558 1852 videtur
587 1797 804 1866 lucida,
835 1807 892 1856 et
924 1802 1239 1858 obumbrat
1268 1821 1366 1861 eos
1393 1823 1404 1859 :
1459 1810 1521 1860 ut
1561 1806 1660 1878 qui
1693 1806 1926 1861 carnale
1948 1822 1977 1861 e
2009 1843 2055 1907 B
2087 1804 2262 1858 rudes
2295 1804 2524 1860 animos
2564 1821 2818 1876 sequens
2862 1822 3007 1859 crux
3057 1801 3400 1858 scandalum
3453 1803 3668 1858 faceret
3698 1804 3742 1858 ³.

329 1883 632 1907 ιιμ,-.ι;ι.---
695 1891 785 1907 ,μι
832 1893 872 1907 n,
934 1894 944 1907 ι
1028 1891 1060 1901 α·
1325 1894 1336 1907 ι
1447 1899 1456 1907 .
1517 1900 1526 1907 .
1575 1895 1584 1907 ι
1829 1895 1841 1907 1
2164 1894 2222 1907 ιίν
2394 1896 2448 1907 ιιι
2483 1894 2492 1907 \
2622 1895 2676 1907 τη.
2744 1894 2753 1903 ο
2809 1898 2816 1907 ι
3228 1897 3236 1907 ι
3459 1893 3496 1907 1-
3574 1892 3582 1902 -
3680 1891 3716 1907 ι·

328 1883 654 1952 frondibus,
689 1891 790 1942 aut
829 1891 1096 1947 tentoriis
1127 1894 1465 1962 quzerebant
1512 1895 1976 1962 tabernaculum,

330 1972 504 2028 nubis
551 1974 755 2029 lucidze
805 1977 1172 2047 operirentur
1239 1981 1600 2036 umbraculo.
1656 1984 1800 2037 l3l
1857 1983 1977 2037 Vox

332 2077 567 2134 quoque
596 2064 666 2118 de
706 2065 847 2120 ccelo
899 2066 1079 2122 Patris
1133 2067 1429 2139 loquentis
1475 2071 1732 2140 auditur,
1766 2088 1891 2142 qua:
1923 2075 1978 2126 et

328 2153 732 2208 testimonium
767 2154 1068 2226 perhibeat
1100 2157 1276 2223 Filio;
1311 2164 1367 2213 et
1391 2159 1620 2214 Petrum
1647 2162 1753 2232 [ΑΙ.
1779 2159 1971 2230 Petri),

328 2255 522 2295 errore
582 2241 834 2310 sublato,
896 2246 1098 2300 doceat
1154 2247 1495 2316 veritatem;
1557 2249 1673 2304 imo
1715 2266 1816 2320 per
1871 2249 1972 2304 Pe-

328 2333 485 2384 trum
518 2335 754 2388 caeteros
794 2334 1106 2405 apostolos.
1153 2339 1262 2392 Hic
1308 2343 1407 2401 est,
1455 2339 1556 2404 ait,
1611 2341 1793 2394 Filius
1823 2355 1974 2393 meus

325 2417 596 2475 dilectus:
649 2420 785 2477 huic
834 2423 1132 2495 ﬁgendum
1179 2430 1269 2480 est
1316 2427 1778 2494 tabernaculum,
1837 2427 1973 2482 huic

327 2506 873 2580 obtemperandum.
935 2513 1036 2568 Hic
1093 2518 1180 2570 est
1238 2514 1416 2584 ﬁlius,
1475 2515 1570 2570 illi
1618 2515 1766 2571 servi
1795 2520 1969 2570 sunt:

328 2598 552 2669 Moyses
617 2605 674 2654 et
739 2599 894 2656 Elias
960 2603 1171 2658 debent
1239 2609 1294 2658 et
1368 2603 1478 2675 ipsi
1546 2604 1846 2659 vobiscum
1915 2604 1972 2657 in

325 2687 722 2757 penetralibus
756 2690 948 2746 cordis
978 2691 1069 2746 sui
1104 2679 1344 2748 Domino
1368 2693 1809 2748 tabernaculum
1834 2710 1974 2764 prae-

327 2790 558 2844 parare.

399 2864 584 2936 (Vers.
612 2867 692 2938 6.)
741 2890 768 2916 ‹‹
821 2869 887 2923 Et
937 2868 1241 2926 audientes
1289 2871 1585 2943 discipuli,
1635 2871 1974 2926 ceciderunt

327 2953 387 3008 in
415 2955 620 3011 faciem
650 2973 842 3028 suam,
895 2962 952 3012 et
1000 2959 1327 3014 timuerunt
1375 2960 1554 3015 valde.
1591 2984 1617 3010 η
1662 2959 1971 3031 Triplicem

328 3044 400 3100 ob
428 3060 667 3101 causam
715 3063 927 3118 pavore
973 3052 1283 3120 terrentur,
1334 3049 1421 3105 vel
1471 3050 1608 3122 quia
1658 3067 1719 3106 se
1748 3066 1973 3105 errasse

329 3139 738 3204 cognoverant,
770 3136 856 3190 vel
889 3137 1028 3207 quia
1057 3139 1242 3194 nubes
1273 3138 1467 3193 lucida
1515 3145 1823 3210 operuerat
1851 3155 1969 3206 eos,

2158 1894 2340 1964 (Vers.
2390 1894 2497 1964 10.)
2559 1918 2584 1943 ‹‹
2622 1895 2687 1948 Et
2741 1894 3243 1965 interrogaverunt
3273 1908 3408 1946 eum
3443 1891 3742 1962 discipuli,

2087 1982 2380 2038 dicentes:
2415 1983 2560 2047 Quid
2643 1999 2779 2054 ergo
2837 1983 3040 2038 scribae
3101 1983 3324 2046 dicunt,
3361 1981 3518 2052 quod
3544 1980 3735 2035 Eliam

2085 2076 2345 2136 oporteat
2376 2072 2631 2143 primum
2668 2071 2906 2126 venire?
2940 2094 2966 2119 ››
2999 2069 3121 2125 Nisi
3145 2087 3353 2125 causas
3378 2069 3740 2136 noverimus,

2086 2176 2266 2231 quare
2293 2159 2774 2232 interrogaverint
2800 2157 3075 2230 discipuli
3109 2174 3288 2229 super
3309 2157 3444 2212 Eliae
3479 2158 3741 2226 nomine,

2085 2249 2263 2304 stulta
2298 2249 2527 2303 videtur
2555 2257 2610 2304 et
2650 2247 3109 2303 extraordinaria
3163 2264 3366 2301 eorum
3417 2247 3740 2318 interroga-

2085 2337 2184 2392 tio.
2217 2338 2365 2402 Quid
2396 2339 2551 2392 enim
2586 2337 2837 2409 pertinet
2881 2337 2952 2391 ad
3003 2353 3071 2392 ea
3127 2354 3256 2408 quae
3309 2353 3492 2408 supra
3520 2337 3744 2408 scripta

2084 2431 2240 2493 sunt,
2276 2427 2346 2482 de
2377 2426 2508 2481 Elia:
2560 2427 2812 2481 adventu
2863 2426 3167 2496 quaerere?
3229 2423 3489 2480 Traditio
3538 2423 3740 2480 Phari-

2083 2532 2330 2571 szeorum
2383 2521 2471 2571 est
2527 2518 2565 2586 ‘,
2609 2517 2780 2586 juxta
2834 2515 3179 2570 Malachiam
3235 2514 3579 2586 prophetam
3611 2514 3741 2586 (qui

2082 2609 2171 2660 est
2211 2605 2570 2660 novissimus
2629 2606 2687 2659 in
2748 2603 3082 2674 duodecim)
3143 2604 3295 2674 quod
3359 2603 3514 2658 Elias
3545 2603 3742 2659 veniat

2083 2698 2218 2749 ante
2249 2693 2566 2748 adventum
2606 2693 2924 2748 Salvatoris
2975 2697 3032 2746 et
3081 2693 3323 2747 reducat
3372 2708 3471 2747 cor
3501 2697 3736 2763 patrum

2082 2783 2154 2838 ad
2187 2781 2358 2849 ﬁlios,
2391 2787 2449 2837 et
2473 2782 2727 2837 ﬁliorum
2760 2783 2829 2836 ad
2865 2786 3084 2852 patres,
3132 2785 3188 2835 et
3235 2779 3508 2836 restituat
3537 2781 3742 2836 omnia

2082 2871 2142 2924 in
2176 2871 2485 2943 antiquum
2517 2876 2734 2926 statum
2769 2869 3035 2940 (Malach.
3091 2887 3166 2938 1v,
3213 2871 3269 2937 5,
3319 2870 3396 2940 6).
3434 2868 3743 2926 (Estimant

2083 2975 2218 3031 ergo
2251 2960 2521 3032 discipuli
2555 2960 3131 3014 transformationem
3171 2957 3369 3030 gloria:
3403 2959 3553 3014 hanc
3582 2976 3739 3028 esse,

2083 3066 2256 3121 quam
2289 3049 2347 3103 in
2391 3055 2586 3104 monte
2641 3049 2896 3115 videant,
2957 3051 3015 3103 et
3074 3047 3313 3102 dicunt:
3373 3047 3433 3102 Si
3483 3048 3610 3119 jam
3638 3065 3736 3103 ve-

2083 3139 2220 3194 nisti
2254 3139 2309 3192 in
2355 3137 2560 3210 gloria,
2611 3139 2902 3210 quomodo
2956 3153 3280 3208 praecursor
3320 3141 3460 3191 tuus
3490 3153 3603 3192 non
3635 3154 3738 3209 ap-

330 3225 433 3274 aut
456 3219 594 3292 quia
643 3221 741 3276 Dei
797 3223 983 3279 Patris
1027 3241 1226 3281 vocem
1277 3226 1570 3298 loquentis
1623 3229 1966 3283 audierant:
2003 3214 2045 3279 C
2083 3233 2266 3300 paret,
2327 3228 2578 3283 maxime
2633 3227 2770 3297 quia
2825 3225 3011 3281 Eliam
3082 3225 3349 3280 viderant
3397 3226 3736 3282 recessisse.

328 3307 468 3379 quia
499 3312 511 3342 ³
545 3307 804 3366 humana
836 3311 1123 3385 fragilitas
1155 3321 1536 3386 conspectum
1571 3317 1812 3385 majoris
1842 3315 1968 3387 glo-

329 3397 426 3452 rias
480 3397 629 3455 ferre
687 3417 801 3455 non
856 3402 1131 3470 sustinet,
1187 3420 1254 3458 ac
1309 3409 1430 3459 toto
1487 3405 1683 3459 animo
1741 3409 1798 3459 et
1845 3421 1970 3459 cor-

327 3498 466 3559 pOre
524 3489 1000 3561 contremiscens,
1077 3492 1149 3546 ad
1225 3496 1440 3548 terram
1508 3493 1684 3547 cadit.
1745 3492 1972 3556 Quanto

329 3577 464 3647 quis
521 3577 809 3650 ampliora
887 3580 1202 3651 quaesierit,
1271 3585 1433 3636 tanto
1491 3581 1678 3653 magis
1745 3582 1816 3636 ad
1883 3581 1971 3635 in-

326 3663 537 3721 feriora
567 3667 897 3736 collabitur,
932 3669 984 3725 si
1017 3670 1367 3741 ignoraverit
1409 3686 1747 3726 mensuram
1779 3685 1970 3726 suam.

400 3755 586 3825 (Vere.
620 3757 698 3829 7.)
732 3781 760 3809 ‹‹
796 3763 859 3812 Et
917 3760 1164 3814 accessit
1218 3759 1408 3825 Jesus,
1466 3764 1523 3814 et
1568 3759 1759 3830 tetigit
1789 3775 1907 3815 eos.
1941 3779 1966 3810 η

329 3843 477 3908 Quia
506 3843 590 3898 illi
634 3847 930 3916 jacebant,
980 3851 1038 3902 et
1085 3864 1324 3919 surgere
1372 3865 1486 3903 non
1534 3852 1819 3918 poterant,
1852 3848 1977 3921 ipse

330 3932 648 3991 clementer
679 3937 919 4006 accedit,
951 3941 1007 3992 et
1036 3936 1227 4008 tangit
1258 3953 1376 4005 eos,
1412 3943 1475 3992 ut
1513 3941 1672 3992 tactu
1704 3937 1975 3993 timorem

331 4022 514 4095 fuget,
567 4029 626 4080 et
669 4024 970 4080 debilitata
1017 4026 1281 4081 membra
1328 4026 1670 4082 solidentur.
1724 4050 1752 4075 ‹‹
1803 4026 1980 4082 Dixit-

332 4129 445 4184 que
475 4113 592 4169 eis:
641 4113 894 4187 Surgite,
944 4119 1001 4169 et
1052 4113 1231 4170 nolite
1280 4116 1504 4170 timere.
1539 4139 1561 4166 ι
1617 4115 1770 4179 Quos
1801 4133 1978 4171 manu

332 4207 658 4271 sanaverat,
692 4208 862 4260 sanat
913 4204 1182 4277 imperio.
1231 4205 1420 4261 Nolite
1465 4205 1680 4260 timere.
1720 4204 1980 4260 Primum

331 4288 510 4344 timor
538 4291 843 4363 expellitur
872 4298 936 4348 ut
967 4299 1167 4366 postea
1197 4293 1460 4349 doctrina
1481 4294 1799 4350 tribuatur.

405 4377 589 4449 (Vers.
621 4380 702 4450 8.)
734 4404 761 4430 ‹‹
797 4383 1077 4440 Levantes
1109 4389 1303 4438 autem
1352 4382 1553 4439 oculos
1601 4400 1761 4450 suos,
1793 4384 1981 4439 nemi-

334 4482 468 4522 nem
499 4467 785 4535 viderunt,
823 4469 933 4526 nisi
976 4470 1165 4526 solum
1195 4473 1416 4527 Jesum.
1451 4494 1480 4521 ››
1537 4472 1984 4530 Rationabiliter

409 4597 426 4629 ί
459 4595 653 4668 Nostri
687 4612 828 4651 mss.
864 4601 1057 4651 tacent
1086 4596 1383 4652 causalcm
1414 4599 1564 4668 quia.

403 4668 426 4700 ²
457 4667 626 4740 Nullo
684 4684 861 4740 sensu
919 4667 1241 4740 legebatur,
1279 4667 1471 4734 antea,
1529 4678 1721 4724 utrum
1770 4671 1977 4724 lumen.

337 4738 570 4794 Rectius
605 4740 664 4794 in
694 4739 918 4811 aliquot
943 4738 1083 4795 mss.
1138 4739 1370 4811 legitur,
1404 4757 1632 4812 verum:
1685 4741 1741 4794 in
1776 4741 1981 4812 pleris-

337 4825 451 4880 que
481 4817 698 4879 autem,
730 4821 1065 4883 utrum-que;
1100 4827 1225 4883 quae
1257 4815 1312 4865 et
1343 4811 1509 4867 nobis
1537 4811 1789 4882 reposita
1816 4813 1981 4867 lectio

338 4885 470 4956 es_t_;_
525 4899 884 4956 quamquam
934 4881 1167 4948 ’malim,
1231 4899 1402 4936 unum
1471 4881 1698 4956 restitui
1759 4885 1982 4956 absque

336 4952 740 5034 additamento'
763 4955 966 5034 tamen,
1002 4971 1178 5024 quam
1212 4971 1405 5034 vocem
1439 4960 1496 5008 et
1543 4954 1810 5034 plerique
1836 4952 1977 5011 mss.

335 5023 829 5098 ignorant.rEssct
874 5023 1180 5081 vero’tum
1233 5023 1562 5098 Hieronymi
1617 5023 1812 5081 sensui
1845 5044 1974 5082 con-

336 5094 594 5179 formi‘or‘
634 5097 1016 5179 lectio,_cum
1077 5094 1977 5179 Origenianae'_interpretationi,

337 5183 462 5251 qua:
505 5168 718 5251 habet:
777 5193 797 5217 α
847 5170 1057 5251 Moses,
1102 5168 1202 5251 qui
1254 5169 1345 5251 lex
1399 5173 1506 5251 est,
1557 5173 1627 5251 et.
1666 5169 1836 5251 Elias,
1871 5171 1978 5226 hoc

335 5247 422 5294 est
455 5239 766 5310 prophetae,
801 5258 970 5296 usus:
1011 5247 1068 5296 et
1115 5239 1269 5296 idem
1319 5241 1453 5295 facti
1500 5245 1636 5294 sunt
1684 5258 1749 5295 ac
1780 5242 1977 5309 Jesus,

332 5310 388 5364 id
423 5315 511 5365 est
543 5310 959 5384 Evangelium;
1028 5328 1130 5367 nec
1190 5318 1254 5365 ut
1311 5313 1474 5382 prius
1532 5317 1651 5366 tres
1681 5319 1864 5380 erant,
1896 5314 1978 5370 ita

332 5389 779 5454 permanserunt
812 5403 824 5451 ;
856 5385 955 5439 sed
989 5389 1106 5438 tres
1138 5400 1306 5438 UNUM
1340 5384 1468 5438 facti
1503 5388 1661 5438 sunt.

401 5453 618 5526 ξἴὶίειῐίο
673 5454 792 5509 11ωο
848 5455 1074 5526 pridem
1131 5454 1396 5525 Origenis
1455 5455 1580 5509 fuit.
1630 5478 1650 5503 α
1686 5455 1852 5519 Nam,
1885 5455 1972 5508 in-

329 5524 481 5598 quit,
511 5527 610 5598 qui
671 5524 1049 5592 audivissent,
1109 5543 1172 5581 ac
1231 5524 1552 5596 praesertim
1604 5528 1808 5595 turbae,
1848 5531 1974 5580 tum

332 5597 586 5668 maxime
617 5598 865 5654 fuissent
894 5600 1153 5668 ofi'nnsaa,
1201 5613 1336 5651 cum
1379 5613 1513 5652 eum
1545 5598 1702 5654 cruci
1734 5600 1973 5654 ai‘lixum

330 5667 637 5737 vidissent,
701 5686 875 5742 quem
952 5669 1055 5727 tali
1127 5669 1398 5725 affectum
1475 5669 1671 5742 gloriae
1731 5670 1980 5742 accepis-

2081 3318 2322 3381 Quando
2381 3324 2576 3372 autem
2653 3315 2974 3386 adjiciunt:
3055 3315 3262 3372 Scriba?
3339 3315 3534 3370 dicunt
3593 3317 3738 3387 quod

2080 3407 2261 3461 Etiam
2287 3414 2535 3474 oporteat
2577 3407 2824 3476 primum
2869 3405 3101 3458 venire:
3151 3402 3407 3475 primum
3459 3403 3733 3474 dicendo,

2082 3494 2398 3548 ostendunt
2455 3493 2606 3564 quod
2669 3491 2783 3546 nisi
2843 3486 2996 3547 Elius
3055 3491 3290 3562 venerit,
3351 3507 3468 3546 non
3529 3490 3606 3547 sit
3637 3509 3733 3548 se-

2082 3583 2341 3638 cundum
2374 3582 2704 3652 Scripturas
2737 3580 3056 3636 Salvatoris
3087 3581 3390 3634 adventus.

2155 3671 2343 3741 (Vers.
2409 3672 2493 3737 11,
2551 3672 2664 3740 12.)
2719 3673 2796 3723 At
2852 3669 2949 3724 ille
3007 3669 3389 3740 respondens,
3450 3667 3533 3724 ait
3577 3667 3736 3724 illis:

2086 3758 2238 3814 Elias
2297 3759 2532 3830 quidem
2591 3763 2874 3815 venturus
2933 3762 3040 3824 est,
3102 3762 3159 3812 et
3216 3756 3482 3812 restituet
3513 3757 3739 3812 omnia.

2085 3849 2222 3903 Dico
2255 3853 2447 3903 autem
2507 3848 2694 3916 vobis,
2757 3847 2899 3918 quia
2952 3846 3109 3901 Elias
3158 3845 3285 3917 jam
3339 3844 3513 3900 venit.
3553 3866 3572 3894 ι
3614 3847 3750 3916 Ipse

2088 3938 2188 4009 qui
2223 3943 2504 3993 venturus
2549 3944 2637 3992 est
2681 3937 2741 3992 in
2800 3936 3058 3992 secundo
3117 3933 3436 3990 Salvatoris
3470 3934 3751 4004 adventu,

2080 4027 2252 4097 juxta
2280 4026 2539 4098 corporis
2573 4027 2770 4097 ﬁdem,
2820 4041 2975 4080 nunc
3024 4040 3128 4096 per
3173 4023 3464 4078 Joannem
3490 4022 3653 4078 venit
3684 4023 3745 4077 in

2089 4116 2303 4171 virtute
2331 4121 2388 4170 et
2439 4114 2647 4186 spiritu
2678 4116 2718 4169 ⁵.
2776 4136 2803 4163 α
2839 4115 2907 4169 Et
2963 4129 3080 4168 non
3137 4116 3540 4186 cognoverunt
3566 4128 3742 4180 eum;

2091 4205 2196 4260 sed
2245 4207 2506 4260 fecerunt
2551 4203 2610 4258 in
2665 4219 2730 4258 eo
2780 4219 3146 4275 quaecunque
3189 4200 3523 4258 voluerunt.
3559 4223 3587 4251 ››
3627 4201 3746 4258 Hoc

2093 4297 2200 4359 est,
2237 4296 2583 4364 spreverunt
2613 4297 2669 4347 et
2697 4291 3142 4348 decollaverunt
3169 4308 3327 4347 eum.

2165 4382 2350 4455 (Vers.
2385 4383 2472 4448 l2,
2518 4384 2618 4449 :3.)
2655 4403 2682 4431 «
2715 4382 2807 4436 Sic
2838 4386 2893 4436 et
2934 4381 3115 4436 Filius
3155 4379 3413 4436 hominis
3463 4395 3751 4452 passurus

2094 4478 2183 4528 est
2213 4473 2282 4527 ab
2333 4471 2435 4526 eis.
2489 4471 2652 4526 Tunc
2702 4470 3113 4526 intellexerunt
3161 4467 3455 4541 discipuli,
3510 4469 3650 4541 quia
3680 4469 3752 4525 de

2014 4583 2061 4647 D
2094 4599 2240 4651 sent.
2276 4618 2305 4644 ››
2357 4599 2430 4648 At
2482 4565 2753 4666 perseq’ui
2807 4595 3140 4651 adnotando
3193 4593 3458 4666 studiose
3489 4593 3747 4666 singula,

2092 4684 2219 4739 quae
2277 4667 2348 4721 ab
2403 4665 2501 4721 illo
2556 4666 2836 4738 scriptore
2920 4667 3128 4722 Noster
3196 4665 3503 4738 expressit,
3564 4665 3746 4722 nimis

2092 4739 2186 4794 lon
2237 4755 2336 4792 um
2369 4743 2478 4792 est.

2163 4755 2514 4881 ‘gOrigenes,
2573 4830 2601 4859 ‹‹
2663 4807 2939 4880 Discipuli
3002 4808 3288 4864 recordati
3347 4812 3486 4881 sunt
3516 4824 3746 4881 eorum,

2093 4898 2218 4964 quae
2249 4879 2475 4964 de:Elia-
2500 4879 2873 4964 traduptur’a
2902 4881 3141 4964 Scribis,
3175 4885 3310 4935 ante
3340 4879 3556 4964 Christi
3588 4880 3750 4935 vide-

2090 4952 2226 5008 licet
2273 4954 2611 5018 adventum,
2665 4952 2850 5006 Eliam
2897 4953 3222 5007 venientem
3274 4956 3743 5023 praeparaturum

2091 5025 2229 5079 huic
2280 5023 2516 5078 illorum
2567 5023 2816 5089 animas,
2869 5025 2970 5094 qui
3024 5040 3159 5079 eum
3211 5022 3541 5094 suscepturi
3573 5028 3738 5078 sunt.

2090 5098 2158 5168 Et
2186 5095 2495 5168 visusille,
2529 5095 2629 5168 qui
2663 5095 2719 5149 in
2756 5100 2953 5168 monte
3000 5095 3266 5168 contigit,
3321 5112 3437 5166 quo
3468 5097 3750 5168 apparuit

2089 5167 2264 5234 Elias,
2301 5166 2541 5221 minime
2573 5166 2666 5220 his
2697 5167 3025 5222 consentire
3055 5166 3384 5235 videbatur,
3421 5166 3558 5237 qua:
3581 5166 3744 5222 dicta

2089 5238 2793 5310 sunt:_quandoquidem
2846 5255 2960 5293 non
3011 5244 3165 5306 ante,
3221 5239 3322 5294 sed
3355 5244 3486 5310 post
3532 5239 3740 5292 Jesum

2087 5311 2180 5366 his
2228 5308 2382 5365 Elias
2445 5308 2746 5366 advenisse
2793 5311 2958 5366 visua
3025 5315 3131 5365 est.
3182 5308 3402 5366 Idcirco
3450 5310 3734 5365 mentitos

2085 5381 2316 5437 Scribas
2375 5382 2795 5447 existimantes,
2855 5382 2976 5436 hac
3036 5382 3220 5446 aiunt,
3268 5405 3295 5432 »
3356 5387 3466 5436 etc.
3529 5381 3740 5437 Confer

2085 5458 2142 5508 et
2172 5455 2229 5507 in
2260 5453 2565 5509 laudatum
2599 5453 2892 5510 Malachiae
2943 5453 3135 5509 locum
3187 5451 3520 5525 Hieronymi
3559 5452 3738 5508 Gom-

2089 5525 2426 5580 mentarios.

2156 5596 2441 5668 l5Addunt
2497 5595 2743 5668 Palatini
2800 5613 2969 5663 mss.,
3016 5597 3181 5662 Elite;
3239 5597 3442 5668 sicque
3499 5599 3723 5654 textum

2087 5667 2453 5738 continuant,
2484 5667 2577 5724 sed
2597 5685 2709 5726 non
2736 5675 3120 5741 cognoverunt,
3155 5672 3264 5726 etc.
