4024 6196
282 358 403 421 {29

779 355 1299 420 COMMENTAR.
1346 359 1426 418 ΙΝ
1473 354 1984 419 EVANGELIUM
2031 354 2409 422 MATTH/El
2454 361 2601 421 LIB.
2648 361 2753 422 IIl.
2802 362 2972 423 CAP.
3017 364 3206 427 XVII.

3572 366 3687 433 130

276 497 506 548 Joanne
561 488 825 562 Baptista
871 489 1116 545 dixisset
1180 491 1284 546 eis.
1320 513 1349 539 »
1408 490 1694 556 Quaeritur
1734 494 1925 544 autem
1957 493 2007 558 Α
2034 492 2301 562 jubente,
2334 496 2391 548 et
2419 496 2475 549 te
2501 493 2659 549 aliud
2694 494 3106 566 perpetrante?
3134 497 3196 553 In
3226 503 3454 556 tantum
3489 507 3685 561 autem

277 598 413 638 cum
451 581 703 636 Herodes
749 583 806 634 et
862 578 1142 634 Herodias
1211 579 1497 635 Joannem
1548 580 1704 634 188
1753 579 1932 633 intor-

276 670 545 732 fecerint.
576 668 872 741 quomodo
902 669 1013 739 ipsi
1046 668 1248 724 Jesum
1283 685 1515 741 quoque
1574 668 1935 723 cruciﬁxisse

278 761 553 816 dicantur
593 775 608 812 :
641 774 777 813 cum
802 757 1069 829 legamus
1101 774 1234 813 eum
1264 776 1297 813 a
1355 756 1573 814 Scribis
1622 762 1679 812 et
1738 757 1933 811 Phari-

279 849 414 906 sazis
469 848 843 903 interfectum
885 847 913 900 ?
958 850 1027 900 Et
1110 848 1362 902 breviter
1434 846 1932 919 respondendum,

278 940 440 1011 quod
470 942 528 993 et
556 937 618 992 in
647 935 891 992 Joannis
922 952 1063 991 nece
1092 936 1517 991 Pharisazorum
1577 935 1750 990 factio
1805 950 1938 990 cono

280 1028 606 1093 senserit‘,
640 1030 696 1081 et
725 1026 784 1080 in
806 1024 1096 1081 occisione
1146 1025 1376 1080 Domini
1430 1025 1681 1079 Herodes
1722 1025 1932 1093 junxe-

282 1117 365 1172 rit
415 1115 769 1171 voluntatem
830 1130 1045 1170 suam:
1106 1115 1205 1185 qui
1268 1113 1512 1169 illusum
1569 1119 1743 1184 atque
1834 1114 1932 1168 de-

283 1210 548 1278 epectum
599 1203 891 1259 remiserit
937 1203 1011 1258 ad
1073 1201 1345 1275 Pilatum,
1400 1207 1465 1257 ut
1521 1202 1938 1274 cruciﬁgerent

277 1311 437 1350 cum.
1872 1342 1887 1355 ,

350 1382 538 1454 (Ver.
574 1382 661 1449 14,
714 1382 826 1452 15.)
887 1404 915 1431 ‹‹
970 1380 1231 1447 Domine,
1290 1379 1569 1436 miserere
1627 1379 1746 1435 ﬁlio
1805 1395 1933 1436 meo

275 1471 418 1543 quia
447 1470 744 1525 lunaticus
788 1472 896 1536 est,
957 1474 1014 1524 et
1063 1468 1216 1524 male
1276 1469 1538 1541 patitur:
1596 1486 1733 1524 nam
1782 1484 1934 1540 saepe

275 1558 514 1615 caditin
566 1556 787 1630 ignem,
843 1563 901 1613 et
958 1558 1161 1613 crebro
1226 1558 1284 1612 in
1335 1574 1570 1629 aquam.
1625 1559 1694 1613 Et
1749 1557 1934 1613 obtuli

274 1665 413 1704 eum
444 1647 754 1719 discipulis
775 1647 914 1717 tuis,
939 1651 995 1703 et
1026 1663 1142 1702 non
1167 1652 1699 1717 potueruntcurare
1719 1663 1875 1702 eum.
1906 1668 1927 1697 ι

277 1740 464 1803 Quam
485 1737 559 1792 ob
590 1752 828 1791 causam
857 1736 1084 1791 daemon
1114 1737 1432 1792 observans
1458 1736 1609 1791 luna:
1666 1752 1929 1805 cursum,

279 1828 557 1900 corripiat
586 1826 878 1896 homines,
911 1829 967 1880 et
996 1842 1097 1897 per
1127 1828 1424 1880 creaturas
1466 1825 1751 1880 infamare
1806 1829 1931 1880 stu-

279 1916 418 1972 deat
464 1916 818 1985 Creatorem,
886 1931 1066 1986 supra
1123 1913 1396 1971 diximus.
1486 1914 1628 1969 Mihi
1737 1918 1930 1969 autem

277 2005 513 2061 videtur
550 2005 723 2076 juxta
782 2001 1165 2075 tropologiam
1225 2002 1518 2058 lunaticus
1575 2004 1762 2070 esse”,
1832 2003 1932 2073 qui

279 2110 384 2165 per
438 2093 718 2149 horarum
776 2095 1076 2147 momenta
1131 2096 1397 2147 mutatur
1462 2093 1533 2147 ad
1590 2091 1751 2163 vitia,
1831 2108 1934 2147 nec

275 2182 540 2256 persistit
568 2181 627 2236 in
680 2184 887 2253 ccepto,
951 2180 1052 2235 sed
1112 2181 1323 2235 crescit
1377 2186 1553 2251 atque.
1610 2180 1929 2236 decrescit:

276 2275 334 2327 et
364 2287 525 2326 nunc
548 2270 609 2324 in
640 2270 838 2342 ignem
871 2268 1076 2335 fertur,
1109 2284 1225 2340 quo
1257 2268 1713 2323 adulterantium
1760 2269 1937 2324 corda

276 2376 569 2418 succensa
588 2363 726 2414 sunt
753 2358 907 2429 (Osee
951 2374 1051 2423 vn,
1086 2356 1139 2429 4)
1174 2375 1187 2413 :
1222 2373 1378 2412 nunc
1426 2357 1483 2411 in
1545 2374 1748 2429 aquas,
1807 2373 1936 2429 quae

278 2465 405 2505 non
439 2446 628 2503 valent
680 2447 1055 2519 exstinguere
1103 2445 1471 2501 charitatem.
1530 2445 1691 2509 Quod
1741 2450 1936 2501 autem

277 2538 429 2593 dicit
458 2554 472 2591 :
500 2536 679 2592 Obtuli
737 2552 865 2591 eum
893 2535 1183 2606 discipulis
1213 2537 1344 2605 tuis,
1375 2542 1427 2589 et
1480 2551 1591 2590 non
1637 2541 1939 2605 potuerunt

277 2642 480 2684 curare
507 2642 653 2697 eum,
684 2624 931 2680 latenter
973 2628 1210 2680 accusat
1262 2625 1577 2696 apostolos,
1641 2642 1773 2680 cum
1819 2624 1935 2678 im-

281 2713 646 2788 possibilitas
677 2713 942 2779 curandi,
975 2712 1272 2768 interdum
1304 2730 1419 2768 non
1471 2714 1540 2767 ad
1571 2713 1938 2768 imbecillita-

279 2811 398 2860 tem
431 2804 789 2873 curantium,
824 2803 924 2857 sed
957 2802 1028 2858 ad
1083 2819 1284 2858 eorum
1345 2802 1445 2874 qui
1498 2803 1741 2857 curandi
1800 2807 1940 2858 sunt

276 2893 460 2949 ﬁdem
494 2893 779 2948 referatur
808 2891 1036 2947 dicente
1076 2890 1323 2947 Domino
1357 2908 1369 2945 :
1431 2892 1551 2946 Fiat
1601 2892 1705 2946 tibi
1756 2906 1942 2947 secun-

286 2984 428 3039 dum
452 2982 620 3052 ﬁdem
647 2991 807 3035 tuam
837 2980 1036 3050 (Marc.
1069 2997 1124 3047 v,
1156 2980 1245 3050 34,
1277 2987 1330 3035 et
1359 2997 1414 3047 x,
1438 2981 1545 3051 42).
1818 2984 1832 2998 ⁸

352 3074 544 3142 (Vers.
580 3071 691 3141 16.)
723 3090 752 3120 ‹‹
780 3070 1162 3142 Respondens
1221 3073 1420 3124 autem
1494 3071 1665 3125 Jesus
1723 3069 1835 3125 ait:
1896 3069 1940 3123 Ο

275 3158 587 3233 generatio
625 3156 928 3213 incredula
983 3162 1042 3213 et
1098 3173 1387 3229 perversa,
1450 3174 1756 3229 quousque
1841 3175 1939 3213 ero

1962 1872 2010 1936 B

2042 586 2276 636 nonest
2328 582 2515 638 iratus
2572 582 2816 649 homini,
2879 584 2980 639 sed
3036 583 3211 651 vitio;
3270 592 3327 643 et
3354 607 3459 662 per
3494 609 3680 649 unum

2042 668 2339 725 hominem
2389 672 2619 726 Judaios
2669 671 2863 743 arguit
2911 672 3297 745 inﬁdelitatis,
3370 682 3436 733 ut
3483 683 3681 738 statim

2042 757 2303 813 intulerit
2326 775 2338 812 :
2368 759 2572 830 Alferte
2599 775 2725 814 eum
2751 760 2860 813 huc
2876 759 2947 814 ad
2974 775 3077 815 me.

2116 846 2294 916 (Vers.
2328 848 2441 918 47.)
2473 870 2501 897 ‹‹
2534 848 2605 903 Et
2632 848 2954 919 increpavit
3000 848 3167 904 illum
3215 850 3409 923 Jesus,
3461 858 3518 909 et
3546 858 3685 913 exiit

2044 934 2115 988 ab
2132 950 2198 989 eo
2220 935 2598 999 daemonium,
2624 938 2677 989 et
2700 939 2937 990 curatus
2958 941 3048 991 est
3076 951 3217 1007 puer
3237 953 3304 992 ex
3337 938 3439 994 illa
3460 941 3623 999 hora.
3658 966 3686 994 »

2043 1022 2167 1078 Non
2200 1022 2299 1078 ille
2331 1025 2427 1095 qui
2462 1024 2813 1095 patiebatur,
2862 1026 2962 1080 sed
3014 1027 3240 1083 diemon
3291 1029 3683 1088 debtJeratin-

2043 1112 2287 1183 crepari.
2321 1113 2451 1168 Sive
2506 1113 2828 1184 increpavit
2883 1130 3151 1186 puerum,
3207 1120 3265 1171 et
3316 1117 3490 1173 exivit
3519 1121 3594 1176 ah
3622 1138 3689 1180 eo

2043 1202 2313 1258 diemon:
2358 1202 2544 1274 quia‘
2598 1207 2835 1274 propter
2885 1209 3120 1275 peccata
3174 1221 3282 1260 sua
3335 1223 3369 1262 a
3423 1208 3687 1269 daemone

2042 1290 2232 1344 fuerat
2261 1279 2600 1362 oppresSus.
2934 1290 2939 1295 ”

2112 1379 2295 1450 (Vers.
2333 1381 2418 1449 18,
2477 1380 2592 1449 l9.)
2650 1403 2676 1429 «
2711 1381 2779 1435 Et
2830 1380 3137 1437 dixerunt:
3196 1383 3384 1447 Quare
3442 1403 3683 1444 nosnon

2042 1468 2344 1539 potuimus
2373 1469 2583 1539 ejicere
2615 1468 2779 1523 illum
2801 1469 2833 1523 ελ
2859 1468 3010 1524 Dicit
3041 1468 3159 1525 illis
3204 1473 3410 1528 .lesus:
3446 1479 3693 1548 Propter

2040 1556 2510 1613 incredulitatem
2542 1562 2815 1613 vestram.
2850 1561 3029 1613 Amen
3055 1559 3269 1633 quippe
3286 1562 3417 1617 dico
3438 1564 3622 1621 vobis.
3659 1588 3688 1615 »

2041 1645 2158 1700 Hoc
2189 1650 2278 1701 est
2334 1647 2490 1718 quod
2548 1647 2605 1701 in
2666 1647 2780 1703 alio
2833 1647 2959 1703 loco
3008 1648 3183 1703 dicit:
3255 1652 3599 1724 Quaecunque
3626 1657 3689 1710 in

2041 1737 2263 1790 nomine
2306 1751 2424 1790 meo
2488 1738 2778 1807 petieritis,
2837 1736 3107 1793 credentes
3161 1740 3443 1811 accipietis
3473 1742 3682 1812 (Matth.

2040 1840 2159 1889 xxr,
2188 1825 2301 1894 22).
2335 1825 2484 1895 Ergo
2531 1826 2758 1896 quoties
2817 1842 2934 1881 non
2984 1826 3329 1898 accipimus,
3392 1847 3505 1886 non
3542 1849 3685 1905 pra-

2042 1913 2253 1967 stantis
2275 1917 2364 1968 est
2387 1914 2853 1985 impossibilitas,
2878 1916 2977 1970 sed
3014 1915 3187 1986 culpa
3220 1917 3682 1990 deprecantium.

2116 2001 2299 2073 (Vers.
2336 2002 2446 2071 19.)
2478 2025 2505 2051 ‹‹
2536 2002 2594 2057 Si
2626 2002 2951 2057 habueritis
3002 2004 3177 2058 ﬁdem
3236 2006 3389 2061 sicut
3434 2026 3686 2080 granum

2043 2090 2287 2161 sinapis,
2321 2091 2526 2145 dicetis
2557 2092 2738 2146 monti
2771 2090 2947 2146 huic:
2981 2092 3189 2148 Transi
3217 2092 3375 2162 hinc,
3417 2101 3473 2152 et
3493 2101 3686 2155 trans-

2043 2179 2192 2234 ibit:
2251 2184 2308 2234 et
2363 2179 2508 2234 nihil
2568 2179 2931 2251 impossibile
2986 2181 3095 2237 erit
3147 2183 3333 2239 vobis.
3392 2208 3412 2235 ι
3475 2186 3691 2244 Putant

2045 2266 2224 2339 aliqui
2272 2269 2447 2324 ﬁdem
2498 2285 2681 2341 grano
2730 2270 2955 2342 sinapis
3003 2277 3423 2345 comparatam,
3452 2291 3689 2346 parvam

2044 2357 2180 2423 dici,
2214 2358 2366 2429 quod
2401 2374 2648 2429 regnum
2682 2359 2960 2415 caelorum
2990 2376 3204 2432 granos
3246 2362 3469 2435 sinapis
3501 2366 3693 2421 confe-

2046 2450 2243 2515 ratur;
2277 2464 2409 2502 cum
2439 2448 2753 2518 Apostolus
2809 2448 3003 2505 dicat:
3066 2451 3130 2505 Et
3182 2453 3234 2507 si
3276 2455 3450 2509 totam
3479 2456 3502 2489 ³
3528 2455 3691 2525 ﬁdem

2046 2535 2309 2606 habuero,
2344 2538 2420 2591 ita
2478 2544 2537 2592 ut
2589 2545 2801 2593 montes
2858 2541 3200 2611 transferam
3239 2544 3287 2608 (Ι
3336 2542 3454 2600 Cor.
3489 2561 3580 2613 xv,
3612 2548 3689 2614 2).

2048 2625 2196 2697 Ergo
2230 2642 2443 2699 magna
2469 2630 2560 2681 est
2590 2626 2755 2697 ﬁdes,
2790 2644 2917 2700 quae
2948 2645 3131 2700 grano
3173 2630 3396 2704 sinapis
3426 2650 3692 2706 coaequa-

2047 2718 2161 2768 tur.
2196 2715 2410 2770 Montis
2441 2715 2748 2771 translatio
2775 2733 2887 2772 non
2922 2719 3050 2787 ejus
3100 2718 3482 2791 signiﬁcatur,
3515 2740 3707 2794 quem

2048 2802 2231 2858 oculis
2263 2804 2454 2858 carnis
2494 2804 2833 2876 aspicimus,
2871 2807 2971 2861 sed
3025 2805 3184 2862 illius
3240 2809 3340 2879 qui
3387 2810 3707 2867 aDomino-

2046 2890 2369 2948 translatus
2402 2892 2589 2947 fuerat
2618 2909 2686 2948 ex
2712 2892 2987 2949 lunatico.
3041 2896 3206 2959 Quod
3264 2897 3417 2951 enim
3451 2898 3570 2954 ait:
3601 2901 3692 2955 Di-

2047 2982 2178 3035 cetis
2207 2983 2386 3036 monti
2413 2980 2559 3045 huic,
2620 2984 2803 3036 transi
2849 2982 2994 3045 hinc,
3053 2986 3109 3036 et
3164 2985 3440 3055 transibit,
3476 2987 3546 3040 de
3574 2988 3690 3042 daa-

2050 3070 2263 3123 mone6
2294 3068 2655 3140 intelligitur.
2716 3070 2796 3124 Ex
2850 3085 2965 3140 quo
3024 3069 3283 3126 stultitiae
3339 3075 3699 3146 coarguendi~

2051 3161 2210 3219 sunt,
2270 3159 2369 3228 qui
2428 3158 2790 3212 contendunt
2846 3158 3162 3230 apostolos,
3218 3176 3539 3234 omnesque
3578 3180 3695 3220 cre-

273 3247 592 3303 vobiscum
614 3246 643 3300 ‘l
668 3246 979 3319 Usquequo
1009 3245 1200 3317 patiar
1227 3262 1328 3301 vos
1352 3246 1596 3301 ?aﬁ'erte
1625 3246 1742 3301 huc
1771 3245 1939 3301 illum
1972 3235 2014 3301 C
2052 3246 2276 3312 dentes,
2310 3263 2379 3302 ne
2411 3263 2650 3318 parvam
2691 3246 2929 3318 quidem
2981 3246 3260 3304 habuisse
3309 3249 3481 3307 ﬁdem
3507 3268 3520 3308 :
3557 3251 3695 3325 quia

284 3338 364 3393 ad
392 3350 511 3391 me.
550 3357 579 3385 ‹‹
607 3334 732 3390 Non
764 3336 920 3406 quod
955 3335 1122 3390 taedio
1145 3338 1454 3407 superatus
1476 3334 1571 3405 sit,
1591 3347 1648 3390 et
1679 3352 1947 3390 mansue-

280 3431 385 3481 tus
415 3441 483 3479 ac
513 3423 697 3490 mitis,
730 3424 831 3496 qui
863 3440 977 3479 non
1012 3424 1240 3495 aperuit
1293 3425 1447 3479 sicut
1504 3440 1689 3497 agnus
1748 3440 1942 3479 coram

287 3514 569 3569 tendente
598 3528 665 3568 os
699 3529 876 3568 suum
909 3514 1035 3577 (Isa.
1072 3512 1211 3581 Lm),
1241 3530 1347 3568 nec
1374 3514 1397 3547 ³
1428 3514 1484 3567 in
1517 3514 1692 3569 verba
1731 3514 1944 3569 furoris

289 3602 733 3675 eruperit;sed
766 3601 916 3673 quod
978 3602 1038 3656 in
1099 3601 1545 3657 similitudinem
1604 3602 1834 3672 medici,
1894 3603 1945 3657 si

292 3696 579 3764 mgrotum
610 3690 802 3745 videat
854 3694 1056 3745 contra
1112 3708 1221 3746 sua
1278 3696 1560 3763 praecepta
1614 3708 1677 3746 se
1723 3708 1941 3763 gerere,

293 3781 454 3836 dicat
484 3797 498 3834 :
532 3783 849 3851 Usquequo
880 3780 1151 3835 accedam
1174 3781 1245 3835 ad
1286 3781 1526 3835 domum
1576 3786 1757 3851 tuam,
1806 3798 1945 3853 quo-

291 3885 483 3940 usque
509 3868 650 3924 artis
694 3869 851 3923 184
908 3869 1147 3941 perdam
1206 3869 1578 3936 industriam,
1640 3886 1733 3925 me
1786 3869 1945 3925 aliud

372 3977 396 4048 Ἀ
426 3974 545 4030 Hoc
592 3975 784 4048 ipsum
848 3976 1157 4047 propositae
1244 3975 1552 4048 qumstioni
1634 3977 1946 4048 respondet

291 4046 581 4119 Origenes
615 4063 631 4119 ξ
663 4069 690 4095 ‹‹
726 4047 889 4110 Quod
906 4046 1161 4119 causam
1195 4046 1392 4118 etipsi
1425 4047 1657 4118 (Scribas
1688 4046 1748 4103 et
1796 4048 1943 4103 Pha-

287 4117 468 4188 risaei)
498 4117 876 4189 prabuerunt
905 4117 999 4173 his
1040 4135 1168 4190 quze
1217 4117 1499 4174 adversus
1562 4136 1697 4174 eum
1748 4119 1941 4190 (Joan-

287 4192 448 4260 nem)
481 4194 817 4261 perpetrare
853 4206 1035 4245 ausus
1064 4196 1155 4246 est
1187 4191 1459 4247 Herodes.
1496 4212 1525 4239 »
1581 4192 1651 4245 Et
1704 4191 1941 4246 statim:

288 4206 448 4260 nem)
474 4206 817 4316 perpetrare
853 4206 1035 4245 ausus
1064 4206 1155 4246 est.
1187 4206 1459 4247 ueroues.
1496 4212 1525 4239 »
1581 4206 1651 4245 Et
1704 4206 1941 4246 statim:

288 4284 319 4311 ς(
346 4264 469 4334 Quo
533 4266 730 4334 autem
756 4260 1022 4332 sequitur
1061 4262 1150 4317 his
1196 4279 1535 4334 expressum
1558 4261 1750 4318 verbis
1783 4278 1795 4315 :
1824 4333 1830 4334 ί
1858 4264 1946 4318 Sic

282 4337 338 4389 et
368 4333 544 4388 Filius
575 4332 816 4388 hominis
855 4349 1126 4404 passurus,
1172 4332 1375 4388 est'ab
1424 4335 1523 4399 eis,
1585 4334 1657 4388 ab
1714 4333 1944 4389 Scribas

286 4404 495 4486 referri
527 4404 824 4486 potest,-si
856 4402 954 4486 ab
1010 4402 1241 4459 Scribas
1299 4420 1531 4475 quoque
1580 4405 1829 4459 refertur
1886 4405 1941 4459 id

296 4476 463 4547 quod
495 4476 788 4547 praecedit,
815 4499 837 4525 ι
873 4479 982 4530 etc.

360 4547 384 4581 ²
413 4545 497 4602 Ex
542 4546 1047 4629 Origene‘iisdem
1086 4562 1259 4629 opene.
1302 4545 1497 4629 verbis
1532 4563 1544 4601 :
1600 4569 1628 4597 ‹‹
1667 4547 1944 4629 .Forsitan

2053 3333 2255 3389 nullus
2277 3352 2479 3390 eorum
2503 3340 2735 3391 montes
2753 3335 3139 3391 transtulerit.
3164 3337 3363 3411 Neque
3383 3341 3539 3396 enim
3563 3347 3707 3397 tan-'

2052 3427 2178 3478 tum
2203 3426 2438 3495 prodest
2469 3425 2685 3480 montis
2707 3425 2779 3480 de
2811 3424 2923 3480 alio
2965 3424 3025 3480 in
3067 3425 3249 3481 alium
3295 3426 3487 3484 locum
3510 3434 3713 3487 trans-'

2051 3511 2231 3567 latio:
2294 3518 2350 3567 et
2403 3529 2551 3568 vana
2607 3513 2907 3585 signorum
2979 3516 3291 3585 quaerenda
3345 3519 3707 3575 ostentatio:

2054 3606 2343 3673 quantum
2394 3602 2453 3657 in
2506 3601 2815 3657 utilitatem
2862 3602 3127 3658 omnium
3180 3604 3286 3661 iste
3342 3623 3514 3663 mons
3545 3609 3694 3666 135

2052 3691 2493 3745 transferendus
2525 3696 2635 3761 est,
2664 3690 2763 3763 qui
2803 3708 2909 3763 per
2944 3692 3289 3763 prophetam
3335 3695 3551 3751 dicitur
3578 3713 3700 3754 cor-

2055 3794 2325 3849 rumpere
2356 3795 2589 3834 omnem
2621 3784 2835 3835 terram
2877 3781 3089 3852 (Zacch.
3123 3800 3198 3848 Iv,
3231 3784 3303 3856 7).

2126 3866 2310 3938 (Vers.
2348 3867 2461 3938 20.)
2496 3888 2524 3917 ‹‹
2558 3871 2677 3922 Hoc
2707 3872 2904 3923 autem
2930 3885 3118 3941 genus
3149 3888 3264 3927 non
3296 3874 3549 3946 ejicitur,
3584 3876 3697 3931 nisi

2055 3973 2248 4053 fuerit,
2281 3973 2391 4053 sub
2424 3974 2529 4053 tali
2560 3974 2712 4053 luna
2736 3974 2923 4046 ﬁgura
2945 3977 3097 4053 afﬁci
3120 3977 3410 4053 homines,
3435 3997 3549 4035 non
3574 3982 3699 4053 ipse

2055 4046 2280 4117 daemon
2311 4046 2460 4099 tanti
2519 4045 2656 4100 mali
2711 4045 2953 4101 causam
3007 4048 3220 4104 habere
3274 4045 3561 4117 videatur,
3593 4045 3691 4107 sed

2054 4116 2214 4189 luna,
2247 4133 2375 4189 quae
2405 4118 2558 4171 nocti
2589 4124 2816 4189 praaest,
2868 4135 3057 4189 neque
3095 4119 3281 4175 ullum
3334 4121 3394 4177 in
3428 4122 3698 4180 homines

2054 4188 2501 4270 habethujusce
2534 4188 2671 4270 mali
2703 4188 3014 4270 imperium
3043 4206 3055 4245 :
3107 4192 3309 4262 sicque
3339 4208 3441 4265 per
3469 4199 3696 4252 creatu-

2054 4277 2149 4314 ras
2180 4259 2402 4314 nitatur
2432 4263 2761 4315 Creatorem
2793 4259 3098 4316 infamare.

2123 4332 2145 4365 ³
2174 4330 2429 4385 Delenda
2476 4331 2722 4408 videtur
2766 4331 3035 4408 negandi
3073 4333 3380 4405 particula,
3436 4352 3617 4408 quam
3645 4337 3702 4393 et

2053 4418 2265 4458 sensus
2296 4402 2539 4472 respuit,
2572 4406 2629 4457 et
2658 4401 2976 4458 Rhabanus
3020 4401 3269 4472 ignorat.

2124 4473 2499 4544 ‘Scripserat
2559 4474 2968 4542 Adamantius,
3046 4473 3373 4532 lunaticum
3451 4479 3696 4534 diemoni

2053 4544 2384 4601 vexandum
2416 4544 2591 4619 certis
2621 4545 2693 4619 de
2724 4547 2920 4619 causis
2948 4548 3251 4619 traditum,
3286 4549 3441 4619 quod
3472 4566 3577 4605 nec
3608 4550 3697 4604 di-

291 4634 431 4700 ergo
478 4606 726 4700 minime
769 4606 1163 4700 ‘aberraveris‘,
1214 4616 1263 4699 si
1319 4616 1588 4700 homines
1628 4618 1943 4700 ejusmodi,
1977 4606 2023 4669 Ι)
2053 4632 2235 4700 gnum
2268 4632 2330 4670 se
2361 4616 2712 4686 praestiterit,
2744 4617 2844 4689 qui
2886 4618 3078 4692 angeli
3122 4606 3397 4676 custodiae
3428 4620 3697 4677 commit-

293 4688 436 4761 quia
455 4706 489 4744 a
513 4689 923 4762 spiritualibus
945 4690 1215 4762 nequitiis
1233 4690 1291 4743 in
1311 4688 1645 4762 cmlestibus
1667 4690 1949 4762 dejiciun-

294 4760 413 4827 tur,
447 4760 685 4833 spiritu,
706 4765 783 4833 fut
811 4762 893 4816 ita
917 4760 1135 4833 dicam,
1169 4760 1460 4815 lunaticos
1487 4776 1619 4833 esse
1649 4760 1832 4827 dicas,
1892 4765 1949 4816 et

299 4832 559 4903 perszepe
590 4832 757 4903 (male
811 4848 872 4887 se
914 4832 1150 4897 habere,

300 4902 531 4976 animos
562 4902 801 4976 illorum
842 4902 1331 4976 perturbationes,
1368 4907 1448 4976 Aet
1489 4903 1730 4976 atfectus
1787 4902 1947 4958 inva-

297 4974 468 5046 dunt,
498 4975 774 5030 cadentes
806 4973 1229 5046 nonnunquam
1273 4975 1332 5029 in
1364 4974 1560 5046 ignem
1618 4973 1949 5046 inﬂamma-

293 5045 547 5118 tionum,
583 5046 815 5118 quando
838 5046 988 5101 ﬁunt
1015 5044 1200 5116 (juxta
1232 5061 1298 5118 ea
1347 5062 1471 5116 quae
1528 5044 1587 5099 in
1642 5044 1786 5101 Osee
1841 5046 1948 5101 ha-

295 5117 558 5173 bentur:
603 5117 990 5172 WAdulterantes
1044 5117 1202 5187 quasi
1248 5117 1498 5171 clibanus
1554 5133 1837 5172 succensus
1917 5133 1951 5171 a

300 5190 527 5258 ﬂamma
555 5190 637 5244 ad
659 5191 961 5245 coctioncm
982 5190 1221 5244 ambusti
1252 5204 1263 5241 :
1300 5189 1614 5258 aliquando
1644 5188 1704 5243 in
1736 5204 1950 5259 aquam

301 5262 539 5330 quando
562 5277 662 5315 rex
692 5261 956 5315 omnium
989 5260 1089 5331 qui
1123 5260 1181 5314 in
1213 5259 1382 5330 aquis
1414 5265 1557 5314 sunt
1606 5260 1948 5331 draconum,

303 5347 338 5384 a
366 5331 768 5402 respirationis
801 5330 1085 5398 libertate,
1111 5347 1226 5402 qua
1258 5331 1365 5384 t'rui
1396 5331 1746 5385 videbantur
1775 5348 1872 5386 eos
1892 5330 1951 5384 in

306 5402 662 5474 profundum
696 5403 982 5459 ﬂuctuum
1019 5403 1197 5458 maris
1229 5402 1501 5456 humana:
1534 5403 1660 5455 vitze
1683 5402 1897 5470 dejicit.
1923 5424 1950 5450 ››

300 5472 409 5528 Sed
435 5478 491 5528 et
519 5473 666 5528 illud
701 5474 907 5530 Noster
937 5491 1006 5529 ex
1035 5474 1234 5545 eodem
1290 5473 1639 5527 Adamantio
1697 5474 1954 5545 sumpsit

300 5551 442 5619 tum
462 5544 578 5610 hic,
613 5562 747 5619 cum
782 5563 961 5619 supra
986 5545 1043 5600 in
1076 5544 1375 5619 Matth.1v,
1406 5545 1500 5611 25,
1559 5544 1711 5619 quod
1744 5544 1953 5619 “Spiri-

300 5623 399 5672 tus
427 5617 704 5690 impurus
733 5616 790 5672 lu
804 5615 883 5690 ne
918 5634 1176 5685 cursum,
1211 5616 1329 5671 sive
1351 5623 1538 5671 certas
1565 5615 1713 5690 lunas
1736 5616 1955 5689 ﬁguras

303 5688 596 5757 observet,
628 5695 804 5766 atque
831 5688 912 5745 ita
941 5693 1228 5763 operetur,
1271 5691 1335 5744 ut
1391 5703 1525 5744 cum
1581 5688 1953 5749 observatum

462 5778 487 5805 Ι

1208 4833 1365 4903 quod
1417 4830 1639 4886 scilicet
1686 4836 1950 4903 tempore

2059 4692 2295 4743 teretur.

2129 4760 2150 4793 ⁵
2184 4760 2243 4813 In
2277 4775 2393 4813 uno
2449 4757 2628 4813 altero
2688 4775 2823 4814 ms..
2855 4760 2907 4814 si
2953 4763 3198 4821 tantam;
3247 4760 3307 4814 in
3351 4760 3547 4816 Grazco
3595 4778 3699 4817 au-

2058 4835 2197 4895 tem,
2232 4830 2384 4901 quod
2418 4836 2475 4885 et
2503 4846 2683 4900 supra
2720 4835 3003 4892 notatum,
3036 4835 3125 4885 est
3154 4835 3342 4885 πᾶσαν.

2129 4903 2150 4936 ε
2177 4901 2306 4956 Ηωο
2335 4903 2529 4966 verba,
2577 4901 2642 4956 de
2695 4902 2940 4958 daemone
2983 4902 3341 4970 intelligitur,
3396 4906 3514 4959 tres
3544 4902 3704 4960 Pala-

2060 4973 2168 5027 tini
2201 4989 2343 5028 mss.
2379 4989 2493 5028 non
2521 4972 2755 5027 habent.
2792 4974 2889 5027 Est
2918 4989 3050 5028 vero
3094 4974 3215 5029 haec
3246 4974 3515 5030 omnium
3543 4991 3699 5031 rece-

2061 5044 2335 5116 ptissima
2378 5044 2713 5119 sententia,
2744 5118 2757 5119 ί
2792 5044 3116 5119 daemonem
3175 5046 3406 5119 debere,
3430 5045 3698 5119 intelligi.

2062 5114 2238 5187 quam
2270 5132 2343 5187 ex,
2368 5115 2614 5187 Origene
2646 5114 2705 5168 S.
2742 5118 2909 5169 Pater
2947 5115 3256 5171 delibavit:
3292 5140 3319 5167 «
3353 5114 3700 5184 Montesﬁil

2060 5187 2154 5241 hic
2184 5186 2461 5261 appellari
2484 5186 2761 5261 existimo
2801 5188 3123 5261 contrarias
3173 5192 3230 5242 et
3274 5189 3579 5261 oppositas
3605 5189 3703 5243 Po-

2061 5263 2324 5330 testates,
2344 5257 2469 5330 late
2492 5257 2713 5330 diffusa
2742 5259 3078 5330 ethingenti
3116 5257 3378 5330 nequitia
3407 5259 3700 5330 praeditas,

2063 5346 2199 5403 quae;
2221 5328 2455 5399 quidem
2487 5328 2546 5381 in
2580 5327 2877 5403 nonnullis
2921 5327 3232 5403 hominum
3264 5327 3501 5403 animis,
3534 5332 3703 5403 quasi

2063 5398 2336 5483 fundatae,
2370 5398 2973 5483 etco‘nstitu‘tge‘sunt.
3001 5424 3037 5483 ὐ
3060 5402 3128 5482 Et
3148 5401 3322 5483 paulo
3345 5407 3512 5483 post:
3550 5398 3699 5483 irQui

2062 5471 2199 5545 talis
2228 5471 2357 5545 crit,
2389 5471 2541 5525 dicet
2571 5470 2753 5545 monti
2801 5470 2937 5545 huic
2995 5470 3291 5545 (spiritum
3344 5470 3598 5545 mutum:
3646 5479 3703 5529 et

2065 5544 2310 5620 surdum
2343 5541 2401 5620 in
2432 5558 2497 5620 eg
2528 5541 2951 5620 quilunaticus
2992 5541 3121 5600 esse
3169 5545 3404 5620 dicitur,
3440 5543 3700 5605 intellec-

2065 5620 2191 5673 tum
2221 5613 2370 5688 volo)
2396 5630 2410 5672 :
2441 5613 2647 5672 Transi
2678 5614 2856 5692 illinc,
2892 5638 2921 5667 »
2952 5620 3062 5675 etc.
