4024 6196
361 352 467 409 131

362 497 463 552 per
493 476 810 533 orationem
845 477 903 531 et
923 473 1241 545 jejunium.
1275 495 1301 524 »
1337 473 1488 529 Dum
1521 474 1688 530 docet
1717 473 2008 546 quomodo
2040 481 2092 546 Α

362 566 763 638 nequissimus
794 565 1021 620 daemon
1055 565 1239 636 possit
1269 563 1498 636 expelli,
1531 580 1734 620 omnes
1756 561 2013 618 instituit

358 658 427 711 ad
459 655 662 710 vitam.

427 744 615 812 (Vers.
674 742 765 807 2t,
817 742 933 812 22.)
987 762 1012 794 ‹‹
1044 741 1536 798 Conversantibus
1579 744 1772 796 autem
1823 740 1908 795 eis
1947 739 2006 794 in

349 833 606 898 Galilaea,
633 831 778 886 dixit
801 830 916 886 illis
937 831 1147 886 Jesus:
1176 830 1355 885 Filius
1401 828 1667 885 hominis
1689 829 2008 884 tradendus

343 927 433 978 est
464 922 521 976 in
556 937 767 976 manus
796 920 1126 984 hominum,
1150 924 1208 974 et
1228 919 1495 975 occident
1535 935 1671 974 eum
1699 935 1711 984 ;
1753 924 1808 973 et
1839 917 2008 972 tertia

345 1012 439 1066 die
501 1013 786 1081 resurget.
850 1009 917 1063 Et
969 1009 1294 1064 contristati
1353 1011 1493 1063 sunt
1549 1007 2005 1062 vehementer.»

344 1101 588 1171 Semper
625 1097 924 1170 prosperis
973 1097 1180 1152 miscet
1226 1097 1440 1163 tristia,
1493 1100 1557 1150 ut
1606 1111 1739 1150 cum
1771 1100 2005 1167 repente

347 1187 633 1258 venerint,
666 1204 780 1241 non
813 1191 1070 1241 terreant
1099 1184 1399 1257 apostolos
1427 1203 1440 1253 ;
1493 1184 1593 1240 sed
1644 1201 1676 1238 a
1705 1183 2006 1254 prmmedi-

349 1278 489 1332 tatis
521 1277 782 1332 ferantur
813 1275 1048 1330 animis.
1083 1275 1139 1330 Si
1173 1274 1329 1329 enim
1381 1273 1688 1328 contristat
1719 1288 1816 1327 eos
1847 1272 2002 1342 quod

353 1366 707 1422 occidendus
749 1368 858 1434 est,
919 1364 1089 1419 debet
1146 1362 1439 1418 laetificare
1499 1362 1652 1433 quod
1706 1361 1800 1417 die
1832 1360 2002 1415 tertio

351 1455 567 1510 dicitur
612 1463 1067 1509 resurrecturus.
1129 1456 1304 1506 Porro
1354 1451 1508 1522 quod
1558 1449 2000 1513 contristantur,

351 1548 406 1599 et
452 1543 876 1598 contristantur
926 1540 1321 1604 vehementer,
1371 1556 1484 1594 non
1540 1540 1610 1594 de
1658 1536 2002 1593 infidelitate

348 1632 505 1688 venit
556 1631 840 1704 (alioquin
899 1629 1153 1686 scierant
1213 1629 1319 1700 [Αἰ.
1377 1628 1613 1696 scirent]
1665 1630 1721 1681 et
1771 1627 2000 1682 Petrum

352 1736 481 1776 esse
531 1725 890 1792 correptum,
949 1733 1128 1789 quare
1186 1733 1300 1772 non
1357 1721 1588 1788 saperet
1644 1732 1712 1771 ea
1742 1732 1868 1786 qua
1898 1714 2000 1769 Dei

350 1812 507 1879 sunt,
543 1809 643 1863 sed
690 1825 814 1879 quae
875 1805 1206 1877 hominum)
1266 1821 1467 1860 verum
1525 1804 1664 1877 quia
1721 1820 1824 1875 pro
1851 1803 1998 1858 dile-

347 1898 537 1953 ctione
569 1896 835 1968 magistri
869 1895 1014 1950 nihil
1047 1896 1117 1950 de
1155 1911 1222 1949 eo
1247 1895 1554 1950 sinistrum
1578 1900 1635 1949 et
1655 1892 1879 1948 humile
1905 1909 2000 1964 pa-

348 1987 578 2041 tiuntur
606 1985 828 2041 audire.

418 2075 603 2144 (Vers.
635 2076 725 2141 23,
757 2075 870 2144 24.)
909 2098 929 2123 (ι
968 2074 1032 2128 Et
1063 2090 1197 2128 cum
1231 2072 1531 2128 venissent
1559 2071 1996 2143 Capharnaum,

343 2169 717 2220 accesserunt
773 2162 873 2234 qui
926 2162 1272 2217 didrachma
1328 2161 1713 2233 accipiebant,
1775 2161 1846 2215 ad
1898 2161 1993 2215 Pe-

343 2259 524 2320 trum,
565 2258 620 2307 et
650 2252 958 2306 dixerunt:
996 2250 1270 2322 Magister
1316 2256 1506 2304 vester
1561 2267 1674 2305 non
1708 2248 1878 2304 solvit
1907 2247 1994 2302 di-

342 2341 667 2396 drachma?
695 2341 830 2395 Ait:
880 2339 1084 2394 Etiam.
1114 2359 1141 2387 n
1195 2339 1330 2394 Post
1367 2341 1379 2372 ¹
1433 2344 1766 2409 Augustum
1800 2337 1994 2392 Caesa-

341 2430 686 2488 remludaea
746 2429 896 2483 facta
951 2433 1041 2483 est
1096 2427 1426 2496 tributaria,
1487 2432 1543 2481 et
1597 2443 1803 2482 omnes
1834 2425 1992 2481 censi

341 2518 530 2590 capite
562 2519 918 2573 ferebantur.
955 2516 1117 2571 Unde
1150 2522 1207 2571 et
1236 2515 1450 2586 .loseph
1499 2531 1634 2570 cum
1683 2515 1865 2569 Maria
1895 2531 1990 2569 co-

341 2612 517 2678 gnata
547 2623 653 2662 sua
711 2607 1010 2677 professus
1068 2606 1174 2672 [Αἰ.
1239 2605 1556 2674 profectus]
1615 2605 1792 2659 estin
1825 2603 1993 2657 Beth-

339 2697 509 2750 leem.
538 2695 794 2750 Rursum
835 2693 1115 2765 quoniam
1157 2693 1414 2748 nutritus
1458 2697 1582 2748 erat
1621 2692 1676 2746 in
1705 2691 1990 2747 Nazareth

340 2785 517 2856 (quod
541 2790 630 2839 est
651 2783 932 2855 oppidum
953 2781 1200 2837 Galilazae
1240 2781 1651 2852 Capharnaum
1695 2781 1824 2835 urbi
1847 2780 1993 2836 sub-

331 2873 564 2942 jacens)
594 2887 662 2926 ex
694 2887 854 2925 more
886 2875 1134 2941 poscunt
1165 2869 1419 2924 tributa:
1463 2872 1520 2923 et
1551 2885 1652 2939 pro
1683 2867 1988 2939 signorum

344 2960 749 3033 magnitudine
781 2958 838 3013 hi
873 2959 972 3030 qui
1004 2959 1331 3030 exigebant,
1386 2973 1499 3012 non
1551 2957 1769 3011 audent
1793 2955 1988 3027 ipsum

345 3054 624 3121 repetere,
666 3049 766 3105 sed
825 3047 1181 3120 discipulum
1240 3046 1611 3116 conveniunt,
1671 3046 1790 3100 sive
1822 3045 1990 3100 mali-

340 3138 487 3192 tiose
520 3139 883 3207 interrogant
912 3155 924 3192 :
955 3141 1152 3191 utrum
1203 3136 1404 3190 reddat
1453 3135 1693 3198 tributa,
1746 3151 1818 3189 an
1851 3151 1987 3188 con-

1602 341 1666 401 S.
1716 340 2024 402 EUSEBII
2070 341 2512 402 HlERONYMl

3649 342 3761 403 132

2193 474 2378 542 (Vers.
2411 475 2527 542 ‘26).
2573 475 2640 530 Ut
2693 477 2887 530 autem
2929 491 3043 530 non
3099 475 3562 529 scandalizemus
3617 490 3761 530 eos:

2118 564 2259 618 vade
2289 564 2359 619 ad
2395 580 2573 632 mare,
2607 569 2664 619 et
2695 564 2857 618 mitte
2914 563 3179 629 hamum,
3241 568 3299 617 et
3345 579 3478 618 eum
3537 563 3760 634 piscem

2119 652 2218 724 qui
2249 651 2474 724 primus
2504 653 2853 716 ascenderit,
2904 651 3064 707 tolle.
3102 652 3168 706 Et
3217 655 3418 723 aperto
3471 667 3570 705 ore
3611 653 3762 722 ejus,

2117 741 2378 796 invenies
2439 746 2755 797 stateram:
2825 740 2992 795 illum
3023 755 3290 808 sumens,
3322 741 3396 794 da
3424 740 3510 795 eis
3541 756 3644 811 pro
3672 757 3764 796 me

2116 835 2172 885 et
2200 833 2275 886 te.
2313 852 2338 879 »
2371 831 2517 894 Quid
2546 830 2800 901 primum
2840 830 3017 885 mirer
3065 830 3122 884 in
3169 828 3278 884 hoc
3335 827 3479 896 loco,
3542 829 3761 897 nescio,

2116 923 2312 975 utrum
2343 920 2785 992 praascientiam,
2811 937 2881 974 au
2917 917 3383 990 magnitudinem
3422 916 3762 989 Salvatoris,

2117 1007 2543 1065 Praescientiam
2577 1009 2730 1080 quod
2765 1012 3000 1062 noverat
3030 1007 3246 1078 piscem
3297 1006 3510 1062 habere
3555 1007 3612 1061 in
3665 1024 3765 1064 ore

2116 1101 2412 1164 stateram,
2438 1102 2494 1152 et
2539 1097 2692 1168 quod
2753 1097 2981 1168 primus
3031 1095 3157 1167 ipse
3209 1095 3529 1166 capiendus
3585 1101 3763 1152 esset.

2116 1185 2570 1257 Magnitudinem
2606 1191 2780 1256 atque
2810 1185 3104 1249 virtutem,
3137 1183 3185 1239 si
3215 1184 3300 1238 'ad
3345 1185 3580 1238 verbum
3633 1186 3764 1254 ejus

2116 1274 2312 1329 statim
2339 1279 2519 1329 stater
2550 1274 2606 1328 in
2641 1291 2740 1329 ore
2763 1273 2939 1345 piscis
2971 1277 3202 1328 creatus
3227 1278 3335 1338 est,
3389 1279 3442 1328 et
3482 1274 3636 1344 quod
3677 1275 3766 1330 fu~

2113 1369 2314 1420 turum
2346 1367 2490 1431 erat,
2528 1363 2651 1435 ipse
2681 1361 2973 1434 loquendo
3005 1361 3220 1416 fecerit.
3270 1361 3513 1416 Videtur
3564 1365 3762 1417 autem

2115 1451 2258 1506 mihi
2317 1452 2640 1508 secundum
2702 1450 2976 1522 mystieos
3052 1448 3404 1519 intellectus,
3455 1450 3566 1505 iste
3633 1465 3763 1505 esse

2113 1540 2291 1613 piscis
2321 1541 2420 1611 qui
2451 1540 2678 1612 primus
2701 1543 2908 1610 captus
2937 1537 3153 1609 est,qui
3181 1538 3237 1591 in
3263 1538 3550 1609 profundo
3576 1538 3759 1595 maris

2112 1633 2255 1696 erat,
2289 1636 2345 1682 et
2374 1629 2432 1683 in
2467 1627 2642 1684 salsis
2661 1627 2995 1698 amarisque
3026 1626 3359 1699 gurgitibus
3391 1627 3759 1698 morabatur,

2111 1721 2177 1772 ut
2206 1733 2307 1789 per
2341 1717 2668 1772 secundum
2703 1716 2888 1770 Adam
2923 1715 3267 1770 liberaretur
3293 1715 3520 1787 primus
3547 1715 3758 1770 Adam:

2112 1811 2169 1861 et
2198 1806 2254 1861 id
2287 1806 2439 1878 quod
2466 1805 2522 1860 in
2554 1821 2652 1860 ore
2671 1805 2820 1875 ejus,
2847 1805 2954 1858 hoc
2977 1805 3074 1859 est
3105 1805 3162 1858 in
3217 1803 3580 1860 confessione
3635 1804 3762 1860 fue-

2108 1900 2198 1950 rat
2226 1895 2552 1963 inventum,
2602 1911 2705 1966 pro
2761 1897 2928 1948 Petro
2987 1898 3043 1947 et
3091 1892 3339 1948 Domino
3396 1894 3758 1948 redderetur.

2107 1988 2170 2038 Et
2201 1983 2442 2055 pulchre
2500 1982 2758 2054 idipsum
2802 1981 3035 2052 quidem
3088 1981 3263 2036 datur
3325 1981 3604 2052 pretium,
3653 1983 3759 2038 sed

2107 2071 2356 2128 divisum
2391 2076 2498 2139 est,
2533 2071 2673 2142 quia
2703 2087 2805 2142 pro
2857 2070 3021 2125 Petro
3079 2069 3247 2142 quasi
3298 2086 3399 2141 pro
3457 2075 3763 2142 peccatore

2106 2160 2358 2231 pretium
2392 2159 2768 2214 reddebatur:
2803 2157 3088 2214 Dominus
3110 2163 3306 2214 autem
3329 2164 3528 2214 noster
3556 2175 3760 2230 pecca-

2110 2256 2230 2304 tum
2259 2265 2372 2303 non
2406 2249 2632 2314 fecerat,
2667 2265 2770 2302 nec
2801 2246 2971 2302 dolus
3005 2247 3273 2302 inventus
3295 2251 3384 2303 est
3409 2247 3466 2302 in
3500 2263 3599 2303 ore
3628 2248 3760 2319 ejus

2105 2340 2236 2408 (isa.
2265 2354 2382 2406 LIII,
2413 2337 2446 2390 9
2481 2354 2494 2402 ;
2529 2337 2550 2390 1
2582 2341 2734 2390 Petr.
2771 2353 2806 2401 ι,
2842 2337 2953 2406 22).
2989 2336 3181 2390 Stater
3210 2335 3445 2403 dicitur,
3479 2336 3580 2407 qui
3637 2336 3758 2392 duo

2104 2428 2281 2482 habet
2345 2425 2770 2490 didrachmata,
2824 2427 2889 2478 ut
2947 2424 3353 2480 ostenderetur
3423 2424 3757 2491 similitudo

2103 2515 2317 2580 carnis,
2351 2516 2492 2568 dum
2517 2515 2720 2570 eodem
2753 2517 2809 2568 et
2839 2528 3041 2569 servus
3071 2517 3128 2567 et
3158 2513 3442 2569 Dominus
3475 2515 3659 2588 pretio
3692 2513 3760 2568 li-

2102 2605 2398 2659 berantur.
2425 2603 2534 2658 Sed
2565 2607 2621 2658 et
2672 2601 3021 2673 simpliciter
3080 2602 3442 2657 intellectum
3503 2603 3757 2659 aediﬁcat

2101 2693 2467 2747 auditorem:
2518 2691 2660 2746 dum
2718 2695 2889 2745 tanta:
2941 2690 3224 2746 Dominus
3274 2690 3450 2745 fuerit
3502 2707 3753 2763 pauper-

2100 2781 2294 2848 tatis”,
2329 2784 2392 2834 ut
2424 2779 2578 2834 unde
2618 2779 2835 2834 tributa
2884 2795 2986 2850 pro
3030 2795 3092 2834 se
3135 2784 3192 2833 et
3235 2778 3497 2850 apostolo
3543 2780 3752 2835 redde-

2100 2873 2208 2935 ret,
2241 2885 2357 2924 non
2383 2868 2675 2923 habuerit.
2705 2867 2868 2930 Quod
2903 2867 2951 2922 si
2971 2867 3118 2938 jquis
3161 2867 3414 2937 objicere
3461 2867 3751 2925 voluerit:

2097 2963 2154 3012 et
2179 2957 2468 3027 quomodo
2497 2957 2526 3012 J
2539 2957 2681 3011 udas
2704 2957 2760 3011 in
2794 2955 2999 3011 loculis
3057 2955 3327 3028 portabat
3382 2957 3688 3028 pecuniam
3724 2958 3754 3012 τ

2099 3045 2624 3119 Respondebimus,
2673 3061 2793 3100 rem
2819 3060 3142 3116 pauperum
3175 3043 3234 3099 in
3266 3061 3410 3100 usus
3439 3061 3578 3101 suos
3609 3062 3752 3102 con-

2096 3143 2318 3192 vertere
2346 3136 2508 3191 nefas
2541 3135 2786 3206 putavit,
2819 3134 3106 3205 nobisque
3127 3134 3282 3189 idem
3302 3134 3523 3206 putavit
3551 3150 3751 3190 exem-

342 3226 594 3280 tradicat
613 3224 858 3280 Caesaris
879 3223 1160 3278 voluntati
1189 3225 1390 3294 ;juxta
1433 3225 1587 3294 quod
1629 3224 1686 3277 in
1723 3222 1833 3278 alio
1861 3222 1986 3278 loco
2019 3215 2061 3280 C
2102 3224 2284 3297 plum.

337 3313 630 3385 legimus:
692 3313 836 3368 Licet
890 3311 1123 3366 Caesaris
1181 3312 1392 3365 tributa
1454 3311 1688 3378 solvere,
1749 3329 1820 3365 an
1878 3328 1987 3366 non

336 3403 523 3474 (Marc.
556 3419 682 3467 xm,
721 3400 856 3471 14)?
895 3421 915 3448 ι
950 3401 1020 3454 Et
1075 3416 1209 3454 cum
1265 3399 1542 3453 intrasset
1599 3398 1658 3452 in
1718 3400 1982 3465 domum,

337 3491 613 3564 pravenit
668 3506 804 3545 eum
859 3489 1052 3557 Jesus,
1117 3489 1337 3542 dicens.
1392 3509 1418 3535 ››
1479 3486 1583 3549 Qui
1643 3487 1986 3542 didrachma

335 3580 664 3651 exigebant,
697 3595 964 3633 seorsum
996 3583 1386 3632 convenerant
1431 3576 1686 3630 Petrum.
1722 3577 1984 3646 Cumque

334 3667 616 3722 intrasset
687 3668 954 3733 domum,
1029 3671 1339 3744 antequam
1430 3669 1633 3719 Petrus
1711 3668 1983 3736 suggeret

333 3757 656 3826 interrogat
685 3754 991 3820 Dominus,
1054 3771 1126 3810 ne
1185 3753 1654 3809 scandalizentur
1710 3753 1979 3823 discipuli

329 3846 400 3900 ad
434 3844 888 3917 postulationem
917 3844 1121 3899 tributi
1158 3861 1170 3899 :
1207 3859 1341 3906 cum
1379 3843 1612 3897 videant
1640 3858 1775 3897 eum
1809 3857 1980 3896 nosse

327 3950 460 4005 quae
494 3933 732 3988 absente
763 3949 824 3987 se
855 3939 1019 4004 gesta
1049 3938 1211 3988 sunt.

400 4023 585 4095 (Vers.
643 4023 734 4093 24,
793 4023 909 4093 25.)
967 4045 994 4070 ‹‹
1053 4021 1203 4085 Quid
1269 4021 1372 4075 tibi
1431 4021 1680 4087 videtur,
1741 4020 1975 4075 Simon:

332 4113 518 4185 Reges
549 4117 712 4167 terrae
741 4129 776 4167 a
807 4111 1024 4182 quibus
1055 4110 1352 4182 accipiunt
1401 4109 1688 4163 tributum
1721 4108 1809 4163 vel
1841 4125 1976 4163 cen-

333 4218 491 4270 sum,
525 4219 560 4256 a
589 4200 723 4256 filiis
755 4200 902 4267 suis,
938 4217 1011 4256 an
1047 4200 1118 4255 ab
1151 4197 1358 4255 alienis
1380 4197 1408 4252 ?
1439 4199 1506 4252 Et
1552 4196 1648 4252 ille
1679 4196 1856 4252 dixit:
1891 4198 1976 4252 Ab

333 4289 559 4344 alienis.
594 4289 748 4344 Dixit
777 4289 856 4342 illi
889 4289 1098 4345 Jesus:
1137 4293 1280 4360 Ergo
1313 4287 1476 4343 liberi
1505 4286 1783 4343 suntﬁlii.
1811 4310 1837 4336 ››
1866 4288 1977 4342 Do-

329 4377 527 4432 minus
559 4377 712 4432 136
752 4379 982 4443 hoster,
1014 4383 1070 4433 et
1118 4378 1442 4434 secundum
1493 4393 1752 4442 carnem,
1803 4381 1860 4430 et
1891 4393 1977 4431 se-

327 4465 585 4522 cundum
621 4465 896 4536 spiritum
947 4465 1103 4520 ﬁlius
1161 4466 1314 4537 regis
1370 4469 1515 4529 erat,
1574 4465 1663 4520 vel
1694 4481 1759 4520 ex
1793 4464 1970 4520 David

323 4556 503 4628 stirpe
534 4559 865 4627 generatus,
894 4553 979 4608 vel
1013 4553 1433 4625 omnipotentis
1472 4553 1728 4608 Verbum
1759 4554 1969 4609 Patris.
2003 4574 2050 4640 Β

326 4646 473 4717 Ergo
503 4643 723 4699 tributa
755 4642 922 4715 quasi
956 4658 1160 4715 regum
1192 4641 1349 4697 filius
1405 4659 1519 4697 non
1568 4641 1836 4707 debebat,
1871 4642 1972 4696 sed

325 4733 424 4802 qui
458 4732 849 4788 humilitatem
875 4731 1065 4786 carnis
1099 4734 1518 4801 assumpserat,
1553 4729 1758 4784 debuit
1789 4729 1972 4784 adim-

326 4819 484 4892 plere
515 4838 749 4877 omnem
773 4820 1090 4891 justitiam.
1126 4819 1358 4889 Nosque
1391 4817 1648 4873 infelices
1681 4818 1780 4889 qui
1811 4817 1972 4872 Chri-

323 4910 396 4965 sti
430 4925 738 4965 censemur
768 4910 1022 4975 nomine,
1055 4914 1111 4965 et
1144 4906 1289 4962 nihil
1343 4907 1587 4978 dignum
1636 4911 1798 4962 tanta
1823 4906 1968 4961 faci-

320 5016 454 5054 mus
487 5000 829 5069 majestate:
867 4999 959 5054 ille
990 5016 1094 5070 pro
1126 4996 1296 5052 nobis
1328 5001 1383 5051 et
1404 5011 1635 5050 crucem
1659 4995 1966 5063 sustinuit,

319 5091 376 5144 et
395 5087 616 5144 tributa
647 5088 920 5159 reddidit,
966 5105 1073 5144 nos
1131 5103 1233 5159 pro
1287 5085 1445 5141 illius
1496 5083 1718 5139 honore
1748 5084 1969 5140 tributa

323 5193 438 5232 non
470 5176 794 5243 reddimus,
822 5182 880 5233 et
929 5177 1094 5249 quasi
1153 5175 1256 5232 ﬁlii
1305 5175 1460 5247 regis
1510 5192 1544 5228 η
1588 5173 1967 5246 vestigalibus

323 5267 620 5323 immunes
651 5283 880 5322 sumus.

397 5446 413 5478 ί
467 5441 606 5515 Jure
663 5444 746 5498 ait
801 5443 1058 5515 Scaliger
1113 5443 1171 5497 in
1230 5440 1964 5515 Animadversionibus_in

317 5513 661 5587 Chronicon,
696 5516 744 5570 si
777 5513 1014 5570 demum
1034 5519 1152 5587 post
1182 5517 1514 5587 Augustum
1546 5515 1825 5587 Qae_serem
1859 5513 1961 5567 Ju-

315 5586 443 5658 daza
470 5587 620 5642 facta
681 5591 769 5643 est
828 5584 1326 5658 tributaria,wcur
1382 5584 1544 5658 addit
1573 5585 1964 5658 Hieronymus

313 5657 610 5742 professos
639 5674 768 5723 esse
812 5659 1032 5735 Joseph
1063 5655 1145 5718 et'
1169 5657 1413 5718 Mariam
1465 5655 1666 5730 utique
1712 5655 1813 5716 sub
1840 5657 1964 5715 Au-

2168 3314 2328 3384 (Cap.
2357 3313 2648 3368 XVIll.—
2681 3311 2845 3366 Vers.
2900 3313 2974 3382 1.)
3025 3336 3050 3361 ‹‹
3104 3312 3166 3367 In
3220 3311 3320 3368 illa
3375 3312 3519 3368 hora
3560 3329 3754 3368 acces-

2097 3408 2299 3456 serunt
2329 3400 2598 3473 discipuli
2633 3401 2702 3454 ad
2753 3401 2978 3466 Jesum,
3030 3402 3325 3458 dicentes:
3381 3402 3522 3465 Quis
3572 3407 3750 3474 putas

2096 3491 2282 3559 major
2310 3495 2399 3544 est
2429 3490 2487 3542 in
2522 3490 2664 3544 137
2697 3505 2873 3561 regno
2908 3489 3232 3544 caelorum?
3280 3514 3307 3540 ››
3369 3492 3532 3556 Quod
3590 3507 3748 3562 saepe

2096 3579 2317 3644 monui,
2341 3579 2516 3632 etiam
2550 3594 2704 3632 nunc
2734 3578 3164 3632 observandum
3195 3584 3302 3634 est.
3337 3579 3537 3634 Causae
3593 3595 3750 3650 qua:-

2094 3668 2282 3720 rendze
2331 3672 2469 3722 sunt
2511 3665 2878 3738 singulorum
2928 3667 3152 3721 Domini
3217 3668 3506 3722 dictorum
3565 3674 3746 3739 atque

2092 3756 2399 3811 factorum.
2451 3755 2589 3810 Post
2636 3755 2938 3811 inventum
2989 3760 3287 3827 staterem,
3329 3763 3461 3826 post
3518 3757 3748 3812 tributa

2091 3845 2335 3909 reddita,
2369 3843 2511 3914 quid
2544 3843 2655 3898 sibi
2687 3843 2811 3897 vult
2837 3842 3235 3915 apostolorum
3297 3844 3596 3916 repentina
3645 3845 3742 3899 in-

2089 3933 2447 4004 terrogatio?
2497 3935 2558 3988 In
2611 3933 2712 3987 illa
2767 3931 2908 3987 hora
2964 3943 3300 3988 accesserunt
3357 3933 3614 4004 discipuli
3669 3933 3745 3988 ad

2085 4023 2267 4077 Iesum
2295 4022 2550 4076 dicentes.
2587 4021 2718 4088 Quis
2746 4030 2911 4092 putas
2951 4023 3134 4092 major
3188 4027 3269 4077 est
3327 4024 3385 4076 in
3433 4038 3598 4093 regno
3651 4039 3742 4077 ca-

2087 4111 2310 4166 lorum?
2339 4110 2483 4174 Quia
2513 4110 2774 4164 viderant
2805 4127 2908 4181 pro
2942 4109 3110 4166 Petro
3155 4115 3215 4165 et
3277 4111 3521 4166 Domino
3579 4110 3736 4166 idem

2086 4200 2370 4254 tributum
2395 4198 2711 4266 redditum,
2743 4197 3168 4270 exjasqualitate
3220 4198 3409 4270 pretii,
3470 4198 3738 4254 arbitrati

2086 4291 2226 4342 sunt
2257 4286 2488 4342 Petrum
2513 4286 2789 4342 omnibus
2819 4287 3100 4358 apostolis
3121 4305 3247 4344 esse
3277 4286 3600 4360 prelatum,
3631 4287 3737 4358 qui

2085 4376 2144 4430 in
2179 4375 2503 4431 redditione
2536 4376 2740 4431 tributi
2792 4376 3034 4432 Domino
3095 4378 3281 4432 fuerat
3335 4380 3736 4448 comparatus,

2085 4465 2212 4519 ideo
2244 4465 2624 4535 interrogant,
2659 4464 2789 4534 quis
2822 4465 3008 4535 major
3037 4465 3188 4520 sitin
3222 4480 3396 4537 regno
3427 4464 3733 4520 crelorum.

2087 4553 2411 4623 Videasque
2441 4554 2615 4608 Jesus
2647 4553 3032 4624 cogitationes
3061 4571 3284 4620 eorum,
3313 4560 3368 4609 et
3397 4569 3606 4609 causas
3649 4568 3738 4608 er-

2082 4641 2230 4696 roris
2261 4640 2617 4713 intelligens,
2651 4641 2772 4696 vult
2803 4643 3160 4698 desiderium
3212 4642 3430 4716 gloriae,
3493 4640 3732 4696 humili-

2080 4731 2216 4785 tatis
2246 4731 2617 4786 contentione
2657 4747 2882 4787 sanare.

2152 4819 2337 4890 (Vers.
2369 4819 2448 4890 2.)
2483 4841 2510 4866 ‹‹
2543 4819 2610 4872 Et
2639 4819 2926 4876 advocans
2957 4824 3128 4875 Jesus
3160 4821 3491 4892 parvulum,
3522 4820 3735 4874 statuit

2079 4924 2218 4963 eum
2250 4907 2310 4963 in
2343 4907 2533 4962 medio
2565 4925 2788 4977 eorum,
2829 4915 2888 4964 et
2944 4909 3109 4964 dixit.
3143 4931 3170 4959 »
3221 4909 3321 4963 Vel
3382 4908 3733 4980 simpliciter

2079 4996 2399 5068 quemlibet
2428 4996 2757 5067 parvulum,
2792 5003 2856 5052 ut
2885 5003 3109 5054 aetatem
3141 5003 3442 5069 quaereret,
3479 5003 3534 5052 et
3563 4997 3729 5052 simi-

2077 5085 2380 5140 litudinem
2416 5085 2755 5140 innocentiae
2785 5087 3229 5143 demonstraret.
3261 5087 3364 5142 Vel
3408 5090 3558 5141 certe
3592 5101 3729 5157 par-

2077 5173 2277 5230 vulum
2305 5174 2510 5228 statuit
2555 5173 2613 5228 in
2646 5174 2836 5230 medio
2893 5192 3096 5231 eorum
3142 5177 3428 5248 seipsum,
3470 5175 3568 5246 qui
3609 5190 3726 5230 non

2076 5261 2419 5333 ministrari,
2453 5263 2553 5318 sed
2586 5263 2920 5319 ministrare
2949 5270 3206 5332 venerat,
3241 5270 3305 5320 ut
3341 5265 3426 5320 eis
3484 5261 3724 5318 humili-

2075 5445 2268 5514 gusto.
2303 5440 2575 5514 Omnino
2602 5445 2796 5496 autem
2847 5441 3157 5498 tributaria
3198 5443 3348 5514 facta
3388 5444 3484 5514 gest
3534 5436 3718 5492 multo

2078 5510 2232 5586 ante,
2257 5513 2450 5581 etjam
2484 5512 2632 5586 inde
2650 5529 2682 5566 a
2705 5514 2998 5586 Pompeio.
3029 5514 3168 5568 Vide
3189 5510 3538 5586 Chronicon.

2144 5586 2165 5618 ²
2189 5580 2342 5640 Tres
2361 5599 2504 5639 mss.
2539 5583 2807 5654 Palatini,
2841 5580 3007 5643 tanta
3037 5587 3332 5642 Dominum
3353 5582 3517 5640 audit
3541 5580 3720 5655 fuisse

2067 5657 2436 5732 paupertatis.
