4024 6196
302 311 414 372 133

771 306 1289 370 COMMENTAR.
1337 307 1415 367 IN
1462 297 1974 366 EVANGELIUM
2021 295 2397 359 MATTHJEI
2442 300 2591 360 LIB.
2637 301 2744 361 ΙΙΙ.
2790 302 2961 364 CAP.
3008 303 3228 367 XVII].

3581 311 3696 370 134

295 441 430 498 tatis
459 441 747 497 tribueret
775 439 1125 513 exemplum.
1156 440 1265 496 Alii
1307 439 1614 511 parvulum
1655 437 1935 505 interpre-
1969 432 2023 497 Α
2052 430 2283 485 brevem
2324 432 2578 504 recipere
2634 451 2886 506 poenam,
2948 452 3124 507 quam
3182 439 3410 495 aeternis
3470 444 3687 498 servari

292 536 497 588 tantur
526 531 812 603 Spiritum
845 537 1136 601 sanctum,
1170 547 1344 602 quem
1378 528 1638 601 posuerit
1666 527 1725 580 in
1757 522 1942 579 cordi-

294 622 407 677 bus
435 619 886 692 discipulorum,
926 625 993 675 ut
1042 620 1380 692 superbiam
1437 618 1495 673 in
1545 614 1944 672 humilitatem

297 715 553 767 mutaret
578 712 617 765 ¹.

369 800 559 872 (Vers.
593 799 673 870 3.)
714 821 743 848 «
773 801 954 854 Amen
987 798 1115 853 dico
1146 798 1330 863 vobis,
1363 797 1475 852 nisi
1522 793 1784 851 conversi
1818 792 1945 846 fue-

296 889 429 945 ritis
460 892 517 944 et
544 887 879 943 efficiamini
915 886 1065 943 sicut
1099 886 1348 960 parvuli,
1383 903 1496 941 non
1555 881 1847 940 intrabitis
1887 880 1947 935 in

297 993 547 1050 regnum
578 975 875 1030 caelorum.
913 998 941 1023 ››
984 978 1111 1030 Non
1154 974 1487 1046 praecipitur
1531 969 1832 1044 apostolis,
1886 971 1952 1023 ut

301 1070 534 1121 aetatem
568 1064 824 1119 habeant
874 1062 1271 1135 parvulorum,
1306 1063 1404 1117 sed
1440 1065 1504 1116 ut
1533 1059 1949 1123 innocentiam,

302 1161 364 1211 et
396 1155 545 1226 quod
572 1152 653 1207 illi
687 1169 790 1225 per
820 1169 1006 1208 annos
1039 1152 1358 1224 possident,
1392 1152 1453 1206 hi
1486 1149 1826 1222 possideant
1852 1163 1954 1219 per

298 1242 657 1307 industriam
683 1259 697 1297 :
734 1248 799 1297 ut
828 1240 1075 1309 malitia,
1100 1258 1217 1296 non
1248 1239 1535 1313 sapientia
1566 1236 1790 1311 parvuli
1813 1236 1950 1291 sint.

306 1392 311 1395 _
370 1333 555 1404 (Vers.
592 1332 717 1403 4.)ι‹
754 1330 1098 1402 Quicunque
1155 1346 1289 1402 ergo
1350 1328 1743 1384 humiliaverit
1788 1343 1849 1381 se
1881 1324 1955 1379 si-

293 1429 400 1480 cut
428 1420 711 1495 parvulus
740 1420 875 1485 iste,
934 1419 1029 1475 hic
1092 1425 1181 1475 est
1242 1420 1438 1490 major
1482 1418 1542 1472 in
1577 1432 1751 1488 regno
1783 1414 1954 1470 coelo-

293 1530 457 1568 rum.
492 1536 522 1562 »
553 1512 716 1567 Sicut
746 1510 860 1564 iste
891 1508 1192 1581 parvulus,
1228 1508 1395 1579 cujus
1428 1507 1591 1563 vobis
1622 1504 1954 1576 exemplum

295 1603 519 1667 tribuo,
553 1598 668 1655 neu
699 1602 1029 1671 perseverat
1058 1598 1118 1653 in
1151 1597 1473 1662 iracundia,
1496 1613 1611 1651 non
1643 1594 1816 1650 laesus
1836 1609 1954 1647 me-

296 1689 497 1757 minit,
534 1705 648 1744 non
674 1687 878 1742 videns
910 1686 1213 1759 pulchram
1266 1685 1570 1741 mulierem
1614 1682 1954 1747 delectatur,

296 1797 422 1836 non
454 1778 614 1833 aliud
646 1777 880 1849 cogitat,
905 1780 959 1831 et
989 1776 1147 1831 aliud
1182 1775 1445 1847 loquitur
1473 1792 1484 1830 :
1514 1774 1597 1867 sic
1628 1779 1686 1828 et
1715 1789 1815 1867 vos
1842 1770 1954 1825 nisi
1988 1803 2034 1867 B

295 1869 483 1926 talem
513 1865 838 1922 habueritis
866 1865 1284 1935 innocentiam,
1319 1869 1376 1918 et
1404 1862 1582 1918 animi
1617 1861 1956 1934 puritatem,

300 1975 424 2015 non
454 1956 720 2030 poteritis
750 1972 928 2028 regna
975 1954 1252 2010 caelorum
1303 1954 1541 2011 intrare.
1592 1951 1721 2006 Sive
1753 1949 1957 2004 aliter:

300 2048 624 2117 Quicunque
678 2045 1056 2100 humiliaverit
1100 2060 1157 2099 se
1210 2045 1351 2098 sicut
1393 2041 1657 2113 parvulus
1703 2041 1824 2109 iste,
1869 2037 1959 2093 hic

300 2145 386 2194 est
412 2136 593 2207 major
620 2136 681 2189 in
710 2149 876 2205 regno
902 2133 1180 2188 caelorum.
1210 2131 1318 2197 Qui
1348 2130 1614 2186 imitatus
1647 2129 1819 2184 fuerit
1844 2143 1954 2197 me,

298 2230 361 2283 et
393 2242 456 2281 se
486 2224 547 2278 in
578 2221 912 2295 exemplum
943 2221 1058 2276 mei
1088 2219 1505 2287 humiliaverit,
1540 2223 1604 2274 ut
1633 2222 1863 2272 tantum
1896 2232 1957 2271 se

302 2314 568 2385 dejieiat,
601 2317 888 2384 quantum
920 2327 1021 2382 ego
1052 2310 1235 2381 dejeci
1268 2309 1460 2381 [Supp.
1497 2309 1631 2379 me],
1664 2307 1817 2362 I38
1848 2305 1958 2360 tor-

304 2419 479 2458 mam
505 2401 647 2457 servi
678 2400 973 2472 accipiens
1031 2400 1302 2472 (Philipp.
1369 2415 1430 2470 Ix,
1478 2400 1559 2463 7),
1593 2396 1685 2451 hic
1717 2395 1959 2450 intrabit

306 2494 375 2548 in
408 2507 647 2564 regnum
680 2488 982 2545 caelorum.
1024 2484 1035 2491 ’

386 2580 572 2653 (Vers.
603 2579 685 2651 5.)
716 2601 745 2628 «
779 2579 849 2633 Et
887 2578 988 2650 qui
1047 2577 1372 2650 susceperit
1419 2592 1602 2632 unum
1652 2573 1958 2647 parvulum

304 2671 489 2727 talem
550 2671 608 2724 in
666 2669 904 2724 nomine
961 2684 1110 2738 meo,
1143 2685 1234 2724 me
1294 2667 1559 2739 suscipit.
1594 2690 1621 2715 ››
1682 2664 1787 2729 Qui
1827 2663 1961 2719 talis

310 2760 510 2827 fuerit,
546 2761 611 2813 ut
641 2756 857 2813 Christi
888 2756 1148 2812 imitetur
1178 2755 1572 2811 humilitatem
1605 2758 1661 2810 et
1688 2754 1963 2809 innocen-

310 2850 481 2912 tiam,
512 2847 572 2902 in
604 2864 670 2903 eo
700 2846 969 2901 Christus
1023 2841 1364 2917 suscipitur.
1426 2845 1493 2899 Et
1523 2843 1859 2915 prudenter,
1890 2857 1963 2896 ne

310 2951 449 2990 cum
483 2933 745 2989 delatum
778 2931 952 2987 fuerit
998 2932 1301 3003 apostolis,
1351 2948 1413 2987 se
1460 2935 1668 3003 putent
1705 2930 1959 2985 honora-

309 3029 425 3093 tos,
459 3021 690 3094 adjecit,
718 3038 836 3075 non
866 3020 997 3076 illos
1029 3022 1117 3076 sui
1152 3021 1256 3093 [Αι.
1293 3023 1421 3090 suo]
1454 3020 1682 3089 merito,
1705 3019 1805 3074 sed
1837 3035 1961 3073 ma-

310 3112 487 3187 gistri
516 3111 739 3167 honore
768 3109 1199 3182 suscipiendos.

386 3201 577 3262 (Vers.
608 3200 689 3269 6.)
721 3222 747 3249 ‹‹
782 3199 890 3264 Qui
922 3204 1117 3253 autem
1152 3197 1636 3253 scandalizaverit
1674 3212 1859 3251 unum
1892 3195 1961 3250 de
1992 3171 2034 3236 (ἶ

312 3287 557 3361 p'usillis
590 3287 716 3343 istis
745 3287 844 3359 qui
874 3287 932 3341 in
967 3304 1059 3343 me
1109 3288 1373 3342 credunt.
1411 3309 1438 3335 »
1486 3286 1635 3341 Nota
1674 3285 1827 3357 quod
1860 3284 1960 3355 qui

312 3376 771 3444 scandalizatur,
799 3375 1079 3449 parvulus
1102 3381 1191 3432 est
1222 3376 1471 3446 majores
1502 3376 1659 3430 enim
1691 3373 1967 3430 scandala

315 3484 433 3523 non
467 3466 780 3538 recipiunt.

393 3580 419 3606 ‹‹
454 3555 699 3627 Expedit
747 3554 798 3611 ei
855 3558 922 3609 ut
969 3554 1364 3626 suspendatur
1410 3552 1566 3608 mola
1613 3551 1868 3608 asinaria
1909 3551 1965 3605 in

318 3644 470 3700 collo
497 3646 646 3716 ejus,
674 3647 731 3699 et
759 3644 1132 3715 demergatur
1188 3643 1247 3698 in
1300 3643 1655 3714 profundum
1706 3640 1901 3696 maris.
1940 3662 1967 3689 ››

323 3734 673 3805 Quanquam
704 3732 825 3787 haec
856 3732 1144 3803 generalis
1176 3732 1363 3804 possit
1394 3747 1522 3787 esse
1551 3732 1838 3787 sententia
1868 3729 1969 3784 ad-

320 3839 528 3878 versus
581 3838 783 3876 omnes
840 3821 937 3893 qui
1000 3820 1255 3892 aliquem
1319 3820 1736 3887 scandalizant,
1773 3824 1969 3874 tamen

316 3913 496 3982 juxta
519 3910 989 3981 consequentiam
1014 3909 1301 3964 sermonis
1321 3908 1494 3964 etiam
1520 3916 1720 3963 contra
1739 3912 1971 3979 aposto-

329 3999 422 4053 los
456 3998 672 4053 dictum
703 3997 948 4069 intelligi
985 4002 1192 4069 potest,
1230 3998 1350 4069 qui,
1395 3997 1809 4068 interrogando
1841 3995 1973 4067 quis

326 4089 521 4158 major
549 4092 703 4143 esset
732 4088 791 4142 in
822 4104 1000 4159 regno
1030 4086 1333 4154 ccnlorum,
1365 4086 1714 4142 videbantur
1740 4086 1892 4141 inter
1912 4102 1974 4141 se

325 4177 396 4232 de
427 4176 712 4248 dignitate
742 4176 1108 4241 contendere,
1141 4181 1198 4230 et
1229 4176 1276 4230 si
1312 4177 1371 4230 in
1406 4175 1512 4230 hoc
1542 4176 1678 4230 vitio
1710 4191 1976 4247 perman-

327 4268 570 4331 sissent,
604 4269 830 4337 poterat
858 4280 956 4319 eos
1007 4281 1154 4335 quos
1197 4266 1268 4319 ad
1323 4264 1496 4319 tinem
1539 4265 1844 4331 vocabant,
1880 4279 1981 4334 per

327 4370 506 4410 suum
537 4353 879 4409 scandalum
914 4354 1177 4426 perdere,
1214 4354 1353 4408 dum
1387 4353 1682 4425 apostolos
1718 4352 1980 4407 viderent

328 4444 485 4498 inter
514 4459 575 4498 se
606 4443 677 4498 de
722 4442 942 4497 honore
1001 4457 1284 4513 pugnare.
1337 4442 1499 4508 Quod
1549 4446 1742 4496 autem
1793 4440 1975 4495 dixit:

2054 521 2429 577 cruciatibus.
2461 522 2585 578 Non
2616 524 2772 579 enim
2803 524 3127 580 vindicabit
3156 528 3696 605 [Al.judicabit]Do-

2056 611 2254 668 minus
2284 611 2376 664 bis
2406 610 2465 665 in
2496 611 2757 684 idipsum
2784 614 3039 683 (Nahum.
3078 632 3117 683 1,
3148 616 3228 687 9.)

2126 700 2315 768 (Vers.
2347 701 2426 771 7.)
2460 722 2487 751 «
2519 700 2615 756 Vae
2647 703 2867 757 mundo
2898 720 2932 758 a
2962 703 3276 761 scaudalis.
3328 707 3570 766 Necesse
3610 718 3702 767 est

2057 790 2210 845 enim
2246 793 2309 843 ut
2336 790 2574 845 veniant
2604 791 2900 847 scandala.
2924 792 3339 850 Verumtamen
3363 813 3444 853 va:
3476 797 3699 855 homini
3754 832 3767 841 ι

2059 894 2161 950 per
2191 894 2362 948 quem
2416 879 2758 936 scandalum
2809 882 2982 937 venit.
3033 904 3060 931 ››
3114 883 3239 938 Non
3280 886 3433 956 quod
3468 902 3704 944 necesse

2059 967 2137 1022 sit
2166 967 2359 1022 venire
2386 968 2684 1041 scandala,
2709 969 2966 1042 alioquin
2998 971 3124 1027 sine
3155 972 3327 1045 culpa
3353 981 3572 1045 essent,
3607 976 3707 1049 qui

2060 1055 2401 1113 scandalum
2434 1056 2675 1129 faciunt,
2727 1060 2827 1114 sed
2882 1076 3017 1115 cum
3070 1077 3307 1119 necesse
3366 1064 3444 1119 sit
3500 1065 3561 1120 in
3592 1064 3705 1122 isto

2062 1145 2283 1199 mundo
2316 1145 2437 1200 fieri
2468 1146 2763 1215 scandala,
2798 1150 3205 1222 unusquisque
3234 1168 3342 1208 suo
3371 1153 3507 1209 vitio
3528 1170 3703 1210 scau-

2062 1233 2212 1288 dalis
2244 1239 2399 1305 patet
2419 1235 2459 1289 5.
2493 1235 2798 1307 Simulque
2828 1255 2929 1309 per
2969 1239 3297 1311 generalem
3350 1244 3701 1301 sententiam

2064 1324 2386 1394 percutitur
2411 1324 2614 1392 Judas,
2649 1326 2749 1396 qui
2783 1327 3097 1398 proditioni
3129 1329 3392 1386 animum
3424 1348 3709 1404 praepara-

2062 1417 2239 1468 verat.

2138 1502 2320 1574 (Vers.
2354 1504 2407 1567 8,
2439 1502 2517 1574 9.)
2554 1524 2574 1551 ε
2611 1503 2670 1557 Si
2696 1504 2848 1559 enim
2884 1522 3094 1563 manus
3134 1512 3235 1563 tua
3280 1509 3367 1565 vel
3420 1527 3518 1582 pes
3568 1516 3707 1568 tuus

2067 1590 2422 1646 scandalizat
2449 1596 2524 1657 te,
2559 1592 2834 1649 abscinde
2866 1611 2999 1649 eum
3032 1600 3089 1651 et
3118 1598 3335 1668 projice
3364 1599 3468 1655 abs
3500 1604 3576 1655 te.
3600 1601 3707 1657 Bo-

2068 1696 2209 1734 num
2242 1684 2331 1735 est
2360 1680 2464 1735 tibi
2495 1681 2565 1736 ad
2621 1682 2799 1737 vitam
2852 1683 3077 1756 ingredi
3137 1686 3388 1744 debilem
3434 1689 3522 1745 vel
3552 1689 3709 1745 clau-

2067 1771 2230 1836 dum,
2263 1787 2439 1841 quam
2472 1771 2619 1826 duas
2651 1789 2862 1829 manus
2891 1774 3042 1829 139
3076 1775 3163 1830 vel
3194 1776 3341 1833 duos
3386 1779 3560 1849 pedes
3600 1779 3708 1835 ha-

2067 1859 2295 1914 bentem
2332 1860 2482 1914 mitti
2514 1859 2573 1914 in
2608 1861 2801 1932 ignem
2832 1866 3132 1918 aeternum.
3162 1860 3231 1919 Et
3251 1866 3299 1921 si
3333 1866 3537 1923 oculus
3568 1872 3708 1924 tuus

2066 1947 2438 2017 scandalizat,
2474 1955 2549 2018 te,
2581 1966 2717 2005 erue
2746 1966 2878 2005 eum
2933 1956 2990 2006 et
3019 1953 3233 2022 projice
3263 1954 3367 2009 abs
3393 1960 3463 2010 te.
3484 1956 3708 2013 Bonum

2066 2041 2155 2091 est
2187 2036 2291 2090 tibi
2349 2052 2482 2091 cum
2541 2054 2657 2092 uno
2713 2039 2881 2093 oculo
2938 2038 2999 2093 in
3048 2040 3227 2096 vitam
3261 2042 3498 2113 intrare,
3530 2061 3708 2116 quam

2066 2125 2212 2181 duos
2242 2123 2441 2181 oculos
2473 2126 2784 2182 habentem
2818 2127 2971 2183 mitti
3004 2129 3062 2184 in
3109 2130 3435 2202 gehennam
3468 2134 3641 2206 ignis.
3682 2158 3709 2183 ιι

2066 2213 2312 2269 Necesse
2342 2219 2429 2270 est
2457 2215 2693 2286 quidem
2724 2216 2918 2273 venire
2949 2218 3261 2275 scandala:
3295 2220 3389 2277 Vae
3419 2227 3614 2279 tamen
3657 2225 3708 2280 ei

2067 2307 2154 2358 est
2183 2303 2426 2374 homini,
2461 2305 2558 2375 qui
2593 2300 2748 2375 q'uod
2794 2322 3029 2363 necesse
3085 2313 3173 2365 est
3220 2313 3284 2365 ut
3314 2311 3415 2366 ﬁat
3443 2312 3502 2366 in
3537 2329 3707 2369 mun-

2067 2393 2161 2458 do,
2194 2392 2332 2447 vitio
2364 2408 2470 2447 suo
2515 2394 2654 2449 facit
2702 2399 2767 2449 ut
2823 2412 2927 2467 per
2982 2414 3043 2453 se
3101 2398 3221 2454 fiat.
3281 2399 3463 2473 Igitur
3518 2405 3711 2459 omnis

2066 2485 2374 2536 truncatur
2403 2482 2667 2551 affectus,
2700 2488 2756 2539 et
2802 2485 3074 2542 universa
3130 2488 3540 2563 propinquitas
3588 2510 3712 2548 am-

2069 2574 2306 2642 putatur
2337 2588 2408 2627 ne
2452 2588 2554 2643 per
2599 2573 2974 2655 occasionem
3023 2576 3256 2649 pietatis
3305 2582 3713 2655 unusquisque

2070 2660 2429 2715 credentium
2481 2651 2773 2718 scandulis
2836 2669 3049 2735 pateat.
3099 2666 3180 2734 Si,
3236 2668 3448 2741 inquit,
3484 2651 3580 2726 ita
3617 2651 3716 2727 “est

2071 2749 2204 2821 quis
2233 2749 2338 2805 tibi
2372 2752 2748 2822 cunjunctus,
2808 2758 2870 2808 ut
2921 2771 3151 2821 manus,
3202 2773 3324 2827 pes,
3373 2759 3599 2825 oculus,
3661 2766 3717 2815 et

2072 2843 2160 2894 est
2192 2838 2351 2894 utilis
2383 2844 2557 2911 atque
2587 2840 2891 2911 sollicitus,
2920 2848 2978 2898 et
3007 2851 3215 2900 acutus
3246 2847 3317 2900 ad
3365 2848 3716 2918 perspicien-

2072 2928 2211 2982 dum
2239 2946 2252 2983 :
2286 2928 2629 2984 scandalum
2657 2935 2848 2985 autem
2880 2930 2987 2986 tibi
3016 2932 3173 2998 facit,
3218 2938 3274 2987 et
3320 2941 3555 3006 propter
3593 2934 3713 2990 dis-

2072 3017 2401 3072 so‘nantiam
2434 3033 2664 3072 morum
2695 3024 2751 3073 te
2783 3019 3063 3090 pertrahit
3090 3019 3147 3075 in
3179 3020 3539 3093 gehennam:
3588 3040 3712 3080 me-

2073 3105 2187 3161 lius
2220 3110 2328 3169 est,
2361 3109 2426 3160 ut
2452 3109 2508 3161 et
2537 3106 2970 3178 pr0pinquitate
3017 3109 3166 3179 ejus,
3201 3113 3257 3165 et
3302 3111 3717 3169 emolumentis

2073 3194 2409 3249 carnalibus
2440 3210 2659 3263 careas,
2693 3212 2763 3251 ne
2794 3196 2936 3251 dum
2992 3198 3079 3252 vis
3126 3198 3467 3256 lucrifacere
3505 3218 3719 3275 cogna-

2073 3290 2169 3338 tos
2192 3287 2248 3337 et
2278 3283 2657 3353 necessarios,
2688 3302 2923 3341 causam
2974 3286 3189 3343 habeas
3238 3290 3561 3345 ruinarum.
3608 3293 3716 3347 Ita-

2074 3388 2187 3444 que
2218 3388 2332 3426 non
2368 3372 2560 3439 frater,
2597 3390 2712 3428 non
2746 3391 2906 3442 uxor,
2942 3391 3057 3431 non
3089 3375 3213 3447 ﬁlii,
3247 3393 3362 3433 non
3393 3379 3717 3447 amici,non

2076 3461 2268 3517 omnis
2300 3461 2541 3517 affectus
2572 3462 2672 3534 qui
2703 3480 2808 3518 nos
2838 3463 3143 3521 excludere
3176 3470 3363 3537 potest
3402 3484 3578 3540 regno
3610 3484 3719 3524 ccc-

2076 3550 2289 3615 lorum,
2323 3551 2505 3605 amori
2538 3551 2769 3606 Domini
2801 3558 3190 3624 praeponatur.
3215 3554 3381 3611 Novit
3402 3558 3717 3630 unusquis-

2080 3656 2191 3712 que
2221 3639 2578 3694 credentium
2613 3640 2753 3712 quid
2785 3642 2896 3696 sibi
2943 3648 3167 3709 noceat,
3198 3642 3286 3699 vel
3316 3644 3373 3700 in
3412 3661 3527 3717 quo
3559 3647 3720 3703 solli-

2079 3729 2290 3784 citetur
2318 3728 2652 3795 animus,ac
2683 3747 2835 3802 saepe
2867 3732 3400 3789 tentetur3.Melius
3430 3741 3520 3791 est
3547 3736 3723 3793 vitam

2082 3817 2403 3873 solitariam
2436 3819 2666 3890 ducere,
2700 3836 2876 3891 quam
2908 3821 2981 3876 ob
3013 3822 3137 3876 vita:
3178 3824 3481 3895 praesentis
3528 3842 3726 3882 neces-

2082 3908 2257 3973 saria,
2290 3912 2562 3962 aeternam
2593 3908 2774 3963 vitam
2808 3910 3066 3979 perdere.

2079 4042 2082 4045 _
2154 3997 2337 4067 (Vers.
2376 3998 2459 4067 10,
2498 3997 2602 4068 11.)
2636 4020 2664 4047 ‹‹
2699 3998 2899 4054 Videte
2924 4016 2992 4054 ne
3023 4001 3415 4056 contemnatis
3443 4019 3625 4057 unum
3659 4021 3727 4058 ex

2084 4087 2176 4142 his
2209 4085 2458 4158 pusillis,
2493 4086 2631 4142 Dico
2664 4088 2820 4143 enim
2854 4088 3053 4144 vobis:
3117 4089 3254 4159 quia
3300 4089 3490 4161 angeli
3519 4108 3722 4148 eorum

2085 4178 2143 4231 in
2175 4175 2335 4231 oculis
2358 4177 2379 4209 ⁴
2409 4192 2639 4247 semper
2670 4177 2867 4231 vident
2899 4176 3103 4231 faciem
3135 4178 3324 4233 Patris
3374 4179 3488 4236 mei
3535 4182 3635 4254 qui
3669 4183 3725 4236 in

2086 4265 2246 4321 caelis
2277 4269 2383 4319 est.
2416 4264 2587 4319 Venit
2612 4265 2766 4319 enim
2801 4264 2983 4319 Filius
3016 4264 3271 4321 hominis
3312 4266 3536 4324 salvere
3578 4270 3733 4342 quod

2087 4354 2356 4426 perierat.
2393 4375 2420 4400 ››
2451 4352 2639 4423 Supra
2679 4352 2902 4407 dixerat
2950 4370 3053 4425 per
3098 4371 3363 4422 manum,
3406 4361 3466 4413 et
3502 4359 3730 4430 pedem,

2088 4448 2146 4498 et
2175 4442 2431 4507 oculum,
2482 4457 2685 4496 omnes
2737 4442 3201 4514 propinquitates
3246 4449 3302 4501 et
3340 4447 3730 4502 necessitudi-

326 4530 562 4604 Expedit
590 4534 644 4587 ei
690 4536 751 4586 ut
806 4531 1171 4602 suspendatur
1222 4532 1370 4586 mola
1426 4532 1687 4586 asinaria
1747 4532 1807 4585 in
1837 4528 1980 4584 collo
2010 4536 2055 4600 D
2086 4548 2211 4596 nes,
2245 4547 2370 4601 qua:
2402 4529 2747 4586 scandalum
2781 4532 2967 4587 facere
2994 4537 3280 4603 poterant,
3313 4535 3725 4605 amputandae:

327 4624 467 4694 ejus,
501 4621 830 4676 secundum
863 4621 1043 4675 ritum
1077 4620 1383 4692 provinciae
1415 4619 1691 4691 loquitur,
1712 4635 1827 4690 quo
1858 4635 1977 4673 ma-

323 4713 522 4783 jorum
557 4709 871 4765 criminum
903 4708 1019 4765 ista
1057 4710 1211 4781 apud
1261 4714 1483 4764 veteres
1529 4709 1763 4763 Judreos
1807 4723 1980 4780 poena

334 4800 609 4867 fuerit,ut
638 4798 694 4853 in
722 4798 1077 4871 profundum
1106 4798 1285 4869 ligato
1312 4814 1449 4852 saxo
1481 4798 1977 4869 demergerentur.

338 4888 579 4959 Expedit
608 4891 803 4942 autem
840 4888 914 4958 ei,
938 4887 1078 4958 quia
1109 4886 1293 4941 multo
1326 4885 1536 4942 melius
1565 4891 1656 4941 est
1684 4902 1787 4956 pro
1809 4884 1983 4957 culpa

408 5137 424 5170 ¹
458 5135 701 5192 Cisterc.
736 5153 846 5192 ms.
881 5135 1095 5206 aliique
1128 5152 1306 5207 penes
1338 5136 1764 5203 Martianaeum,
1796 5145 1856 5192 ut
1893 5153 1982 5193 su-

337 5207 588 5281 perbiam
616 5208 931 5281 humilitate
958 5212 1257 5281 mutarent.
1290 5208 1573 5281 Caeterum
1605 5208 1813 5281 et_h:ec
1857 5209 1985 5281 ipsa

340 5293 410 5332 ex
460 5278 709 5351 Origene
764 5280 1166 5350 interpretatio
1224 5280 1557 5334 derivatur:
1607 5279 1810 5335 «Vide
1840 5278 1983 5335 num

343 5364 587 5422 puerum
621 5368 655 5405 a
681 5350 821 5406 Jesu
853 5351 1220 5418 accersitum,
1247 5355 1516 5405 sanctum
1545 5366 1671 5422 esse
1701 5351 1983 5422 Spiritum

343 5419 531 5476 dicere
563 5422 773 5493 possis,
807 5421 907 5493 qui
940 5422 1199 5493 seipsum
1231 5422 1459 5493 abjecit,
1493 5438 1526 5476 a
1555 5419 1850 5478 Servat—ore
1881 5440 1984 5478 au-

340 5496 472 5547 ctus
500 5492 607 5559 est,
652 5498 709 5548 et
765 5492 839 5548 ini
884 5492 1075 5549 media
1120 5492 1542 5566 discipulorum
1599 5492 1737 5547 Jesu
1797 5498 1987 5550 mente

338 5566 721 5635 constitutus,
758 5590 777 5616 ι
818 5568 923 5635 etc.

408 5639 431 5671 ²
452 5631 734 5710 Origenes
762 5653 773 5693 :
800 5634 897 5689 Καὶ
939 5634 1144 5713 ἀνάγκη
1188 5634 1297 5689 ἐστὶ
1319 5639 1485 5690 ταῦτα
1528 5631 1723 5710 ἐλθεῖν,
1744 5633 1843 5690 οὐκ
1861 5633 1986 5691 ἀνα-

2086 4619 2484 4675 austeritatem
2516 4617 2712 4692 itaque
2759 4621 3081 4687 sententias,
3138 4622 3400 4691 subjecto
3440 4628 3724 4695 praecepto

2087 4712 2393 4780 temperat,
2426 4708 2658 4764 dicens:
2709 4709 2884 4765 Videte
2925 4725 2994 4765 ne
3040 4712 3399 4765 contemnatis
3445 4727 3617 4766 unum
3658 4730 3731 4768 rx

2083 4799 2310 4868 pusillis
2338 4800 2476 4853 istis.
2511 4798 2625 4866 Sic,
2660 4798 2871 4869 inquit,
2925 4797 3192 4869 praecipio
3222 4797 3610 4868 severitatem,
3643 4808 3728 4870 ut,

2090 4887 2455 4943 commisceri
2478 4888 2499 4921 ⁵
2513 4886 2884 4943 clementiam
2899 4888 3158 4942 doceam.
3175 4886 3469 4951 Quantum
3492 4888 3551 4944 in
3564 4890 3733 4948 vobis

2091 5157 2194 5211 γκη
2232 5132 2289 5189 δὲ
2319 5132 2406 5189 διὰ
2434 5131 2765 5211 τοῦδε-τινός
2790 5152 2802 5188 :
2832 5134 3109 5211 Scandata
3146 5136 3354 5192 aboriri
3394 5153 3606 5211 necesse
3633 5142 3729 5211 est,

2091 5206 2198 5282 non
2231 5211 2414 5282 autem
2440 5224 2544 5278 per
2572 5206 2739 5261 illum
2767 5208 3100 5278 quempiam,
3134 5212 3268 5277 etc.,
3321 5225 3447 5281 quae
3496 5208 3731 5282 longius

2093 5279 2379 5336 edisserit.

2163 5351 2184 5384 3
2214 5350 2398 5405 Penes
2428 5348 2666 5421 Victor.,
2696 5363 2840 5421 δεῖρε
2870 5353 3103 5406 tenetur.

2166 5423 2187 5455 ‘
2222 5423 2283 5476 In
2311 5421 2501 5476 tribus
2533 5419 2811 5476 Palatinis
2843 5438 2985 5477 mss.
3019 5420 3194 5477 verba
3223 5422 3285 5477 in
3314 5422 3461 5479 caelis
3492 5440 3608 5479 non
3637 5422 3738 5479 ha-

2095 5495 2327 5549 bentur.

2169 5566 2190 5602 υ
2222 5564 2366 5621 Aliis
2398 5580 2565 5639 mss,
2598 5567 2661 5621 ut
2697 5564 3041 5639 commistim,
3075 5580 3180 5639 pro
3209 5565 3574 5625 commisceri.
