4024 6196
286 359 400 419 135

1534 354 1597 415 S.
1646 351 1959 415 EUSEBII
2006 352 2449 414 HIERONYMI

3579 356 3700 417 136

295 496 410 561 est,
442 490 622 546 nolite
652 468 1041 555 contemnam,
1092 488 1192 543 sed
1239 504 1342 559 per
1392 490 1643 543 vestram
1686 485 1936 541 salutem
1967 487 2021 551 Α
2052 485 2171 539 sine.
2198 485 2255 539 Si
2287 490 2480 542 autem
2523 486 2843 542 Ecclesium
2872 494 2985 541 non
3047 485 3317 554 audierit,
3351 486 3429 542 sit
3482 486 3589 542 tibi
3620 488 3702 545 si-

288 581 469 636 etiam
503 580 739 636 illorum
771 575 1009 649 quaerite
1042 576 1376 633 sanitatem.
1404 576 1505 632 Sin
1538 581 1731 632 autem
1755 590 1946 646 perse—

289 674 561 725 verantes
590 669 649 721 in
682 665 932 738 peccatis
962 664 1250 731 videritis,
1283 669 1341 720 et
1392 664 1548 720 vitiis
1601 664 1939 730 servientes,

292 759 505 814 melius
537 760 625 811 est
652 771 752 810 vos
783 754 937 809 solos
970 753 1162 809 salvos
1198 754 1342 824 fieri,
1374 771 1550 824 quam
1586 752 1771 824 perire
1802 768 1938 806 cum

287 846 578 919 pluribus.
612 843 758 911 Quia
785 842 979 914 angeli
1006 860 1193 899 eorum
1222 846 1281 898 in
1311 845 1462 898 cadis
1512 843 1697 898 vident
1727 857 1942 912 semper

282 936 479 1006 [aciem
514 934 720 988 Patris.
754 933 963 1005 Magna
994 933 1250 1005 dignitas
1300 932 1653 997 animarum,
1687 935 1753 985 ut
1794 946 1940 985 una-

285 1038 530 1094 quaeque
577 1020 791 1076 habeat
858 1023 931 1076 ab
990 1026 1119 1077 ortu
1152 1022 1477 1077 nativitatis
1519 1022 1575 1075 in
1609 1020 1939 1075 custodiam

283 1111 375 1165 sui
408 1108 680 1181 angelum
712 1108 1066 1181 delegatum.
1119 1110 1282 1165 Unde
1332 1109 1584 1181 legimus
1635 1108 1693 1161 in
1724 1110 1940 1179 Apoca-

283 1199 435 1271 lypsi
465 1197 750 1253 Joannis:
785 1198 1004 1270 Angelo
1053 1200 1209 1254 140
1250 1198 1483 1270 Ephesi,
1526 1196 1832 1268 Thyatira},
1884 1198 1941 1249 et

283 1287 488 1361 angelo
532 1287 966 1359 Philadelphia,
1018 1294 1077 1344 et
1123 1287 1351 1359 angelis
1396 1292 1648 1359 quatuor
1678 1285 1937 1356 reliqua-

285 1394 415 1431 rum
447 1376 841 1431 Ecclesiarum
874 1377 1065 1432 scribe
1096 1376 1215 1431 hazc
1251 1378 1432 1447 (Apoc.
1467 1393 1506 1441 ι,
1544 1376 1651 1445 11).
1686 1378 1933 1445 Aposto-

281 1465 376 1521 lus
410 1482 641 1537 quoque
682 1465 943 1537 praecipit
996 1466 1054 1519 in
1101 1464 1363 1520 ecclesiis
1410 1464 1590 1519 velari
1630 1464 1823 1535 capita
1855 1461 1934 1517 fe-

284 1554 601 1622 minarum,
636 1558 873 1626 propter
902 1554 1138 1626 angelos
1171 1555 1218 1626 (l
1248 1553 1368 1609 Cor.
1402 1571 1481 1619 x1,
1520 1554 1630 1624 19.)

348 1689 534 1761 (Vers.
572 1689 657 1756 12,
692 1689 800 1757 13.)
833 1710 860 1738 «
897 1688 1043 1753 Quid
1073 1687 1236 1744 vobis
1268 1686 1549 1743 videtur?
1586 1686 1644 1740 Si
1701 1686 1936 1741 fuerunt

280 1776 454 1831 alicui
486 1780 717 1832 centum
752 1792 906 1843 oves,
939 1779 996 1831 et
1025 1777 1301 1832 erraverit
1332 1792 1450 1830 una
1480 1791 1547 1830 ex
1578 1774 1701 1830 eis:
1740 1791 1932 1830 nonne

228 1876 231 1885 '
278 1864 559 1937 relinquit
590 1864 911 1937 nonaginta
966 1882 1174 1921 novem
1225 1866 1284 1920 in
1336 1864 1659 1933 montibus,
1692 1870 1748 1918 et
1775 1864 1935 1920 vadit
1964 1856 2009 1920 B

278 1969 535 2026 quaerere
567 1969 693 2009 eam
725 1969 852 2024 quae
901 1953 1168 2032 erravit?
1209 1958 1275 2008 Et
1324 1954 1372 2008 si
1404 1952 1715 2023 contigerit
1746 1955 1811 2006 ut
1841 1952 1928 2007 in-

276 2044 468 2099 veniat
497 2059 625 2098 eam
652 2061 663 2098 :
700 2059 870 2098 amen
902 2043 1031 2098 dico
1061 2043 1246 2108 vobis,
1273 2041 1411 2114 quia
1442 2041 1722 2114 gaudebit
1753 2058 1932 2113 super

280 2148 346 2187 ea
375 2131 566 2204 magis
596 2148 774 2203 quam
825 2148 1001 2203 super
1042 2132 1359 2204 nonaginta
1416 2147 1621 2186 nevem
1653 2146 1779 2202 qua:
1811 2146 1929 2184 non

277 2224 636 2276 erraverunt.
670 2242 698 2269 ››
730 2223 1161 2291 Consequenter
1189 2221 1262 2276 ad
1312 2220 1681 2276 clementiam
1724 2236 1928 2290 provo-

280 2314 391 2379 cat,
428 2309 527 2383 qui
561 2309 939 2381 prazmiserat,
972 2308 1212 2365 dicens:
1253 2311 1431 2365 Videte
1473 2326 1539 2364 ne
1567 2310 1928 2364 contemnatis

275 2416 451 2454 unum
480 2416 549 2454 ea:
574 2398 798 2470 pusillis
828 2399 967 2467 istis,
1001 2402 1059 2453 et
1090 2398 1396 2469 subiungit
1445 2396 1782 2469 parabolam
1824 2414 1926 2450 no-

278 2487 517 2561 naginta
547 2503 751 2542 novem
784 2485 976 2541 ovium
1012 2486 1070 2540 in
1128 2487 1430 2543 montibus
1483 2485 1844 2551 relictarum,
1870 2489 1925 2541 ct

276 2578 453 2633 unius
484 2576 753 2642 errantis,
787 2591 964 2645 quam
996 2579 1193 2646 pastor
1240 2575 1450 2645 bonus,
1501 2572 1640 2645 quia
1687 2578 1926 2645 propter

275 2664 521 2721 nimiam
552 2664 950 2720 infirmitatem
984 2662 1285 2718 ambulare
1313 2680 1425 2718 non
1448 2667 1692 2735 poterat,
1718 2663 1922 2717 hume-

274 2756 356 2810 ris
388 2754 511 2810 suis
541 2754 614 2809 ad
676 2752 966 2824 reliquum
1022 2768 1257 2824 gregem
1308 2752 1636 2823 reportavit.
1672 2752 1921 2817 Quidam

274 2847 484 2916 putant
519 2843 700 2898 istum
757 2858 887 2897 esse
932 2845 1247 2913 pastorem,
1300 2841 1401 2911 qui
1458 2857 1593 2896 cum
1642 2840 1700 2895 in
1734 2841 1922 2895 forma

279 2934 379 2988 Dei
428 2936 601 2999 esset,
658 2947 773 2986 non
833 2930 1103 3003 rapinam
1161 2929 1480 2984 arbitratus
1535 2933 1625 2984 est
1679 2945 1741 2985 se
1790 2945 1919 2983 esse

273 3020 555 3093 aequalem
587 3025 737 3075 Deo:
774 3019 875 3075 sed
907 3018 1223 3075 exinanivit
1252 3035 1334 3086 se,
1372 3019 1614 3073 formam
1648 3017 1794 3073 servi
1829 3034 1919 3072 ac-

275 3110 519 3180 cipiens,
553 3110 739 3164 factus
771 3108 1050 3164 obediens
1101 3106 1257 3163 Patri
1311 3124 1498 3178 usque
1541 3107 1613 3161 ad
1646 3111 1914 3174 mortem,

2056 579 2155 629 cut
2186 575 2456 630 ethnicus
2487 582 2543 631 et
2573 575 2940 648 publicanus.
2978 597 3005 624 »
3037 576 3094 631 Si
3143 575 3465 647 peccaverit
3506 575 3567 631 in
3597 593 3706 633 nos

2056 664 2233 719 frater
2262 676 2477 732 noster,
2508 671 2563 720 et
2592 666 2648 720 in
2683 665 2940 737 qualibet
2970 682 3148 720 causa
3196 681 3304 721 nos
3333 665 3568 732 laeserit,
3615 667 3706 721 di-

2053 754 2322 808 mittendi
2356 754 2643 810 habemus
2674 758 3043 826 potestatem,
3100 753 3217 809 imo
3268 754 3703 824 necessitatem,

2058 858 2173 912 qua
2207 842 2319 910 [AL
2355 843 2516 916 quia]
2572 843 2923 915 praecipitur,
2975 848 3040 897 ut
3086 843 3449 899 debitoribus
3482 845 3699 900 nostris

2050 930 2245 985 debita
2285 932 2673 988 dimittamus.
2706 933 2763 987 Si
2797 936 2990 988 autem
3024 932 3080 985 in
3115 937 3295 987 Deum
3327 933 3460 1004 quis
3494 950 3705 1004 pecca-

2048 1019 2214 1088 verit,
2250 1037 2362 1075 non
2396 1026 2484 1076 est
2522 1022 2702 1077 nostri
2735 1020 2981 1075 arbitrii.
3015 1020 3157 1075 Dicit
3190 1020 3345 1075 enim
3397 1021 3699 1092 Scriptura

2049 1108 2281 1164 divina:
2317 1110 2376 1163 Si
2398 1112 2696 1181 peccaverit
2736 1110 2898 1164 homo
2932 1111 2989 1163 in
3023 1109 3322 1173 hominem,
3356 1110 3570 1180 rogabit
3598 1126 3704 1182 pro

2049 1212 2109 1252 eo
2138 1198 2409 1252 sacerdos.
2445 1199 2506 1252 Si
2533 1204 2717 1254 autem
2749 1201 2805 1253 in
2837 1200 3007 1253 Deum
3034 1200 3353 1268 peccaverit,
3387 1200 3510 1269 quis
3538 1216 3702 1270 roga-

2051 1286 2127 1341 bit
2158 1302 2260 1356 pro
2289 1303 2347 1341 eo
2379 1288 2426 1357 (I
2456 1288 2577 1358 Reg.
2614 1304 2675 1358 ιι,
2706 1288 2839 1357 25)?
2868 1288 2983 1341 Nos
3014 1287 3336 1343 econtrario
3368 1287 3425 1342 in
3476 1287 3575 1344 Dei
3610 1289 3700 1343 in-

2039 1375 2200 1445 juria
2229 1375 2467 1447 benigni
2501 1393 2731 1442 sumus,
2765 1376 2823 1430 in
2856 1375 3072 1430 nostris
3105 1375 3480 1431 contumeliis
3534 1393 3700 1432 exer-

2047 1480 2249 1518 cemus
2280 1464 2431 1519 odia.
2466 1464 2881 1536 Corripiendus
2937 1469 3027 1519 est
3084 1468 3279 1518 autem
3330 1464 3507 1520 frater
3536 1482 3698 1521 seor-

2046 1568 2200 1619 sum,
2235 1569 2306 1607 ne
2337 1553 2385 1607 si
2418 1553 2597 1608 semel
2637 1554 2921 1625 pudorem
2981 1570 3047 1608 ac
3087 1553 3497 1608 verecundiam
3547 1555 3701 1610 ami-

2047 1641 2205 1709 serit,
2239 1648 2538 1698 remaneat
2566 1643 2623 1697 in
2667 1647 2921 1715 peccato.
2973 1643 3042 1697 Et
3080 1642 3371 1714 siquidem
3422 1643 3695 1712 audierit,

2043 1729 2443 1786 lucrifacimus
2497 1730 2751 1786 animam
2810 1733 2959 1801 ejus,
3020 1736 3075 1787 et
3125 1747 3227 1802 per
3258 1731 3498 1787 alterius
3531 1732 3697 1788 salu-

2046 1823 2183 1885 tem,
2219 1820 2387 1875 nobis
2446 1837 2678 1892 quoque
2740 1821 3063 1892 acquiritur
3119 1819 3302 1876 salus.
3363 1820 3465 1876 Sin
3498 1826 3697 1878 autem
3786 1845 3801 1852 '

2045 1908 2248 1963 audire
2291 1908 2561 1977 noluerit,
2614 1908 2961 1965 adhibeatur
3021 1910 3214 1964 frater.
3267 1910 3425 1974 Quod
3488 1910 3536 1965 si
3587 1926 3697 1966 nec

2044 1995 2211 2053 illum
2244 1997 2513 2065 audierit,
2547 1998 2896 2054 adhibeatur
2924 2003 2981 2054 et
3011 1998 3240 2061 tertius,
3273 1997 3360 2054 vel
3392 1997 3695 2071 corrigen-

2045 2085 2101 2139 di
2133 2086 2348 2155 studio,
2380 2086 2471 2141 vel
2531 2087 2907 2142 conveniendi
2958 2087 3068 2142 sub
3099 2087 3371 2142 testibus.
3430 2091 3610 2142 Porro
3646 2088 3698 2143 si

2042 2189 2148 2229 nec
2180 2173 2314 2229 illos
2372 2175 2571 2230 audire
2626 2174 2892 2241 voluerit,
2953 2180 3094 2231 tunc
3142 2174 3344 2231 multis
3375 2176 3700 2232 dicendum

2040 2268 2149 2332 εει,
2184 2267 2248 2318 ut
2276 2264 2644 2320 detestationi
2676 2280 2811 2319 eum
2873 2264 3148 2331 habeant,
3205 2268 3265 2320 et
3307 2264 3408 2336 qui
3440 2281 3558 2320 non
3592 2281 3696 2337 po-

2036 2354 2151 2406 tuit
2181 2353 2400 2424 pudore
2426 2352 2920 2422 salvari,salvetur
2948 2352 3296 2425 opprobriis.
3325 2354 3568 2417 Quando
3587 2369 3690 2409 au-

2040 2445 2157 2497 tem
2190 2442 2440 2498 dicitur:
2467 2443 2547 2497 Sit
2567 2444 2672 2498 tibi
2691 2444 2836 2498 sicut
2858 2443 3102 2498 ethnicus
3132 2446 3183 2498 et
3206 2443 3563 2514 publicanus,
3587 2460 3688 2499 os-

2034 2532 2291 2586 tenditur
2321 2530 2559 2601 majoris
2590 2549 2716 2587 esse
2747 2532 3171 2599 detestationis,
3204 2531 3303 2604 qui
3348 2533 3458 2589 sub
3489 2532 3683 2587 nomi-

2034 2637 2105 2674 ne
2135 2619 2322 2675 ﬁdelis
2356 2620 2473 2691 agit
2503 2637 2677 2693 opera
2709 2620 3057 2687 infidelium,
3094 2637 3270 2692 quam
3298 2620 3357 2675 hi
3382 2621 3483 2692 qui
3511 2637 3677 2693 aper-

2034 2714 2085 2762 te
2116 2709 2359 2785 gentiles
2394 2714 2549 2764 sunt.
2584 2709 2881 2764 Publiceni
2940 2709 3096 2765 enim
3145 2714 3425 2765 vocantur
3464 2726 3672 2765 secun-

2030 2798 2169 2852 dum
2200 2797 2608 2870 tropologiam,
2668 2798 2767 2869 qui
2830 2798 3025 2853 saeculi
3083 2802 3384 2853 sectantur
3423 2797 3585 2854 lucra
3614 2802 3674 2853 et

2028 2887 2266 2961 exigunt
2294 2888 2601 2957 vectigalia
2628 2905 2730 2959 per
2759 2888 3184 2959 negotiationes
3230 2892 3287 2942 et
3316 2888 3567 2954 fraudes,
3601 2904 3670 2943 ac

2028 2977 2202 3043 furta,
2235 2976 2629 3047 scelerataque
2662 2977 2937 3048 perjuria.

2097 3127 2283 3197 (Vers.
2319 3127 2425 3199 18.)
2462 3151 2489 3177 ‹‹
2521 3129 2703 3183 Amen
2736 3128 2864 3183 dico
2893 3128 3059 3183 vobis
3089 3145 3102 3182 :
3138 3143 3498 3200 quaecunque
3541 3127 3670 3183 alli-

276 3201 534 3253 mortem
566 3200 759 3251 autem
793 3196 984 3250 crucis
1015 3196 1276 3268 (Philipp.
1315 3214 1375 3264 ιι,
1419 3198 1581 3267 6-8);
1632 3200 1690 3251 et
1736 3197 1808 3251 ob
1857 3197 1913 3252 id

2033 3196 2302 3287 gaveritis
2333 3196 2509 3289 super
2536 3222 2773 3278 terram,
2808 3222 2980 3272 erunt
3007 3196 3187 3288 ligata
3213 3222 3269 3272 et
3299 3216 3357 3271 in
3395 3196 3538 3272 ccelo
3564 3233 3577 3271 :
3614 3221 3673 3272 et

274 3285 345 3339 ad
378 3288 606 3340 terrena
636 3284 1021 3348 descenderit,
1081 3288 1145 3338 ut
1201 3286 1422 3339 salvam
1479 3286 1690 3338 faceret
1735 3302 1914 3339 unam

272 3372 556 3429 oviculam
585 3390 711 3446 quae
743 3372 1012 3445 perierat,
1046 3372 1155 3426 hoc
1203 3377 1291 3427 est
1346 3372 1669 3426 humanum
1703 3389 1910 3442 genus.

266 3463 378 3518 Alii
417 3480 551 3519 vero
597 3463 655 3517 in
718 3462 1034 3534 nonaginta
1083 3476 1287 3515 novem
1334 3460 1561 3525 ovibus,
1610 3461 1911 3529 justorum

266 3557 477 3625 putant
508 3567 819 3605 numerum
852 3548 1098 3621 intelligi
1116 3565 1135 3607 .'
1166 3552 1222 3602 et
1252 3548 1309 3601 in
1345 3565 1461 3603 una
1502 3546 1749 3612 ovicula,
1781 3565 1911 3618 poc-

268 3645 544 3707 catorem,
579 3639 905 3695 secundum
939 3638 1091 3709 quod
1130 3636 1183 3691 in
1218 3636 1329 3691 alio
1358 3636 1481 3692 loco
1514 3636 1766 3691 dixerat:
1791 3642 1913 3693 Non

272 3731 401 3785 veni
434 3729 609 3800 justas
662 3744 876 3794 vocare,
939 3727 1029 3781 sed
1083 3736 1389 3798 peccatores
1414 3744 1431 3780 :
1463 3743 1572 3781 non
1599 3728 1745 3781 enim
1776 3742 1911 3792 opus

268 3818 467 3874 habent
494 3819 621 3873 sani
646 3818 873 3884 medico,
903 3816 994 3871 sed
1027 3816 1090 3871 hi
1117 3816 1213 3889 qui
1257 3832 1312 3870 se
1358 3816 1503 3871 male
1531 3815 1727 3871 habent
1758 3817 1906 3886 (Luc.

266 3926 325 3976 v,
355 3909 444 3977 32,
476 3909 595 3976 33.)
637 3908 752 3963 lsta
802 3905 1080 3978 parabola
1122 3904 1181 3961 in
1233 3904 1537 3977 Evangelio
1588 3906 1909 3960 secundum

265 3999 483 4054 Lucam
513 4014 647 4053 cum
675 3996 806 4051 aliis
836 3995 1065 4051 duabus
1114 3994 1405 4067 parabolis
1456 3995 1654 4050 decem
1702 3995 1909 4050 drach-

270 4104 501 4143 marum
534 4091 593 4144 et
621 4088 871 4143 duorum
902 4083 1157 4141 filiorum
1190 4085 1409 4156 scripta
1436 4088 1527 4139 est
1555 4086 1705 4155 (Luc.
1729 4100 1822 4151 xv,
1854 4086 1908 4150 8,

266 4178 325 4231 11
360 4193 504 4248 seqq.

334 4296 522 4363 (Vera.
557 4292 671 4364 44.)
702 4315 731 4343 ‹‹
765 4292 858 4347 Sic
889 4308 1004 4346 non
1035 4294 1125 4347 est
1172 4288 1442 4346 voluntas
1497 4292 1632 4343 ante
1680 4288 1907 4343 Patrem

263 4387 527 4436 vestrum
558 4380 659 4450 qui
690 4380 749 4435 in
807 4380 966 4435 caelis
1022 4384 1133 4444 est,
1162 4382 1227 4433 ut
1271 4383 1468 4449 pereat
1514 4394 1668 4433 unus
1698 4378 1769 4433 dc
1800 4394 1905 4449 pu-

262 4468 412 4526 sillis
442 4467 591 4525 istis.
625 4490 653 4518 n
712 4469 908 4524 Refert
955 4468 1027 4523 ad
1077 4466 1349 4539 superius
1397 4467 1781 4538 propositum,
1838 4467 1909 4522 de

264 4576 381 4632 quo
402 4558 663 4614 dixerat:
702 4557 880 4613 Videte
908 4572 979 4611 ne
1006 4558 1357 4613 contemno-tis
1385 4572 1559 4611 unum
1584 4573 1654 4611 ex
1688 4556 1910 4627 pusillis

262 4649 380 4704 istis
411 4652 514 4716 ;et
540 4648 707 4704 docet
737 4647 950 4701 idcirco
1001 4644 1336 4717 parabolam
1385 4645 1655 4717 positam,
1689 4648 1754 4700 ut
1802 4661 1908 4716 pu-

212 4779 223 4788 .
262 4737 376 4793 silli
411 4754 525 4794 non
556 4740 1026 4793 contemnantur.
1061 4736 1123 4789 In
1179 4750 1246 4790 eo
1299 4739 1493 4789 autem
1538 4734 1692 4805 quod
1726 4732 1903 4789 dicit:

260 4828 380 4882 Non
434 4829 513 4883 est
569 4827 829 4882 voluntas
886 4829 1015 4880 ante
1069 4825 1294 4879 Patrem
1349 4832 1604 4891 vestrum,
1641 4831 1698 4878 ut
1724 4830 1911 4894 pereat

262 4931 405 4971 unus
434 4914 743 4986 depusillis
802 4916 961 4969 istis:
1023 4912 1253 4985 quoties
1284 4910 1498 4982 aliquis
1552 4911 1786 4982 perierit
1835 4911 1906 4966 de

261 5002 494 5076 pusillis
526 5002 677 5070 istis,
708 5002 1037 5058 ostenditur
1066 5000 1218 5072 quod
1254 5016 1367 5054 non
1393 4997 1688 5054 voluntate
1717 4998 1905 5055 Patris

257 5092 515 5165 perierit.

329 5235 516 5307 (Vers.
554 5234 758 5305 15-17.)
790 5256 817 5283 (ι
850 5231 908 5287 Si
940 5236 1135 5287 autem
1169 5230 1489 5304 peccaverit
1518 5230 1577 5285 in
1622 5234 1675 5284 tc
1729 5229 1905 5285 frater

259 5328 420 5389 tuus,
451 5322 615 5393 vade,
646 5325 703 5377 et
726 5321 949 5393 corrige
978 5336 1111 5375 eum
1138 5320 1291 5374 inter
1314 5324 1367 5375 te
1384 5324 1440 5375 et
1462 5319 1655 5391 ipsum
1686 5318 1898 5373 solum.

255 5412 316 5467 Si
348 5416 404 5467 te
433 5411 703 5477 audierit,
726 5408 991 5465 lucratus
1014 5408 1128 5464 eris
1160 5409 1395 5463 fratrem
1418 5408 1681 5467 .tuum.Si
1706 5412 1900 5463 autem

257 5505 314 5556 te
344 5517 461 5556 non
492 5499 764 5564 audierit,
796 5501 944 5553 141
998 5497 1209 5553 adhibe
1255 5501 1451 5553 tecum
1493 5498 1684 5553 adhuc
1718 5515 1900 5553 unum

251 5588 340 5647 vel
373 5590 541 5658 duos,
575 5592 643 5647 ut
670 5588 731 5644 in
761 5604 860 5644 ore
899 5588 1147 5643 duorum
1179 5585 1269 5641 vel
1300 5586 1475 5642 trium
1510 5588 1750 5642 testium
1782 5592 1898 5643 stet

246 5695 423 5744 omne
450 5678 717 5739 verbum.
747 5677 911 5751 Quod
945 5676 996 5739 si
1025 5692 1143 5735 non
1183 5674 1435 5735 audierit
1462 5692 1582 5753 eos,
1602 5676 1695 5734 dic
1713 5675 1903 5735 Eccle-

2026 3322 2388 3376 quaecunque
2420 3305 2708 3360 solveritis
2737 3322 2913 3377 super
2942 3310 3364 3373 terram,erunt
3392 3306 3586 3361 soluta
3614 3304 3680 3361 et

2025 3393 2081 3447 in
2117 3392 2281 3448 cmlo.
2317 3416 2344 3443 ››
2377 3393 2524 3458 Quia
2554 3394 2811 3448 dixerat:
2848 3394 2909 3448 Si
2972 3399 3154 3450 autem
3198 3395 3503 3451 Ecclesium
3555 3410 3669 3450 non

2022 3482 2281 3547 audierit,
2314 3483 2386 3536 sit
2418 3482 2517 3536 tibi
2544 3484 2688 3536 sicut
2718 3483 2965 3538 ethnicus
2988 3493 3040 3539 et
3067 3483 3415 3555 publicanus,
3467 3488 3522 3538 et
3563 3498 3665 3553 po-

2023 3576 2172 3626 terat
2200 3570 2638 3641 comtemptoris
2690 3571 2884 3626 fratris
2937 3572 3058 3626 haec
3105 3571 3334 3627 occulta
3378 3587 3506 3628 esse
3546 3587 3666 3626 res-

2022 3659 2245 3731 ponsio,
2279 3659 2366 3714 vel
2398 3660 2574 3714 tacita
2603 3660 2895 3732 cogitatio,
2930 3661 2979 3716 si
3028 3677 3122 3716 me
3160 3661 3438 3733 despicis,
3470 3665 3527 3716 et
3559 3675 3666 3732 ego

2021 3754 2077 3803 te
2107 3747 2401 3818 despicio;
2436 3747 2486 3802 si
2529 3753 2591 3803 tu
2640 3766 2731 3803 me
2770 3750 3145 3815 condemnas,
3174 3753 3236 3809 et
3266 3765 3396 3805 mea
3425 3752 3667 3804 senten-

2021 3837 2104 3891 tia
2133 3837 2652 3892 condemnaberis:
2706 3840 3048 3908 potestatem
3100 3837 3307 3892 tribuit
3355 3834 3663 3907 apostolis,

2021 3931 2087 3981 ut
2114 3926 2303 3982 sciant
2332 3926 2432 3996 qui
2476 3943 2510 3980 a
2561 3925 2776 3981 talibus
2807 3926 3293 3992 condemnantur,
3339 3924 3662 3981 humanam

2021 4016 2366 4071 sententiam
2399 4014 2595 4070 divina
2625 4016 2911 4071 sententia
2940 4015 3220 4079 roborari,
3254 4019 3309 4070 et
3354 4014 3665 4085 quodcun-

2020 4121 2133 4175 que
2161 4104 2410 4176 ligatum
2441 4104 2618 4159 fuerit
2673 4104 2732 4158 in
2791 4107 2963 4173 terra,
2998 4102 3160 4175 ligari
3222 4103 3440 4175 pariter
3494 4104 3552 4157 et
3602 4101 3662 4156 in

2019 4192 2174 4248 casio.

2090 4341 2274 4411 (Vers.
2315 4342 2396 4409 19,
2430 4342 2545 4412 20.)
2581 4362 2608 4391 «
2641 4341 2859 4397 Iterum
2888 4340 3017 4396 dico
3046 4341 3247 4397 vobis:
3297 4341 3434 4412 quia
3464 4339 3513 4397 si
3543 4340 3659 4396 duo

2017 4448 2084 4486 ex
2114 4429 2276 4486 vobis
2307 4431 2708 4485 consenserint
2755 4446 2933 4501 super
2980 4433 3221 4497 terram,
3270 4429 3341 4485 de
3393 4428 3552 4484 omni
3602 4444 3664 4484 re

2019 4520 2172 4575 I42
2206 4536 2621 4591 quamcunque
2652 4517 2944 4590 petierint,
2977 4519 3077 4573 ﬁet
3125 4516 3241 4573 illis
3272 4534 3305 4573 a
3334 4517 3502 4573 Patre
3533 4533 3663 4572 meo

1938 4593 1985 4659 D
2018 4608 2116 4681 qui
2148 4608 2205 4662 in
2240 4607 2400 4663 cwlis
2431 4612 2537 4663 est.
2572 4607 2678 4662 Ubi
2713 4608 2868 4663 enim
2919 4612 3059 4662 sunt
3106 4608 3221 4662 duo
3264 4605 3350 4662 vel
3381 4611 3500 4662 tres
3530 4622 3664 4661 con-

2017 4697 2241 4770 gregati
2274 4697 2332 4751 in
2361 4696 2597 4753 nomine
2628 4712 2778 4764 meo,
2813 4696 2891 4751 ibi
2924 4713 3055 4752 sum
3090 4696 3146 4749 in
3177 4696 3366 4752 medio
3393 4710 3653 4752 eorum».

2017 4786 2221 4843 Omnis
2251 4803 2427 4858 supra
2448 4802 2639 4842 sermo
2663 4803 2768 4841 nos
2795 4786 2863 4840 ad
2889 4785 3257 4841 concordiam
3291 4788 3653 4856 provocarat.

2016 4876 2201 4949 Igitur
2224 4880 2281 4931 et
2311 4876 2616 4948 praemium
2649 4874 2972 4947 pollicetur,
3004 4879 3070 4929 ut
3099 4872 3408 4929 sollicitius
3431 4872 3662 4929 festine-

2016 4982 2149 5020 mus
2181 4965 2250 5019 ad
2284 4981 2508 5035 pacem,
2568 4980 2702 5018 cum
2760 4980 2821 5019 se
2878 4962 3034 5018 dicat
3091 4963 3239 5017 inter
3277 4962 3427 5016 duos
3456 4965 3511 5016 et
3541 4964 3661 5015 tres

2014 5054 2273 5109 medium
2309 5054 2447 5107 fore.
2481 5053 2655 5107 Juxta
2707 5050 2851 5106 illud
2896 5050 3225 5121 exemplum
3272 5049 3524 5121 tyranni,
3558 5048 3661 5120 qui

2012 5144 2160 5199 duos
2193 5142 2415 5198 amicos
2446 5145 2647 5213 captos
2697 5142 2850 5211 (cum
2904 5158 3057 5195 unus
3098 5140 3169 5195 ad
3201 5138 3503 5195 visendam
3532 5153 3657 5191 ma-

2013 5236 2161 5288 trem
2195 5230 2545 5297 revertisset,
2578 5235 2634 5285 et
2681 5230 2936 5285 amicum
2982 5246 3084 5301 pro
3135 5246 3195 5285 se
3234 5228 3436 5283 vadem
3468 5224 3662 5282 dedis-

2016 5322 2126 5392 set)
2160 5321 2243 5375 sic
2275 5321 2518 5391 probare
2538 5318 2736 5384 voluit,
2762 5323 2825 5373 ut
2857 5336 2970 5373 uno
3002 5316 3437 5387 tento,alterum
3458 5314 3661 5369 dimit-

2010 5415 2180 5467 teret.
2215 5414 2475 5481 Cumque
2533 5407 2864 5464 revertisset
2910 5408 2981 5463 ad
3041 5408 3335 5463 conditam
3362 5404 3523 5460 diem
3552 5404 3658 5460 ad-

2013 5500 2237 5555 mirans
2295 5501 2601 5554 amborum
2658 5497 2852 5563 fidem,
2912 5496 3135 5569 rogavit
3186 5500 3252 5551 ut
3282 5510 3346 5550 se
3373 5492 3660 5553 haberent

2009 5590 2271 5645 tertium.
2306 5588 2629 5644 Possumus
2653 5590 2709 5641 et
2738 5585 2846 5641 hoc
2895 5585 3276 5658 spiritualiter
3308 5582 3656 5655 intelligam,

2013 5677 2164 5755 quod
2187 5677 2286 5735 ubi
2306 5676 2551 5752 spiritus
2563 5679 2619 5733 et
2638 5673 2834 5733 anima
2867 5690 3197 5751 corpusque
3230 5671 3656 5740 consenserint,
