4024 6196
250 349 357 414 137
737 344 1257 408 COMMENTAR.
1302 347 1384 406 IN
1432 343 1954 408 EVANGELIUM

2002 344 2378 406 MATTH/EI
2423 345 2577 407 LIB.
2622 345 2728 405 III.
2775 346 2944 406 CAP.
2990 345 3147 405 XIX.
3530 351 3649 410 138

246 491 297 543 et
325 501 435 540 non
466 483 622 538 inter
660 497 722 538 se
771 480 988 536 bellum
1033 480 1396 536 diversarum
1444 479 1760 535 habuerint
1788 495 1885 534 vo-
1917 481 1969 546 Α
1992 479 2176 550 jussit
2204 496 2338 534 eum
2371 478 2646 534 dominus
2679 477 3026 545 venundari,
3056 482 3113 534 et
3142 495 3375 536 uxorem
3408 481 3562 553 ejus,
3593 485 3652 538 et

246 575 532 630 lentatum
589 571 694 636 [Αἱ.
746 569 1163 641 voluptatum];
1218 585 1390 625 carne
1439 568 1892 640 concupiscente

245 665 520 719 adversus
549 659 844 732 spiritum,
877 664 932 714 et
967 658 1176 731 spiritu
1218 659 1499 714 adversus
1531 674 1785 722 carnem,
1820 657 1891 712 de

245 752 398 808 omni
430 766 491 805 re
520 765 698 820 quam
741 747 1033 818 petierint,
1065 748 1381 819 impetrent
1411 764 1445 802 a
1491 748 1672 802 Patre.
1707 745 1892 800 Nulli-

245 858 353 913 que
397 838 644 894 dubium
695 836 833 909 quin
884 837 1170 891 bonarum
1207 853 1404 891 rerum
1453 834 1764 907 postulatio
1796 835 1892 902 sit,

243 929 338 985 ubi
369 945 582 1000 corpus
612 943 681 982 ea
710 925 833 980 vult
862 925 1076 980 habere
1108 942 1237 996 qure
1277 925 1541 996 spiritus.

310 1018 500 1088 (Vers.
527 1018 618 1085 21,
649 1016 764 1087 2‘2.)
797 1039 824 1063 ‹‹
859 1015 1020 1069 Tunc
1068 1015 1351 1068 accedens
1398 1014 1600 1068 Petrus
1633 1013 1703 1067 ad
1736 1030 1892 1078 eum,

241 1107 430 1162 dixit:
458 1105 712 1175 Domine,
737 1103 966 1175 quoties
999 1102 1262 1174 peccabit
1293 1102 1352 1156 in
1390 1118 1480 1157 me
1506 1103 1682 1157 frater
1708 1118 1894 1169 meus,

244 1202 299 1252 et
331 1195 619 1251 dimittam
662 1193 763 1248 ei?
811 1208 999 1263 usque
1047 1191 1308 1263 septies?
1341 1190 1490 1246 Dicit
1541 1190 1624 1244 illi
1674 1190 1894 1246 Jesus:

239 1289 366 1340 Non
415 1285 544 1338 dico
594 1282 698 1337 tibi
745 1297 934 1352 usque
983 1281 1224 1352 septies,
1273 1281 1371 1334 sed
1428 1296 1617 1350 usque
1663 1283 1896 1351 septua—

239 1375 364 1446 gies
395 1372 632 1444 septies.
657 1394 684 1419 ››
714 1371 904 1426 Haeret
950 1369 1062 1426 sibi
1112 1385 1304 1424 sermo
1354 1368 1715 1436 Dominicus,
1752 1373 1808 1423 et
1840 1368 1896 1422 in

240 1464 484 1518 modum
543 1460 787 1515 funiculi
836 1458 1082 1530 triplicis
1135 1459 1329 1529 rumpi
1382 1474 1498 1512 non
1545 1462 1755 1528 potest.
1791 1457 1897 1511 Su-

238 1569 341 1623 pra
372 1551 600 1605 dixerat
631 1568 644 1604 :
687 1548 862 1603 Videte
889 1565 959 1601 ne
1005 1549 1367 1602 contenmaiis
1419 1563 1597 1601 unum
1627 1563 1697 1601 ex
1726 1547 1898 1616 pusil-

238 1644 304 1696 lis
358 1641 481 1694 istis
511 1638 722 1710 (Matth.
752 1654 915 1704 xxm,
950 1638 1058 1707 10),
1094 1641 1148 1692 et
1196 1636 1492 1706 adjecerat
1535 1653 1547 1690 :
1603 1635 1663 1690 Si
1706 1651 1899 1706 pecca—

240 1732 377 1786 verit
408 1730 466 1784 in
499 1737 548 1783 te
573 1731 750 1799 frater
801 1736 945 1797 tuus,
979 1726 1138 1792 vade,
1164 1734 1218 1780 et
1250 1727 1464 1796 corripe
1502 1741 1630 1780 eum
1677 1726 1823 1780 inter
1853 1728 1905 1778 te

241 1827 288 1874 et
335 1820 524 1889 ipsum
569 1818 753 1871 solum
786 1815 942 1886 (Ibid.
989 1815 1112 1887 15);
1162 1819 1219 1869 et
1265 1813 1570 1886 praemium
1621 1812 1899 1885 repromi—

243 1912 424 1972 serat,
453 1906 702 1961 dicens:
738 1904 798 1960 Si
846 1904 952 1959 duo
1001 1920 1072 1959 ccc
1124 1903 1272 1958 vobis
1318 1905 1692 1958 consenserint
1743 1919 1908 1973 super

243 2006 482 2062 terram,
540 1994 606 2048 de
669 1995 828 2048 omni
882 2009 937 2048 re
1001 1992 1374 2064 impetrabunt
1430 2009 1596 2063 quam
1651 1993 1907 2063 petierint

244 2084 407 2153 (Ibid.
443 2084 562 2152 49);
599 2087 654 2138 et
682 2099 818 2154 ergo
850 2099 945 2137 ero
976 2081 1036 2136 in
1071 2081 1260 2138 medio
1291 2098 1517 2136 eorum.
1556 2082 1907 2136 Provocatus

245 2173 553 2247 apostolus
603 2172 804 2228 Petrus
851 2171 1191 2242 interrogat,
1242 2170 1471 2242 quoties
1522 2170 1686 2225 fratri
1735 2170 1793 2224 in
1846 2186 1909 2225 se

244 2265 514 2338 peccanti
565 2261 859 2317 dimittere
891 2261 1122 2327 debeat,
1166 2264 1224 2314 et
1271 2275 1404 2314 cum
1455 2259 1908 2330 interrogatione

246 2353 484 2425 profert
526 2349 898 2416 sententiam,
944 2365 1113 2422 usque
1163 2350 1397 2418 septies?
1453 2349 1557 2404 Cui
1611 2347 1912 2418 respondit

243 2443 433 2498 Jesus
467 2458 479 2494 :
511 2444 628 2497 Non
656 2454 826 2508 usque
867 2439 1083 2509 septies,
1116 2436 1206 2492 sed
1247 2452 1411 2507 usque
1446 2438 1758 2507 septuagies
1787 2453 1909 2506 sep-

244 2533 376 2595 ties,
429 2529 486 2583 id
537 2532 643 2596 est,
695 2525 1144 2598 quadringentis
1189 2525 1512 2597 nonaginta
1558 2525 1803 2589 vicibus,
1850 2528 1914 2578 ut

248 2620 426 2674 toties
458 2617 720 2689 peccanti
754 2615 915 2670 fratri
959 2615 1278 2670 dimitteret
1320 2615 1377 2670 in
1409 2614 1525 2683 die,
1557 2613 1784 2685 quoties
1817 2611 1912 2668 ille

251 2723 498 2781 peccare
524 2722 638 2761 non
669 2705 876 2777 possit.

327 2796 518 2864 (Vers.
551 2795 667 2865 23.)
691 2818 718 2844 «
757 2794 888 2849 Ideo
919 2791 1314 2849 assimilatum
1345 2797 1435 2848 est
1465 2809 1706 2864 regnum
1743 2790 1914 2846 coelo-

255 2901 395 2942 rum
426 2883 651 2939 homini
685 2882 828 2954 regi,
863 2883 962 2954 qui
994 2881 1178 2937 voluit
1209 2881 1492 2936 rationem
1539 2896 1751 2953 ponere
1781 2895 1916 2935 cum

254 2975 447 3031 servis
479 2973 624 3029 suis.
653 2995 680 3021 »
703 2971 1009 3027 Familiare
1049 2975 1141 3026 est
1181 2971 1338 3040 Syris
1371 2975 1427 3024 et
1457 2969 1709 3025 maxime
1741 2968 1916 3024 Palae-

259 3064 443 3121 stinis
466 3064 537 3118 ad
566 3077 800 3117 omnem
824 3077 1150 3117 sermonem
1174 3076 1348 3115 suum
1377 3059 1682 3131 parabolas
1705 3059 1916 3130 junge-

261 3171 330 3209 re
361 3169 372 3206 :
402 3157 468 3206 ut
497 3151 650 3223 quod
686 3166 788 3222 per
808 3148 1059 3221 simplex
1084 3153 1438 3220 praceptum
1461 3149 1642 3204 teneri
1665 3149 1738 3202 ab
1760 3146 1922 3201 audi-

2002 568 2173 638 tilios,
2205 573 2262 624 et
2293 567 2488 624 omnia
2535 585 2661 640 qua:
2710 567 2982 637 habebat,
3016 573 3072 623 et
3118 568 3299 623 reddi.
3333 569 3648 628 Procidens

2002 662 2195 711 autem
2249 673 2450 712 servus
2493 655 2608 724 ille,
2643 657 2887 729 rogabat
2931 673 3088 722 eum,
3140 656 3382 713 dicens:
3420 658 3646 714 Patien-

2003 746 2144 800 tiam
2177 745 2323 801 habe
2353 747 2412 800 in
2446 761 2558 816 me,
2591 750 2648 800 et
2691 745 2889 800 omnia
2929 745 3168 801 reddam
3217 745 3344 800 tibi.
3379 745 3650 803 Misertus

2003 839 2198 890 autem
2231 835 2506 890 dominus
2538 834 2686 890 servi
2719 833 2897 902 illius,
2933 835 3158 890 dimisit
3187 851 3321 890 eum
3358 852 3371 890 :
3403 839 3462 891 et
3490 835 3653 891 debi-

2005 929 2132 979 tum
2165 925 2390 978 dimisit
2419 924 2490 978 oi.
2522 925 2806 996 Egressus
2831 929 3025 980 autem
3059 941 3261 980 servus
3290 923 3409 996 ille,
3433 924 3656 982 invenit

2007 1030 2190 1068 unum
2223 1013 2294 1067 de
2344 1013 2638 1068 conservis
2686 1013 2830 1081 suis,
2866 1015 2965 1085 qui
3019 1013 3267 1069 debebat
3319 1015 3370 1070 ei
3419 1020 3657 1071 centum

2007 1103 2276 1157 denarios
2302 1120 2314 1157 :
2340 1106 2395 1157 et
2428 1107 2629 1158 tenens
2662 1103 2987 1158 suﬂ‘ocabat
3014 1119 3171 1174 eum,
3195 1104 3400 1160 dicens
3425 1122 3436 1159 :
3465 1105 3661 1160 Redde

2008 1192 2160 1263 quod
2211 1191 2407 1246 debes.
2445 1192 2510 1246 Et
2556 1192 2862 1263 procidens
2895 1209 3210 1248 conservus
3241 1194 3369 1264 ejus
3419 1194 3665 1266 rogabat

2008 1297 2164 1348 eum,
2216 1281 2461 1336 dicens:
2506 1281 2855 1336 Patientiam
2904 1281 3052 1337 habe
3105 1282 3164 1336 in
3217 1299 3330 1350 me,
3363 1287 3420 1338 et
3465 1283 3666 1338 omnia

2009 1370 2249 1425 reddam
2292 1369 2419 1424 tibi.
2457 1369 2554 1424 Ille
2585 1374 2780 1425 autem
2814 1369 3001 1426 noluit
3034 1389 3046 1425 :
3081 1371 3181 1426 sed
3221 1371 3382 1438 abiit,
3417 1376 3473 1427 et
3505 1371 3668 1428 misit

2010 1475 2143 1513 eum
2176 1458 2234 1512 in
2268 1475 2578 1526 carcerem,
2615 1460 2798 1514 donec
2830 1459 3097 1515 redderet
3127 1460 3414 1516 debitum.
3447 1459 3663 1516 Viden-

2011 1551 2098 1602 tes
2155 1553 2348 1603 autem
2401 1548 2661 1604 conservi
2711 1549 2838 1619 ejus
2887 1565 3013 1620 qua:
3063 1549 3304 1614 fiebant,
3335 1549 3662 1605 contristati

2012 1641 2152 1691 sunt
2197 1636 2361 1692 valde
2404 1655 2416 1692 :
2459 1642 2515 1692 et
2561 1641 2862 1704 venerunt,
2897 1641 2952 1692 et
3000 1644 3382 1694 narraverunt
3423 1638 3660 1694 domino

2013 1741 2118 1780 suo
2149 1726 2347 1780 omnia
2378 1743 2505 1796 quae
2537 1726 2690 1782 facta
2738 1727 2986 1781 fuerant.
3022 1727 3187 1782 Tunc
3221 1727 3442 1783 vocavit
3492 1726 3662 1782 illum

2013 1813 2290 1868 dominus
2347 1831 2512 1882 suus,
2567 1819 2625 1869 et
2673 1815 2754 1868 ait
2800 1813 2882 1868 illi
2919 1833 2930 1870 :
2963 1818 3132 1870 Serve
3182 1831 3458 1886 nequam,
3491 1831 3664 1870 omne

2016 1902 2277 1958 debitum
2320 1903 2517 1957 dimisi
2563 1903 2688 1973 tibi,
2723 1903 3001 1974 quoniam
3051 1904 3267 1976 rogasti
3321 1920 3432 1960 me.
3462 1904 3665 1960 Nonne

2016 2008 2153 2063 ergo
2200 1991 2457 2063 oportuit.
2487 1995 2544 2046 ct
2580 1995 2636 2046 te
2669 1992 2932 2047 misereri
2975 1993 3237 2048 conservi
3285 1993 3394 2061 tui,
3426 1992 3581 2049 sicut
3609 1997 3667 2048 et

2018 2097 2121 2152 ego
2165 2081 2249 2135 tui
2297 2080 2577 2135 misertus
2627 2080 2804 2135 sum?
2835 2082 2903 2136 Et
2952 2082 3138 2137 iratus
3187 2082 3462 2138 dominus
3515 2084 3665 2154 ejus,

2019 2169 2262 2224 tradidit
2291 2185 2425 2224 eum
2456 2169 2775 2224 tortoribus
2816 2170 3199 2242 quoadusque
3245 2171 3510 2226 redderet
3539 2171 3670 2227 uni-

2018 2275 2248 2313 versum
2300 2257 2583 2314 debitum.
2615 2281 2642 2306 ››
2671 2259 2800 2314 Scio
2832 2259 3121 2330 quosdam
3143 2261 3164 2293 ‘-‘
3193 2259 3374 2314 istum
3425 2260 3526 2332 qui
3576 2261 3681 2315 de-

2019 2348 2193 2403 bebat
2223 2347 2420 2402 decem
2456 2347 2643 2403 millia
2672 2349 2913 2416 talenta,
2945 2347 3247 2404 diabolum
3280 2349 3670 2421 interpretari,

2021 2438 2190 2507 cujus
2225 2453 2460 2491 uxorem
2499 2442 2558 2491 et
2603 2435 2755 2492 ﬁlios
2799 2437 3223 2493 venundandos
3273 2443 3678 2510 perseverante

2022 2525 2118 2582 illo
2142 2527 2199 2580 in
2226 2525 2471 2592 malitia,
2487 2525 2888 2598 insipientiam
2909 2531 2965 2582 et
2985 2526 3174 2583 malas
3191 2529 3574 2601 cogitationes
3595 2529 3684 2584 in-

2023 2615 2204 2686 telligi
2222 2614 2444 2670 volunt.
2459 2614 2620 2670 Sicut
2636 2615 2791 2670 enim
2804 2617 2826 2687 j
2839 2616 2950 2670 usti
2972 2633 3116 2671 uxor
3133 2617 3352 2672 dicitur
3369 2617 3676 2690 sapientia,

2025 2705 2107 2760 sic
2129 2721 2368 2759 uxorem
2398 2706 2551 2758 144
2579 2704 2634 2758 in
2637 2705 2784 2776 justi
2807 2709 2863 2760 et
2886 2706 3207 2776 peccatoris
3230 2706 3511 2777 appellari
3536 2704 3678 2761 stul-

2023 2793 2233 2848 titiam.
2269 2793 2379 2848 Sed
2429 2794 2724 2864 quomodo
2765 2793 2814 2848 ei
2859 2794 3122 2848 dimittat
3169 2795 3444 2849 dominus
3474 2795 3673 2850 decem

2028 2881 2212 2938 millia
2240 2882 2489 2950 talenta;
2523 2886 2580 2937 et
2617 2881 2712 2936 ille
2753 2882 2922 2937 nobis
2963 2883 3256 2937 conservis
3286 2882 3409 2938 suis
3439 2887 3672 2937 centum

2027 2971 2297 3027 denarios
2328 2987 2444 3026 non
2477 2971 2786 3039 dimiserit,
2819 2986 2924 3025 nec
2955 2969 3357 3026 ecclesiasticae
3390 2971 3672 3042 interpre-

2029 3060 2269 3115 tationis
2301 3063 2408 3128 est,
2441 3075 2545 3114 nec
2575 3076 2608 3114 a
2637 3059 3026 3130 prudentibus
3057 3058 3197 3115 viris
3227 3059 3590 3132 recipiendae.

2101 3149 2289 3219 (Vers.
2321 3149 2436 3219 35.)
2468 3171 2496 3196 ‹‹
2542 3148 2633 3202 Sic
2677 3152 2732 3204 et
2781 3147 2947 3203 Pater
2996 3165 3163 3203 meus
3210 3149 3462 3205 caelestis
3513 3148 3684 3205 faciet

261 3241 500 3310 toribus
532 3257 650 3295 non
680 3243 886 3312 potest,
922 3255 1023 3310 per
1060 3237 1507 3293 similitudinem
1539 3235 1921 3308 exemplaque
1951 3225 1994 3291 C
2031 3237 2216 3308 vobis,
2249 3237 2297 3292 si
2331 3253 2444 3292 non
2495 3236 2784 3292 remiserit
2827 3237 3236 3309 unusquisque
3267 3236 3431 3293 fratri
3462 3254 3568 3294 suo
3613 3237 3684 3294 de

263 3336 564 3388 teneatur.
600 3328 873 3400 Prmcepit
903 3328 1096 3398 itaque
1137 3332 1304 3383 Petro
1349 3328 1458 3382 sub
1491 3324 1926 3398 comparatione

263 3420 430 3491 regis
450 3424 506 3474 et
527 3417 771 3488 domini,
792 3423 849 3473 et
871 3417 1040 3482 servi,
1059 3415 1158 3487 qui
1181 3417 1410 3472 debitor
1441 3417 1638 3472 decem
1675 3414 1926 3469 millium

266 3510 433 3564 148
464 3507 846 3574 talentorum,
878 3523 911 3560 a
940 3505 1178 3561 domino
1211 3522 1447 3577 rogans,
1483 3504 1713 3559 veniam
1748 3503 1930 3574 impe-

271 3603 562 3664 traverat;
608 3602 672 3652 ut
719 3596 844 3668 ipse
891 3610 1122 3668 quoque
1153 3593 1413 3649 dimittat
1463 3592 1757 3649 conservis
1807 3591 1932 3646 suis

272 3687 512 3747 minora
553 3685 954 3758 peccantibus.
988 3684 1048 3739 Si
1091 3684 1247 3738 enim
1278 3682 1378 3738 ille
1409 3699 1506 3737 rex
1553 3687 1609 3737 et
1659 3681 1934 3735 dominus

278 3793 450 3832 servo
480 3775 725 3831 debitori
772 3769 971 3828 decem
1007 3771 1196 3827 millia
1226 3771 1581 3827 talentorum
1615 3776 1735 3825 tam
1771 3768 1936 3824 facile

279 3865 536 3930 dimisit,
570 3869 788 3935 quanto
821 3863 1010 3934 magis
1053 3861 1204 3918 servi
1234 3861 1525 3917 conservis
1570 3860 1694 3914 suis
1725 3859 1940 3914 debent

282 3953 526 4014 minora
554 3951 879 4007 dimittere?
908 3952 1071 4015 Quod
1119 3955 1183 4005 ut
1221 3948 1590 4005 manifestius
1623 3948 1744 4011 ﬁat,
1780 3947 1938 4001 dica-

285 4059 424 4098 mus
469 4041 581 4096 sub
624 4039 884 4113 exemplo
918 4058 931 4094 :
965 4040 1026 4095 Si
1073 4040 1206 4111 quis
1256 4043 1525 4094 nostrum
1579 4035 1944 4094 commiserit

285 4131 671 4196 adulterium,
705 4129 1112 4194 homicidium,
1147 4127 1542 4200 sacrilegium,
1579 4127 1804 4197 majora
1833 4125 1944 4179 cri-

287 4221 454 4280 mina
474 4221 675 4276 decem
700 4218 952 4274 millium
973 4216 1355 4285 talentorum,
1381 4216 1724 4288 rogantibus
1755 4212 1948 4269 dimit-

293 4314 523 4376 tuntur,
549 4309 599 4364 si
627 4313 683 4364 et
709 4307 820 4380 ipsi
847 4307 1152 4362 dimittant
1174 4305 1401 4361 minora
1422 4304 1820 4376 peccantibus.
1846 4302 1948 4357 Sin

292 4405 494 4454 autem
516 4398 588 4453 ob
611 4397 824 4452 factam
843 4394 1259 4452 contumeliam
1283 4393 1460 4449 simul
1483 4396 1494 4427 ¹
1523 4391 1948 4464 implacabiles,

294 4493 353 4544 et
407 4491 644 4559 propter
697 4502 965 4541 amarum
1023 4484 1268 4543 verbum
1318 4486 1582 4555 perpetes
1632 4481 1954 4536 habeamus

2035 3327 2309 3382 cordibus
2340 3327 2574 3382 vestris.
2602 3349 2628 3374 »
2661 3325 3063 3382 Formidolosa
3102 3326 3412 3392 sententia,
3447 3327 3497 3381 si
3517 3327 3688 3397 juxta

2039 3419 2299 3471 nostram
2330 3420 2588 3471 mentem
2620 3415 2910 3471 sententia
2940 3414 3042 3470 Dei
3071 3415 3322 3470 flectitur
3349 3420 3524 3487 atque
3557 3432 3690 3471 mu-

2037 3508 2214 3559 tatur.
2247 3503 2307 3559 Si
2339 3521 2514 3576 parva
2567 3504 2848 3558 fratribus
2895 3521 3010 3559 non
3061 3504 3441 3573 dimittimus,
3477 3521 3693 3577 magna

2041 3594 2212 3648 nobis
2244 3611 2277 3647 a
2307 3599 2418 3647 Deo
2449 3609 2564 3648 non
2599 3592 2988 3648 dimittentur.
3022 3593 3092 3648 Et
3123 3593 3262 3664 quia
3288 3599 3482 3666 potest
3515 3610 3694 3649 unus-

2043 3682 2294 3754 quisque
2332 3681 2521 3736 dicere
2556 3699 2568 3737 :
2612 3680 2758 3736 nihil
2809 3682 2950 3736 abeo
2995 3686 3197 3738 contra
3225 3698 3380 3751 eum,
3416 3682 3541 3754 ipse
3589 3699 3690 3738 no-

2043 3771 2124 3824 vit
2158 3787 2170 3824 :
2207 3771 2382 3825 habet
2403 3770 2584 3825 Deum
2609 3770 2891 3841 judicem,
2926 3788 3040 3827 non
3077 3771 3220 3826 mihi
3252 3788 3404 3826 cura:
3435 3776 3524 3826 est
3555 3771 3695 3844 quid

2046 3859 2185 3915 velit
2231 3875 2420 3931 agere,
2453 3875 2559 3932 ego
2608 3859 2803 3931 ignovi
2852 3861 2937 3931 ei;
2991 3861 3299 3916 confirmat
3348 3861 3698 3916 sententiam

2050 3965 2240 4016 suam,
2275 3953 2330 4004 et
2361 3965 2596 4004 omnem
2627 3947 3062 4004 simulationem
3097 3950 3246 4005 ficte
3285 3950 3446 4021 pacis
3476 3949 3698 4016 evertit,

2050 4037 2251 4093 dicens
2281 4053 2294 4092 :
2329 4037 2388 4092 Si
2415 4055 2525 4094 non
2557 4037 2878 4092 remiseritis
2907 4039 3286 4108 unusquisque
3314 4039 3484 4108 fratri
3509 4053 3607 4093 suo
3636 4039 3703 4094 de

2051 4127 2302 4182 cordibus
2330 4129 2544 4183 vestris.
3175 4168 3185 4178 .

2129 4215 2288 4287 (Cap.
2324 4217 2460 4271 XIX.
2496 4248 2564 4258 -—-
2593 4216 2757 4272 Vers.
2793 4217 2934 4287 1-3.)
2977 4239 3004 4267 ‹‹
3047 4221 3114 4271 Et
3164 4217 3384 4273 factum
3439 4223 3527 4274 est
3574 4234 3709 4274 cum

2059 4310 2533 4360 consummasset
2577 4306 2749 4361 Jesus
2800 4322 3102 4362 sermones
3150 4307 3316 4376 istos,
3361 4308 3636 4381 migravit
3681 4325 3715 4362 ο.

2065 4393 2330 4462 Galileea;
2365 4399 2419 4450 et
2449 4394 2606 4449 venit
2647 4395 2705 4448 in
2742 4395 2888 4451 ﬁnes
2917 4396 3128 4451 Judaese
3157 4403 3321 4453 trans
3351 4398 3665 4454 Jordanem
3701 4413 3714 4452 :

2063 4488 2119 4540 et
2142 4488 2355 4538 secutae
2378 4488 2519 4538 sunt
2549 4500 2682 4556 eum
2708 4485 2891 4540 turba
2916 4485 3135 4554 multae,
3158 4491 3214 4542 et
3234 4488 3458 4542 curavit
3483 4502 3584 4542 eos
3613 4484 3715 4540 ibi.

298 4575 626 4632 discordias
659 4591 672 4630 :
707 4591 900 4630 nonne
945 4573 1115 4629 nobis
1142 4571 1409 4628 videmur
1458 4576 1610 4626 recte
1657 4568 1957 4642 redigendi
1991 4600 2034 4664 Β
2066 4574 2136 4628 Et
2165 4577 2539 4628 accesserunt
2568 4574 2639 4628 ad
2672 4590 2806 4629 eum
2839 4574 3110 4632 Pharisaei
3153 4580 3443 4631 tentantes
3473 4592 3630 4642 eum,
3664 4578 3723 4629 et

301 4666 362 4721 in
421 4681 736 4731 carcerem,
778 4669 836 4720 et
885 4663 994 4718 sub
1053 4661 1316 4734 exemplo
1367 4660 1557 4732 Operis
1610 4660 1792 4716 nostri
1850 4659 1959 4714 hoc

305 4771 495 4828 agere,
529 4761 596 4809 ut
628 4755 920 4825 majorum
954 4751 1123 4808 nobis
1154 4749 1499 4806 delictorum
1530 4749 1698 4804 venia
1730 4765 1844 4804 non
1880 4765 1962 4803 re-

309 4843 539 4898 laxetur
553 4842 580 4897 ?

381 4931 568 5002 (Vers.
600 4931 810 5001 24-3—5.)
842 4953 870 4980 ‹‹
902 4930 968 4985 Et
1000 4946 1134 4985 cum
1167 4929 1439 5001 ccnpisset
1471 4928 1753 4983 rationem
1789 4943 1963 4999 pone-

309 5038 389 5092 re,
423 5020 660 5076 oblatus
703 5024 791 5075 est
819 5020 872 5075 ei
904 5037 1057 5074 unus
1086 5018 1185 5088 qui
1235 5018 1484 5072 debebat
1532 5018 1731 5072 decem
1782 5015 1969 5070 millia

310 5109 551 5165 talenta.
585 5109 730 5166 Cum
780 5114 976 5165 autem
1027 5124 1142 5164 non
1196 5106 1433 5162 haberet
1481 5107 1634 5162 unde
1681 5105 1967 5172 redderet,

391 5329 406 5361 ¹
435 5327 655 5384 Vitiose
684 5330 807 5381 erat
836 5326 1027 5395 simul,
1063 5341 1172 5396 pro
1197 5325 1389 5396 simus.

390 5400 413 5432 ²
441 5399 603 5454 Haud
636 5404 788 5454 certe
820 5393 1302 5469 longius'ablusit
1337 5393 1774 5469 Origen.es,_qui
1795 5395 1978 5469 debi-

318 5476 504 5526 torem
535 5471 736 5526 decem
771 5465 1024 5523 millium
1059 5467 1436 5522 talentorum.
1475 5488 1501 5512 «
1534 5465 1611 5531 Si,
1645 5465 1855 5536 inquit,
1891 5468 1979 5521 in-

317 5550 406 5598 ter
430 5542 703 5597 homines
726 5539 1085 5612 quaesiveris,
1109 5553 1404 5612 cumesse
1429 5536 1674 5612 forsitan
1706 5539 1981 5612 reperies,

315 5618 617 5671 Hominem
645 5609 875 5684 peccati,
906 5613 1085 5682 ﬁlium
1125 5609 1485 5684 perditionis,
1520 5611 1619 5684 qui
1659 5609 1987 5684 adversatur

316 5690 364 5745 et
395 5679 693 5746 extollitur
716 5679 886 5756 supra
906 5679 1078 5738 omne
1107 5679 1245 5753 quod
1278 5679 1488 5736 dicitur
1525 5679 1684 5757 Deus,
1719 5686 1817 5737 aut
1843 5681 1984 5756 quod

669 5812 930 5876 Parnm.
975 5805 1192 5886 XXVI,

2068 4663 2333 4717 dicentes
2365 4679 2380 4716 :
2411 4663 2468 4716 Si
2501 4662 2636 4717 licet
2677 4662 2904 4718 homini
2934 4663 3228 4719 dimittere
3260 4679 3497 4718 uxorem
3547 4680 3718 4719 suam

2072 4767 2422 4823 quacunque
2451 4767 2519 4806 ex
2549 4751 2772 4808 causa?
2802 4775 2830 4800 »
2862 4753 2942 4808 De
2983 4751 3217 4807 Galilzea
3245 4760 3482 4808 venerat
3513 4754 3586 4808 ad
3619 4752 3723 4808 Ju-

2075 4841 2257 4895 daeam
2292 4858 2304 4896 :
2343 4841 2560 4897 idcirco
2604 4841 3031 4897 Pharisaeorum
3066 4840 3520 4913 Scribarumque
3551 4841 3725 4899 factio

2078 4930 2409 5002 interrogat
2455 4947 2588 4986 eum
2641 4949 2653 4986 :
2701 4935 2901 4986 utrum
2949 4929 3119 4986 liceat
3165 4930 3390 4986 homini
3433 4931 3728 4988 dimittere

2081 5035 2317 5074 uxorem
2375 5036 2544 5075 suam
2608 5018 2870 5090 qualibet
2918 5035 3117 5087 causa,
3168 5023 3234 5075 ut
3277 5019 3446 5091 quasi
3486 5025 3729 5077 cornuto

2081 5113 2318 5164 teneant
2347 5125 2482 5164 eum
2529 5107 2865 5180 syllogismo
2901 5126 2912 5163 :
2945 5112 3002 5163 et
3049 5108 3442 5182 quodcunque
3491 5126 3732 5182 respon-

2086 5326 2320 5400 colitur;
2343 5326 2391 5380 si
2424 5329 2587 5400 extra
2616 5325 2925 5400 hominum
2958 5341 3164 5399 genus,
3195 5328 3328 5400 quis
3361 5326 3456 5383 ille
3485 5331 3593 5396 est,
3622 5326 3738 5382 nisi

2090 5396 2378 5471 diabolus,
2413 5398 2514 5468 qui
2550 5402 2634 5452 tot
2672 5397 2942 5454 homines
2965 5396 3258 5471 perdidit;
3288 5417 3322 5454 a
3352 5400 3568 5471 quibus
3617 5400 3742 5470 ipse

2093 5469 2564 5542 peccatiAauctor
2621 5476 2932 5542 susceptus
2977 5469 3110 5525 est?
3143 5493 3170 5520 »
3222 5469 3489 5526 Non—sic
3547 5469 3744 5526 autem

2093 5539 2552 5615 stricteOrigcni
2603 5539 2859 5615 adhaeret
2892 5541 3298 5615 Hieronymus,
3335 5547 3399 5596 ut
3427 5548 3483 5598 et
3513 5543 3744 5615 devium

2095 5613 2168 5668 ab
2197 5611 2593 5741 ecclesiqstiea
2616 5613 3098 5687 interpretatione
3111 5611 3372 5688 'sequatu
3385 5631 3429 5686 r,
3454 5613 3597 5686 quin
3626 5613 3744 5669 imo

2096 5700 2212 5741 non
2244 5700 2415 5741 con.u
2445 5699 2472 5740 e
2508 5726 2520 5741 .

2096 5700 2212 5746 non
2244 5699 2520 5746 coniutet.

3391 5815 3430 5892 li
