4024 6196
409 335 517 393 139

401 462 568 531 derit,
603 463 856 536 captioni
889 470 1103 538 pateat.
1141 466 1222 521 Si.
1246 468 1474 535 dixerit,
1507 470 1886 525 dimittendas
1917 485 2044 524 esse
2075 473 2129 537 Α

401 568 610 609 uxores
641 552 903 626 qualibet
930 572 997 611 ex
1029 572 1225 622 causa,
1254 561 1310 612 et
1339 558 1637 615 ducendas
1670 557 1836 625 alias,
1870 558 2045 631 pudi-

398 640 549 697 citia)
607 644 949 715 pradieator
978 644 1089 701 sibi
1144 646 1436 703 videbitur
1483 648 1689 704 docere
1733 647 2040 703 contraria.

399 731 461 788 8i
491 736 687 789 autem
717 734 1101 806 responderit,
1133 751 1249 791 non
1293 752 1527 792 omnem
1558 738 1630 793 ob
1681 753 1921 793 causam
1950 737 2045 792 de-

396 820 535 877 bere
562 821 801 890 dimitti,
826 823 993 894 quasi
1025 823 1314 896 sacrilegii
1347 841 1483 881 reus
1524 826 1838 890 tenebitur,
1860 830 1915 881 et
1942 826 2041 880 ad-

396 925 599 967 versus
630 911 958 969 doctrinam
990 913 1174 985 Moysi
1206 930 1272 969 ac
1302 930 1405 987 per
1433 915 1668 988 Moysen
1704 915 1824 984 Dei,
1858 917 2043 972 facere

388 999 775 1071 judicabitur.
801 1000 984 1073 Igitur
1007 1004 1289 1058 Dominus
1316 1003 1401 1059 sic
1432 1004 1874 1076 responsionem
1900 1010 2043 1060 tem-

392 1092 576 1160 perat,
608 1092 674 1145 ut
718 1089 1047 1163 decipulam
1094 1107 1295 1148 eorum
1348 1097 1629 1163 transeat,
1680 1095 2039 1166 Scripturam

391 1182 655 1235 sanctam
685 1180 983 1237 adducens
1034 1181 1094 1236 in
1134 1182 1559 1251 testimonium,
1608 1188 1665 1239 et
1710 1183 2038 1240 naturalem

390 1265 601 1341 legem,
633 1267 1003 1342 primamque
1040 1269 1142 1327 Dei
1173 1271 1527 1327 sententiam
1560 1273 1827 1328 secundae
1859 1290 2036 1345 oppo-

393 1372 567 1424 nens;
600 1372 730 1429 quaa
768 1375 883 1415 non
912 1358 1209 1416 voluntate
1239 1360 1364 1428 Dei,
1397 1362 1500 1416 sed
1542 1362 1911 1433 peccantium
1945 1380 2038 1418 ne-

391 1444 660 1503 cessitate
686 1462 965 1505 concessa
994 1452 1102 1504 est.

461 1533 646 1606 (Vers.
681 1536 759 1607 4.)
783 1559 803 1586 σι
838 1537 945 1600 Qui
975 1538 1334 1610 respondens
1364 1538 1448 1594 ait
1475 1538 1559 1595 eis
1588 1557 1600 1595 :
1631 1540 1755 1595 Non
1785 1540 2032 1613 legistis,

391 1623 550 1696 quia,
573 1625 676 1696 qui
703 1626 839 1683 fecit
858 1628 930 1683 ab
952 1627 1142 1696 initio,
1167 1627 1496 1685 masculum
1519 1634 1577 1685 et
1598 1629 1871 1686 feminam
1906 1631 2039 1686 fecit

390 1712 530 1770 eos?
554 1736 581 1763 »
604 1714 721 1771 Hoc
750 1713 809 1771 in
841 1716 1074 1772 exordio
1105 1717 1395 1774 Geneseos
1427 1719 1712 1791 scriptum
1762 1726 1852 1775 est
1881 1720 2031 1791 (Cap.

389 1819 431 1870 ι,
459 1803 571 1876 27).
603 1803 859 1861 Dicendo
888 1809 1107 1875 autem,
1126 1807 1453 1873 masculum
1482 1810 1630 1865 145
1665 1811 1713 1864 et
1746 1810 2033 1879 feminam,

386 1892 643 1949 ostendit
669 1894 929 1950 secunda
954 1895 1193 1951 vitanda
1240 1896 1533 1969 conjugia.
1569 1898 1693 1956 Non
1739 1898 1895 1953 enim
1928 1898 2030 1964 ait,

385 1982 691 2037 masculum
747 1986 798 2037 et
848 1985 1107 2055 feminas,
1162 1986 1316 2057 quod
1347 2002 1416 2041 ex
1469 1985 1727 2057 priorum
1789 1988 2031 2059 repudio

383 2070 752 2140 qumrebatur
782 2088 795 2125 :
827 2072 929 2128 sed
959 2060 1268 2129 masculum
1295 2079 1346 2130 et
1392 2075 1680 2148 feminam.
1717 2079 1820 2131 ut'
1855 2077 2030 2131 unius

385 2158 654 2232 coniugis
681 2160 976 2218 consortia
998 2167 1388 2219 necterentur.

456 2246 641 2319 (Vers.
669 2249 729 2315 5,
758 2249 839 2317 6.)
863 2269 892 2299 «
940 2249 1007 2305 Et
1051 2250 1196 2306 dixit
1245 2266 1261 2307 :
1310 2255 1552 2324 Propter
1610 2253 1716 2308 hoc
1775 2253 2031 2309 dimittet

382 2335 559 2393 homo
587 2342 814 2410 patrem
844 2343 901 2394 et
930 2343 1202 2407 matrem,
1233 2344 1289 2395 et
1317 2340 1636 2397 adhaerebit
1667 2342 1830 2397 uxori
1861 2360 1978 2399 suae
2013 2361 2026 2400 :

381 2428 441 2481 et
466 2430 640 2482 erunt
666 2427 782 2483 duo
822 2426 882 2482 in
932 2444 1104 2484 carne
1133 2445 1275 2485 una.
1312 2432 1507 2501 Itaque
1546 2431 1673 2501 jam
1728 2448 1841 2486 non
1891 2434 2031 2486 sunt

382 2514 519 2583 duo,
551 2515 652 2572 sed
683 2533 802 2573 una
830 2533 985 2573 caro.
1011 2539 1039 2566 »
1060 2517 1341 2573 Similiter
1369 2520 1468 2585 ait,
1502 2518 1818 2574 adhaerebit
1866 2520 2028 2576 uxori

383 2618 527 2674 sum,
576 2620 694 2661 non
745 2606 1044 2662 uxoribus.
1083 2607 1149 2662 Et
1193 2614 1356 2662 erunt
1408 2606 1512 2662 duo
1557 2609 1618 2661 in
1662 2624 1839 2664 carne
1882 2626 2023 2664 una.

381 2694 691 2752 Praemium
747 2695 1108 2768 nuptiarum,
1166 2711 1199 2750 e
1255 2696 1485 2751 duabus
1545 2713 1722 2752 unam
1792 2713 2025 2753 carnem

378 2784 525 2841 ﬁeri.
544 2783 797 2840 Castitas
813 2784 1018 2855 juncta
1038 2783 1294 2857 spiritui,
1316 2801 1469 2841 unus
1488 2785 1739 2840 efﬁcitur
1760 2786 2021 2858 spiritus.

380 2896 402 2924 ι
437 2874 601 2938 Quod
631 2889 769 2946 ergo
805 2874 957 2929 Deus
984 2872 1306 2944 conjunxit,
1338 2872 1513 2929 homo
1552 2891 1666 2929 non
1717 2881 1965 2947 separet.
1994 2899 2021 2925 ››

374 2963 529 3021 Deus
557 2962 878 3034 conjunxit,
913 2978 1093 3018 unam
1126 2962 1388 3019 faciendo
1437 2979 1672 3018 carnem
1717 2963 1825 3018 viri
1855 2970 1911 3020 et
1944 2966 2022 3021 fe-

375 3051 548 3106 mine
581 3067 594 3106 :
628 3051 779 3107 hanc
806 3050 981 3106 homo
1011 3068 1127 3107 non
1170 3055 1362 3123 potest
1389 3068 1680 3123 separare,
1714 3053 1827 3108 nisi
1860 3054 2023 3110 forsi-

372 3144 476 3195 tan
504 3138 666 3196 solus
693 3139 866 3195 Deus.
900 3138 1082 3195 Homo
1113 3145 1366 3212 separat,
1400 3141 1632 3212 quando
1665 3148 1901 3214 propter
1921 3145 2021 3198 de-

1642 341 1705 398 S.
1752 338 2065 399 EUSEBII
2116 336 2564 396 HlEttUNYMI

3692 338 3812 398 140

2230 468 2413 537 (Vers.
2446 468 2525 539 9.)
2560 490 2587 517 ‹‹
2622 466 2758 522 Dico
2812 470 3006 523 autem
3054 467 3239 534 vobis,
3286 467 3426 538 quia
3469 468 3810 542 quicunque

2155 556 2445 613 dimiserit
2475 573 2712 612 uxorem
2744 573 2933 625 suam,
2968 557 3078 612 nisi
3131 557 3204 612 ob
3252 557 3718 625 fornicationem,
3750 565 3811 616 et

2154 646 2328 702 aliam
2376 646 2623 715 duxerit,
2658 645 3001 701 mmchatur.
3031 646 3099 699 Et
3146 645 3245 717 qui
3276 645 3582 702 dimissam
3625 649 3805 705 duxe-

2154 738 2252 803 rit,
2302 736 2648 791 moechatur.
2688 759 2709 787 ι
2759 734 2893 791 Sola
2941 736 3246 791 fornicatio
3300 740 3389 791 est
3427 752 3556 807 quae
3606 739 3807 795 uxoris

2154 826 2345 880 vincat
2391 825 2660 880 affectum
2697 842 2709 880 :
2744 825 2861 879 imo
2895 841 3029 879 cum
3087 823 3189 880 illa
3245 840 3426 880 unam
3475 842 3711 882 carnem
3743 827 3804 884 in

2153 913 2327 969 aliam
2360 913 2717 979 diviserit,et
2742 930 2802 969 se
2836 913 3219 969 fornicatione
3263 914 3618 986 separaverit
3647 916 3806 972 146

2152 1017 2185 1055 a
2216 1002 2445 1072 marito,
2478 1018 2594 1057 non
2625 1002 2794 1057 debet
2828 1001 3008 1057 teneri
3043 1020 3055 1056 :
3090 1018 3162 1057 ne
3205 1002 3395 1057 virum
3426 1019 3662 1075 quoque
3691 1005 3804 1061 sub

2152 1090 2461 1146 maledicto
2495 1091 2685 1157 faciat,
2725 1090 2951 1145 dicente
2982 1091 3285 1162 Scriptura
3313 1108 3326 1145 :
3364 1092 3467 1160 Qui
3491 1093 3806 1149 adulteram

2150 1184 2312 1245 tenet,
2362 1181 2564 1235 stultus
2621 1185 2674 1235 et
2730 1182 2935 1252 impius
2992 1183 3073 1234 est
3102 1181 3286 1251 (Prov.
3318 1198 3477 1250 xvm,
3508 1183 3623 1254 22).
3660 1182 3805 1239 Ubi-

2150 1286 2381 1341 cunque
2423 1274 2511 1325 est
2559 1269 2743 1341 igitur
2785 1268 3112 1335 fornicatio,
3143 1273 3201 1325 et
3246 1270 3648 1327 fornicationis
3700 1288 3805 1328 su-

2149 1359 2352 1431 spicio,
2386 1358 2564 1414 libere
2604 1376 2751 1414 uxor
2793 1358 3129 1413 dimittitur.
3164 1358 3233 1413 Et
3261 1358 3399 1430 quia
3447 1364 3675 1431 poterat
3702 1376 3800 1415 ac-

2148 1446 2357 1514 cidere,
2391 1452 2455 1502 ut
2483 1446 2697 1519 aliquis
2727 1446 3083 1503 calumniam
3134 1447 3347 1502 faceret
3393 1446 3713 1517 innocenti,
3743 1454 3803 1506 et

2148 1537 2219 1591 ob
2262 1537 2582 1593 secundam
2634 1536 2904 1609 copulam
2953 1536 3317 1606 nuptiarum,
3350 1537 3526 1592 veteri
3573 1538 3800 1595 crimen

2148 1626 2519 1698 impingeret,
2551 1626 2635 1681 sic
2667 1624 2920 1698 priorem
2943 1624 3237 1681 dimittere
3260 1626 3507 1697 jubetur
3534 1643 3799 1698 uxorem,

2148 1719 2211 1769 ut
2267 1716 2608 1781 secundam,
2660 1714 2851 1786 prima
2893 1714 3148 1781 vivente,
3195 1731 3310 1771 non
3362 1715 3588 1771 habeat.
3633 1718 3799 1782 Quod

2146 1804 2299 1858 enim
2334 1805 2495 1874 dicit,
2526 1802 2639 1859 tale
2669 1808 2758 1859 est
2789 1820 2802 1857 :
2835 1803 2898 1858 Si
2931 1819 3043 1859 non
3075 1808 3311 1875 propter
3337 1802 3666 1869 libidinem,
3692 1806 3798 1862 sed

2145 1899 2379 1964 propter
2407 1892 2685 1964 injuriam
2718 1892 2968 1948 dimittis
2998 1909 3237 1948 uxorem
3262 1909 3275 1947 :
3311 1910 3492 1965 quare
3520 1900 3799 1966 expertus

2142 1980 2403 2037 infelices
2430 1982 2651 2053 priores
2702 1981 2957 2053 nuptias,
2991 1997 3275 2036 novarum
3305 1987 3362 2037 te
3392 1981 3665 2039 immittis
3694 1999 3799 2055 pe-

2143 2069 2375 2126 riculo?
2426 2070 2659 2126 Necnon
2719 2069 2861 2142 quia
2923 2074 3150 2142 poterat
3204 2071 3451 2140 evenire,
3510 2074 3576 2127 ut
3621 2073 3797 2144 juxta

2141 2160 2408 2215 eamdem
2439 2160 2624 2233 legem
2676 2178 2819 2215 uxor
2864 2176 3095 2231 quoque
3144 2160 3353 2216 marito
3404 2161 3571 2216 daret
3616 2177 3797 2233 repu-

2141 2249 2329 2315 dium,
2361 2249 2564 2304 eadem
2597 2250 2823 2305 cautela
2853 2248 3203 2321 praecipitur,
3238 2265 3311 2305 ne
3340 2250 3665 2305 secundum
3692 2266 3793 2308 ao-

2140 2337 2320 2410 cipiat
2347 2338 2561 2395 virum.
2594 2340 2661 2393 Et
2689 2338 2828 2410 quia
2866 2340 3157 2406 meretrix,
3190 2343 3248 2393 et
3275 2355 3404 2411 quas
3453 2338 3634 2395 semel
3665 2339 3793 2397 fne-

2141 2431 2231 2482 rat
2287 2427 2574 2494 adultera,
2621 2427 3001 2500 opprobrium
3060 2445 3176 2483 non
3232 2427 3495 2497 timebat,
3529 2430 3789 2485 secundo

2138 2513 2472 2585 praecipitur
2498 2515 2620 2570 viro
2641 2516 2681 2585 ³,
2717 2514 2873 2586 quod
2906 2514 2957 2570 si
2984 2514 3162 2571 talem
3195 2515 3448 2587 duxerit,
3483 2517 3595 2572 sub
3626 2516 3794 2573 adul-

2136 2603 2267 2658 terii
2299 2603 2376 2659 sit
2405 2603 2668 2660 crimine.

2209 2692 2391 2764 (Vers.
2426 2694 2537 2765 10.)
2565 2716 2591 2743 ‹‹
2631 2693 2840 2749 Dicunt
2876 2694 2927 2749 ei
2975 2693 3251 2766 discipuli
3284 2696 3413 2767 ejus
3449 2712 3462 2752 :
3499 2696 3560 2752 Si
3592 2697 3673 2752 ita
3700 2701 3795 2754 est

2136 2798 2314 2837 causa
2361 2782 2584 2837 homini
2634 2799 2767 2838 cum
2817 2799 3014 2851 uxore,
3045 2800 3164 2839 non
3202 2784 3434 2855 expedit
3482 2786 3725 2842 nubere.
3763 2809 3791 2836 ››

2134 2870 2316 2927 Grave
2347 2872 2574 2944 pondus
2605 2888 2855 2927 uxorum
2886 2877 2993 2939 est,
3029 2873 3077 2929 si
3106 2879 3347 2944 excepta
3389 2890 3566 2930 causa
3604 2876 3797 2930 forni-

2134 2960 2399 3030 cationis,
2433 2977 2533 3016 eas
2558 2960 2853 3016 dimittere
2900 2977 3017 3016 non
3063 2960 3216 3017 licet.
3251 2961 3397 3024 Quid
3430 2963 3586 3018 enim
3618 2963 3789 3020 site-

2134 3048 2394 3105 mulenta
2434 3051 2627 3117 fuerit,
2660 3051 2708 3105 si
2758 3050 3058 3117 iracunda,
3092 3050 3141 3105 si
3194 3050 3364 3107 malis
3412 3051 3701 3122 moribus,
3737 3053 3790 3109 si

2131 3137 2453 3207 luxuriosa,
2483 3140 2531 3195 si
2561 3138 2790 3212 gulosa,
2824 3140 2872 3195 si
2904 3155 3073 3211 vaga,
3107 3139 3158 3194 si
3180 3140 3494 3213 jurgatrix,
3527 3140 3578 3197 si
3603 3141 3791 3198 male-

377 3227 657 3285 siderium
689 3227 958 3284 secunda;
1005 3228 1224 3297 uxoris,
1256 3230 1507 3301 primam
1553 3230 1814 3285 dimittit.
1869 3233 2022 3289 Deus
2054 3220 2097 3285 C
2135 3227 2284 3295 dica,
2315 3229 2567 3284 tenenda
2597 3229 2706 3284 erit
2751 3228 3133 3283 istiusmodi?
3163 3227 3454 3285 Volumus
3505 3229 3789 3288 nolumus

376 3321 628 3392 separat,
662 3316 764 3389 qui
809 3320 867 3373 et
894 3317 1295 3388 coniunxerat,
1330 3318 1566 3388 quando
1616 3334 1685 3373 ex
1732 3335 2021 3377 consensu

377 3410 617 3480 propter
662 3405 1001 3462 servitutem
1051 3406 1150 3460 Dei
1170 3404 1269 3477 (eo
1300 3406 1454 3477 quod
1505 3410 1740 3478 tempus
1770 3407 1829 3462 in
1864 3415 2021 3465 arcto

380 3497 489 3569 sit)
530 3496 629 3552 ‘sic
685 3495 972 3552 habemus
1028 3510 1257 3568 uxores,
1316 3496 1485 3567 quasi
1562 3511 1681 3552 non
1737 3497 2021 3555 habentes

374 3586 421 3656 (ι
452 3585 573 3642 Cor.
603 3602 704 3655 v11,
734 3585 847 3657 29).

289 3660 304 3672 ’
446 3675 635 3748 (Vers.
661 3676 741 3743 7.)
761 3696 790 3725 «
815 3674 1026 3730 Dicunt
1043 3673 1129 3729 illi
1154 3692 1167 3730 :
1191 3674 1353 3738 Quod
1375 3691 1510 3747 ergo
1533 3675 1759 3747 Moyses
1780 3677 2020 3733 manda-

371 3763 456 3821 vit
481 3764 608 3821 dari
638 3762 901 3820 libellum
946 3762 1195 3836 repudii,
1227 3767 1285 3818 et
1325 3763 1656 3820 dimittere?
1679 3786 1707 3814 »
1731 3765 2019 3837 Aperiunt

370 3854 727 3911 calumniam
775 3870 952 3927 quam
1002 3856 1366 3926 paraverant.
1415 3854 1484 3908 Et
1532 3856 1684 3909 certe
1734 3855 2015 3911 Dominus

369 3961 487 4001 non
518 3942 816 4018 propriam
865 3941 1214 4000 sententiam
1267 3940 1609 4014 protulerat,
1652 3943 1753 3998 sed
1803 3945 2013 4001 veteris

370 4032 623 4090 historiae
653 4036 710 4089 et
740 4031 1153 4088 mandatorum
1185 4029 1287 4086 Dei
1318 4030 1505 4085 fuerat
1534 4031 1889 4088 recordatus.

439 4122 622 4194 (Vers.
646 4122 766 4194 8.)“
791 4121 886 4176 Ait
906 4119 1023 4176 illis
1047 4136 1059 4174 :
1084 4119 1365 4191 quaniam
1391 4120 1611 4192 Moyses
1637 4120 1707 4174 ad
1730 4120 2011 4178 duritiam

364 4210 559 4265 cordis
588 4209 766 4265 vestri
809 4209 1076 4281 permisit
1117 4208 1281 4264 vobis
1325 4208 1616 4265 dimittere
1661 4226 1870 4265 uxores
1916 4228 2007 4267 ve-

366 4301 521 4353 stras
556 4314 569 4353 :
604 4296 677 4353 ab
706 4296 873 4352 initio
905 4302 1097 4353 autem
1146 4314 1263 4353 non
1308 4298 1416 4353 fuit
1463 4298 1567 4353 sic.
1592 4319 1620 4349 »
1655 4299 1818 4365 Quod
1866 4300 2010 4356 dicit

362 4386 701 4443 istiusmodi
734 4391 857 4441 est:
882 4385 1160 4458 Nunquid
1192 4392 1383 4457 potest
1408 4388 1556 4444 Deus
1587 4388 1697 4442 sibi
1720 4404 1848 4444 esse
1877 4404 2007 4443 con-

357 4475 598 4545 trarius,
631 4479 695 4531 ut
723 4473 883 4530 aliud
915 4478 1049 4530 ante
1072 4475 1339 4547 jusserit,
1366 4480 1424 4532 et
1454 4477 1804 4533 sententiam
1835 4494 2003 4533 suam

359 4582 506 4624 novo
549 4565 782 4637 frangat
837 4563 1124 4655 imperio?
1153 4564 1279 4620 Non
1328 4565 1408 4621 ita
1454 4567 1822 4621 sentiendum
1868 4571 2002 4622 est:
2035 4591 2082 4655 Ι)

358 4655 462 4711 sed
493 4660 716 4728 Moyses
735 4669 871 4710 cum
891 4653 1132 4720 videret,
1156 4658 1391 4726 propter
1411 4655 1767 4711 desiderium
1800 4672 2005 4711 secun-

355 4744 565 4801 darum
605 4745 949 4817 conjugum,
980 4759 1107 4815 qua:
1153 4742 1243 4798 vel
1293 4744 1553 4809 ditiores,
1586 4743 1671 4799 vel
1711 4746 2000 4815 juniores,

353 4833 442 4890 vel
472 4833 834 4906 pulchriores
865 4838 1085 4900 essent,
1114 4832 1337 4906 primas
1367 4850 1575 4889 uxores
1602 4833 1868 4903 interﬁci,
1903 4840 2003 4891 aut

353 4921 572 4979 malam
628 4923 807 4979 vitam
863 4925 1099 4993 ducere,
1156 4922 1365 4979 maluit
1424 4922 1725 4995 indulgere
1780 4923 1999 4980 discor-

350 5011 533 5079 diam,
565 5028 742 5084 quam
791 5013 926 5068 odia
955 5017 1014 5069 et
1054 5011 1372 5070 homicidia
1421 5029 1785 5084 perseverare
1815 5015 1995 5086 (Deut.

345 5117 498 5170 xxnv,
555 5104 631 5171 (η).
682 5100 986 5173 Simulque
1042 5102 1349 5158 considera
1405 5102 1559 5174 quod
1612 5117 1727 5156 non
1785 5102 1931 5157 dixit
1980 5119 1993 5157 :

344 5192 578 5263 Propter
603 5190 872 5246 duritiam
917 5190 1094 5245 cordis
1140 5192 1311 5245 vestri
1353 5192 1608 5263 permisit
1634 5191 1787 5246 vobis
1832 5192 1993 5257 Deus,

340 5279 435 5336 sed
463 5283 680 5353 Moyses
710 5298 729 5335 :
761 5282 825 5335 ut
844 5279 1016 5349 juxta
1042 5279 1385 5351 Apostolum
1415 5281 1463 5349 (Ι
1494 5280 1617 5335 Cor.
1649 5297 1746 5349 vn,
1777 5281 1833 5347 6)
1863 5297 1995 5336 con-

341 5367 541 5427 silium
573 5369 651 5425 sit
679 5366 960 5437 hominis,
992 5385 1105 5425 non
1139 5368 1450 5440 imperium
1483 5368 1603 5424 Dei.

411 5607 425 5641 ¹
461 5602 568 5661 Ms.
602 5602 821 5681 cod.__8.
857 5601 1127 5681 Remigii,
1154 5611 1213 5659 ut
1244 5602 1415 5659 unius
1442 5602 1686 5677 conjugii
1714 5605 1983 5661 consortio

334 5680 694 5737 neclerentvr.
729 5674 915 5735 Mser.
1029 5674 1053 5681 '
1115 5674 1121 5679 '
1508 5708 1515 5715 .

2133 3316 2237 3386 [AL
2273 3315 2529 3373 nolimus
2578 3317 2870 3387 velimus],
2905 3318 3256 3373 sustinenda
3286 3323 3395 3374 est.
3429 3320 3576 3375 Cum
3627 3320 3788 3376 enim

2130 3420 2397 3461 essemus
2443 3405 2632 3471 liberi,
2662 3405 2993 3462 voluntarie
3037 3423 3145 3463 nos
3189 3408 3555 3479 subjecimus
3601 3409 3788 3465 servi-

2130 3493 2262 3549 tuti.
2297 3482 2573 3551 Videntes
2603 3511 2739 3568 ergo
2770 3494 3017 3567 apostoli
3055 3512 3229 3568 grave
3261 3513 3509 3552 uxorum
3541 3497 3782 3569 jugum,

2129 3582 2432 3654 proferunt
2460 3590 2686 3640 motum
2737 3584 2918 3640 animi
2962 3584 3074 3652 sui,
3106 3590 3164 3640 et
3194 3586 3399 3642 dicunt
3432 3603 3445 3642 ε
3478 3586 3541 3641 Si
3571 3589 3656 3643 ita
3702 3591 3788 3643 est

2126 3687 2292 3728 causa
2320 3672 2533 3729 homini
2560 3690 2681 3730 cum
2713 3690 2904 3743 uxore,
2936 3691 3048 3730 non
3075 3674 3301 3749 expedit
3327 3676 3562 3733 nubere.

2200 3762 2382 3832 (Vers.
2420 3763 2531 3834 11.)
2556 3784 2585 3813 ‹‹
2614 3764 2720 3827 Qui
2762 3763 2908 3818 dixit
2938 3762 3056 3819 illis
3087 3779 3101 3818 :
3133 3764 3259 3820 Non
3298 3780 3501 3820 omnes
3533 3766 3782 3837 capiunt

2123 3851 2367 3907 verbum
2397 3853 2575 3919 istud,
2599 3853 2699 3908 sed
2734 3853 2952 3925 quibus
2983 3853 3188 3909 datum
3218 3857 3325 3909 est.
3352 3875 3379 3903 »
3402 3852 3580 3909 Nemo
3612 3860 3779 3926 putet

2124 3939 2234 3994 sub
2266 3940 2374 3995 hoc
2403 3942 2596 4008 verbo,
2627 3941 2713 3997 vel
2748 3945 2951 4012 fatum,
2984 3941 3072 3998 vel
3104 3942 3400 3998 fortunam
3431 3943 3726 3999 introduci
3761 3960 3776 4002 :

2123 4029 2277 4099 quod
2300 4029 2360 4083 hi
2391 4035 2531 4085 sunt
2554 4030 2829 4102 virgines,
2850 4031 3068 4102 quibus
3099 4048 3134 4087 a
3163 4032 3277 4087 Deo
3310 4031 3513 4087 datum
3550 4032 3645 4099 sit,
3670 4038 3773 4089 aut

2121 4118 2276 4188 quod
2309 4117 2548 4190 quidam
2582 4119 2654 4174 ad
2685 4118 2795 4175 hoc
2833 4136 3006 4176 casus
3037 4119 3366 4188 adduxerit,
3398 4120 3499 4176 sed
3548 4119 3642 4176 his
3668 4121 3778 4178 da-

2120 4208 2245 4260 tum
2276 4211 2365 4262 est
2393 4207 2493 4278 qui
2546 4209 2856 4280 petierunt,
2889 4208 2989 4280 qui
3019 4207 3347 4280 voluerunt,
3380 4210 3480 4281 qui
3519 4214 3583 4273 ut
3622 4209 3776 4266 acci-

2119 4299 2343 4365 perent,
2374 4294 2801 4354 laboraverunt.
2833 4296 3006 4352 Omni
3054 4296 3211 4353 enim
3261 4297 3479 4369 petenti
3504 4297 3768 4362 dabitur,

2116 4388 2173 4438 et
2204 4400 2469 4455 quaerens
2518 4384 2794 4452 inveniet,
2826 4390 2882 4441 et
2911 4385 3172 4458 pulsanti
3221 4385 3518 4458 aperietur
3547 4387 3770 4458 (Matth.

2113 4490 2215 4539 v11,
2246 4473 2313 4541 8;
2347 4476 2475 4531 Luc.
2509 4492 2588 4544 x1,
2623 4476 2731 4546 10).

2184 4562 2370 4634 (Vers.
2406 4565 2515 4635 12.)
2540 4587 2566 4614 ‹‹
2600 4565 2746 4619 Sunt
2793 4565 2950 4620 enim
2994 4564 3273 4630 eunuchi,
3306 4564 3407 4637 qui
3437 4566 3508 4620 de
3556 4566 3769 4622 matris

2114 4656 2275 4708 utero
2306 4652 2389 4708 sic
2420 4654 2541 4709 nati
2573 4659 2742 4709 sunt:
2768 4659 2825 4710 et
2851 4659 2992 4709 sunt
3021 4654 3298 4722 eunuchi,
3326 4655 3429 4725 qui
3460 4655 3596 4710 facti
3625 4660 3775 4712 sunt

2111 4742 2184 4797 ab
2214 4742 2554 4799 hominibus
2580 4761 2593 4799 :
2619 4748 2677 4799 et
2707 4748 2847 4799 sunt
2876 4742 3151 4811 eunuchi,
3172 4743 3273 4816 qui
3303 4744 3531 4817 seipses
3549 4748 3772 4801 castra.

2110 4838 2317 4887 verunt
2333 4840 2567 4905 propter
2587 4849 2833 4906 regnum
2856 4833 3154 4888 caelorum.
3179 4833 3287 4899 Qui
3312 4838 3505 4905 potest
3532 4848 3764 4904 capere.

2108 4920 2365 4993 capiat.»
2391 4921 2626 4993 Triplex
2676 4938 2861 4994 genus
2908 4926 2997 4977 est
3035 4920 3441 4977 cunuchorum
3470 4938 3483 4976 :
3509 4923 3767 4978 duorum

2107 5009 2527 5076 carnalium,ct
2542 5010 2697 5066 tertii
2724 5010 3203 5083 spiritualis.Alii
3237 5014 3377 5066 sunt
3407 5011 3507 5082 qui
3538 5011 3612 5066 de
3636 5026 3764 5066 ma-

2104 5099 2211 5153 tris
2245 5103 2405 5154 utero
2431 5100 2515 5153 sic
2544 5104 2888 5156 nascuntur.
2924 5102 3069 5155 147
3106 5098 3221 5155 Alii
3271 5115 3419 5172 quos
3449 5097 3535 5153 vel
3568 5099 3766 5171 capti-

2101 5188 2249 5243 vitas
2280 5187 2438 5259 facit,
2463 5187 2551 5244 vel
2599 5188 2816 5244 delicia:
2867 5187 3245 5245 matronales.
3278 5185 3455 5243 Tertii
3483 5192 3625 5241 sunt
3657 5188 3765 5260 qui

2102 5276 2326 5349 seipsos
2374 5282 2775 5333 castraverunt
2831 5283 3068 5350 propter
3125 5292 3371 5350 regnum
3429 5275 3759 5347 caelorum;

2099 5372 2155 5422 et
2184 5367 2284 5437 qui
2315 5382 2448 5423 cum
2481 5366 2709 5439 possint
2737 5383 2867 5423 esse
2896 5366 3026 5437 viri,
3060 5371 3293 5439 propter
3319 5364 3623 5423 Christum
3647 5381 3765 5421 eu-

2163 5605 2184 5641 ³
2215 5604 2279 5660 In
2310 5622 2427 5661 uno
2460 5603 2739 5679 Palatino,
2770 5603 3008 5663 secundo
3039 5619 3150 5661 non
3190 5602 3401 5661 nubere
3426 5602 3763 5681 praecipitur

2089 5679 2229 5747 viro,
2270 5680 2559 5753 corrupte.
