4024 6196
213 375 299 435 141
685 366 1198 430 COMMENTAR.
1248 367 1328 427 IN
1373 362 1886 441 EVANGELIUM
1933 360 2319 421 MATTHIEI
2364 362 2511 421 LIB.
2559 359 2683 437 Illa
2714 358 2885 419 CAP.
2933 360 3096 421 XIX.

3477 368 3595 426 142

210 504 361 561 nuchi
395 504 567 558 fiunt.
593 501 731 557 Istis
759 499 1118 571 promittitur
1142 500 1446 570 praemium
1478 518 1491 566 ;
1524 495 1836 570 superiori-
1863 491 1919 562 Α
1946 495 2061 549 suis
2089 493 2268 564 (Joan.
2302 510 2356 561 x,
2427 493 2500 565 1).
2554 492 2621 547 Et
2652 491 2711 547 in
2744 491 3030 564 Propheta
3076 495 3247 560 (Psat.
3279 512 3445 567 chu,
3482 497 3596 569 10).

210 597 301 650 bus
331 596 526 647 autem
557 591 778 661 quibus
808 588 1170 644 castimoniae
1216 588 1557 655 necessitas,
1590 604 1704 643 non
1737 602 1834 641 vo-

208 683 389 738 luntas
404 685 515 748 est,
530 678 680 734 nihil
701 678 941 734 omnino
966 677 1230 733 debetur.
1248 682 1569 734 Possumus
1591 682 1643 732 et
1670 675 1839 732 aliter

208 772 399 828 dicere.
452 767 721 824 Eunuchi
773 772 915 823 sunt
960 784 1029 822 ex
1072 767 1281 823 matris
1323 772 1508 835 utero,
1539 766 1637 838 qui
1672 765 1833 837 frigi-

207 862 372 916 dioris
404 863 626 914 natura:
657 862 797 914 sunt
828 860 869 923 ί,
903 873 1009 912 nec
1039 855 1343 911 libidinem
1378 859 1738 928 appetentes.
1773 854 1840 909 Et

204 949 313 1019 alii,
343 947 446 1021 qui
475 948 548 1002 ab
576 945 919 1002 hominibus
954 947 1105 1000 fiunt
1136 964 1149 1000 :
1194 962 1342 1015 quos
1374 950 1475 1001 aut
1504 942 1836 1017 philosophi

203 1040 439 1104 faciunt,
470 1042 566 1092 aut
594 1040 831 1108 propter
862 1033 1153 1090 idolorum
1197 1035 1423 1090 cultum
1455 1032 1840 1089 emolliuntur

200 1129 251 1183 in
286 1127 568 1183 feminas:
599 1124 687 1181 vel
719 1124 1098 1197 persuasione
1132 1123 1400 1179 haeretica
1430 1123 1715 1179 simulant
1742 1139 1837 1176 ca-

200 1218 474 1279 stitatem,
508 1221 574 1270 ut
604 1212 966 1269 mentiantur
1004 1211 1307 1284 religionis
1347 1212 1674 1267 veritatem.
1725 1211 1837 1266 Sed

199 1304 391 1361 nullus
411 1320 616 1359 eorum
648 1300 1027 1373 consequitur
1057 1317 1237 1371 regna
1261 1300 1564 1367 caelorum,
1592 1298 1703 1354 nisi
1737 1299 1837 1371 qui

197 1411 251 1449 se
281 1392 623 1449 castraverit
654 1395 892 1463 propter
934 1389 1252 1445 Christum.
1306 1389 1468 1445 Unde
1516 1393 1572 1444 et
1620 1388 1836 1443 infert:

198 1483 298 1549 Qui
324 1488 498 1549 potest
525 1495 740 1551 capere,
771 1479 993 1549 capiat;
1043 1482 1103 1530 ut
1135 1478 1543 1549 unusquisque
1573 1477 1837 1532 conside-

196 1576 278 1626 ret
303 1570 461 1624 vires
488 1585 652 1634 suas,
688 1572 885 1621 utrum
917 1567 1104 1638 possit
1129 1565 1437 1638 virginalis
1465 1570 1523 1620 et
1548 1565 1842 1637 pudicitiae

194 1658 431 1731 implere
462 1661 772 1730 praecepta.
804 1660 910 1710 Per
938 1672 999 1711 se
1031 1655 1190 1711 enim
1211 1655 1451 1711 castitas
1482 1653 1701 1710 blanda
1731 1658 1839 1723 est,

194 1753 249 1804 et
270 1745 596 1820 quemlibet
616 1746 687 1801 ad
714 1761 779 1801 se
798 1744 1082 1799 alliciens.
1108 1744 1220 1799 Sed
1242 1744 1677 1800 considerandae
1704 1746 1844 1798 sunt

192 1838 363 1901 vines,
393 1840 463 1891 ut
490 1833 593 1907 qui
624 1839 813 1906 potest
844 1850 1068 1906 capere,
1102 1834 1315 1906 capiat.
1344 1834 1521 1898 Quasi
1551 1833 1842 1889 hortantis

193 1944 298 1983 vox
328 1925 565 1982 Domini
595 1929 704 1993 est,
737 1927 794 1978 et
824 1922 1042 1978 milites
1071 1940 1212 1980 suos
1242 1923 1312 1978 ad
1356 1922 1648 1995 pudicitiae
1692 1940 1837 1995 pras-

192 2015 379 2070 mium
427 2011 795 2068 concitantis.
849 2012 956 2079 Qui
994 2015 1169 2083 potest
1216 2026 1410 2082 capere
1454 2013 1636 2083 capiat
1667 2029 1685 2066 :
1738 2012 1840 2083 qui

191 2108 385 2175 potest
412 2116 695 2174 pugnare,
731 2106 969 2172 pugnet,
1003 2104 1241 2172 superet
1271 2116 1338 2155 ae
1368 2100 1711 2172 triumphet.

259 2196 453 2263 (Vers.
484 2191 576 2260 13,
608 2190 722 2260 14.)
776 2210 805 2239 ‹‹
838 2190 1003 2245 Tunc
1033 2187 1212 2244 oblati
1243 2193 1384 2244 sunt
1414 2189 1464 2244 ei
1497 2189 1747 2261 parvuli,
1777 2193 1843 2244 ut

188 2297 405 2337 manus
436 2280 522 2336 eis
567 2279 896 2349 imponeret
935 2283 994 2334 et
1042 2283 1253 2334 oraret.
1310 2278 1590 2350 Discipuli
1643 2286 1841 2334 autem

184 2368 576 2441 increpabant
596 2384 716 2423 eos.
744 2367 919 2423 Jesus
938 2383 1074 2422 vero
1105 2366 1184 2421 ait
1214 2367 1318 2423 eis.
1345 2389 1373 2415 n
1406 2367 1531 2422 Non
1564 2384 1679 2438 quo
1715 2366 1840 2422 nol-

185 2459 315 2515 lent
346 2458 437 2513 eis
468 2453 778 2512 Salvatoris
809 2460 866 2512 et
895 2473 1075 2511 manu
1105 2460 1162 2511 et
1217 2472 1354 2511 voce
1383 2456 1645 2512 benedici
1672 2474 1686 2520 ;
1716 2456 1840 2511 .sed

182 2565 302 2620 quo
328 2546 582 2601 necdum
606 2544 889 2600 habentes
911 2543 1317 2615 plenissimam
1340 2544 1539 2611 ﬁdem,
1568 2547 1845 2617 putarent

183 2653 324 2693 eum
348 2636 405 2690 in
428 2634 880 2691 similitudinem
901 2631 1210 2688 hominum
1233 2632 1603 2689 offerentium
1630 2634 1844 2705 impor-

187 2726 447 2781 tunitate
475 2722 710 2779 lassari.

262 2813 451 2887 (Vers.
486 2812 598 2879 15.)
628 2835 658 2862 ‹‹
693 2811 877 2867 Sinite
908 2810 1202 2884 parvulos,
1237 2815 1293 2867 et
1326 2810 1505 2867 nolite
1534 2812 1845 2883 prohibere

188 2921 291 2961 eos
323 2902 395 2958 ad
429 2919 522 2957 me
551 2899 785 2966 venire;
832 2899 1039 2956 talium
1070 2904 1159 2956 est
1190 2899 1346 2956 enim
1389 2916 1638 2973 regnum
1672 2900 1842 2957 coelo-

190 3009 353 3048 rum.
382 2992 455 3045 Et
481 3007 618 3045 cum
651 2989 1033 3061 imposuisset
1062 2989 1147 3044 eis
1187 3005 1419 3057 manus,
1453 2989 1597 3044 abiit
1629 2990 1781 3045 inde.
1816 3012 1845 3040 »

190 3081 607 3155 Significanter
639 3078 805 3146 dixit,
836 3077 1063 3145 talium,
1095 3094 1211 3133 non
1242 3080 1474 3133 istorum
1498 3094 1517 3131 :
1550 3083 1613 3133 ut
1643 3084 1845 3134 osten-

193 3172 360 3227 deret
388 3186 510 3224 non
543 3172 771 3223 atatem
803 3183 1066 3238 regnare,
1101 3167 1201 3222 sed
1234 3183 1463 3235 mores;
1515 3171 1572 3222 et
1613 3167 1705 3222 his
1745 3168 1845 3239 qui

1948 583 2231 655 Spiritum
2264 583 2484 637 bonum
2516 586 2855 653 terramque
2886 581 3119 637 bonam.
3167 583 3352 656 Igitur
3378 592 3435 641 et
3464 586 3594 642 Sal-

1945 678 2111 728 vator
2140 688 2254 727 non
2286 671 2563 727 bonitatis
2594 671 3004 727 testimonium
3036 672 3248 727 renuit.
3299 673 3409 729 Sed
3462 691 3593 732 ma-

1947 761 2115 833 gistri
2146 761 2369 831 absque
2394 760 2510 816 Deo
2541 758 2787 817 exclusit
2815 776 3095 817 errorem.

2020 850 2205 922 (Vers.
2244 851 2330 905 18.
2367 850 2476 922 19.)
2523 869 2546 899 ι
2580 851 2638 906 Si
2673 855 2869 906 autem
2895 850 2982 906 vis
3013 851 3085 907 ad
3117 851 3297 907 vitam
3342 850 3592 924 ingredi,

1950 958 2116 997 serva
2142 940 2440 995 mandata.
2472 939 2624 995 Dicit
2652 939 2737 995 illi
2771 958 2785 996 :
2836 941 2971 1004 Quae
2991 941 3019 995 ?
3064 940 3240 997 Jesus
3278 944 3475 998 autem
3505 942 3593 997 di-

1946 1031 2066 1085 xit:
2099 1029 2225 1085 Non
2253 1028 2636 1085 homicidium
2668 1030 2864 1086 facies.
2899 1030 3022 1086 Non
3054 1030 3433 1087 adulterabis.
3468 1030 3594 1087 Non

1948 1119 2124 1175 facies
2152 1119 2394 1174 furtum.
2428 1118 2553 1174 Non
2585 1118 2798 1175 falsum
2828 1119 3234 1177 testimonium
3266 1120 3445 1177 dices.
3479 1120 3593 1176 Ho-

1949 1225 2093 1263 nora
2122 1212 2345 1279 patrem
2376 1212 2545 1263 tuum
2589 1212 2646 1263 et
2689 1213 2935 1264 matrem
2973 1226 2986 1264 :
3036 1213 3093 1263 et
3139 1208 3349 1282 diliges
3396 1209 3591 1282 proxi-

1950 1314 2115 1352 mum
2146 1302 2316 1352 tuum
2349 1296 2503 1353 sicut
2529 1296 2809 1369 teipsum.
2846 1320 2874 1347 »
2924 1297 3364 1355 Adolescentem
3411 1298 3597 1355 istum

1950 1390 2299 1441 tentatorem
2329 1402 2480 1457 esse,
2513 1390 2570 1441 et
2598 1402 2667 1441 ex
2697 1403 2763 1442 eo
2795 1387 3041 1458 probare
3070 1403 3410 1459 possumus,
3440 1388 3596 1460 quod

1950 1475 2179 1530 dicente
2226 1475 2341 1531 sibi
2372 1476 2639 1543 Domino,
2675 1477 2733 1531 Si
2776 1478 2856 1531 vis
2895 1476 2964 1532 ad
3003 1478 3173 1532 vitam
3204 1477 3442 1548 ingredi,
3473 1492 3594 1532 ser-

1950 1582 2017 1620 va
2044 1564 2332 1633 mandata,
2366 1581 2602 1620 rursum
2659 1566 3062 1623 fraudulenter
3104 1568 3425 1639 interrogat
3469 1583 3597 1638 quis

1952 1653 2074 1710 sint
2104 1654 2206 1709 illa
2234 1654 2511 1710 mandata
2544 1672 2558 1710 :
2607 1656 2776 1726 quasi
2806 1661 2908 1711 aut
2938 1672 3053 1711 non
3084 1654 3211 1728 ipse
3241 1655 3465 1730 legerit,
3498 1659 3600 1711 aut

1951 1744 2239 1800 Dominus
2270 1744 2456 1815 possit
2485 1744 2601 1800 Deo
2622 1745 2833 1816 jubere
2861 1745 3173 1802 contraria.

2025 1832 2212 1903 (Vers.
2244 1834 2359 1904 ‘20.)
2406 1856 2434 1883 ‹‹
2467 1833 2616 1889 Dicit
2662 1833 2749 1888 illi
2792 1833 3134 1891 adolescens
3167 1851 3181 1890 :
3229 1833 3440 1890 Omnia
3478 1833 3598 1890 haec

1950 1922 2236 1977 custodivi
2296 1940 2330 1977 a
2378 1923 2687 1991 juventute
2736 1938 2868 1979 mea
2896 1924 2939 1991 ³,
2999 1923 3140 1995 quid
3200 1923 3394 1979 adhuc
3450 1922 3598 1978 mihi

1950 2010 2157 2067 deest?
2205 2015 2301 2066 Ait
2346 2011 2432 2065 illi
2482 2012 2677 2067 Jesus.
2723 2035 2744 2063 ι
2800 2012 3081 2068 Mentitur
3127 2008 3485 2069 adolescens.
3534 2012 3597 2068 Si

1951 2100 2107 2155 enim
2157 2099 2267 2155 hoc
2310 2100 2468 2170 quod
2500 2101 2755 2172 positum
2789 2106 2878 2156 est
2905 2101 2965 2156 in
2997 2101 3293 2157 mandatis
3327 2119 3340 2156 :
3391 2103 3601 2172 Dilige:

1947 2191 2267 2261 proximum
2321 2192 2475 2244 tuum
2526 2191 2668 2245 sicut
2711 2192 2968 2262 teipsum,
3010 2207 3184 2263 opere
3229 2190 3600 2262 complesset,

1950 2279 2245 2348 quomodo
2292 2283 2491 2349 postea
2539 2279 2785 2336 audiens
2817 2296 2830 2335 :
2888 2281 3042 2350 Vade,
3074 2284 3126 2335 et
3158 2280 3322 2336 vende
3349 2295 3475 2351 quae
3501 2281 3599 2335 ha-

1953 2368 2062 2431 bes,
2091 2376 2144 2422 et
2170 2367 2241 2422 da
2268 2370 2623 2439 pauperibus,
2656 2369 2842 2425 tristis
2883 2371 3143 2441 recessit,
3177 2369 3317 2441 quia
3346 2369 3601 2426 habebat

1953 2457 2357 2527 possessiones
2388 2457 2607 2514 multas
2633 2462 2655 2514 Ρ
3238 2486 3245 2495 ~
3679 2524 3685 2530 ο

2025 2545 2208 2615 (Vers.
2242 2548 2357 2618 ‘21.)
2410 2570 2431 2595 α
2468 2547 2530 2602 Si
2559 2547 2645 2604 vis
2677 2549 2967 2620 perfectus
3018 2565 3167 2616 esse,
3209 2551 3376 2617 vade,
3417 2548 3602 2604 vende

1956 2651 2084 2705 qua:
2130 2635 2335 2702 habes,
2376 2640 2434 2691 et
2475 2639 2550 2691 da
2592 2638 2969 2709 pauperibus,
3003 2642 3061 2693 et
3088 2637 3333 2694 habebis
3361 2640 3601 2693 thesau-

1954 2740 2085 2779 rum
2118 2724 2177 2779 in
2210 2724 2373 2793 coelo,
2405 2730 2463 2780 et
2492 2726 2645 2792 veni,
2680 2743 2924 2798 sequere
2964 2743 3075 2782 me.
3114 2749 3141 2777 ››
3198 2728 3260 2782 In
3306 2731 3598 2799 potestate

1954 2816 2158 2869 nostra
2202 2818 2313 2880 est,
2361 2818 2560 2868 utrum
2608 2813 2859 2871 velimus
2898 2830 3025 2871 esse
3070 2813 3328 2884 perfecti.
3379 2813 3599 2869 Tamen

1954 2901 2291 2981 quicunque
2342 2904 2634 2974 perfectus
2681 2919 2812 2958 esse
2855 2901 3121 2971 voluerit,
3157 2903 3328 2958 debet
3356 2902 3601 2957 vendere

1957 3006 2085 3061 quae
2120 2989 2294 3045 habet
2327 3009 2339 3046 :
2390 2994 2447 3046 et
2490 3008 2605 3046 non
2649 3008 2717 3046 ex
2754 2995 2918 3063 parte
2954 2991 3223 3058 vendere,
3257 2989 3410 3046 sicut
3440 2994 3601 3044 Ana-

1958 3078 2085 3134 nias
2137 3078 2271 3134 fecit
2315 3083 2373 3134 et
2421 3078 2709 3151 Sapphira
2756 3080 2892 3151 (Act.
2940 3096 2994 3150 ν,
3042 3079 3210 3150 1-10),
3265 3079 3366 3135 sed
3415 3082 3604 3133 totum

1957 3168 2202 3223 vendere
2237 3184 2250 3222 :
2301 3172 2359 3223 et
2388 3184 2523 3223 cum
2554 3167 2899 3233 vendiderit,
2929 3184 3101 3223 omne
3148 3167 3287 3223 dare
3330 3166 3606 3239 pauperi-

198 3258 459 3316 similem
509 3257 792 3312 haberent
839 3254 1231 3310 innocentiam
1282 3260 1339 3311 et
1381 3254 1844 3328 simplicitatem,
1877 3250 1919 3315 C
1959 3259 2091 3323 bus,
2142 3261 2199 3311 et
2248 3256 2331 3312 sic
2379 3255 2492 3312 sibi
2547 3272 2873 3329 prieparare
2918 3256 3263 3312 thesaurum
3311 3256 3374 3310 in
3422 3271 3604 3328 regno

194 3347 504 3421 premium
536 3344 884 3417 repromitti.
915 3343 1191 3417 Apostolo
1224 3361 1457 3416 quoque
1490 3346 1547 3400 in
1578 3346 1846 3401 eamdem

194 3436 550 3494 sententiam
579 3438 934 3506 congruente
966 3451 979 3488 :
1026 3435 1261 3498 Fratres,
1305 3435 1481 3490 nolite
1506 3437 1674 3505 pueri
1700 3435 1849 3507 efﬁci

195 3528 461 3591 semitm,
511 3524 605 3581 sed
650 3524 877 3579 malitia
919 3523 1144 3595 parvuli
1194 3526 1356 3578 estote
1386 3540 1404 3577 :
1452 3540 1617 3579 sensu
1667 3533 1849 3580 autem

197 3622 256 3672 ut
283 3616 522 3689 per/ccli
548 3615 675 3670 sitis
706 3614 755 3685 (1
789 3612 912 3667 Cor.
945 3629 1061 3684 xw,
1091 3614 1205 3684 20).

265 3704 459 3773 (Vers.
489 3703 599 3775 16.)
634 3725 661 3753 «
698 3703 766 3757 Et
798 3717 927 3757 ecce
958 3718 1113 3756 unus
1145 3702 1425 3758 accedens
1458 3703 1541 3758 ait
1571 3702 1653 3757 illi
1682 3719 1694 3755 :
1729 3703 1847 3758 Ma-

195 3794 384 3866 gister
432 3792 605 3859 bone,
653 3790 797 3862 quid
849 3790 984 3845 boni
1029 3789 1260 3856 faciam,
1293 3794 1358 3844 ut
1389 3791 1637 3846 habeam
1669 3791 1850 3846 vitam

196 3895 485 3937 aeternam
503 3881 533 3933 δῖ
572 3881 678 3945 Qui
706 3879 847 3935 dicit
876 3878 947 3934 ei.
983 3901 1010 3927 »
1062 3880 1174 3934 Iste
1204 3880 1304 3950 qui
1338 3880 1490 3935 148
1532 3881 1853 3953 interrogat

199 3969 508 4045 quomodo
555 3968 728 4024 vitam
775 3972 1172 4040 consequatur
1218 3973 1521 4037 aeternam,
1554 3972 1611 4025 et
1657 3969 1849 4025 adole-

198 4076 395 4129 scens,
424 4063 481 4114 et
509 4057 668 4114 dives
696 4064 785 4113 est
817 4057 924 4128 [AL
957 4057 1123 4126 erat],
1155 4061 1213 4112 et
1240 4057 1532 4129 superbus
1557 4076 1571 4126 ;
1604 4063 1662 4113 et
1681 4059 1855 4129 juxta

199 4149 387 4205 alium
436 4146 879 4219 evangelistam,
913 4162 1028 4201 non
1074 4149 1203 4201 voto
1253 4146 1556 4217 discentis,
1590 4148 1691 4203 sed
1724 4152 1854 4203 ten-

200 4238 382 4293 tantis
412 4236 739 4308 interrogat
768 4236 917 4307 (Luc.
950 4251 1114 4302 xvm,
1148 4235 1255 4305 18).
1349 4252 1356 4259 ·

270 4326 465 4399 (Vers.
497 4325 613 4397 l7.)
645 4347 673 4375 ‹‹
697 4323 845 4388 Quid
879 4340 971 4380 me
1000 4322 1326 4396 interrogas
1359 4324 1430 4379 de
1460 4325 1611 4380 bono
1634 4324 1661 4378 ‘?
1694 4324 1856 4382 Unus

196 4421 288 4473 est
314 4417 517 4472 bonus
548 4414 722 4470 Deus.
758 4435 781 4464 ι
825 4413 972 4479 Quia
1001 4413 1107 4483 [AL
1141 4412 1270 4483 Qui}
1306 4408 1655 4485 magistrum
1686 4430 1854 4470 voca-

196 4510 360 4561 verat
394 4504 637 4571 bouum,
667 4508 724 4558 et
755 4518 870 4557 non
892 4502 1099 4569 Deum,
1128 4502 1216 4557 vel
1248 4501 1351 4558 Dei
1383 4502 1596 4557 Filium
1627 4504 1852 4560 confes-

120 4584 125 4587 ⁷
200 4611 303 4650 sus
333 4598 486 4663 erat,
520 4591 695 4648 discit
725 4590 993 4664 quamvis
1026 4595 1295 4647 sanctum
1346 4591 1646 4647 hominem
1695 4609 1852 4648 com-
1892 4622 1937 4686 Β

201 4684 510 4755 paratione
542 4680 644 4736 Dei
688 4698 803 4736 non
846 4696 976 4737 esse
1018 4680 1258 4749 bonum,
1308 4681 1380 4736 de
1427 4697 1543 4752 quo
1592 4682 1854 4738 dicitur:

202 4771 568 4840 Conﬁtemini
596 4770 847 4838 Domino,
881 4770 1142 4841 quoniam
1170 4769 1339 4824 bonus
1376 4771 1547 4841 (Psal.
1582 4788 1748 4840 cxvu,
1787 4772 1858 4842 1).

202 4860 287 4916 Ne
317 4858 460 4931 quis
489 4863 687 4914 autem
721 4862 888 4931 putet
916 4858 976 4913 in
1006 4875 1073 4914 eo
1104 4859 1254 4929 quod
1290 4859 1480 4914 bonus
1511 4859 1666 4915 Deus
1718 4860 1861 4916 dici-

201 4955 319 5016 tur,
356 4946 589 5004 excludi
620 4965 656 5003 a
682 4948 942 5004 bonitate
974 4946 1183 5003 Filium
1216 4947 1337 5019 Dei,
1370 4947 1623 5021 legimus
1655 4950 1714 5005 in
1749 4948 1863 5006 alio

1957 3345 2260 3402 caelorum.
2314 3346 2471 3401 149
2498 3346 2570 3401 Et
2598 3346 2707 3401 hoc
2739 3346 2811 3401 ad
2845 3344 3260 3419 perfectionem
3291 3362 3407 3401 non
3436 3345 3605 3400 suffi-

1957 3436 2037 3491 cit
2058 3436 2099 3503 ³,
2134 3436 2247 3491 nisi
2300 3439 2430 3508 post
2460 3439 2824 3507 contemptas
2856 3434 3087 3490 divitias
3118 3434 3477 3491 Salvatorem
3521 3449 3608 3490 se-

1958 3529 2194 3598 quatur,
2224 3524 2282 3580 id
2315 3530 2423 3591 est,
2457 3524 2676 3581 relictis
2708 3524 2901 3591 malis,
2946 3524 3118 3581 faciat
3148 3524 3324 3580 bona.
3354 3521 3607 3579 Facilius

1957 3614 2114 3669 enim
2147 3613 2417 3671 sacculus
2462 3613 2857 3669 contemnitur
2906 3629 3081 3685 quam
3111 3612 3402 3685 voluptas.
3437 3610 3606 3667 Multi

1958 3702 2191 3758 divitias
2250 3702 2667 3774 relinquentes,
2713 3702 3027 3758 Dominum
3078 3719 3195 3759 non
3251 3707 3600 3774 sequuntur.

1960 3792 2238 3864 Sequitur
2283 3797 2480 3850 autem
2526 3791 2863 3861 Dominum,
2913 3792 3013 3864 qui
3044 3791 3304 3848 imitator
3332 3792 3462 3863 ejus
3492 3796 3601 3857 est,

1959 3886 2017 3938 et
2048 3898 2148 3954 per
2176 3881 2421 3954 vestigia
2450 3879 2609 3936 illius
2640 3880 2925 3954 graditur.
2974 3883 3080 3949 Qui
3120 3882 3270 3937 enim
3299 3880 3430 3936 dicit
3457 3896 3515 3935 se
3546 3881 3607 3934 in

1961 3967 2174 4028 Christo
2202 3970 2440 4040 credere,
2473 3970 2626 4026 debet
2650 3969 2911 4041 quomodo
2942 3971 3040 4025 ille
3069 3970 3392 4036 ambulavit,
3415 3976 3467 4025 et
3496 3970 3609 4040 ipse

1961 4061 2244 4116 ambulare
2274 4061 2322 4131 (Ι
2350 4062 2509 4116 Jaan.
2545 4076 2606 4125 ιι,
2637 4060 2718 4129 6.)

2035 4148 2221 4221 (Vers.
2273 4150 2387 4217 22.)
2443 4170 2471 4199 «
2518 4148 2677 4203 Abiit
2724 4149 2932 4216 tristis,
2989 4152 3112 4203 erat
3168 4148 3326 4203 enim
3386 4147 3611 4204 habens

1965 4236 2184 4294 multas
2215 4238 2635 4311 possessiones.
2671 4260 2698 4286 »
2745 4237 2875 4293 Haec
2904 4240 2994 4293 est
3021 4236 3263 4293 tristitia
3291 4253 3419 4309 quae
3451 4236 3613 4292 ducit

1966 4329 2037 4383 ad
2070 4332 2338 4383 mortem.
2386 4329 2688 4399 Causaque
2719 4325 2969 4383 tristitiae
3000 4327 3284 4397 redditur,
3319 4326 3476 4399 quod
3508 4325 3612 4381 ha-

1965 4417 2157 4473 buerit
2204 4416 2421 4472 multas
2470 4415 2892 4488 possessiones,
2926 4415 2984 4471 id
3035 4421 3146 4485 est,
3178 4415 3378 4489 spinas
3417 4420 3476 4471 et
3503 4415 3611 4470 tri-

1965 4505 2156 4573 bulos,
2191 4521 2321 4578 quae
2350 4509 2671 4560 sementem
2716 4504 3075 4560 Dominicam
3109 4504 3538 4561 suffocaverint.

2040 4594 2224 4667 (Vers.
2257 4594 2370 4666 23.)
2418 4617 2445 4643 «
2476 4594 2649 4651 Jesus
2679 4598 2873 4650 autem
2908 4594 3053 4650 dixit
3082 4591 3388 4665 discipulis
3441 4589 3566 4646 suis
3599 4606 3612 4644 :

1966 4686 2150 4740 Amen
2194 4684 2323 4741 dico
2368 4683 2554 4752 vobis,
2587 4683 2724 4753 quia
2770 4683 2932 4740 dives
2979 4680 3217 4738 difficile
3266 4679 3511 4736 intrabit
3556 4680 3616 4735 in

1972 4790 2150 4847 regno
2198 4772 2500 4829 caelorum.
2536 4795 2564 4822 ››
2616 4773 2681 4829 Et
2729 4772 3022 4845 quomodo
3068 4768 3381 4835 Abraham,
3434 4770 3617 4837 Isaac,

1973 4868 2029 4919 et
2075 4862 2254 4919 Jacob
2304 4862 2511 4918 divites
2562 4861 2861 4917 intrarunt
2914 4861 2973 4914 in
3030 4875 3275 4932 regnum
3333 4856 3613 4915 caelorum

1974 4952 2129 5024 (Gen.
2178 4969 2305 5017 xm,
2357 4953 2430 5020 2;
2488 4968 2640 5020 xxvx,
2703 4950 2790 5017 13,
2851 4949 2916 5002 14
2969 4952 3027 5003 et
3073 4964 3262 5020 xxxvx,
3312 4946 3390 5019 9),
3447 4951 3505 5003 et
3561 4948 3622 5001 in

200 5034 331 5094 loco
369 5053 385 5092 :
438 5037 639 5092 Pastor
684 5036 852 5093 bonus
889 5038 1043 5109 ponit
1080 5036 1333 5094 animum
1360 5054 1520 5093 suam
1542 5055 1645 5109 pro
1677 5039 1865 5095 ovibus
1974 5039 2283 5113 Evangelio
2315 5040 2620 5096 Matthaeus
2650 5043 2708 5094 et
2734 5036 3030 5106 Zachieus,
3057 5034 3278 5092 divitiis
3305 5034 3622 5104 derelictis,

283 5269 877 5357 t'Origenis‘haecest
904 5270 1232 5357 expositio:
1279 5294 1306 5321 «
1338 5270 1609 5357 Eunuchi
1650 5275 1870 5347 tropice
1982 5274 2340 5357 suscipiendi
2374 5279 2576 5357 auctor
2598 5272 2677 5357 iis
2725 5271 2835 5357 fuit
2870 5271 2980 5357 Dei.
3002 5271 3267 5357 verbum,
3299 5270 3400 5352 sed
3432 5268 3628 5357 homi-

204 5343 244 5397 ii
269 5342 403 5419 dici
421 5342 779 5419 que_unt,qui
806 5342 1173 5419 fregidisunt
1192 5343 1251 5398 in
1271 5351 1617 5419 veneremret
1638 5342 1869 5419 segnes,

203 5420 263 5470 et
293 5413 412 5487 qui,
439 5415 589 5487 sein
624 5413 1205 5471 venereas'libidines
1234 5421 1289 5470 et
1319 5413 1735 5483 obscenitates',
1767 5413 1869 5474 iis;

202 5484 331 5559 que
361 5484 586 5559 similia
617 5503 731 5541 non
774 5486 1167 5559 effundunt.»
1218 5492 1282 5541 lit
1326 5503 1461 5541 mox
1494 5506 1507 5543 :
1561 5511 1589 5537 ‹‹
1624 5490 1870 5554 Quidam

200 5556 364 5633 vero
401 5556 915 5633 adhortationibus
960 5558 1030 5633 ad
1077 5558 1157 5624 id,
1202 5559 1561 5633 monitisque
1609 5561 1870 5633 adducti,

1980 5342 2299 5413 numfsive
2330 5347 2431 5418 qui
2451 5345 2614 5418 apud
2648 5343 2904 5418 gentiles
2927 5343 3308 5416 philoSOphiae
3339 5342 3627 5418 incubue-

1983 5424 2138 5487 runt,
2173 5420 2293 5474 sive
2336 5413 2752 5489 prohibentium
2789 5413 3018 5487 nubere,
3068 5413 3345 5471 abstinere
3391 5431 3422 5469 a
3469 5413 3628 5481 cibis,

1983 5491 2808 5567 haereticorumsermones.»
2874 5559 2885 5567 _
2982 5559 3016 5567 ﬁ
3067 5560 3074 5567 _
3128 5560 3159 5567 γ’
3236 5560 3255 5567 γε
3359 5557 3413 5567 η
3489 5556 3504 5567 ἱ
3581 5554 3593 5567 ,

2052 5564 2074 5597 ²
2109 5562 2294 5617 Verba
2323 5563 2671 5633 ujuvemute
2696 5559 2932 5631 meatin
2962 5556 3631 5630 .Palatin.'_'codd..desi-

202 5628 643 5687 abstinentiam
697 5646 732 5685 a
772 5631 1054 5697 venereis,
1093 5636 1152 5685 et
1190 5630 1351 5685 omni
1380 5628 1534 5686 circa
1565 5628 1877 5689 muliebria
1984 5635 2291 5690 derantur.

202 5701 342 5778 loca
373 5700 623 5778 lascivia
650 5706 916 5778 exercent
944 5718 1118 5778 anon.
1138 5705 1330 5778 tamen
1363 5703 1629 5778 ejusdem
1665 5721 1873 5778 propo-

2055 5706 2076 5740 ³
2105 5705 2230 5761 Duo
2289 5703 2538 5761 Palatini
2598 5720 2764 5772 mss.,
2813 5703 2920 5759 Nec
2974 5703 3096 5771 hoc;
3126 5701 3197 5756 ad
3238 5699 3634 5773 perfectionem

202 5774 308 5837 siti
341 5776 409 5835 et
430 5772 641 5846 studii,
673 5778 730 5831 et
760 5772 931 5834 laude
960 5772 1144 5848 digni,
1176 5778 1241 5831 ut
1267 5773 1351 5832 ita
1381 5772 1595 5858 dicam,
1630 5772 1874 5835 affectus
1981 5777 2236 5853 sufficit;
2265 5792 2517 5861 moxque
2553 5792 2777 5840 omnes.
2811 5775 3082 5846 uoluntas,
3116 5788 3220 5847 pro
3246 5772 3524 5848 voluptas.
