4024 6196
440 373 554 432 143

1680 370 1741 429 S.
1795 369 2099 431 EUSEBII
2147 370 2596 431 HIEIlONYMI

3718 368 3816 427 144
3904 432 3919 437 5

433 500 665 558 Domini
713 499 1047 556 testimonio
1107 499 1551 572 praedicantur?
1610 501 1829 572 (Matth.
1891 520 1966 571 ix,
2026 505 2080 573 9,
2114 502 2421 575 Aquibus
2491 502 2699 558 divites
2763 502 3201 572 comparantur,
3267 514 3400 554 cum
3467 498 3820 570 deposuerint

434 590 539 657 10;
590 590 717 645 Luc.
769 606 884 657 xux,
936 588 1013 653 8).
1076 588 1187 644 Sed
1246 589 1739 646 considerandum
1800 591 1957 661 quod
2015 608 2081 647 eo

434 682 696 751 tempore
747 694 862 750 quo
909 676 1291 744 intraverunt,
1326 677 1539 735 divites
1585 695 1714 735 esse
1758 679 2077 736 desierunt.

435 766 665 823 Tandiu
720 783 856 840 ergo
909 783 1026 823 non
1067 766 1392 835 intrabunt,
1425 767 1688 839 quandiu
1721 768 1926 824 divites
1959 770 2081 825 fue-

435 856 574 912 rint.
609 860 677 912 Et
704 860 901 913 tamen
933 855 1072 929 quia
1111 855 1423 912 difficulter
1452 856 1666 912 divitia
1697 862 2081 913 contemnun-

434 948 552 1015 tur,
584 960 700 1001 non
732 945 879 1001 dixit
911 963 923 1000 :
983 945 1351 1017 Impossibile
1399 950 1490 1001 est
1535 946 1743 1003 divites
1772 945 1989 1003 intrare
2023 947 2081 1002 in

436 1050 684 1108 regnum
715 1033 1015 1106 calorum,
1047 1035 1148 1090 sed
1179 1033 1438 1091 difficile.
1494 1034 1603 1091 Ubi
1636 1034 1875 1091 difficile
1915 1037 2080 1109 poni-

436 1127 555 1190 tur,
600 1140 717 1180 non
763 1122 1207 1197 impossibilitas
1255 1124 1670 1197 praetenditur;
1722 1125 1823 1181 sed
1874 1126 2082 1182 raritas

440 1212 897 1270 demonstratur.

506 1299 693 1374 (Vers.
725 1303 942 1372 24-26.)
995 1326 1017 1353 α
1053 1303 1119 1358 Et
1147 1302 1361 1359 iterum
1393 1303 1520 1358 dico
1564 1303 1729 1359 vobis
1762 1322 1775 1358 :
1831 1302 2079 1359 Facilius

435 1393 526 1447 est
582 1390 873 1449 camelum
931 1408 1036 1464 per
1080 1392 1340 1459 foramen
1390 1408 1530 1448 acus
1578 1392 1850 1459 transire,
1902 1410 2080 1465 quam

432 1479 673 1537 divitem
720 1479 941 1537 intrare
970 1479 1030 1535 in
1061 1496 1306 1553 regnum
1337 1480 1638 1537 caelorum.
1694 1481 1925 1537 Auditis
1973 1499 2081 1537 au-

431 1572 551 1625 tem
602 1569 719 1640 his,
770 1568 1045 1641 discipuli
1100 1569 1468 1625 mirabantur
1524 1570 1714 1641 valde,
1766 1570 2075 1627 dicentes:

434 1658 753 1731 QuiS'ergo
798 1658 1010 1731 poterit
1055 1657 1253 1715 salvus
1304 1659 1483 1714 esse?
1529 1659 1834 1731 Aspiciens
1883 1664 2078 1716 autem

432 1746 625 1815 Jesus,
661 1746 807 1802 dixit
846 1745 966 1802 illis
999 1764 1011 1803 :
1063 1747 1233 1819 Apud
1274 1747 1543 1804 homines
1574 1748 1684 1804 hoc
1715 1749 2080 1821 impossibile

431 1840 542 1905 est,
564 1836 719 1908 apud
736 1836 921 1893 Deum
948 1840 1142 1893 autem
1158 1838 1314 1894 150
1326 1837 1523 1893 omnia
1544 1837 1851 1910 possibilia
1867 1844 2027 1895 sunt.
2048 1862 2076 1888 ››

433 1924 552 1981 Hoc
599 1924 754 1981 dicto
800 1925 1130 1981 ostenditur
1176 1941 1293 1982 non
1339 1926 1576 1982 difﬁcile
1605 1944 1733 1983 esse
1760 1929 1799 1998 ¹,
1834 1930 1935 1985 sed
1968 1929 2076 1983 im-

431 2010 732 2083 possibile.
766 2011 826 2068 Si
878 2011 1037 2069 enim
1086 2013 1378 2084 quomodo
1423 2014 1685 2070 camelus
1728 2032 1844 2071 non
1889 2020 2081 2088 potest

433 2100 654 2156 intrare
690 2117 795 2174 per
831 2102 1093 2158 foramen
1142 2118 1305 2168 acus,
1348 2102 1433 2158 sic
1483 2102 1644 2159 dives
1694 2103 1910 2160 intrare
1962 2121 2077 2160 non

433 2194 629 2263 potest
672 2191 732 2246 in
778 2206 959 2263 regna
1002 2190 1302 2263 ccelorum,
1335 2191 1535 2248 nullus
1583 2192 1829 2248 divitum
1881 2193 2078 2250 salvus

432 2278 564 2337 erit.
598 2280 708 2336 Sed
741 2278 1091 2354 si.legamus
1120 2280 1355 2351 Isaiam,
1396 2283 1688 2353 quomodo
1719 2282 1925 2338 cameli
1956 2284 2075 2339 Ma-

429 2369 569 2425 dian
599 2372 657 2426 et
684 2369 850 2443 Epha
876 2368 1113 2425 veniant
1139 2369 1466 2426 Jerusalem
1509 2387 1643 2426 cum
1683 2372 1854 2427 donis
1901 2378 2077 2443 atque

431 2457 777 2514 muneribus
823 2460 951 2531 (Isa.
986 2476 1074 2531 1.x,
1105 2460 1204 2528 6):
1248 2462 1305 2514 et
1334 2459 1435 2530 qui
1474 2460 1640 2531 prius
1681 2461 1841 2515 curvi
1889 2467 2076 2530 erant,

433 2553 492 2604 et
517 2546 793 2604 vitiorum
824 2547 1107 2621 pravitate
1136 2548 1392 2615 distorti,
1426 2549 1832 2621 ingrediantur
1879 2555 2076 2622 portas

429 2635 781 2706 Jerusalem,
838 2636 1168 2694 videbimus
1223 2638 1517 2708 quomodo
1574 2642 1630 2693 et
1688 2638 1784 2693 isti
1845 2639 2074 2711 cameli,

2109 1880 2156 1945 Β

503 2763 520 2797 ¹
555 2762 765 2819 Parum
819 2760 1035 2834 abfuit,
1082 2761 1224 2833 quin
1274 2761 1541 2817 codicum
1604 2767 1937 2818 nostrorum
1995 2764 2075 2819 le-

431 2834 705 2902 ctionem,
732 2850 909 2905 quam
940 2839 998 2889 et
1012 2832 1265 2889 inferior
1293 2838 1597 2888 contextus
1627 2851 1886 2890 asserere
1916 2835 2075 2890 visus

434 2910 733 2979 utcunque
780 2909 897 2979 est,
936 2906 1365 2979 praeferremus,
1407 2905 1846 2979 ostenditurrnon
1878 2910 2075 2979 impos-

430 2977 598 3034 sibile
625 2974 761 3045 esse,
804 2976 898 3033 sed
938 2974 1198 3050 difﬁcile.
1247 2974 1461 3032 Notum
1494 2993 1629 3032 vero
1661 2978 1807 3033 illud
1838 2974 2075 3050 est,’ca-

433 3051 677 3116 malum,
711 3064 886 3119 quem
937 3048 1031 3103 hic
1072 3048 1478 3120 Hieronymus,
1512 3050 1855 3106 vetustiores
1886 3048 1948 3105 se
1980 3050 2079 3104 Pa-

430 3126 551 3194 tres
604 3124 864 3194 secutus,
912 3120 1193 3194 pecudem
1246 3120 1539 3194 intelligit,
1592 3120 1919 3194 plerosque,
1956 3138 2076 3194 ma-

438 3190 593 3246 xime
621 3189 991 3256 recentiores,
1025 3192 1224 3245 funem
1269 3189 1571 3246 nauticum
1592 3189 1954 3256 grossiorem
1986 3193 2075 3248 in-

436 3261 766 3334 terpretari.
800 3260 1181 3334 Observatum
1229 3261 1287 3315 id
1334 3260 1762 3334 Theophylacto
1813 3264 1873 3318 in
1927 3264 2081 3319 hunc
2112 3262 2154 3329 C

436 3332 692 3390 Mattbisi
717 3332 911 3388 locum
936 3349 949 3388 :
989 3353 1011 3383 α
1041 3332 1287 3397 Quidam
1311 3332 1599 3388 camelum
1623 3351 1737 3389 non
1760 3336 1977 3389 animal
1999 3336 2081 3390 di-

436 3409 598 3474 cunt,
631 3405 1032 3475 sedqcrassuin
1081 3404 1300 3469 funem,
1345 3419 1459 3475 quo
1498 3409 1744 3460 utuntur
1787 3412 1975 3460 nautm
2007 3408 2079 3462 ad

437 3473 827 3548 projiciendas
857 3474 1164 3541 anchoras.
1198 3495 1227 3523 »
1259 3473 1450 3546 Atque
1480 3475 1676 3547 ipsum
1709 3477 1947 3548 quidem
1978 3495 2079 3533 no-

438 3580 587 3638 men
609 3548 738 3638 βω
784 3580 900 3635 quo
940 3563 1111 3638 facile
1150 3580 1294 3619 usus
1325 3568 1414 3638 est
1442 3562 1731 3638 Christus,
1764 3570 2079 3638 utrumque

438 3634 734 3709 significat
775 3634 1088 3703 camelum,
1119 3642 1177 3690 et
1196 3636 1424 3709 grande
1473 3636 1785 3709 gibbosum
1837 3634 2074 3709 animal,

434 3707 868 3779 et’crassiorem
902 3709 1143 3779 funem:
1177 3707 1460 3779 docetque
1482 3707 1886 3779 Aristophanis
1914 3710 2080 3766 scho-

434 3776 666 3853 liastes,‘
687 3782 878 3834 Greece
927 3778 1206 3853 appellari
1249 3774 1484 3853 accipito»;
1517 3777 1579 3831 τὸ
1609 3774 1760 3853 πᾳῑχὺ
1790 3780 2033 3853 σχοινίον
2062 3806 2077 3848 ;

436 3850 687 3925 denique
739 3850 1085 3925 ex__eadem,
1132 3855 1195 3905 ut
1242 3852 1491 3917 videtur,
1525 3850 1792 3925 Syriaca
1826 3850 2074 3925 origine,

435 3927 492 3979 et
544 3921 736 3978 Italica
787 3921 1003 3995 dicitur
1050 3922 1304 3995 Gomcna.
1358 3921 1622 3995 Accedit,
1645 3923 1799 3995 quod
1844 3921 1973 3995 ips'a
2000 3924 2079 3979 vi-

435 3994 641 4051 deatur
687 3993 1051 4066 comparatio
1091 3994 1363 4066 instituta
1410 4010 1544 4066 cum
1587 3993 1815 4066 iisquae
1848 3993 1953 4050 acu
1985 3996 2075 4051 in-

435 4072 711 4138 suuntur,
743 4064 886 4138 puta
934 4064 1212 4121 funiculis
1262 4065 1628 4138 tenuioribus
1677 4064 1735 4121 et
1788 4066 1924 4132 ﬁlis,
1960 4084 2073 4122 non

436 4152 569 4194 cum
621 4135 887 4193 abnormi
928 4138 1137 4205 bestia,
1172 4154 1300 4209 qua:
1331 4135 1559 4191 nullum
1595 4138 1772 4193 ferme
1802 4139 1873 4192 ad
1906 4154 2074 4194 acum

432 4210 1208 4338 regpsgtggigfbgalatinus
1260 4295 1395 4347 ms.,
1455 4278 1669 4335 Auditis
1725 4284 1907 4336 autem
1963 4281 2071 4349 his,

432 4351 694 4425 discipuli
729 4353 1104 4425 mirabantur
1161 4353 1342 4421 valde,
1399 4352 1634 4406 dicentes
1680 4369 1699 4404 :
1759 4353 1891 4419 Quis
1943 4370 2074 4425 ergo

428 4422 633 4496 poterit
653 4422 844 4479 salvus
872 4428 1025 4496 esse?
1070 4423 1365 4496 Clementia
1415 4424 1758 4496 severitatem
1787 4422 2076 4481 sentcntiae

432 4494 776 4569 temperavit,
826 4504 933 4550 elc.
986 4495 1111 4569 Duo
1157 4494 1255 4569 alii
1313 4500 1445 4566 post
1491 4495 1683 4563 verba,
1715 4495 1897 4569 salvus
1940 4497 2075 4564 ﬁet?

413 4568 516 4633 ,ita
540 4567 886 4625 continuant
918 4584 931 4623 :
981 4567 1262 4637 Aspicicns
1303 4574 1490 4623 autem
1514 4570 1679 4622 Jesus
1715 4568 2073 4637 cogitationes

428 4656 622 4697 corum
653 4639 807 4697 dixit
840 4659 859 4695 :
908 4636 1060 4710 Apud
1084 4639 1329 4710 homines
1359 4640 1461 4692 hoc
1499 4636 1869 4710 impossibile;
1920 4639 2077 4710 apud
2102 4636 2149 4700 D

428 4718 607 4770 Deum
642 4719 825 4768 autem
862 4708 1054 4766 omnia
1096 4709 1383 4782 possibilia
1429 4708 1583 4782 sunt.
1632 4708 1928 4782 Clementia
1961 4708 2072 4765 sua

428 4785 783 4853 severitatem,
832 4787 941 4840 etc.
995 4780 1341 4853 Utrumque,
1379 4785 1442 4837 ut
1470 4780 1717 4851 videtur,
1748 4797 1818 4835 ex
1846 4780 2070 4853 glossa-

427 4854 588 4928 toris
611 4855 864 4928 ingenio.

499 4922 830 4982 3Eras'mus
879 4926 1020 4998 legit
1065 4926 1338 4992 Socrates,
1390 4939 1493 4996 pro
1547 4922 2072 4998 Cratcerumdem

429 5013 685 5069 errorem
735 4994 1023 5069 reperi'in
1070 4999 1345 5054 omnibus
1392 4994 1535 5069 rnss.
1571 4994 1872 5069 codicibus
1923 5012 2072 5066 quos

428 5068 562 5142 legi,
596 5066 841 5142 numero
885 5069 1348 5142 quatuordecim,
1398 5067 1480 5142 De
1528 5081 1643 5137 quo
1694 5066 2070 5142 antiquorum

428 5138 849 5213 exscriptorum
902 5138 1097 5213 errore
1154 5141 1273 5196 haec
1332 5139 1619 5213 habemus
1675 5138 2001 5213 observata
2038 5155 2072 5193 a

428 5208 688 5269 Mariano
717 5211 1018 5268 Victorio:
1066 5211 1519 5267 Emendavimus
1566 5208 1762 5265 Crates
1816 5226 1919 5281 pro
1970 5210 2068 5264 So-

427 5288 636 5353 erates,
695 5284 1101 5339 Brixianorum
1160 5284 1425 5338 codicum
1486 5282 1731 5337 monitu.
1801 5289 1849 5335 A
1915 5285 2069 5353 crate

424 5351 755 5424 enim,'non
802 5371 838 5410 a
876 5355 1130 5424 Socrate,
1164 5356 1265 5425 qui
1296 5371 1401 5409 nec
1430 5354 1591 5409 dives
1623 5353 1804 5408 fuisse
1834 5351 2067 5422 legitur,

424 5427 501 5499 id
535 5428 755 5499 factum
803 5427 1086 5499 proditur.
1124 5426 1313 5481 'Error
1361 5430 1552 5499 natus,
1587 5425 1739 5496 quod
1785 5427 1973 5478 notior
2002 5438 2068 5478 ac

423 5497 729 5575 cele_brior_
747 5497 905 5575 esset
912 5500 1211 5575 aSocrates
1259 5513 1442 5575 quani
1482 5498 1718 5575 Crates,_
1733 5572 1738 5575 Δ
1752 5499 1809 5575 et
1834 5510 2063 5575 nomen

422 5572 501 5626 sit
525 5571 644 5627 fere
674 5570 851 5627 idem.
884 5566 1373 5631 Hieronymus’de
1404 5569 1570 5623 Crete
1601 5567 1802 5621 multis
1832 5566 1892 5621 in
1922 5566 2065 5620 locis

419 5643 531 5701 hoc
569 5626 798 5718 asserit.
854 5626 1324 5718 AdHPau‘linum,
1358 5637 1841 5718 de_institutione_
1864 5653 2065 5718 mona-

419 5719 514 5777 chi
547 5731 560 5771 :
612 5736 638 5765 ‹‹
673 5714 872 5772 Crates
918 5713 1013 5771 ille
1056 5712 1397 5784 Thebanus,
1424 5709 1605 5784 homo
1634 5709 1944 5784 quondam
1978 5709 2064 5764 di-

416 5790 706 5859 tissimus,
739 5803 871 5855 cum
907 5786 979 5845 ad
1009 5781 1548 5866 philosophandum
1578 5779 1831 5841 Athenas
1861 5796 2063 5857 perge-

2195 609 2428 665 gravem
2484 592 2774 647 sarcinam
2824 593 3217 662 peccatorum,
3248 592 3305 642 et
3352 587 3533 643 totius
3580 588 3818 660 corporis

2194 682 2563 752 pravitatem,
2598 681 2815 736 intrare
2854 678 3082 751 possint
3112 694 3213 750 per
3244 681 3558 749 angustam
3588 682 3818 748 portam,

2191 775 2249 825 et
2295 776 2514 826 arctam
2564 770 2738 837 viam,
2772 786 2897 841 quae
2929 768 3092 823 ducit
3120 767 3190 822 ad
3222 766 3401 822 vitam
3459 768 3685 838 (Matth.
3729 784 3816 839 vn,

2194 860 2307 928 14).
2369 858 2872 932 Interrogantibus
2919 862 3114 913 autem
3170 854 3497 928 discipulis,
3550 861 3608 911 et
3654 856 3819 917 admi-

2192 949 2459 1004 rantibus
2492 948 2892 1005 austeritatem
2928 945 3065 1001 dicti
3086 947 3128 1016 ³,
3181 946 3314 1014 Quis
3343 960 3467 1015 ergo
3497 945 3679 1000 salvus
3703 945 3822 1014 ﬁet?

2192 1036 2499 1094 clementia
2553 1055 2660 1095 sua
2704 1036 3070 1093 severitatem
3119 1033 3418 1090 sententiis
3478 1034 3820 1106 temperavit,

2192 1127 2392 1182 dicens
2448 1144 2461 1182 :
2530 1128 2667 1195 Qua:
2731 1125 2877 1197 apud
2942 1125 3189 1180 homines
3251 1123 3640 1195 impossibilia,
3693 1123 3821 1196 apud

2192 1219 2373 1270 Deum
2415 1216 2704 1287 possibilia
2732 1218 2881 1270 sunt.

2264 1303 2451 1375 (Vers.
2482 1304 2598 1374 27.)
2634 1326 2662 1355 «
2694 1305 2859 1358 Tunc
2893 1301 3253 1375 respondens
3284 1302 3509 1368 Petrus,
3541 1302 3684 1358 dixit
3725 1304 3772 1358 ei
3805 1322 3817 1360 :

2190 1393 2333 1448 Ecce
2381 1409 2485 1449 nos
2535 1392 2887 1465 reliquimus
2928 1391 3145 1457 omnia,
3180 1395 3237 1446 et
3266 1392 3451 1447 secuti
3480 1408 3685 1448 sumus
3724 1396 3777 1448 te
3808 1410 3819 1449 :

2189 1481 2331 1552 quid
2365 1497 2500 1554 ergo
2538 1482 2650 1537 erit
2692 1481 2910 1538 nobis?
2943 1503 2971 1531 υ
3026 1481 3278 1537 Grandis
3325 1479 3543 1536 fiducia
3574 1497 3588 1535 :
3636 1484 3825 1537 Petrus

2190 1569 2444 1640 piscator
2481 1574 2624 1641 erat,
2661 1570 2823 1626 dives
2868 1586 2985 1625 non
3015 1569 3224 1635 fuerat,
3256 1568 3419 1625 cibos
3451 1585 3629 1624 manu
3660 1574 3712 1625 et
3736 1586 3822 1625 ar-

2189 1662 2244 1715 te
2273 1659 2570 1730 quaerebat
2605 1677 2617 1715 :
2668 1665 2725 1716 et
2768 1663 2964 1715 tamen
3018 1656 3282 1731 loquitur
3331 1658 3705 1727 confidenter,
3732 1660 3823 1716 lle-

2190 1750 2454 1820 tiquimus
2481 1750 2689 1805 omnia.
2733 1749 2802 1803 Et
2837 1748 2976 1820 quia
3006 1764 3121 1803 non
3152 1747 3371 1803 sufﬁcit
3398 1752 3631 1804 tantum
3659 1748 3823 1804 relin-

2190 1854 2387 1909 quere,
2413 1837 2611 1910 jungit
2640 1838 2792 1910 quod
2822 1837 3142 1909 perfectum
3178 1840 3269 1892 est.
3301 1854 3313 1893 :
3360 1840 3428 1893 Et
3453 1839 3629 1893 secuti
3652 1854 3828 1894 sumus

2189 1935 2258 1982 te.
2310 1928 2577 1983 Fecimus
2608 1927 2765 1999 quod
2796 1926 3054 1998 jussisti,
3089 1925 3230 1998 quid
3260 1925 3440 1999 igitur
3470 1927 3641 1984 nobis
3667 1928 3825 1985 dabis

2188 2015 2413 2088 praemii
2434 2015 2461 2070 ?

2259 2108 2443 2177 (Vers.
2506 2106 2620 2178 28.)
2680 2126 2709 2155 ‹‹
2752 2105 2926 2161 Jesus
2979 2108 3176 2160 autem
3236 2104 3382 2160 dixit
3439 2104 3601 2162 illis:
3650 2108 3828 2163 Amen

2187 2193 2317 2249 dico
2366 2193 2551 2264 vobis,
2584 2194 2744 2266 quod
2786 2210 2889 2249 vos
2923 2194 3022 2266 qui
3055 2193 3239 2249 secuti
3271 2194 3411 2250 estis
3443 2211 3555 2267 me,
3586 2195 3644 2251 in
3674 2213 3828 2269 rege-

2187 2282 2507 2354 neratione,
2540 2300 2676 2338 cum
2708 2282 2926 2339 sederit
2958 2282 3139 2338 Filius
3170 2282 3429 2340 hominis
3461 2283 3518 2339 in
3548 2285 3684 2340 sede
3710 2302 3831 2342 ma-

2178 2371 2414 2442 jestatis
2444 2389 2583 2443 suae,
2618 2372 2896 2428 sedebitis
2935 2376 2994 2427 et
3028 2388 3132 2427 vos
3181 2389 3359 2445 super
3405 2374 3575 2429 sedes
3621 2374 3829 2430 duode-

2187 2461 2675 2530 cim,judicantes
2697 2462 3005 2517 duodecim
3027 2461 3219 2516 tribus
3243 2461 3439 2518 Israel.
3457 2484 3485 2512 »
3508 2462 3632 2518 Non
3651 2463 3791 2518 dixit
3813 2482 3827 2519 :

2189 2550 2291 2622 qui
2317 2549 2644 2621 reliquistis
2667 2549 3001 2616 omnia,hoc
3021 2550 3177 2605 enim
3198 2554 3256 2605 et
3277 2555 3472 2606 Crates
3492 2551 3515 2585 ³
3543 2551 3675 2607 fecit
3701 2551 3834 2624 phi-

2185 2637 2487 2710 losophus,
2516 2644 2573 2694 et
2595 2637 2765 2694 multi
2787 2638 2885 2694 alii
2908 2638 3144 2694 divitias
3166 2643 3643 2711 contempserunt
3666 2659 3678 2709 ;
3706 2642 3832 2708 sed,

2187 2785 2293 2855 ret,
2327 2797 2606 2855 magnum
2640 2782 2767 2837 auri
2798 2782 3035 2855 pondus
3055 2782 3273 2855 abjecit
3301 2800 3315 2850 ;
3370 2798 3474 2855 nec
3519 2783 3743 2855 putavit
3773 2802 3836 2841 se

2186 2852 2363 2908 simul
2386 2852 2557 2924 posse
2583 2858 2639 2908 et
2662 2852 2908 2925 virtutes
2930 2860 2987 2908 et
3007 2853 3240 2909 divitias
3264 2852 3581 2925 possidere.
3609 2878 3636 2905 »
3664 2857 3833 2922 Item,

2186 2925 2256 2979 ad
2308 2925 2771 2989 Pammachium,
2820 2924 2885 2980 de
2931 2926 3095 2980 Obitu
3125 2924 3385 2982 Paulina
3420 2927 3648 2982 uxoris:
3702 2951 3730 2977 (ί
3766 2929 3837 2984 Et

2185 3002 2381 3052 tamen
2421 3013 2535 3051 non
2584 2997 2850 3057 estsatis
2880 2997 3218 3069 perfectoiet
3247 3004 3653 3069 consummato
3685 3000 3828 3069 viro,

2186 3084 2333 3141 opes
2354 3074 2747 3135 contemnere,
2783 3068 3094 3141 pecuniam
3124 3068 3430 3141 dissipare,
3464 3075 3523 3123 et
3551 3068 3836 3141 projicere

2187 3138 2341 3210 quod
2360 3141 2419 3195 in
2444 3138 2824 3195 monumento
2847 3145 2903 3195 et
2925 3140 3086 3211 perdi
3105 3145 3162 3194 et
3181 3138 3421 3195 inveniri
3443 3138 3837 3211 potésthecit

2194 3211 2301 3283 hoc
2332 3216 2544 3283 Crates
2590 3211 2921 3283 Thebanus,
2966 3212 3101 3283 fecit
3151 3211 3541 3283 Antisthenes,
3575 3213 3841 3269 fecerunt

2192 3281 2454 3409 plurimi,
2504 3284 2658 3354 quod
2709 3281 3118 3338 vitiosissimos
3176 3281 3446 3354 legimus.
3485 3281 3533 3332 »⁷
3570 3285 3711 3339 Item
3760 3286 3840 3341 ad

2241 3354 2526 3409 ucinum:
2587 3355 2863 3409 «Aurum
2920 3355 3209 3409 deponere
3266 3354 3669 3409 incinientium
3720 3363 3839 3409 est-

2241 3354 2526 3409 ucinum:
2587 3355 2863 3409 «Aurum
2920 3355 3209 3425 deponere
3266 3354 3669 3425 incipientium
3720 3363 3840 3422 est,

2191 3441 2306 3479 non
2342 3426 2749 3495 perfectorum.
2779 3425 2936 3480 Fecit
2964 3424 3072 3481 hoc
3103 3425 3301 3480 Crates
3331 3426 3662 3493 Thebanus,
3695 3426 3843 3484 fecit.

2189 3495 2587 3550 Antisthenes.
2623 3519 2649 3545 ››
2703 3497 2843 3551 Item
2876 3495 3025 3552 libro
3056 3497 3314 3552 secundo
3355 3507 3551 3552 contra
3588 3499 3841 3554 Iovinia-

2190 3584 2325 3621 num
2354 3587 2373 3621 :
2424 3589 2450 3616 «
2487 3568 2554 3623 Et
2582 3568 2782 3622 Crates
2814 3567 2909 3622 ille
2936 3568 3251 3623 Thebanus
3291 3569 3549 3639 projecto
3582 3570 3639 3623 in
3672 3586 3845 3626 mare

2191 3655 2303 3712 non
2354 3639 2701 3712 parvohauri
2749 3639 3052 3712 pondere:
3102 3640 3290 3705 Abite,
3338 3639 3550 3712 inquit,
3592 3656 3844 3712 pessum

2188 3710 2353 3764 mala:
2384 3709 2765 3783 cupiditates;
2806 3711 2922 3783 Ego
2964 3727 3067 3766 vos
3097 3726 3379 3783 mergam,
3414 3709 3485 3783 ne
3515 3709 3642 3782 ipse
3671 3728 3843 3768 mer-

2188 3797 2293 3853 gar
2321 3781 2620 3854 aqvobis.)
2682 3781 2876 3837 MAan
2918 3813 2984 3854 έ-
3036 3781 3248 3837 Mirum
3288 3781 3394 3837 hoc
3424 3781 3597 3854 plane
3626 3788 3743 3854 est,
3775 3784 3842 3839 in

2188 3852 2408 3925 nostris
2429 3852 2704 3909 omnibus
2728 3870 2871 3909 mss.
2902 3852 3150 3925 aliisque
3180 3852 3620 3925 quatuordecim
3657 3852 3846 3925 penes

2188 3923 2609 3996 Martianaeum,
2634 3925 2761 3996 pari
2793 3923 3223 3996 depravationis
3254 3941 3565 3991 consensu,
3589 3923 3846 3982 Socrates

2185 3995 2281 4068 hic
2326 3995 2437 4068 legi
2487 4013 2592 4068 pro
2636 3995 2840 4051 Crates.
2898 3997 2965 4050 Et
3013 3995 3305 4051 Victorius
3358 3996 3597 4068 quidem
3643 3998 3729 4057 ita
3776 4014 3848 4054 se

2185 4067 2267 4122 ait
2294 4067 2640 4122 emendasse
2688 4067 3092 4123 Brixianorum
3141 4067 3408 4123 codicum
3455 4067 3704 4137 monitu,
3741 4071 3845 4125 cui

2186 4139 2509 4193 asserenda;
2541 4138 2858 4211 verissimae
2910 4139 3139 4194 lectioni
3175 4139 3361 4195 multa
3392 4140 3734 4211 Hieronymi
3766 4140 3849 4197 de

2184 4213 2405 4283 Cratete
2447 4209 2783 4283 testimonia
2830 4210 2943 4283 huc
2992 4211 3271 4283 congerit.
3305 4209 3739 4283 Ejusmodi—est.
3768 4212 3847 4266 il-

2182 4279 2282 4353 lud
2312 4281 2480 4352 epist.
2503 4281 2592 4349 58,
2625 4280 2696 4335 ad
2715 4282 3014 4337 Paulinum
3037 4300 3056 4336 :
3093 4279 3463 4353 «'Crates'ille
3492 4282 3853 4353 Thebanus,

2184 4350 2363 4435 homo
2388 4353 2706 4435 quondam
2753 4353 3103 4435 ditissimus,
3135 4369 3268 4408 cum
3301 4353 3373 4407 ad
3407 4350 3850 4435 philosophari;

2182 4423 2324 4496 dum
2375 4424 2626 4496 Athenas
2674 4429 2971 4496 pergeret,
2992 4440 3271 4496 magnum
3304 4423 3431 4480 auri
3463 4423 3698 4496 pondus
3732 4426 3855 4480 ab-

2174 4494 2347 4567 jecit._
2374 4516 2400 4543 ››
2455 4494 2588 4557 Quae
2638 4494 2846 4567 repetit
2887 4495 3060 4567 epist.
3091 4494 3162 4549 66
3194 4496 3270 4551 ad
3298 4494 3749 4566 Pammachium,
3786 4501 3859 4553 et

2180 4566 2261 4638 7t
2279 4564 2348 4620 ad
2377 4564 2975 4638 Laciniumeenique
3005 4571 3062 4622 et
3090 4566 3192 4622 lib.
3219 4572 3411 4624 contra
3435 4564 3743 4624 Jovinian.‘
3761 4585 3851 4624 ιιι

2184 4659 2209 4686 ‹‹
2235 4636 2435 4712 Crates
2466 4638 2561 4712 ille
2585 4636 2928 4712 Thebanus,
2946 4639 3199 4712 projecto
3232 4639 3289 4693 in
3314 4656 3474 4695 mare
3503 4655 3621 4712 non
3652 4655 3859 4712 parvo

2183 4709 2309 4782 auri
2344 4709 2596 4780 pondere
2629 4725 2641 4765 :
2692 4709 2882 4776 Abite,
2916 4709 3125 4781 inquit,
3162 4726 3398 4781 pessum
3444 4710 3611 4766 malae
3654 4709 3858 4782 cupi-

2183 4780 2392 4863 dvitates
2413 4798 2442 4863 ;.
2459 4797 2564 4863 ego
2585 4780 3088 4863 vos'mergam,;ne
3104 4780 3242 4863 ipse
3264 4798 3496 4863 mergar
3519 4799 3554 4837 a
3581 4780 3789 4863 vobis.
3824 4805 3860 4831 ››

2182 4852 2397 4907 Verum
2431 4852 2564 4907 huic
2595 4852 2955 4908 stabiliendae
2987 4852 3218 4908 lectidni
3245 4852 3448 4909 contra
3474 4870 3618 4909 mss.
3650 4854 3863 4909 fidem

2181 4923 2328 4978 nihil
2380 4923 2574 4998 potius
2622 4924 2699 4981 sit
2748 4923 3024 4998 historica
3052 4925 3317 4998 veritate,
3350 4929 3409 4980 et
3435 4924 3736 4998 Origenis,
3776 4940 3868 4998 ex

2181 5010 2295 5065 quo
2318 4998 2499 5068 totam
2520 4994 3058 5068 interpretationem
3082 4995 3471 5068 Hieronymus
3493 4994 3862 5068 descripsit,

2180 5066 2578 5136 sententiam,
2604 5065 2689 5119 Et
2711 5081 2845 5122 vero
2889 5067 2960 5122 de
3002 5066 3245 5135 Cratete,
3280 5065 3397 5122 non
3428 5065 3868 5136 Socrate,_hoc

2180 5137 2419 5210 tradunt
2459 5134 2867 5210 Philostratus,
2918 5137 3014 5192 lib.
3052 5156 3092 5210 1,
3124 5134 3251 5209 cap.
3276 5140 3373 5210 710,
3405 5138 3471 5193 de
3507 5140 3610 5210 Vit.
3647 5134 3867 5210 Apol"

2178 5209 2464 5283 piogenes
2514 5208 2708 5283 Laert._
2753 5208 2855 5263 lib.
2904 5226 2981 5283 vr,
3037 5207 3554 5283 Plutarchusunspi
3599 5207 3708 5263 τοῦ
3766 5210 3864 5280 μή

2179 5275 2528 5363 δανῆζεσθιι,
2580 5284 2637 5335 et
2678 5280 2916 5363 demum
2949 5281 3181 5363 Suidas,
3216 5281 3314 5363 qui
3350 5275 3525 5363 aliam
3557 5275 3872 5363 contem;

2178 5352 2503 5407 nendarum
2536 5368 2714 5424 opum
2769 5351 3051 5424 rationem
3092 5351 3351 5409 tenuisse
3380 5352 3674 5424 Cratetem
3712 5356 3871 5407 tra-

2177 5423 2263 5477 dit
2295 5440 2307 5477 :
2361 5446 2389 5495 ςι
2422 5422 2754 5477 Cum‘enim
2786 5423 2911 5495 ipse
2943 5440 3113 5493 agros
3142 5424 3396 5480 incultos
3446 5422 3876 5494 deseruisset,

2176 5494 2329 5548 edito
2360 5494 2484 5550 loco
2516 5494 2855 5561 conscenso,
2896 5495 3042 5549 dixit
3075 5513 3089 5550 :
3141 5499 3429 5551 Cratetem
3479 5495 3880 5551 Thebanum

2174 5565 2372 5620 Crates
2432 5565 2701 5620 libertate
2747 5567 2943 5621 donat.
2981 5588 3009 5615 »
3069 5568 3336 5633 Origenis
3383 5584 3538 5633 vero,
3588 5566 3721 5629 cui,
3789 5570 3883 5622 ut

2175 5637 2455 5710 diximus,
2491 5635 2870 5710 Hieronymus
2901 5637 3099 5710 stricte
3130 5635 3406 5705 adhaeret,
3437 5636 3751 5710 ejusmodi
3796 5636 3882 5710 in

2173 5707 2331 5765 hunc
2378 5707 2571 5783 lo_cum
2620 5707 2711 5763 ex’
2736 5708 2939 5783 liuetii
2997 5707 3481 5783 interpretatione
3532 5709 3885 5783 sententia

2173 5783 2262 5839 est
2294 5796 2308 5839 :
2359 5800 2388 5836 ‹‹
2419 5778 2705 5843 Cretatam
2735 5780 3084 5841 Thebanum
3115 5778 3334 5857 ferunt,
3368 5796 3503 5841 cum
3533 5778 3885 5850 libertatis
