4024 6196
196 344 324 407 145

195 477 306 550 qui
337 474 521 533 secuti
555 476 698 533 estis
729 493 820 534 me
855 496 869 533 :
902 480 1048 536 l5]
1099 478 1251 551 quod
1285 479 1516 552 pr0prie
1565 479 1857 552 apostolo-
1887 483 1941 548 Α
1972 499 2082 537 nus
2135 481 2312 538 vineae
2371 479 2731 554 procuratori
2791 498 2896 539 suo
2943 499 2956 540 :

194 584 333 622 rum
360 571 450 622 est
483 571 658 638 atque
690 567 1074 622 credentium.
1126 569 1181 622 In
1233 571 1688 640 regeneratione,
1723 587 1857 624 cum

184 658 427 723 sederit
486 655 669 712 Filius
729 657 984 712 hominis
1037 657 1096 712 in
1155 659 1290 713 sede
1352 660 1671 728 majestatis
1716 677 1856 728 sure,

194 748 441 818 quando
467 764 534 802 ex
568 747 816 801 mortuis
860 747 932 801 de
982 747 1352 818 corruptione
1387 749 1398 781 '
1434 753 1738 817 resurgant
1768 748 1856 803 in-

193 837 485 908 corrupti.
545 835 825 891 sedebitis
865 841 920 890 et
965 853 1066 891 vos
1114 837 1171 890 in
1224 836 1386 892 soliis
1432 838 1853 908 judicantium,

193 926 664 982 condemnantes
696 926 1007 980 duodecim
1039 926 1228 980 tribus
1260 926 1436 982 Israel
1473 946 1483 981 :
1521 928 1659 998 quia
1694 928 1857 983 vobis

190 1014 600 1079 credentibus,
635 1013 717 1068 illi
749 1014 984 1070 credere
1015 1015 1346 1071 noluerunt.

265 1104 460 1176 (Vers.
493 1105 578 1172 ‘29,
612 1106 725 1175 30.)
750 1128 775 1153 ‹‹
803 1105 869 1158 Et
899 1104 1094 1160 omnis
1126 1108 1225 1177 qui
1258 1105 1558 1178 reliquerit
1587 1109 1852 1174 domum,

181 1194 278 1250 vel
332 1195 564 1260 fratres,
601 1197 701 1249 aut
750 1211 1000 1261 sorores,
1037 1199 1137 1249 aut
1169 1199 1414 1266 patrem,
1449 1201 1550 1250 aut
1580 1201 1852 1261 matrem,

180 1289 290 1340 aut
325 1299 587 1353 uxorem,
622 1287 724 1338 aut
756 1283 927 1350 filios,
988 1289 1092 1338 aut
1142 1301 1312 1356 agros
1362 1291 1598 1357 propter
1641 1302 1853 1340 nomen

181 1389 414 1437 meum,
478 1373 818 1444 centuplum
891 1373 1154 1445 accipiet,
1209 1379 1264 1429 et
1330 1374 1508 1428 vitam
1569 1378 1844 1429 aeternam

178 1461 540 1536 possidebit.
597 1460 762 1515 Multi
820 1466 1014 1516 autem
1073 1466 1244 1516 erunt
1301 1462 1470 1533 primi
1523 1462 1848 1531 novissimi,

180 1556 238 1608 et
276 1551 586 1606 novissimi
621 1550 816 1623 primi.
854 1573 880 1598 »
917 1551 1102 1605 Locus
1135 1551 1245 1606 iste
1276 1568 1407 1606 cum
1445 1550 1542 1606 illa
1565 1553 1852 1607 sententia

183 1640 486 1713 congruit,
517 1639 578 1694 in
611 1657 727 1711 qua
760 1640 1024 1695 Salvator
1071 1640 1332 1711 loquitur
1365 1659 1376 1695 :
1412 1645 1531 1696 Non
1579 1645 1705 1696 veni
1746 1661 1848 1714 pa-

183 1746 306 1787 cem
358 1733 599 1794 mittere,
630 1730 723 1784 sed
753 1730 1025 1802 gladium.
1082 1731 1211 1784 Veni
1256 1731 1404 1784 enim
1449 1747 1706 1799 separare
1755 1733 1847 1786 ho-

723 341 1240 407 COMMENTAR.
1287 345 1366 405 lN
1411 343 1926 408 EVANGELIUM
1973 344 2351 408 MA'I‘THIEI
2400 343 2548 406 LIB.
2593 343 2699 406 Ill.
2745 343 2918 406 CAP.
2965 341 3095 407 XX.

3505 341 3640 410 ΗΘ

3006 479 3164 541 Voca
3211 481 3527 558 operarios,
3563 488 3621 542 et

1971 572 2146 627 redde
2214 571 2326 626 illis
2397 571 2746 640 mercedem,
2821 572 3109 644 incipiens
3173 591 3207 629 a
3272 574 3614 632 novissimis

1969 677 2156 732 usque
2189 662 2259 716 ad
2307 661 2546 733 primos.
2597 664 2738 716 Cum
2787 661 3084 718 venissent
3129 679 3264 735 ergo
3313 664 3410 735 qui
3461 665 3616 720 circa

1969 753 2341 807 undecimam
2389 751 2590 806 horam
2635 756 2932 821 venerant,
2965 756 3313 824 acceperunt
3349 752 3614 825 singulos

1968 841 2258 896 denarios.
2293 841 2603 895 Venientes
2637 845 2831 896 autem
2865 846 2921 897 et
2950 842 3148 914 primi,
3181 841 3443 898 arbitrati
3475 847 3616 899 sunt

1969 932 2124 1002 quod
2158 930 2290 1002 plus
2319 934 2515 985 essent
2544 930 2837 1002 accepturi
2871 949 2883 986 :
2921 935 3268 1002 acceperunt
3315 935 3511 987 autem
3559 937 3618 990 et

1967 1021 2079 1092 ipsi
2129 1020 2395 1092 singulos
2444 1020 2733 1075 denarios.
2769 1022 2836 1075 Et
2865 1021 3238 1093 accipientes,
3281 1037 3613 1078 murmura-

1967 1110 2108 1164 bant
2137 1111 2417 1165 adversus
2449 1109 2953 1182 patremfamilias,
2988 1109 3246 1166 dicentes
3280 1128 3292 1165 :
3326 1109 3397 1165 Hi
3428 1111 3618 1167 novis-

1967 1198 2099 1252 simi
2153 1215 2268 1252 una
2314 1198 2457 1252 hora
2507 1197 2788 1264 fecerunt,
2840 1202 2896 1253 et
2947 1215 3116 1270 pares
3161 1197 3293 1254 illos
3323 1199 3493 1255 nobis
3525 1203 3614 1256 fe-

1965 1287 2117 1353 cisti,
2152 1287 2247 1358 qui
2283 1287 2645 1358 portavimus
2677 1287 2906 1357 pondus
2937 1288 3050 1343 diei
3083 1292 3139 1342 et
3167 1289 3384 1344 (estus?
3413 1291 3485 1345 At
3515 1289 3612 1346 ille

1965 1376 2322 1446 respondens
2371 1377 2471 1430 uni
2521 1393 2747 1439 eorum,
2775 1376 2939 1432 dixit.
2977 1401 3002 1424 »
3039 1377 3316 1434 Parabola
3359 1379 3491 1450 ista,
3522 1379 3611 1436 vel

1963 1464 2287 1519 similitudo
2333 1465 2492 1536 regni
2528 1463 2830 1530 ccelorum,
2879 1481 2948 1520 ex
2990 1465 3083 1521 his
3129 1483 3255 1538 quae
3305 1469 3610 1539 praemissa

1962 1559 2120 1620 sunt,
2153 1554 2520 1627 intelligitur.
2554 1555 2850 1626 Scriptum
2901 1559 2988 1610 est
3035 1555 3190 1610 enim
3243 1560 3375 1612 ante
3418 1572 3546 1612 eam
3593 1575 3608 1613 :

1963 1646 2131 1699 Multi
2186 1648 2347 1700 erant
2405 1647 2578 1715 primi
2631 1646 2945 1710 novissimi,
2991 1650 3040 1701 et
3099 1648 3383 1702 novissimi
3435 1648 3611 1718 primi

1958 1733 2166 1800 (Matth.
2215 1751 2329 1800 xix,
2376 1734 2486 1804 30).
2536 1733 2659 1789 Non
2711 1734 2959 1806 tempori
3005 1734 3300 1791 deferente
3336 1735 3606 1803 Domino,

186 1823 396 1875 minem
441 1838 474 1873 a
520 1823 678 1891 patre
723 1835 838 1887 suo,
894 1822 944 1873 et
990 1827 1220 1874 matrem
1251 1837 1284 1873 α
1315 1821 1454 1888 ﬁlia,
1488 1825 1536 1875 et
1583 1838 1787 1875 nurum
1816 1838 1849 1875 a
1887 1857 1927 1921 Β
1961 1825 2059 1878 sed
2114 1823 2245 1877 fidei
2277 1825 2316 1877 ³.
2352 1823 2614 1894 Dicitque
2665 1823 3147 1896 patremfamilias
3196 1824 3385 1896 primo
3437 1842 3610 1881 mane

183 1926 351 1966 socru
388 1928 404 1962 :
436 1917 489 1964 et
519 1909 735 1962 inimici
765 1908 1000 1962 hominis
1051 1909 1336 1962 domestici
1382 1925 1497 1980 ejus
1545 1911 1753 1978 (Matth.
1792 1929 1845 1976 x,

183 2000 408 2065 31-36).
445 1997 553 2063 Qui
585 2013 722 2068 ergo
779 2001 1016 2068 propter
1063 1998 1239 2052 fidem
1288 1997 1522 2063 Christi,
1557 2004 1612 2053 et
1643 2001 1845 2070 prtedi-

180 2088 480 2142 cationem
513 2085 830 2157 Evangelii,
866 2103 1070 2141 omnes
1101 2087 1342 2141 affectus
1363 2089 1847 2158 contempserint,

180 2181 367 2248 atque
425 2175 659 2229 divitias
711 2182 766 2230 et
814 2174 1011 2230 saeculi
1064 2174 1396 2246 voluptates
1447 2195 1464 2230 :
1517 2176 1611 2232 isti
1643 2183 1847 2232 centu-

175 2265 345 2337 plum
382 2264 685 2336 recipient,
713 2268 771 2319 et
800 2264 980 2318 vitam
1011 2268 1287 2320 aeternam
1326 2265 1735 2336 possidebunt.
1773 2271 1850 2320 Ex

178 2353 499 2410 occasione
546 2352 726 2423 hujus
783 2353 1108 2421 sententiae,
1171 2353 1415 2425 quidam
1467 2353 1849 2409 introducunt

182 2443 358 2499 mille
422 2459 604 2497 annos
653 2448 784 2514 post
838 2443 1350 2509 resurrectionem,
1399 2443 1658 2498 dicentes
1709 2448 1848 2498 tunc

180 2532 365 2589 nobis
399 2530 737 2603 centuplum
772 2531 1036 2586 omnium
1071 2548 1264 2586 rerum
1311 2549 1458 2602 quas
1490 2531 1846 2603 dimisimus,

179 2627 242 2677 et
291 2621 478 2675 vitam
528 2624 802 2674 aeternam
853 2636 980 2674 esse
1029 2620 1386 2676 reddendam
1425 2637 1436 2673 :
1473 2638 1586 2675 non
1639 2621 1852 2677 intelli-

183 2715 395 2782 gentes
449 2709 604 2780 quod
661 2709 706 2762 si
760 2709 817 2762 in
869 2709 1092 2764 caeteris
1137 2709 1313 2781 digna
1342 2711 1417 2764 sit
1449 2711 1846 2782 repromissio,

187 2799 250 2854 in
289 2798 574 2853 uxoribus
606 2803 885 2870 appareat
917 2799 1250 2869 turpitudo;
1284 2803 1348 2852 ut
1378 2800 1474 2870 qui
1527 2817 1702 2854 unam
1746 2817 1848 2872 pro

191 2889 445 2944 Domino
476 2887 786 2954 dimiserit,
842 2891 899 2941 et
945 2893 1177 2942 centum
1238 2888 1477 2959 recipiat
1525 2887 1581 2942 in
1631 2889 1846 2944 futuro.

195 2979 422 3033 Sensus
456 2992 590 3048 ergo
639 2976 749 3031 iste
781 2982 870 3031 est
921 2993 933 3030 :
981 2976 1088 3040 Qui
1136 2975 1395 3032 carnalia
1425 2994 1528 3049 pro
1560 2977 1850 3034 Salvatore

191 3066 508 3131 dimiserit,
538 3065 869 3137 spiritualia
899 3065 1137 3138 recipiet
1187 3083 1198 3119 :
1250 3083 1376 3137 qua:
1417 3069 1850 3139 comparatione

191 3161 246 3211 et
300 3154 511 3210 merito
541 3154 629 3208 sui
663 3153 744 3209 ita
777 3159 967 3219 erunt,
1015 3155 1183 3226 quasi
1239 3155 1285 3210 si
1344 3173 1519 3227 parvo
1553 3158 1574 3189 ³
1605 3173 1848 3211 numero

1959 1913 2166 1978 exisse,
2201 1918 2263 1967 ut
2295 1913 2646 1968 conduceret
2689 1912 2984 1984 operarios
3031 1913 3086 1968 in
3135 1913 3363 1969 vineam
3414 1931 3606 1986 suam,

1958 2006 2014 2056 et
2056 2003 2307 2073 pretium
2357 2002 2550 2073 operis
2600 2002 2977 2057 constituisse
3024 2002 3352 2058 denarium.
3388 2003 3608 2059 Deinde

1959 2108 2260 2163 egressum
2293 2091 2447 2145 circa
2503 2091 2706 2145 horam
2738 2090 2993 2156 tertiam,
3025 2089 3240 2146 vidisse
3270 2089 3418 2147 alios
3447 2095 3606 2147 stan-

1958 2185 2046 2235 tes
2079 2181 2135 2234 in
2168 2179 2360 2251 platea
2383 2179 2599 2234 otiosos
2626 2197 2637 2233 :
2665 2183 2722 2234 et
2742 2178 2858 2233 illis
2882 2195 3249 2250 nequaquam
3274 2179 3605 2248 denarium,

1959 2270 2058 2324 sed
2091 2269 2245 2341 quod
2269 2270 2502 2339 justum
2537 2271 2625 2322 est
2654 2269 2835 2322 fuisse
2870 2266 3217 2340 pollicitum.
3252 2272 3419 2323 Sexta
3470 2285 3612 2341 quo-

1959 2376 2071 2431 que
2102 2359 2243 2414 hora
2273 2363 2328 2413 et
2358 2374 2511 2412 nona
2561 2357 2764 2413 fecisse
2809 2357 3098 2412 similiter.
3135 2357 3451 2414 Undecima
3501 2375 3610 2414 au-

1958 2452 2076 2502 tem
2130 2446 2422 2502 invenisse
2481 2446 2626 2502 alios
2683 2450 2925 2512 stantes,
2977 2446 3078 2518 qui
3134 2450 3255 2502 tota
3301 2446 3395 2503 die
3437 2446 3609 2502 otiosi

1961 2537 2212 2605 fuerant,
2261 2543 2317 2591 et
2367 2536 2600 2591 misisse
2647 2553 2744 2591 eos
2793 2536 2851 2590 in
2903 2535 3153 2592 vineam.
3213 2541 3356 2591 Cum
3411 2541 3608 2592 autem

1959 2643 2087 2681 sero
2143 2628 2358 2681 factum
2416 2631 2591 2692 esset,
2654 2625 2995 2697 praecepisse
3053 2625 3415 2698 procuratori
3476 2643 3606 2696 suo,

1960 2720 2025 2769 ut
2056 2732 2087 2769 a
2119 2715 2456 2770 novissimis
2486 2714 2764 2786 inciperet
2796 2715 3054 2780 reddere,
3087 2714 3197 2770 hoc
3226 2720 3334 2780 est,
3362 2715 3436 2771 ab
3469 2731 3605 2789 ope-

1964 2805 2134 2859 rariis
2191 2803 2345 2858 horse
2410 2803 2730 2858 undecimm
2789 2819 2976 2874 usque
3005 2803 3076 2858 ad
3106 2803 3404 2875 operarios
3450 2803 3606 2859 hora

1959 2892 2191 2964 primae;
2240 2908 2561 2964 omnesque
2618 2891 2834 2963 pariter
2887 2895 3089 2946 contra
3146 2890 3464 2947 novissima
3511 2890 3607 2946 in-

1957 2981 2114 3035 vidia
2161 2982 2501 3047 concitatos,
2558 2980 2924 3051 iniquitatem
2957 2978 3217 3049 arguisse
3248 2978 3607 3050 patrisfami-

1958 3068 2086 3123 lias.
2117 3070 2240 3124 Non
2276 3069 2429 3141 quod
2464 3068 2659 3122 minus
2690 3067 3015 3139 acceperint
3046 3083 3225 3139 quam
3258 3068 3446 3123 fuerat
3477 3083 3611 3123 con-

1961 3157 2251 3221 stitutum,
2287 3159 2386 3213 sed
2419 3157 2573 3228 quod
2609 3156 2740 3228 plus
2773 3156 3032 3227 accipere
3061 3155 3353 3212 voluerint
3399 3155 3513 3223 his,
3546 3157 3607 3214 in

191 3243 570 3299 centenarius
626 3260 908 3298 numerus
970 3249 1358 3316 comparetur.
1411 3245 1570 3299 Unde
1620 3245 1760 3298 dicit
1790 3251 1847 3300 et
1877 3235 1920 3296 C
1960 3264 2107 3319 quos
2159 3264 2220 3300 se
2273 3245 2579 3301 clementia
2609 3244 2982 3300 conductoris
3009 3245 3312 3300 effuderat.
3348 3245 3492 3300 Mihi
3520 3245 3606 3300 vi-

189 3331 529 3405 Apostolus,
580 3332 677 3402 qui
726 3349 903 3386 unam
951 3337 1181 3388 tantum
1237 3333 1500 3403 domum,
1556 3337 1613 3388 et
1669 3335 1845 3391 unius

187 3421 499 3496 provinciae
531 3438 740 3493 parvos
781 3438 950 3494 agros
982 3422 1287 3478 dimiserat
1319 3439 1331 3479 :
1370 3424 1537 3490 Quasi
1564 3423 1710 3478 nihil
1739 3426 1844 3479 ha-

188 3513 394 3579 bentes,
429 3520 481 3567 et
509 3514 699 3566 omnia
727 3513 1064 3579 possidentes
1094 3514 1167 3582 (II
1197 3512 1316 3567 Cor.
1351 3531 1428 3579 v1,
1465 3514 1571 3585 10).

253 3601 418 3673 (Cap.
453 3602 574 3656 XX.
611 3633 679 3640 —
706 3601 868 3657 Vers.
907 3603 929 3654 1
963 3605 1150 3672 seqq.)
1185 3623 1211 3650 «
1239 3601 1441 3657 Simile
1474 3608 1562 3657 est
1593 3618 1839 3676 regnum

186 3691 468 3746 caelorum
527 3689 752 3745 homini
811 3689 1243 3760 patrifamilias,
1304 3691 1404 3762 qui
1456 3692 1595 3746 exiit
1651 3693 1840 3764 primo

189 3796 362 3835 mane
393 3779 717 3835 conducere
749 3779 1044 3851 operarios
1078 3780 1136 3834 in
1168 3781 1397 3835 vineam
1449 3799 1640 3836 suam.
1693 3785 1838 3836 Con-

183 3870 456 3924 ventione
505 3874 698 3924 autem
750 3869 903 3923 facta
950 3885 1086 3924 cum
1143 3870 1424 3940 operariis
1483 3886 1550 3924 ex
1602 3871 1840 3926 denario

185 3959 429 4022 diurno,
464 3957 624 4011 misit
670 3974 767 4013 eos
820 3959 878 4012 in
927 3957 1156 4014 vineam
1207 3975 1397 4013 suam.
1453 3960 1519 4013 Et
1569 3975 1841 4030 egressus

186 4048 344 4102 circa
405 4045 607 4101 horam
667 4046 920 4115 tertiam,
972 4046 1115 4101 vidit
1163 4046 1308 4102 alios
1357 4051 1580 4104 stantes
1613 4048 1668 4102 in
1717 4051 1838 4104 foro

186 4136 426 4202 otiosos,
461 4140 520 4190 et
551 4136 696 4191 dixit
723 4135 840 4191 illis
875 4153 886 4189 :
925 4138 1003 4191 Ite
1034 4141 1090 4192 et
1120 4154 1219 4191 vos
1249 4138 1305 4190 in
1347 4136 1572 4192 \ineam
1623 4154 1836 4205 meam,

185 4231 238 4280 et
269 4224 427 4296 quod
455 4225 690 4294 justum
724 4225 896 4280 fuerit
926 4225 1077 4280 dabo
1107 4225 1290 4280 vobis.
1327 4225 1414 4280 Illi
1446 4230 1640 4280 autem
1675 4227 1836 4282 abie-

183 4319 336 4368 runt.
393 4313 548 4370 I52
601 4314 815 4368 lterum
864 4319 1059 4369 autem
1110 4314 1249 4368 exiit
1307 4314 1460 4368 circa
1510 4319 1732 4369 sextam
1782 4321 1839 4371 et

178 4418 400 4458 nonam
433 4400 665 4467 horam,
692 4408 750 4457 et
782 4403 915 4457 fecit
945 4401 1234 4458 similiter.
1270 4401 1432 4458 Circa
1463 4403 1834 4458 undecimam

177 4507 311 4552 vero
369 4489 532 4558 exiit,
581 4496 636 4546 et
682 4491 905 4547 invenit
946 4491 1090 4548 alios
1139 4497 1385 4558 stantes,
1419 4498 1476 4548 et
1504 4492 1643 4547 dicit
1671 4492 1830 4548 illis:

1955 3338 2167 3392 dentur
2193 3336 2396 3407 primm
2430 3335 2586 3389 horae
2618 3350 2745 3389 esse
2795 3333 3044 3406 operarii
3077 3333 3334 3401 Samuel,
3363 3339 3420 3390 et
3445 3335 3605 3391 Jere-

1955 3427 2126 3491 mias,
2159 3430 2216 3480 et
2250 3423 2507 3499 Baptista
2537 3424 2813 3489 Joannes,
2849 3423 2947 3494 qui
2999 3428 3249 3494 possunt
3277 3440 3412 3479 cum
3443 3423 3604 3479 Psal-

1955 3514 2128 3571 mista
2157 3515 2347 3569 dicere
2376 3533 2392 3567 :
2427 3515 2507 3567 Ea:
2535 3521 2690 3568 utero
2740 3513 2936 3568 matris
2980 3528 3119 3569 meae
3171 3517 3316 3568 Deus
3362 3529 3515 3568 meus
3550 3530 3606 3570 es

1952 3615 2012 3660 tu
2043 3603 2243 3676 (Ps-It.
2276 3621 2392 3669 xxx,
2426 3604 2534 3673 11).
2569 3603 2775 3657 Tertiae
2809 3619 2942 3658 vero
2971 3601 3126 3656 horae
3153 3601 3403 3674 operarii
3441 3607 3602 3671 sunt,

1951 3696 2050 3766 qui
2083 3712 2114 3749 a
2144 3694 2446 3765 pubertate
2496 3691 2709 3746 servire
2760 3692 2876 3746 Deo
2929 3695 3248 3763 cmperunt.
3281 3692 3435 3749 I53
3466 3693 3605 3748 Sex-

1950 3788 2020 3838 ιω
2071 3783 2248 3846 δοῖ-ω,
2301 3780 2398 3852 qui
2455 3785 2688 3834 matura
2743 3784 2907 3835 astate
2958 3785 3346 3852 susceperunt
3385 3780 3602 3854 jugum

1950 3871 2182 3926 Christi.
2221 3870 2416 3933 Nonae,
2463 3871 2565 3938 qui
2607 3871 2732 3940 jam
2786 3868 3115 3924 declinante
3144 3870 3252 3939 (At.
3285 3869 3603 3941 declinant)

1951 3962 2022 4016 ad
2072 3959 2326 4015 senium.
2379 3959 2554 4013 Porro
2605 3957 2948 4025 undecimae,
2983 3958 3081 4028 qui
3131 3958 3341 4014 ultima
3397 3975 3597 4014 senec-

1948 4054 2070 4105 tute
2105 4067 2116 4104 :
2151 4055 2208 4103 et
2239 4052 2433 4103 tamen
2459 4063 2662 4102 omnes
2697 4046 2912 4119 pariter
2943 4047 3238 4118 accipiunt
3266 4047 3598 4118 praemium,

1945 4138 2081 4193 licet
2111 4138 2378 4192 diversus
2409 4135 2575 4191 labor
2604 4137 2700 4190 sit.
2751 4136 2901 4190 Sunt
2949 4135 3050 4206 qui
3080 4135 3229 4190 hanc
3259 4135 3598 4206 parabolam

1948 4226 2118 4281 aliter
2184 4225 2531 4280 edisserant.
2603 4224 2801 4278 Prima
2869 4223 3010 4278 hora
3078 4222 3280 4278 volunt
3345 4223 3599 4281 missum

1947 4330 2074 4369 esse
2107 4314 2164 4368 in
2191 4315 2421 4369 vineam
2453 4313 2636 4368 Adam
2687 4316 2744 4366 et
2791 4309 3047 4382 reliquos
3096 4311 3456 4383 patriarchas
3504 4329 3598 4368 us-

1947 4420 2060 4474 que
2091 4404 2162 4457 ad
2196 4403 2344 4470 Noe;
2376 4402 2567 4466 tertia,
2601 4402 2797 4473 ipsum
2831 4399 2949 4457 Noe
2981 4417 3168 4472 usque
3197 4401 3268 4455 ad
3302 4401 3598 4458 Abraham

1945 4497 2002 4546 et
2037 4489 2541 4546 circumcisionem
2592 4490 2643 4546 ei
2693 4490 2927 4556 datam;
2982 4494 3163 4556 sexta,
3197 4489 3269 4545 ab
3300 4489 3598 4546 Abraham

177 4580 322 4645 Quid
375 4579 473 4634 hic
527 4579 697 4634 statis
740 4585 864 4636 tota
915 4581 1006 4636 die
1052 4580 1220 4635 otiosi
1240 4581 1267 4634 ?
1320 4581 1528 4635 Dicunt
1560 4581 1610 4636 ei
1647 4597 1658 4637 :
1692 4582 1838 4644 Quia
1869 4591 1914 4653 ι)
1946 4597 2132 4651 usque
2181 4580 2252 4634 ad
2308 4579 2569 4651 Moysen,
2623 4579 2859 4650 quando
2908 4577 2999 4634 lex
3057 4579 3195 4634 data
3251 4583 3369 4647 est;
3420 4595 3593 4648 nona,

179 4685 350 4724 nemo
383 4684 493 4723 nos
524 4669 825 4724 conduxit.
854 4668 998 4724 Dicit
1028 4668 1144 4724 illis
1171 4686 1181 4723 :
1211 4673 1294 4724 Ite
1316 4673 1372 4723 et
1394 4686 1494 4724 vos
1517 4669 1575 4724 in
1607 4669 1834 4726 vineam

180 4773 392 4813 meam.
425 4758 574 4814 Cum
605 4774 734 4813 sero
767 4761 964 4813 autem
999 4759 1215 4814 tactum
1249 4761 1424 4826 esset,
1468 4758 1609 4812 dicit
1647 4759 1835 4813 domi-

179 4901 620 4972 consequendaa,
676 4917 853 4956 causa
920 4916 1090 4972 parce
1139 4905 1196 4956 et
1253 4900 1558 4972 frugaliter
1609 4901 1835 4956 vivendi

180 4972 474 5027 rationem
540 4971 792 5044 iniisset,
849 4971 1091 5044 seseque
1156 4971 1389 5044 beatum
1461 4972 1673 5028 Graecis
1739 4978 1837 5040 (ut

180 5045 422 5115 quidem
455 5043 655 5116 animo
687 5045 963 5116 tingebat)
994 5043 1051 5098 et
1084 5043 1303 5099 nullius
1344 5044 1703 5116 indigentem
1753 5047 1833 5100 rei

220 5121 460 5170 restare
505 5114 698 5184 vellet,
750 5114 1060 5170 distraetas
1106 5132 1331 5184 omnes,
1383 5131 1449 5170 ac
1477 5114 1834 5171 _divenditas

203 5186 515 5259 acultates,
549 5185 963 5259 Thebanorum
996 5188 1209 5259 populo
1241 5203 1530 5257 erogasse,
1563 5205 1696 5259 cum,
1753 5187 1830 5241 si-

178 5258 306 5314 mul
351 5257 409 5312 id
465 5258 840 5327 prmdicasset
873 5277 884 5314 :
919 5257 1207 5314 Cratetem
1239 5259 1410 5314 hodie
1435 5259 1633 5314 Crates
1665 5258 1834 5313 liber-

174 5335 296 5386 tate
325 5330 523 5384 donat.
554 5351 583 5378 ››

250 5403 266 5435 ¹
325 5399 642 5471 Victorius,
693 5399 924 5471 Quando
983 5409 1033 5456 et
1087 5401 1292 5457 mortui
1348 5401 1412 5455 de
1465 5403 1830 5470 corruptione,

181 5477 294 5530 etc.

243 5545 266 5580 ³
301 5543 367 5670 1p
411 5543 646 5600 duobus
695 5543 942 5600 Palatin.
1003 5545 1172 5612 Quasi
1211 5559 1402 5616 parvo,
1455 5549 1743 5616 expuneta
1785 5546 1834 5598 si

243 5633 323 5670 μοι]
357 5632 409 5670 a.

179 5632 409 5673 νοοωα.

246 5690 267 5721 ³
297 5686 600 5745 Victorius
652 5703 665 5744 z
717 5689 839 5746 Non
881 5691 1120 5762 tempore
1150 5687 1430 5761 cii/ferente
1460 5688 1708 5752 Domino,
1743 5686 1832 5743 sed

1946 4669 2142 4742 ipsum
2174 4670 2410 4741 Moysen
2443 4673 2500 4724 et
2530 4668 2872 4740 prophetas;
2926 4667 3257 4736 undecima,
3301 4665 3595 4738 apostolos

1945 4764 2004 4815 et
2044 4759 2309 4831 gentium
2359 4757 2665 4830 populum,
2716 4757 2934 4829 quibus
2991 4772 3197 4812 omnes
3247 4754 3508 4810 invident
3550 4755 3592 4809 ‘.

1945 4901 2363 5044 ﬁdf’lgigrimis
2395 4974 2589 5044 autem
2614 4968 2920 5044 Origenes,
2953 4981 3021 5020 ex
3069 4982 3185 5044 quo
3229 4969 3292 5021 et
3337 4965 3592 5024 Hilarius

1945 5037 2272 5116 desumpsit
2305 5061 2318 5097 :
2355 5067 2380 5091 ι(
2416 5041 2582 5105 Vide,
2611 5040 2800 5116 inquit
2827 5037 2939 5116 ille,
2972 5054 3046 5116 an
3079 5037 3337 5116 primum
3360 5054 3488 5116 esse
3505 5055 3595 5095 or-

1944 5109 2782 5192 dinem'dicere_queas,hqui
2841 5109 3406 5192 ab‘Adam‘onsimul
3455 5127 3591 5192 cum

1944 5186 2147 5242 mundi
2181 5179 2558 5241 fabricatione
2581 5179 2820 5254 initium
2854 5179 3262 5254 habuitrExiit
3289 5180 3444 5254 enim
3477 5182 3592 5254 pri-

1943 5276 2037 5313 mo
2071 5275 2240 5312 mane
2270 5253 2709 5327 paterfamilias,
2742 5257 2817 5327 et,
2852 5255 2915 5327 ut
2939 5251 3019 5327 ita
3043 5251 3258 5318 dicam,
3298 5251 3590 5327 Adam'um

1943 5334 2000 5382 et
2031 5331 2203 5385 Evam
2245 5323 2543 5391 conduxit,
2597 5329 2659 5378 ut
2706 5323 2938 5395 pietatis
2967 5323 3198 5395 vineam
3242 5323 3588 5381 excolerent.

1942 5401 2275 5455 Secundum
2317 5403 2511 5454 autem
2562 5394 2851 5461 ordinem,
2901 5394 2999 5466 qui
3049 5413 3083 5451 a
3130 5396 3268 5467 Noe,
3321 5399 3379 5452 et
3423 5399 3590 5467 pacto

1942 5489 2077 5526 cum
2129 5489 2193 5527 eo
2242 5471 2454 5525 fwdere
2507 5472 2796 5523 censetur.
2851 5467 3136 5532 Tertium,
3169 5466 3270 5538 qui
3303 5467 3375 5523 ad
3405 5466 3591 5523 Abra-

1941 5560 2106 5598 mum
2165 5543 2456 5616 pertinent
2515 5556 2645 5593 cum
2703 5555 2817 5665 qvilio
2877 5538 3301 5609 comprehensa
3357 5555 3592 5621 quoque

1941 5632 2088 5665 esse-
2124 5632 2250 5665 ante
2283 5614 2354 5665 ad
2386 5613 2584 5665 Patres
2617 5611 2686 5665 ad
2781 5625 2940 5665 osem
2973 5626 3160 5665 usaue
3193 5613 3476 5665 snectant.
3501 5626 3590 5665 in-

1941 5632 2088 5684 esse,
2124 5611 2250 5687 quae
2283 5614 2354 5668 ad
2386 5613 2584 5687 Patres
2617 5611 2686 5665 ad
2722 5611 2940 5687 Mosem
2973 5626 3160 5687 usque
3193 5613 3476 5681 spectant,
3501 5611 3590 5665 in-

1938 5681 2322 5759 telligendum
2355 5689 2462 5744 est.
2497 5686 2781 5750 Quartum
2828 5681 2967 5738 item
3000 5681 3074 5739 ad
3100 5685 3317 5738 Mosem
3343 5687 3400 5739 et
3429 5697 3584 5754 quee-
