4024 6196
358 316 473 379 147

1596 318 1662 380 S.
1708 317 2021 382 EUSEBII
2066 318 2515 382 HIERONYMI

3652 316 3767 379 ηε

355 451 662 519 υηᾶθλωο
693 451 890 526 ipsum
939 452 1275 526 intelligens
1322 459 1454 529 post
1500 457 1703 514 horam
1729 459 1855 530 jam
1895 475 2003 513 un-
2036 454 2090 521 Α
2122 454 2577 510 ministradetur
2596 422 2958 526 principibus
2980 451 3346 509 sacerdotum
3364 453 3421 508 et
3440 449 3771 507 Seribiszet

358 545 670 615 decimam,
702 560 836 600 cum
886 547 1041 600 esset
1098 560 1278 618 prOpe
1326 547 1467 604 solis
1512 565 1787 605 occasum
1832 554 1889 605 et
1931 550 2002 605 ad

358 652 680 709 vesperam,
728 635 982 691 Joannes
1033 635 1401 707 Evangelista
1436 637 1698 709 loquitur
1745 654 1759 694 :
1812 640 2008 694 Fitioli

357 730 487 797 mei,
536 725 833 781 novissima
880 723 1022 780 hora
1063 733 1143 781 est
1190 728 1239 797 (Ι
1279 729 1436 782 Joan.
1490 746 1554 792 ιι,
1588 728 1697 799 18).
1730 729 1799 784 Et
1829 728 2005 784 simul

367 815 691 885 considera,
724 814 1261 886 quod‘injustitiam
1306 817 1793 888 patrisfamillias,
1828 834 2005 889 quam

361 906 419 961 in
464 903 786 960 undecimae
816 904 971 960 horae
1002 904 1282 977 operariis
1329 922 1533 963 omnes
1582 908 1799 979 pariter
1831 924 2005 963 accu-

361 998 515 1064 sant,
556 993 617 1048 in
670 993 880 1066 seipsis
933 1008 1048 1049 non
1100 993 1456 1067 intelligunt.
1489 997 1548 1052 Si
1580 997 1740 1053 enim
1768 997 2009 1069 iniquus

361 1088 450 1140 est
478 1081 918 1155 paterfamilias,
969 1099 1085 1138 non
1130 1084 1189 1138 in
1236 1101 1353 1139 uno
1404 1084 1642 1157 iniquus
1670 1090 1779 1151 est,
1811 1087 1913 1143 sed
1948 1085 2007 1140 in

366 1171 642 1227 omnibus
676 1189 689 1227 :
725 1172 861 1244 quia
891 1189 1004 1228 non
1038 1172 1122 1228 sic
1150 1172 1435 1230 laboravit
1463 1175 1645 1229 tertiae
1690 1175 1843 1230 horae
1875 1190 2009 1246 ope-

364 1261 575 1326 rarius,
606 1262 900 1333 quomodo
931 1261 1027 1317 ille
1056 1263 1156 1334 qui
1190 1279 1222 1317 a
1261 1263 1452 1335 prima
1482 1264 1624 1320 hora
1654 1268 1743 1320 est
1792 1264 2011 1320 missus

363 1350 423 1407 in
455 1350 705 1422 vineam.
736 1350 1013 1408 Similiter
1059 1354 1115 1409 et
1162 1356 1335 1408 sextaa
1368 1353 1523 1409 horae
1567 1354 1869 1424 operarius
1902 1354 2011 1408 mi-

367 1457 478 1497 nus
518 1440 805 1496 laboravit
833 1441 1015 1497 tertias
1062 1441 1218 1497 horae
1251 1443 1546 1521 operario;
1580 1447 1637 1498 et
1666 1460 1851 1509 nonis,
1884 1460 2011 1498 sex-

366 1532 437 1585 ta
468 1529 620 1585 horae
651 1531 935 1601 operario.
970 1530 1174 1586 Omnis
1204 1531 1401 1603 itaque
1433 1535 1585 1587 retro
1614 1533 1836 1588 vocatio
1873 1549 2013 1605 gen-

371 1618 531 1675 tibus
560 1618 800 1684 invidet,
832 1620 977 1675 etin
1006 1620 1297 1692 Evangelii
1328 1624 1637 1692 torquetur
1665 1622 1872 1695 gratia.
1903 1622 2014 1677 Un-

368 1708 440 1764 de
467 1711 525 1764 et
554 1708 818 1765 Salvator
863 1708 1219 1765 concludens
1267 1710 1603 1780 parabolam
1639 1728 1651 1765 :
1686 1714 1880 1781 Erunt,
1929 1711 2012 1766 in-

370 1796 521 1869 quit,
546 1799 723 1869 primi
747 1800 1055 1869 novissimi,
1088 1803 1140 1854 et
1165 1800 1453 1855 novissimi
1476 1803 1670 1871 primi.
1707 1802 1870 1865 Quod
1908 1802 2011 1856 Ju-
2046 1832 2095 1896 Β

371 1886 477 1942 daei
510 1887 582 1942 de
611 1887 797 1960 capite
826 1892 1130 1944 vertantur
1159 1888 1218 1943 in
1249 1890 1495 1944 caudam
1527 1908 1539 1945 :
1570 1896 1625 1945 et
1654 1907 1760 1945 nos
1782 1892 1854 1946 de
1884 1907 2021 1947 eau-

371 1974 447 2030 da
475 1978 774 2031 mutemur
803 1976 863 2031 in
895 1981 1071 2050 caput
1101 1979 1140 2032 ί.

444 2064 630 2134 (Vers.
668 2066 779 2137 13.)
813 2088 840 2116 ‹‹
873 2065 1086 2137 Amice,
1140 2083 1256 2122 non
1307 2067 1456 2122 facio
1505 2067 1610 2123 tibi
1658 2067 2015 2140 injuriam.»

373 2153 511 2224 Legi
539 2154 600 2208 in
630 2154 941 2225 cujusdam
967 2153 1118 2211 libro
1147 2158 1170 2190 ²
1200 2155 1456 2212 amicum
1486 2156 1667 2213 istum
1700 2158 1799 2229 qui
1833 2158 2017 2213 incre-

373 2246 547 2315 patur
577 2259 611 2298 a
640 2241 1083 2315 patrefamilias,
1112 2246 1313 2318 prima;
1338 2245 1492 2301 horae
1514 2248 1868 2319 operarium,
1895 2264 2023 2318 pro-

373 2330 695 2403 toplastum
742 2330 1011 2405 intelligi,
1038 2338 1095 2389 et
1124 2350 1223 2390 eos
1252 2332 1351 2406 qui
1385 2334 1483 2390 illo
1522 2341 1784 2407 tempore
1831 2334 2021 2391 credi-

374 2422 605 2478 derunt.

448 2534 476 2562 ‹‹
505 2513 710 2568 Nonne
738 2527 807 2567 ex
837 2512 1075 2568 denario
1105 2513 1426 2569 convenisti
1469 2515 1737 2569 meeum?
1770 2536 1797 2563 ››
1830 2514 2021 2570 Dena-

375 2600 498 2659 rius
527 2602 776 2675 figuram
804 2600 958 2674 regis
985 2601 1178 2657 habet.
1203 2602 1490 2673 Recepisti
1522 2618 1659 2674 ergo
1692 2604 2018 2659 mercedem

372 2705 549 2762 quam
582 2690 688 2746 tibi
708 2689 1126 2762 promiseram,
1177 2690 1285 2747 hoc
1339 2695 1446 2759 est,
1496 2691 1813 2764 imaginem
1844 2696 1901 2747 et
1940 2692 2021 2748 si-

373 2778 769 2835 militudinem
799 2779 956 2836 I54
987 2794 1177 2834 meam
1233 2796 1245 2831 :
1299 2780 1435 2851 quid
1474 2780 1686 2852 quaeris
1732 2780 2020 2853 amplius;

373 2872 433 2925 et
461 2884 578 2924 non
609 2872 730 2924 tam
774 2867 902 2939 ipse
956 2867 1090 2940 plus
1139 2868 1400 2941 accipere
1450 2887 1627 2942 quam
1661 2869 1842 2925 alium
1872 2870 2020 2925 nihil

374 2958 636 3031 accipere
665 2957 984 3022 desideras,
1007 2957 1178 3029 quasi
1201 2957 1441 3014 alterius
1472 2958 1763 3015 consortio
1796 2958 2022 3015 minua-

371 3050 473 3102 tur
503 3046 724 3118 praemii
761 3047 1037 3103 meritum
1052 3047 1081 3102 ?

446 3134 630 3201 (Vere.
664 3136 750 3203 lli,
785 3136 896 3206 15.)
932 3156 958 3188 ι
987 3135 1146 3193 Tolle
1193 3137 1347 3209 quod
1396 3140 1564 3192 tuum
1616 3141 1725 3205 est,
1758 3140 1817 3192 et
1853 3136 2017 3192 vade.

2113 545 2592 600 condemnabunt
2611 561 2744 599 eum
2770 549 2975 610 morte,
2996 547 3052 599 et
3068 542 3301 599 tradent
3329 559 3463 597 eum
3488 540 3769 614 gentibus

2116 635 2185 689 ad
2222 634 2589 689 illudendum
2613 639 2668 689 et
2706 632 3138 707 llagcllandum,
3190 636 3248 687 et
3277 630 3765 703 crucifigendum,

2115 728 2171 779 et
2200 724 2368 779 tertia
2399 725 2491 779 die
2522 728 2802 794 resurget.
2840 746 2867 773 ››
2894 723 3104 778 Crebro
3136 721 3245 781 hoc
3275 721 3468 792 ipsum
3503 718 3768 791 discipu-

2115 814 2191 870 lis
2220 813 2444 870 dixerat
2475 831 2489 869 :
2522 814 2623 869 sed
2655 813 2793 885 quia
2825 812 3025 868 multis
3075 811 3133 866 in
3180 810 3374 866 medio
3422 809 3765 882 disputatis,

2117 909 2343 977 poterat
2386 904 2502 960 labi
2551 906 2618 960 de
2664 903 2946 961 memoria
3003 903 3159 975 quod
3208 901 3537 965 audierant,
3571 901 3769 955 iturus

2115 994 2556 1067 .lerosolymam,
2615 1000 2672 1050 et
2729 1006 2928 1050 secum
2983 993 3268 1048 ducturus
3329 990 3644 1062 apostolos,
3692 990 3767 1045 ad

2119 1084 2496 1140 tentationem
2547 1101 2646 1139 eos
2682 1089 2848 1155 parat
2881 1102 2893 1139 :
2927 1099 2999 1138 ne
3027 1099 3161 1138 cum
3193 1080 3413 1137 venerit
3439 1079 3768 1152 persecutio

2120 1176 2175 1228 et
2200 1172 2390 1228 crucis
2422 1173 2764 1245 ignominia,
2796 1172 3287 1227 scandalizentur.

2192 1263 2378 1332 (Vers.
2410 1263 2499 1329 20,
2532 1264 2648 1330 ‘21.)
2684 1286 2711 1313 ‹‹
2766 1264 2931 1318 Tunc
2979 1260 3225 1316 accessit
3275 1260 3346 1315 ad
3390 1276 3524 1315 eum
3579 1263 3774 1315 mater

2122 1351 2375 1407 filiorum
2408 1352 2661 1407 Zebedaei
2695 1369 2826 1407 cum
2852 1350 2991 1406 filiis
3028 1351 3171 1418 suis,
3200 1354 3452 1405 adorans
3481 1358 3536 1404 et
3564 1353 3772 1419 petens

2123 1440 2343 1513 aliquid
2377 1441 2449 1495 ab
2483 1458 2570 1495 eo.
2605 1441 2709 1505 Qui
2745 1440 2894 1495 dixit
2923 1440 2973 1494 ei
3011 1458 3023 1496 :
3057 1439 3203 1503 Quid
3237 1438 3367 1493 vis?
3402 1438 3488 1493 Ait
3517 1436 3639 1492 illi:
3665 1436 3772 1492 Dic

2124 1536 2190 1585 ut
2219 1531 2460 1586 sedeant
2480 1531 2541 1585 hi
2562 1532 2676 1586 duo
2700 1530 2803 1584 filii
2838 1528 3133 1595 mei,unus
3164 1528 3233 1582 ad
3265 1528 3557 1583 dexteram
3582 1532 3771 1597 tuam,

2124 1625 2182 1675 et
2211 1637 2365 1675 unus
2388 1622 2459 1675 ad
2487 1620 2786 1676 sinistram
2811 1620 2867 1674 in
2897 1635 3072 1690 regno
3102 1624 3222 1673 tuo.
3247 1617 3411 1673 Unde
3432 1616 3770 1687 opinionem

2124 1710 2283 1782 regni
2317 1709 2495 1765 habet
2526 1714 2712 1764 mater
2737 1709 2990 1764 filiorum
3012 1707 3292 1770 Zebedzei,
3315 1711 3378 1761 ut
3408 1722 3540 1761 cum
3574 1706 3771 1762 Domi-

2124 1816 2237 1854 nus
2268 1799 2477 1854 dixerit
2508 1816 2520 1854 :
2558 1801 2733 1854 Filius
2762 1799 3004 1853 hominis
3032 1797 3277 1854 tradetur
3301 1796 3651 1868 principibus
3679 1813 3774 1852 sa-

2129 1889 2406 1945 cerdotum
2450 1897 2501 1944 et
2540 1890 2774 1960 Scribis,
2820 1893 2872 1944 et
2921 1886 3358 1944 condemnabam
3404 1902 3529 1941 eum
3573 1891 3773 1956 morte,

2128 1982 2179 2034 et
2206 1978 2425 2033 tradent
2461 1980 2715 2047 gentibus
2762 1978 2835 2033 ad
2882 1976 3244 2044 ittudendum,
3275 1982 3328 2031 et
3347 1974 3774 2047 ﬂagellandum,

2128 2070 2178 2123 et
2224 2067 2682 2137 cruciﬁgendum:
2742 2072 2796 2122 et
2846 2065 3229 2139 ignominiam
3278 2064 3427 2122 I55
3484 2063 3779 2136 passionis

2130 2157 2475 2212 timentibus
2523 2156 2829 2229 discipulis
2886 2154 3324 2221 annuntiarent,
3372 2152 3474 2208 illa
3520 2152 3780 2224 postulet

2129 2244 2374 2318 gloriam
2407 2244 2866 2317 triumphantis?
2894 2244 3021 2313 hac,
3053 2248 3117 2298 ut
3146 2259 3293 2309 reor,
3317 2259 3387 2297 ex
3416 2257 3613 2309 causa,
3635 2242 3782 2313 quia

2133 2339 2263 2407 post
2293 2334 2492 2390 omnia
2517 2334 2744 2390 dixerat
2771 2334 3055 2389 Dominus
3082 2350 3095 2388 :
3128 2342 3179 2388 et
3209 2333 3374 2388 tertia
3392 2330 3483 2387 die
3502 2335 3777 2403 resurget,

2132 2425 2355 2496 putavit
2386 2441 2520 2480 eum
2553 2423 2765 2479 mulier
2794 2428 2927 2496 post
2957 2421 3437 2478 resurrectionem
3488 2418 3640 2475 illico
3690 2437 3779 2475 re-

2130 2518 2478 2586 gnaturum;
2513 2517 2569 2568 et
2598 2512 2706 2569 hoc
2737 2513 2893 2583 quod
2934 2512 2994 2566 in
3044 2511 3299 2567 secundo
3345 2511 3594 2565 adventu
3644 2524 3779 2579 prn-

2133 2602 2409 2665 mittitur,
2446 2602 2500 2656 in
2534 2602 2725 2673 primo
2768 2618 2896 2657 esse
2939 2599 3373 2671 complendum,
3405 2602 3464 2654 ct
3505 2597 3783 2653 aviditate

2133 2690 2384 2746 feminea
2442 2690 2748 2762 praesentia
2810 2691 2992 2762 cupit,
3054 2690 3366 2745 immemor
3422 2688 3779 2744 futurorum.

2130 2780 2294 2844 Quod
2329 2782 2522 2834 autem
2556 2779 2879 2852 interrogat
2931 2779 3232 2844 Dominus,
3265 2782 3342 2848 et,
3374 2776 3476 2831 illa
3522 2780 3778 2847 petente,

2130 2866 2432 2940 respondit
2464 2884 2476 2923 :
2509 2869 2658 2936 Quid
2686 2870 2805 2923 vis?
2833 2884 2948 2923 non
2973 2868 3135 2923 venit
3162 2867 3233 2923 de
3262 2865 3593 2939 ignorantia
3623 2882 3636 2921 :
3674 2865 3780 2920 sed

2130 2973 2198 3012 ex
2227 2958 2354 3028 ejus
2387 2974 2639 3028 persona
2685 2957 2922 3023 dicitur,
2953 2957 3054 3028 qui
3084 2954 3473 3029 ﬂagellandus
3501 2959 3558 3011 et
3585 2955 3779 3010 cruci-

2130 3047 2400 3118 figendus
2429 3050 2554 3103 erat
2586 3063 2598 3101 :
2632 3046 2924 3118 quomodo
2956 3048 3013 3101 et
3039 3045 3101 3100 in
3131 3044 3565 3104 Hemorrhousa
3597 3061 3609 3097 :
3646 3044 3782 3112 Quis

2129 3150 2218 3189 me
2263 3137 2440 3204 tetigit
2488 3136 2637 3207 (Luc.
2687 3152 2811 3204 VIII,
2844 3136 2972 3204 «’15)?
3023 3135 3093 3189 Et
3142 3134 3213 3189 de
3265 3135 3475 3189 Lazaro
3508 3147 3523 3189 :
3559 3132 3659 3189 Ubi
3686 3148 3783 3203 po-

378 3221 522 3279 Volo
554 3225 749 3277 autem
780 3227 839 3277 et
868 3204 1004 3279 huic
1034 3204 1354 3281 novissimo
1384 3226 1522 3281 dare
1553 3226 1707 3281 sicut
1752 3232 1811 3282 et
1854 3226 1959 3282 tibi
2005 3243 2017 3280 :
2050 3204 2093 3270 C
2126 3226 2317 3279 suistis
2345 3240 2470 3280 eum
2495 3204 2673 3295 (locu.
2724 3241 2802 3289 x1,
2856 3224 2984 3295 34)?
3036 3225 3094 3278 [n
3144 3222 3339 3278 Veteri
3386 3237 3620 3294 quoque
3666 3222 3780 3277 Te-

376 3314 479 3367 aut
507 3326 623 3365 non
653 3308 789 3367 licet
818 3310 963 3366 mihi
993 3313 1145 3383 quod
1177 3312 1326 3379 volo,
1361 3314 1589 3369 facere?
1619 3335 1648 3364 »
1676 3315 1917 3371 Judaeus
1960 3314 2021 3369 in

377 3399 527 3470 Lege
552 3415 671 3455 non
702 3398 912 3471 gratia,
943 3399 1045 3455 sed
1068 3410 1248 3471 ‘opere
1277 3399 1555 3456 salvatur.
1589 3402 1697 3467 Qui
1735 3402 1890 3458 enim
1940 3403 2021 3457 fe-

376 3489 521 3546 cerit
545 3504 694 3556 eam,
726 3488 876 3545 vivet
905 3488 967 3543 in
997 3504 1084 3544 ea.
1116 3487 1280 3545 Unde
1309 3487 1526 3544 dicitur
1553 3490 1626 3545 ad
1656 3507 1788 3546 eum
1827 3508 1840 3547 ε

414 3577 644 3645 (νει-δέ
668 3577 779 3648 16.)
810 3599 839 3626 ‹‹
874 3582 960 3632 An
1010 3576 1217 3633 oculus
1264 3581 1404 3633 tuus
1453 3592 1703 3650 nequam
1746 3584 1854 3648 est,
1884 3580 2022 3652 quia

374 3681 481 3738 ego
508 3666 700 3722 bonus
730 3665 901 3720 sum?
932 3666 1027 3722 Sic
1057 3672 1229 3721 erunt
1259 3666 1561 3723 novissimi
1594 3667 1788 3740 primi,
1822 3673 1879 3724 et
1908 3670 2021 3741 pri-

376 3753 457 3809 mi
489 3753 814 3809 novissimi.
839 3753 1002 3809 Multi
1034 3754 1189 3809 enim
1241 3758 1380 3810 sunt
1424 3756 1630 3825 vocati,
1675 3758 1844 3829 pauci
1888 3774 2021 3814 vero

377 3842 567 3900 electi.
592 3863 622 3893 »
654 3841 917 3914 Idipsum
950 3847 1120 3900 sonat
1149 3848 1206 3899 et
1232 3843 1335 3899 illa
1366 3845 1531 3901 Lucas
1558 3846 1875 3917 ,parabola,
1920 3846 2021 3902 ubi

378 3933 568 4004 major
596 3931 753 3989 filius
784 3932 997 3988 minori
1030 3932 1267 4000 invidet,
1301 3938 1358 3988 et
1388 3950 1501 3990 non
1534 3934 1658 3990 vult
1686 3951 1820 3991 eum
1843 3936 2021 4008 recipi

377 4021 779 4094 pmnitentem,
812 4026 871 4077 et
900 4026 1123 4093 patrem
1155 4026 1393 4078 accusat
1422 4024 1722 4094 injustitiaa
1756 4026 1906 4093 (Luc.
1926 4043 2018 4093 xv,

376 4111 590 4181 28-30).
625 4111 693 4167 Et
722 4114 787 4166 ut
814 4110 1072 4167 sciamus
1103 4111 1258 4167 hunc
1288 4128 1417 4167 esse
1445 4129 1685 4168 sensum
1717 4128 1893 4183 quem
1933 4113 2020 4169 di-

375 4200 595 4267 ximus,
616 4199 823 4256 titulus
844 4199 1132 4272 parabolae
1156 4199 1331 4270 hujus
1355 4201 1606 4272 finisque
1627 4202 2021 4258 consentiunt.

378 4289 469 4345 Sic
493 4297 675 4355 erunt,
709 4289 919 4360 inquit,
945 4291 1232 4346 novissimi
1253 4291 1448 4361 primi,
1492 4298 1544 4346 et
1583 4291 1759 4362 primi
1786 4293 2024 4346 novissi-

377 4379 480 4437 mi.
510 4378 682 4433 Multi
709 4380 858 4432 enim
886 4381 1015 4433 sunt
1036 4380 1230 4443 vocati,
1257 4381 1428 4450 pauci
1456 4395 1578 4435 vero
1607 4381 1784 4435 electi.

449 4465 634 4537 (Vera.
662 4467 725 4521 17
748 4482 866 4537 seq.
880 4465 929 4536 )«
954 4467 1021 4522 Et
1040 4468 1360 4522 ascendens
1380 4468 1557 4523 Jesus
1575 4468 2021 4540 Jerosolymam,

2133 3317 2422 3368 stamento
2456 3331 2468 3368 :
2504 3314 2696 3379 Adam,
2727 3313 2819 3368 ubi
2850 3330 2905 3368 es
2935 3313 3088 3384 (Gen.
3123 3330 3206 3381 III,
3237 3312 3332 3384 9)?
3364 3312 3435 3367 Et
3479 3328 3494 3367 :
3544 3312 3779 3366 Descen-

2130 3400 2262 3456 dens
2307 3401 2498 3457 videbo
2543 3405 2594 3457 si
2632 3402 2802 3474 juxta
2845 3402 3135 3457 clamorem
3164 3401 3308 3472 3qui
3352 3402 3503 3456 venit
3542 3399 3621 3456 ad
3664 3415 3777 3467 me,

2126 3492 2418 3561 perﬁciant
2462 3508 2479 3544 :
2520 3492 2609 3545 sin
2637 3498 2823 3546 autem
2852 3506 2964 3546 non
2991 3498 3091 3556 est,
3122 3493 3181 3544 ut
3207 3490 3385 3545 sciam
3413 3488 3565 3559 (Gen.
3585 3502 3782 3554 -xvm,

2130 3580 2243 3649 2t).
2280 3578 2542 3635 Postulat
2571 3583 2768 3634 autem
2801 3584 2987 3634 mater
3018 3578 3273 3634 ﬁliorum
3304 3576 3562 3633 Zebedaei
3585 3591 3782 3632 errore

2133 3666 2405 3723 muliebri
2437 3673 2493 3722 ct
2522 3666 2754 3738 pietatis
2781 3668 3014 3733 affectu,
3045 3666 3312 3723 nesciens
3354 3665 3491 3738 quid
3538 3670 3779 3737 peteret.

2130 3757 2243 3812 Nec
2274 3756 2490 3811 mirum
2521 3756 2568 3812 si
2600 3756 2713 3810 ista
2742 3760 3023 3829 arguatur
3050 3756 3386 3827 imperitiae;
3415 3762 3549 3809 cam
3572 3754 3643 3809 de
3673 3753 3779 3810 Pe-

2132 3850 2220 3900 tro
2251 3845 2498 3911 dicatur,
2534 3845 2768 3917 quando
2814 3846 2928 3900 tria
2975 3844 3100 3900 vult
3142 3846 3328 3901 facere
3371 3842 3779 3910 tabernacula,

2130 3938 2373 3990 nesciens
2402 3935 2540 4006 quid
2565 3935 2771 3991 diceret
2799 3935 2986 4006 (Marc.
3020 3952 3095 4001 Ix,
3127 3936 3204 4002 5).

2200 4025 2381 4092 (Vers.
2431 4027 2545 4095 22.)
2602 4050 2621 4078 ι
2675 4025 3054 4096 Respondeas
3101 4028 3292 4080 autem
3344 4023 3539 4090 Jesus,
3570 4021 3718 4077 dixit
3762 4037 3777 4077 :

2131 4115 2379 4170 Nescitis
2409 4114 2548 4185 quid
2580 4114 2809 4186 petatis.
2839 4136 2866 4163 »
2892 4117 3073 4169 Mater
3103 4112 3380 4185 postulat,
3404 4117 3463 4168 et
3491 4110 3782 4167 Dominus

2132 4203 2437 4275 discipulis
2466 4202 2747 4274 loquitur,
2779 4202 3111 4275 intelligens
3142 4218 3341 4274 preces
3371 4202 3500 4272 ejus
3529 4214 3597 4256 ex
3626 4198 3783 4255 filio»

2135 4310 2262 4348 rum
2289 4292 2640 4348 descendere
2667 4291 2968 4347 voluntate
2993 4313 3020 4341 «
3045 4291 3290 4346 Potestis
3312 4290 3509 4345 bibere
3534 4288 3779 4344 calicem

2134 4398 2309 4453 quem
2340 4397 2445 4453 ego
2478 4380 2770 4436 bibiturus
2802 4381 2976 4437 sum?
3005 4381 3216 4436 Dicunt
3245 4380 3297 4434 ei
3330 4396 3342 4434 :
3377 4382 3724 4435 Possumus.
3751 4398 3784 4427 ››

2134 4470 2384 4527 Calicem
2418 4470 2474 4524 in
2506 4469 2821 4541 Scripturis
2863 4470 3074 4525 divinis
3121 4469 3453 4542 passionem
3505 4464 3783 4538 intelligi-

376 4554 703 4627 assumpsit
738 4554 1045 4610 duodecim
1077 4555 1396 4627 discipulos
1418 4574 1557 4613 suos
1584 4562 1828 4625 secreto,
1860 4562 1916 4612 et
1943 4559 2026 4613 ait
2058 4576 2103 4639 Ι)
2137 4576 2268 4615 mus
2298 4560 2341 4624 ‘,
2366 4559 2534 4630 juxta
2565 4557 2707 4612 illud
2737 4575 2748 4611 :
2779 4565 2963 4623 Pater,
2996 4559 3048 4614 si
3071 4558 3332 4629 possibile
3359 4564 3455 4623 est,
3481 4560 3727 4611 transeat
3749 4572 3786 4609 ιι

377 4644 497 4700 illis
529 4660 542 4699 :
576 4644 720 4699 Ecce
750 4643 1123 4699 ascendimus
1153 4643 1601 4717 Jerosolymam,
1634 4651 1692 4701 et
1720 4645 1900 4702 Filius
1922 4646 2024 4701 ho-

379 4766 610 4823 cunque
659 4750 1006 4825 in__/Egypto
1055 4756 1492 4825 peracta‘sunt,
1526 4755 1581 4806 et
1611 4751 1768 4825 leges
1820 4753 1876 4806 in
1927 4752 2027 4807 de-

380 4822 535 4879 serto
583 4822 848 4878 conditas
892 4839 1021 4878 esse
1066 4822 1455 4877 referendum.
1490 4822 1861 4879 Postremum
1891 4840 2027 4879 vero

370 4893 702 4950 undecimae
731 4893 960 4949 circiter
988 4894 1143 4950 horae
1173 4894 1439 4948 ordinem
1481 4895 1692 4953 Christi
1733 4897 1873 4952 Jesu
1921 4896 2029 4950 ad-

382 4965 1003 5039 ventum__significare.
1042 4988 1069 5015 »
1100 4968 1447 5039 Quanquam
1494 4984 1599 5022 nec
1641 4968 2024 5039 superiorem,

383 5052 573 5125 quam,
611 5036 997 5125 hieronymus
1041 5038 1265 5109 probat,
1296 5036 1381 5092 de
1431 5042 1539 5125 tota
1575 5036 1865 5125 flaminum
1912 5042 2029 5125 vita

383 5108 443 5164 in
472 5108 737 5180 parabota
762 5123 862 5180 per
889 5108 1337 5181 diem’empressa,
1363 5112 1710 5167 sententiam
1741 5112 2030 5166 Adaman-

381 5182 500 5236 tius
530 5184 683 5234 tacet
715 5197 727 5234 :
761 5195 939 5251 quam
971 5186 1026 5235 et
1052 5181 1313 5254 plerique
1343 5182 1692 5239 recentiores
1715 5182 2029 5254 amplexati

382 5258 540 5309 sunt.

455 5326 471 5360 ¹
506 5322 722 5397 Iisdem
749 5337 893 5393 pene
922 5322 1117 5397 verbis
1131 5323 1407 5397 Origenes
1437 5342 1490 5383 ει(
1508 5325 1784 5397 Gentiles,
1813 5326 2027 5397 inquit,

381 5400 617 5469 propter
649 5393 823 5469 fidem
854 5393 1430 5469 caputetliciuntur;
1463 5402 1523 5452 at
1551 5393 1913 5453 incredulus"
1946 5399 2025 5452 ls-

381 5465 500 5523 rael
535 5471 771 5537 propter
794 5465 1261 5522 incredulitatem
1295 5469 1499 5523 cauda.
1534 5491 1560 5517 ››

452 5540 474 5574 ²
509 5537 692 5592 Facile
723 5537 991 5608 Origenis
1016 5538 1191 5593 tacito
1220 5539 1455 5593 nomine
1485 5539 1700 5593 librum
1737 5544 1918 5608 notat,
1948 5540 2027 5594 si-

381 5609 618 5683 quidem
671 5608 751 5663 ita
799 5608 914 5683 ille,
942 5609 1405 5683 interpretatur:
1444 5612 1570 5683 «,At
1611 5610 2029 5682 paterfamilias

382 5680 493 5738 uni
515 5680 772 5747 illorum,
806 5680 915 5754 ipsi
941 5680 1185 5738 fortasse
1216 5682 1430 5736 Adamo
1459 5680 1650 5736 dixit':
1683 5683 1884 5752 Amice,
1917 5700 2028 5739 non

2135 4666 2220 4704 me
2249 4649 2399 4703 calix
2426 4649 2526 4703 iste
2555 4646 2764 4717 (Matth.
2801 4664 2949 4712 xxvr,
2979 4648 3092 4718 39).
3126 4647 3193 4702 Et
3220 4646 3279 4701 in
3306 4645 3540 4701 Psalmo
3574 4659 3588 4701 :
3640 4644 3787 4713 Quid

2133 4757 2277 4826 facio
2308 4754 2409 4809 tibi
2430 4754 2718 4825 injuriam,
2752 4758 2860 4826 etc.
2894 4775 2922 4803 ››

2206 4827 2226 4859 ³
2258 4823 2617 4881 lnterserunt
2648 4825 2830 4880 nostri
2863 4841 3005 4896 mss.
3036 4842 3219 4891 suum,
3255 4829 3311 4879 et
3340 4826 3400 4878 in
3429 4828 3621 4878 Graeco
3646 4823 3783 4896 qui-

2140 4898 2269 4952 dem
2303 4898 2431 4969 ipso
2461 4901 2617 4952 textu
2649 4896 2885 4950 additur
2916 4894 3108 4969 aii-raw.

2208 4971 2229 5004 ‘
2258 4965 2523 5023 Totidem
2555 4974 2609 5022 et
2638 4969 2949 5040 Scriptura.»
2995 4967 3123 5023 loca
3152 4966 3227 5040 in
3246 4966 3395 5040 hanc
3426 4965 3783 5040 sententiam

2138 5040 2339 5095 laudat
2377 5042 2676 5109 Origenes,
2708 5037 2998 5095 ct‘iisdem
3052 5040 3168 5095 fere
3214 5038 3476 5109 loquitur
3522 5037 3715 5094 verbis
3769 5055 3783 5094 :

2140 5134 2167 5161 ‹‹
2199 5112 2292 5179 Ut,
2328 5112 2537 5182 inquit,
2573 5110 2918 5182 martyrium
2970 5109 3061 5182 his
3112 5109 3431 5182 significari
3479 5110 3784 5182 probetur,

2140 5199 2250 5237 non
2284 5198 2349 5236 eo
2381 5181 2572 5255 solum
2602 5180 2953 5255 loco’utetur
2982 5180 3424 5255 aliquisfPater,
3447 5180 3499 5236 si
3521 5181 3791 5255 possibile

2136 5258 2234 5320 est,
2266 5253 2522 5325 trans/er
2550 5270 2583 5305 a
2611 5270 2701 5325 me
2724 5254 2947 5308 calicem
2968 5252 3183 5325 hunc...
3218 5254 3432 5325 Verum
3464 5252 3785 5325 et’illoqui

2140 5326 2192 5378 in
2234 5324 2456 5397 psalmo
2488 5324 2805 5379 centesimo
2853 5324 3079 5380 decimo
3128 5324 3333 5397 quinto
3380 5328 3591 5397 exstat.
3644 5324 3790 5395 Quid

2137 5396 2441 5451 retribuam
2475 5398 2707 5450 Domino
2732 5411 2832 5464 pro
2861 5397 3128 5455 omnibus.
3150 5396 3285 5466 qua:
3320 5396 3574 5452 retribuit
3602 5396 3789 5451 mihi?

2139 5470 2380 5523 Calicem
2405 5470 2667 5522 salutaris
2692 5467 2981 5537 accipiam,
3004 5477 3056 5523 et
3084 5485 3281 5529 nomen
3312 5468 3533 5523 Domini
3561 5469 3787 5523 invoca-

2138 5541 2218 5594 bo.
2254 5540 2628 5611 Statimque:
2662 5540 2901 5593 Pretiosa
2934 5542 2993 5594 in
3020 5548 3307 5611 conspectu
3335 5540 3576 5607 Domini,
3605 5541 3718 5611 etc.
3754 5560 3785 5589 ››

2139 5611 2297 5684 lianc
2346 5611 2533 5682 ipsam
2588 5610 3124 5684 interpretationem
3146 5608 3454 5684 'arripuere
3508 5611 3567 5666 S.
3615 5608 3788 5665 Hila-

2140 5683 2281 5754 rius,
2316 5680 2472 5739 etab
2502 5697 2568 5737 eo
2598 5680 2880 5753 plerique.
3282 5680 3296 5684 ⁷
3358 5685 3362 5689 ’
