4024 6196
341 289 451 355 151

1580 298 1645 363 S.
1690 295 2003 364 EUSEBII
2045 292 2495 362 HIERONYMI

3630 291 3742 360 182

333 444 435 486 eos
473 427 541 485 ut
567 430 846 487 tacerent.
878 427 951 485 At
982 428 1065 487 illi
1097 429 1286 505 magis
1315 431 1669 506 clamabant,
1703 434 1988 493 dicentes:
2018 435 2073 502 Α
2101 436 2240 489 sunt
2273 448 2429 487 eum.
2464 428 2572 494 Qui
2604 433 2737 488 ante
2766 428 2826 487 in
2855 427 3087 487 Jericbo
3120 426 3403 488 contracti
3443 426 3742 499 sedebant.

347 516 615 586 Domine,
650 518 927 576 miserere
960 521 1164 593 nostri,
1196 521 1278 577 fili
1312 523 1508 580 David.
1548 547 1575 574 »
1616 525 1779 582 Multi
1809 526 1984 582 latro-

349 623 454 662 nes
483 608 737 663 erantin
767 607 1019 681 Jericho,
1075 610 1176 683 qui
1225 611 1589 684 egredientes
1644 619 1701 670 et
1747 615 1987 671 descen-

350 688 554 752 dentes
586 696 657 752 de
683 697 1362 771 Jerusalemﬁnterﬁcere
1394 703 1410 735 ¹
1443 706 1500 757 et
1527 702 1828 760 vulnerare
1858 721 1990 760 con-

340 789 695 843 sueverant:
743 785 960 842 idcirco
1018 789 1304 846 Dominus
1359 790 1516 847 venit
1570 793 1798 850 Jericho
1852 812 1987 850 cum

340 874 649 947 discipulis
680 874 829 942 suis,
861 881 926 933 ut
954 876 1161 934 liberet
1210 879 1567 946 vulneratos,
1625 886 1683 938 et
1739 883 1987 940 multam

341 963 578 1020 turbam
610 980 811 1021 secum
841 965 1057 1023 trahat.
1101 968 1361 1040 Denique
1421 974 1735 1043 postquam
1791 973 1988 1045 egredi

336 1052 545 1109 volunt
576 1054 648 1109 ab
678 1054 932 1123 Jericho,
968 1061 1169 1112 secuta
1198 1063 1287 1114 est
1318 1075 1452 1114 eum
1483 1061 1657 1116 turba
1691 1061 1895 1117 multa.
1928 1062 1988 1118 Si

345 1142 685 1211 mansisset,
716 1144 1117 1217 Jerosolymis,
1158 1152 1217 1203 et
1249 1165 1551 1220 nunquam
1611 1151 1684 1206 ad
1743 1150 1993 1206 humilia

353 1232 771 1304 descendisset,
802 1234 974 1290 turba
1005 1251 1194 1307 usque
1223 1235 1397 1293 hodie
1454 1238 1681 1294 sederet
1725 1238 1783 1294 in
1832 1244 1990 1295 tene-

344 1319 489 1393 bris,
520 1321 664 1378 etin
697 1322 908 1379 umbra
938 1324 1168 1380 mortis.
1201 1326 1355 1384 158
1404 1328 1517 1382 Sed
1575 1331 1632 1383 et
1687 1328 1803 1384 duo
1861 1329 1993 1385 caeci

346 1414 515 1465 erant
536 1412 707 1481 juxta
735 1410 910 1467 viam.
943 1412 1136 1469 Caecos
1168 1412 1423 1487 appellat
1461 1414 1560 1488 qui
1603 1417 1857 1472 necdum
1906 1417 1992 1473 di-

343 1516 471 1555 cere
526 1503 835 1571 poterant:
870 1502 934 1557 In
992 1502 1203 1559 lumine
1260 1512 1348 1561 tuo
1408 1505 1722 1562 videbimus
1808 1507 1996 1563 lumen

346 1587 524 1659 (Psal.
558 1606 721 1660 xxxv,
758 1588 864 1661 10).
898 1591 1078 1647 Secus
1106 1592 1280 1661 viam,
1315 1594 1455 1666 quia
1482 1594 1832 1651 videbantur
1860 1597 1996 1668 qui-

349 1677 483 1733 dem
515 1676 663 1751 legis
693 1678 909 1736 habere
939 1680 1227 1744 notitiam,
1255 1683 1353 1738 sed
1394 1684 1547 1739 viam
1581 1701 1707 1756 quae
1729 1684 1998 1742 Christus

300 1842 307 1855 ί
351 1764 818 1839 est,ignorabant
841 1784 853 1823 :
880 1785 1028 1841 quos
1050 1769 1312 1842 plerique
1335 1771 2001 1849 Pharisaeosintelligunt

348 1858 407 1911 et
432 1856 905 1924 Sadducaeos,alii
926 1875 1061 1915 vero
1083 1863 1400 1933 utrumque
1424 1864 1731 1935 populum,
1756 1870 1814 1920 et
1839 1864 1999 1921 Vete-

350 1944 433 2000 ris
463 1946 823 2002 Testamenti
854 1950 911 2003 et
937 1948 1108 2017 Novi;
1138 1950 1292 2021 quod
1317 1949 1462 2007 alter
1484 1953 1761 2024 scriptam
1786 1953 1996 2027 legem,

350 2031 498 2089 alter
528 2033 858 2092 naturalem
888 2053 1163 2108 sequens,
1197 2040 1323 2096 sine
1350 2040 1578 2097 Christo
1610 2058 1795 2100 cacus
1852 2049 1996 2100 erat.

350 2121 423 2177 Hi
452 2122 591 2193 quia
624 2139 727 2195 per
755 2141 821 2180 se
842 2124 1035 2182 videre
1060 2144 1176 2183 non
1211 2132 1500 2200 poterant,
1523 2131 1837 2188 audierunt
1857 2150 1999 2205 pra:-

290 2276 302 2285 ἒ
360 2210 531 2266 conia
557 2210 893 2285 Salvatoris,
925 2218 982 2269 et
1008 2216 1258 2272 confessi
1288 2222 1426 2273 sunt
1454 2218 1643 2275 ﬁlium
1665 2219 1865 2276 David.
1894 2221 1997 2277 Sin

356 2303 554 2355 autem
586 2305 835 2374 uterque
863 2319 1049 2360 caecus
1078 2305 1329 2361 refertur
1356 2307 1427 2361 ad
1460 2307 1743 2379 populum
1775 2310 1998 2365 Judaeu-

357 2405 513 2457 rum,
544 2388 655 2446 hoc
701 2393 857 2463 quod
893 2393 1165 2465 sequitur
1224 2396 1245 2429 ²
1302 2398 1625 2468 Increpabat
1679 2414 1767 2454 eos
1820 2401 2000 2469 turba,

356 2494 535 2550 super
562 2479 816 2536 ethnicis
846 2480 1295 2554 intelligendum
1328 2489 1417 2539 est
1448 2501 1461 2539 :
1497 2502 1645 2557 quos
1690 2487 2002 2559 Apostolus

360 2571 559 2622 monet
588 2584 660 2623 ne
690 2568 1017 2640 glorientur
1045 2574 1102 2624 et
1133 2571 1477 2641 superbiant
1514 2576 1715 2628 contra
1744 2573 1999 2630 radicem

359 2656 528 2712 suam
563 2656 740 2728 (Rom.
773 2673 852 2722 xx,
888 2658 976 2729 18)
1010 2682 1024 2725 ;
1067 2659 1166 2714 sed
1200 2675 1337 2715 cum
1376 2659 1489 2732 ipsi
1518 2677 1711 2717 errore
1744 2663 2002 2734 priorum

359 2743 563 2800 inserti
596 2746 813 2803 fuerint
841 2763 912 2802 ex
941 2745 1188 2803 oleastro
1236 2748 1295 2803 in
1350 2749 1565 2805 bonam
1615 2749 1849 2819 olivam,
1898 2768 2004 2808 ne-

358 2850 656 2906 quaquam
687 2835 938 2891 debeant
981 2835 1240 2892 invidere
1272 2836 1533 2909 priorum
1591 2838 1789 2896 saluti.
1841 2841 2003 2896 Mise-

354 2938 478 2980 rere
506 2926 699 2991 nostri,
729 2924 816 2995 ﬁli
863 2924 1060 2982 David.
1096 2925 1478 2999 Increpantur
1504 2943 1538 2983 a
1584 2928 1794 2998 turbis,
1827 2933 1884 2985 et
1914 2929 2002 2985 ni-

359 3011 683 3070 hilominus
715 3030 831 3070 non
884 3019 1080 3071 tacent
1116 3033 1128 3071 :
1164 3015 1261 3071 sed
1307 3016 1570 3072 crebrius
1622 3017 1882 3089 idipsum
1915 3019 2005 3074 in-

358 3102 661 3173 geminant
672 3102 1106 3160 utdesiderium
1121 3103 1358 3178 plenum
1372 3121 1515 3161 verm
1530 3105 1678 3162 lucis
1694 3107 2008 3164 ostendant

2097 527 2153 579 et
2185 521 2439 577 clamare
2471 526 2700 577 tantum
2735 525 3035 592 noverant,
3066 524 3268 593 postea
3296 522 3626 591 sequuntur
3648 519 3746 576 Je-

2102 629 2259 677 sum,
2294 627 2408 666 non
2440 615 2558 666 tam
2588 610 2834 683 pedibus
2866 626 3044 683 quam
3068 608 3402 665 virtutibus.

2169 702 2329 773 (Cap.
2365 699 2508 755 XXI.
2543 732 2610 740 —
2644 704 2805 756 Vers.
2860 703 2886 754 1
2939 701 3127 772 seqq.)
3159 722 3186 749 «
3220 700 3290 755 Et
3342 714 3479 754 eum
3529 715 3744 772 appro-

2100 790 2447 863 pinquasset
2476 788 2915 862 Hierosolymis,
2946 792 3003 845 et
3045 788 3300 844 venisset
3345 786 3647 860 Betphage
3669 788 3743 845 ad

2098 883 2361 933 montem
2394 876 2622 945 Oliveti,
2653 878 2793 934 tunc
2822 878 2995 934 Jesus
3026 876 3188 932 misit
3216 877 3365 932 duos
3394 874 3744 948 discipulos,

2100 967 2299 1022 dicens
2331 966 2416 1023 eis
2452 984 2464 1023 :
2499 971 2581 1023 Ite
2610 967 2668 1022 in
2704 966 3006 1023 castellum
3040 965 3193 1038 quod
3226 969 3429 1022 contra
3458 981 3561 1039 vos
3607 970 3702 1021 est
3734 983 3747 1021 :

2099 1060 2157 1112 et
2185 1056 2385 1111 statim
2419 1056 2725 1112 invenietis
2752 1057 2980 1113 asinam
3038 1054 3361 1129 alligatam,
3410 1059 3469 1110 et
3516 1053 3752 1127 pullum

2101 1162 2233 1201 cum
2268 1162 2372 1201 ea:
2407 1144 2612 1201 solvite
2642 1150 2699 1201 et
2728 1145 2999 1202 adducite
3031 1144 3197 1200 mihi.
3231 1145 3301 1200 Et
3329 1143 3379 1199 si
3410 1143 3543 1216 quis
3580 1143 3752 1200 vobis

2103 1235 2326 1308 aliquid
2356 1235 2587 1302 dixerit,
2623 1236 2801 1291 dicite
2840 1253 2852 1291 :
2886 1235 3034 1299 Quia
3056 1234 3343 1291 Dominus
3363 1232 3457 1290 his
3480 1250 3629 1306 opus
3658 1233 3761 1289 ha-

2102 1325 2201 1381 bet
2231 1343 2242 1379 :
2278 1328 2335 1380 et
2363 1324 2675 1381 confestim
2707 1325 2963 1381 dimittet
3012 1341 3131 1380 eos.
3169 1346 3197 1374 ››
3229 1323 3541 1396 Egreditur
3560 1325 3632 1380 de
3650 1324 3752 1380 Je-

2104 1414 2288 1484 richo,
2320 1414 2512 1470 turbis
2543 1413 2771 1470 eductis
2804 1414 2939 1470 inde
2982 1412 3464 1486 quamplurimis,
3496 1417 3552 1469 et
3579 1414 3749 1469 caecis

2105 1502 2333 1560 reddita
2350 1504 3058 1576 sanitate,appropinquat
3076 1501 3756 1576 Hierosolymis,magnis

2105 1591 2327 1647 ditatus
2360 1591 2656 1648 mercibus
2689 1608 2702 1645 :
2736 1593 2924 1648 salute
2972 1591 3335 1648 credentium
3377 1590 3624 1656 reddita,
3654 1590 3754 1648 in-

2106 1682 2265 1755 gredi
2298 1682 2458 1754 cupit
2489 1682 2692 1737 urbem
2725 1680 2904 1753 pacis,
2937 1686 2993 1737 et
3026 1681 3220 1737 locum
3262 1679 3506 1737 visionis
3537 1683 3661 1749 Dei,
3693 1685 3754 1736 et

2108 1787 2300 1826 arcem
2332 1769 2703 1841 speculatorii
2723 1769 2763 1824 ³.
2790 1772 3051 1842 Cumque
3082 1769 3581 1842 appropinquaret
3597 1769 3759 1826 Jero-

2106 1859 2368 1929 solymis,
2400 1864 2458 1915 et
2484 1859 2741 1915 venisset
2770 1858 3111 1932 Bethphage
3142 1859 3213 1914 ad
3235 1859 3458 1915 domum
3473 1859 3751 1915 maxilla-

2106 1950 2267 2020 rum(
2301 1949 2399 2021 qui
2433 1949 2799 2004 sacerdotum
2841 1948 3072 2004 viculus
3102 1953 3247 2016 erat,
3281 1952 3340 2003 et
3367 1947 3757 2004 confessionis

2108 2038 2377 2110 portabat
2406 2042 2608 2111 typum
2632 2056 2650 2119 ’ς
2685 2042 2741 2093 et
2766 2040 2891 2093 erat
2920 2037 3072 2094 situs
3101 2037 3161 2092 in
3194 2043 3391 2093 monte
3411 2037 3753 2104 Oliveti,ubi

2107 2126 2304 2182 lumen
2322 2126 2707 2194 scientiae,ubi
2722 2125 2990 2181 laborum
3003 2130 3061 2183 et
3077 2125 3345 2182 dolorum
3368 2125 3764 2198 requies),mi-

2109 2215 2186 2271 sit
2215 2214 2365 2270 duos
2396 2212 2714 2286 discipulos
2737 2212 3235 2289 8ιιο8,θεωρητικὸν
3265 2211 3355 2267 καὶ
3381 2212 3699 2287 ἐργαστικὸν
3713 2215 3760 2281 ⁸,

2110 2304 2165 2358 id
2198 2308 2289 2359 est
2316 2305 2607 2359 scientiam
2626 2312 2677 2359 et
2702 2319 2943 2375 operam,
2967 2309 3031 2358 ut
3059 2302 3506 2375 ingrederentur
3549 2302 3763 2360 castel-

2108 2392 2253 2447 lum.
2290 2392 2562 2464 Dixitque
2587 2392 2673 2448 eis
2708 2409 2721 2446 :
2754 2394 2831 2448 Ile
2860 2394 2920 2447 in
2949 2391 3241 2447 castellum
3273 2392 3418 2464 quod
3446 2395 3646 2448 contra
3668 2408 3765 2448 vos

2110 2482 2431 2538 est.Contra
2460 2481 2755 2553 apostolos
2778 2480 2934 2537 enim
2958 2483 3432 2555 erat,necjugum
3454 2480 3757 2538 doctrina—

2112 2588 2243 2626 rum
2275 2571 2506 2627 volebat
2555 2571 2835 2643 aecipere.
2869 2574 2936 2626 Et
2965 2572 3171 2641 statim,
3202 2570 3414 2643 inquit,
3463 2572 3763 2627 invenietis

2110 2662 2329 2716 asinam
2360 2661 2663 2732 alligatam,
2696 2668 2747 2715 et
2763 2661 2978 2732 pullum
2998 2677 3123 2716 cum
3152 2676 3218 2715 ea
3246 2678 3265 2714 :
3293 2660 3487 2716 solvite
3505 2668 3556 2716 et
3577 2659 3767 2716 addu-

2110 2752 2216 2806 cite
2248 2749 2670 2821 mihi.Alligata
2699 2753 2823 2805 erat
2853 2751 3021 2805 asina
3054 2749 3261 2805 multis
3281 2748 3534 2805 vinculis
3558 2765 3765 2822 pecca-

2114 2856 2265 2895 rum.
2300 2839 2502 2894 Pullus
2525 2854 2756 2911 quoque
2777 2837 3030 2895 lascivus
3051 2841 3107 2895 et
3127 2839 3425 2894 frenorum
3444 2837 3766 2911 impatiens

2115 2929 2270 2984 160
2301 2945 2434 2983 cum
2470 2928 3005 2996 matre,secundum
3028 2927 3408 3001 Evangelium
3434 2927 3768 3001 Lucae(‘Cap.

2113 3021 2249 3086 xiv),
2284 3016 2501 3073 multos
2529 3016 2783 3073 habebat
2829 3017 3124 3089 dominos,
3177 3034 3295 3073 non
3345 3017 3445 3073 uni
3495 3017 3677 3073 errori
3709 3023 3776 3073 et

2116 3107 2372 3180 dogmati
2406 3106 2681 3162 subditus
2714 3123 2728 3162 :
2764 3110 2822 3161 et
2850 3112 3047 3163 tamen
3075 3106 3241 3162 multi
3274 3105 3495 3162 domini
3525 3105 3626 3178 qui
3649 3106 3771 3163 sibi

430 3191 614 3261 (Vers.
648 3191 738 3259 32,
770 3191 888 3261 33.)
918 3215 945 3241 «
981 3193 1049 3247 Et
1098 3195 1260 3249 stetit
1288 3195 1480 3261 Jesus,
1514 3201 1573 3250 et
1620 3195 1845 3252 vocavit
1880 3213 2001 3265 eos,
2033 3190 2079 3255 C
2118 3199 2461 3269 potestatem
2494 3194 2759 3250 illicitum
2789 3194 3167 3251 vindicabant
3196 3196 3237 3265 ⁵,
3268 3195 3532 3251 videntes
3555 3211 3765 3251 verum

358 3284 417 3335 et
447 3278 529 3335 ait
560 3294 573 3335 :
606 3278 755 3342 Quid
787 3278 967 3336 vultis
1001 3283 1067 3335 ut
1095 3281 1307 3338 faciam
1356 3282 1523 3339 vobis
1550 3284 1579 3339 ‘l
1608 3285 1821 3340 Dicunt
1877 3285 2003 3341 illi:

357 3367 628 3436 Domine,
663 3371 729 3423 ut
757 3366 1097 3440 aperiantur
1127 3368 1278 3425 oculi
1314 3371 1523 3426 nostri.
1562 3392 1589 3421 ››
1625 3373 1767 3428 Caeci
1820 3379 2005 3441 erant,

361 3473 477 3529 quo
506 3461 816 3531 pergerent
848 3457 1216 3530 ignorabant,
1257 3462 1314 3513 et
1361 3458 1527 3531 sequi
1576 3476 1691 3515 non
1741 3467 2011 3533 poterant

359 3545 738 3602 Salvatorem.
772 3544 967 3602 Multas
999 3545 1173 3602 fovea:
1205 3546 1263 3602 in
1294 3546 1549 3616 Jericho,
1585 3548 1782 3605 multa:
1835 3567 2009 3623 rupes

359 3639 417 3690 et
447 3638 743 3706 praerupta
776 3635 833 3689 in
866 3636 1226 3707 profundum
1276 3636 1576 3709 vergentia
1604 3655 1617 3693 :
1649 3636 1867 3696 idcirco
1896 3640 2007 3697 Do-

360 3720 560 3778 minus
590 3726 728 3788 stat,
758 3728 824 3777 ut
856 3722 1049 3779 venire
1078 3724 1307 3796 possint
1354 3729 1412 3781 et
1468 3725 1658 3787 vocari
1685 3728 1875 3798 jubet,
1936 3745 2009 3785 ne

358 3810 543 3867 turba:
566 3810 937 3884 prohibeant;
965 3817 1022 3867 et
1045 3811 1367 3887 interrogat
1386 3815 1555 3886 quasi
1574 3815 1852 3889 ignorans
1866 3819 2007 3891 quid

355 3899 697 3967 velint,utet
726 3917 796 3957 ex
826 3901 1203 3974 responsione
1220 3918 1502 3959 caecorum
1528 3905 2007 3966 manifesta152

355 3988 635 4046 debilitas
668 3995 885 4063 pateat,
914 3995 972 4046 et
1001 3990 1186 4047 virtus
1218 4008 1286 4047 ex
1316 3991 1574 4049 remedio
1595 4001 2007 4067 cognoscatur.

425 4079 744 4152 (Vers.3li.)
780 4102 807 4129 ‹‹
843 4079 1119 4136 Misertus
1150 4086 1348 4137 autem
1386 4099 1587 4139 eorum
1614 4084 2013 4159 Jesus,tetigit

358 4167 559 4224 oculos
593 4184 797 4225 eorum
822 4187 835 4226 :
862 4173 920 4226 et
947 4171 1256 4227 confestim
1279 4171 1633 4245 viderunt,et
1662 4175 1845 4230 secuti
1872 4181 2013 4232 sunt

360 4273 516 4313 eum.
555 4280 576 4305 ι
616 4258 829 4332 Tangit
858 4257 1082 4331 oculos,
1114 4265 1173 4316 et
1202 4264 1439 4333 praestat
1469 4262 1676 4318 artifex
1719 4265 1875 4335 quod
1909 4282 2010 4322 na-

361 4350 496 4402 tura
527 4362 640 4403 non
665 4347 923 4405 dederat.
957 4352 1075 4404 Aut
1102 4353 1257 4405 certe
1286 4350 1439 4422 quod
1476 4349 1749 4409 debilitas
1797 4353 2015 4410 tulerat

362 4436 541 4491 donat
564 4436 988 4493 misericordia.
1016 4438 1342 4511 Statimque
1387 4439 1680 4512 viderunt,
1740 4445 1797 4498 et
1826 4442 2012 4499 secuti

436 4636 453 4670 ί
471 4633 633 4711 Tres
661 4631 846 4711 Palat.
882 4649 1021 4711 ms.,
1050 4632 1441 4690 descendentes
1461 4634 1526 4692 de
1544 4637 1934 4711 Hierosolymis
1954 4642 2014 4695 in

363 4705 582 4761 Iericho
609 4705 942 4775 interﬁcere,
974 4707 1082 4761 etc.

434 4778 456 4810 ²
484 4778 571 4832 Ita
597 4776 878 4849 Origenes
910 4776 1189 4849 pridem:
1222 4797 1252 4824 «
1284 4775 1462 4847 Duos,
1496 4781 1698 4849 inquit,
1722 4797 1905 4837 ciecos
1926 4781 2016 4837 di-

363 4863 568 4903 cemus
608 4846 881 4904 Israelem
914 4846 990 4904 'et
1041 4846 1280 4902 Judieos
1337 4846 1472 4903 ante
1528 4846 1740 4907 Christi
1801 4853 2015 4908 adven-

366 4925 565 4996 tum_._..
598 4918 868 4974 sedentes
900 4934 1072 4996 secus
1102 4916 1278 4984 viam,
1311 4921 1493 4996 quod‘
1518 4919 1579 4996 in
1612 4921 1738 4996 lege
1786 4940 1852 4979 ac
1884 4941 2018 4995 pro-

372 4989 1105 5066 phetiscommorarentur
1136 5006 1150 5055 ;
1183 4989 1363 5066 caecos
1395 4989 1632 5061 quidem
1670 4989 1838 5066 'quod
1883 4989 2019 5052 ante

376 5059 595 5141 Christi
614 5059 672 5141 in
695 5061 958 5132 ipsorum
984 5059 1211 5141 animas
1231 5059 1546 5141 adventum
1569 5059 1736 5126 veros
1754 5072 1812 5123 et
1834 5066 2022 5141 legi“-

375 5148 503 5205 mos
532 5131 591 5205 in
622 5130 749 5203 lege
778 5131 1172 5205 achprOphetis
1204 5134 1657 5205 comprehensos
1679 5130 2023 5195 sensusvmi-

377 5204 537 5259 nime
565 5200 955 5260 intuerentur.
985 5200 1017 5254 3)

447 5273 685 5331 ’Plures
716 5291 1073 5354 mss.,arcem
1099 5277 1663 5354 speculatoriaPorm
1685 5280 2023 5354 Bethphage

386 5347 608 5401 domum
630 5348 1025 5422 maxillarum,
1056 5365 1123 5402 ex
1151 5348 1399 5422 Origene
1414 5351 1481 5422 β.
1541 5354 1709 5422 Pater
1738 5347 2023 5422 interpre-

384 5422 590 5473 tatur:
625 5418 751 5489 ipse
780 5419 936 5474 enim
995 5436 1102 5474 suo
1151 5418 1329 5474 sensu
1387 5418 1488 5475 lib.
1521 5421 1585 5477 de
1639 5424 1793 5478 Nam.
1856 5418 2018 5480 llebr.

390 5509 412 5537 ε
449 5489 1087 5561 Betphage,ait,domus
1115 5491 1234 5546 oris
1264 5490 1620 5558 vallium,vel
1652 5494 1863 5550 domus
1885 5496 2025 5551 buc-

384 5578 483 5625 cae,
518 5561 868 5636 Syrum__est,
902 5579 1015 5617 non
1051 5562 1377 5636 Hebraeum.
1403 5564 1651 5626 Quidam
1683 5571 1891 5636 putant
1920 5567 2022 5621 do-

382 5648 545 5687 mum
581 5633 950 5689 maxillarum
983 5634 1231 5688 vocari.»
1264 5633 1407 5705 Vide
1430 5652 1558 5705 quin
1593 5637 1649 5691 in
1681 5633 1748 5693 eo
1771 5636 1917 5693 libro
1950 5639 2022 5694 ad

379 5704 530 5761 hanc
579 5720 776 5763 vocem
826 5706 1206 5763 observamus
1242 5721 1256 5773 ;
1290 5704 1610 5777 Epistulam
1670 5725 1903 5782 quoque
1961 5710 2021 5767 in

2040 4553 2088 4617 D

2120 3284 2453 3352 Dominum,
2486 3288 2543 3339 et
2573 3300 2771 3339 servos
2809 3284 2938 3355 ejus
2985 3284 3240 3351 venisse,
3272 3283 3373 3356 qui
3425 3284 3500 3340 ad
3533 3284 3770 3341 solven-

2117 3373 2257 3429 dum
2288 3372 2455 3429 missi
2485 3373 2738 3442 fuerant,
2774 3389 2888 3428 non
2934 3373 3152 3429 audent
3193 3372 3484 3429 resistere.
3519 3375 3655 3439 Quae
3687 3372 3775 3430 sit

2119 3467 2313 3518 autem
2347 3464 2532 3531 asina,
2569 3466 2626 3517 et
2656 3459 2854 3533 pullus
2880 3462 3362 3533 asina3,dicemus
3394 3463 3454 3518 in
3484 3462 3767 3519 subditis.

2188 3554 2382 3621 (Vers.
2418 3551 2470 3619 4,
2501 3551 2587 3622 5.)
2618 3574 2644 3599 ‹‹
2680 3550 2798 3606 Hoc
2827 3555 3023 3607 autem
3064 3551 3285 3607 factum
3335 3555 3446 3619 est,
3478 3556 3545 3607 ut
3572 3550 3769 3607 adim-

2118 3640 2373 3712 pleretur
2402 3640 2553 3712 quod
2574 3639 2795 3695 dictum
2819 3645 2909 3696 est
2938 3657 3040 3713 per
3081 3640 3447 3713 prophetam,
3470 3639 3766 3697 dicentem

2118 3729 2300 3787 Dicite
2330 3728 2462 3784 ﬁliae
2492 3729 2651 3796 Sion,
2686 3730 2829 3785 Ecce
2861 3745 2960 3785 rex
2989 3733 3128 3785 tuus
3158 3730 3315 3786 venit
3348 3727 3457 3785 tibi
3487 3744 3768 3786 mansue-

2117 3824 2235 3887 tus,
2268 3820 2477 3874 sedens
2510 3834 2688 3890 super
2718 3818 2945 3875 asinam
2977 3822 3035 3874 et
3079 3817 3304 3891 pullum
3337 3817 3523 3873 tilium
3553 3818 3771 3890 subju-

2119 3908 2286 3981 galis.
2327 3931 2347 3956 ι
2384 3908 2502 3963 Hoc
2550 3907 2609 3962 in
2662 3907 2948 3981 propheta
3003 3907 3283 3964 Zacharia
3338 3907 3623 3979 scriptum
3678 3913 3775 3964 est

2120 3998 2274 4070 (Cap.
2304 4015 2381 4068 ιν,
2412 4014 2551 4052 vers.
2585 3998 2639 4067 9)
2677 4014 2688 4051 :
2724 3996 2795 4051 de
2826 4013 2942 4068 quo
2974 3996 3228 4070 plenius,
3269 3996 3320 4052 si
3349 3996 3479 4052 vitae
3510 3996 3772 4069 spatium

2121 4084 2321 4153 fuerit,
2381 4086 2436 4140 in
2499 4102 2606 4140 suo
2674 4083 2900 4141 dicetur
2964 4085 3109 4142 loco.
3149 4085 3314 4141 Nunc
3360 4084 3770 4158 stringendum

2122 4175 2388 4242 breviter,
2422 4175 2576 4245 quod
2611 4174 2937 4230 secundum
2969 4175 3220 4232 litteram
3243 4175 3304 4230 in
3334 4192 3512 4248 parvo
3537 4175 3772 4232 itineris

2120 4263 2312 4337 spatio
2345 4280 2523 4336 super
2550 4269 2868 4336 utrumque
2891 4263 3110 4322 animal
3140 4265 3343 4321 sedere
3373 4280 3488 4320 non
3518 4263 3773 4337 quiverit

2121 4356 2240 4407 Aut
2269 4352 2427 4408 enim
2459 4352 2611 4408 sedit
2634 4351 2897 4421 asinae,et
2926 4350 3128 4425 pullus
3165 4353 3390 4425 absque
3418 4350 3773 4408 sessorefuit

2123 4446 2225 4496 aut
2251 4440 2300 4497 si
2330 4440 2512 4513 pullo,
2547 4441 2701 4514 quod
2736 4441 2925 4515 magis
2955 4441 3253 4516 competit,
3281 4458 3428 4498 usus
3458 4445 3549 4497 est
3579 4440 3651 4497 ad
3673 4456 3770 4496 se-

2128 4642 2330 4694 nostra
2359 4637 2696 4694 recensione
2729 4638 2851 4704 108,
2884 4636 2985 4693 ubi
3031 4637 3302 4709 Betphage
3340 4653 3373 4692 υ
3394 4636 3552 4693 illam
3588 4652 3773 4693 sacer-

2123 4709 2390 4765 dotalivm
2416 4710 2779 4766 maxillarum
2806 4709 3168 4780 vocattBab.
3199 4709 3574 4780 speculatoris.

2197 4782 2218 4814 ⁴
2263 4786 2421 4845 Quas
2468 4783 2540 4837 ab
2591 4783 2832 4838 Erasmo
2880 4785 2939 4835 et
2995 4776 3254 4835 Victorio
3297 4780 3577 4835 conﬁctas
3625 4776 3774 4833 dicit

2126 4853 2500 4926 Martianzeus
2531 4853 2759 4909 Graecas
2789 4867 2978 4917 voces,
3031 4850 3370 4926 θεωρητικὴν
3418 4849 3505 4926 θεαὶ
3538 4867 3771 4926 «pmi-

2125 4925 2226 4991 κῆν
2257 4924 2446 5009 nostri
2479 4941 2712 5009 quoque
2740 4926 3054 5005 praeterunt
3082 4919 3226 5009 mss.
3280 4939 3389 5009 pro
3435 4919 3771 5009 Θεφρὴτικὸν

2128 4992 2939 5076 ζαι·ἐρ’·(αστιξὸνλὶμιρξῌῐιρῐὶ
2996 4992 3299 5076 i_mprob9I
3348 4997 3427 5076 Ex
3462 4992 3775 5076 __his-unus

2132 5064 2435 5124 Palatinus
2480 5064 2697 5121 Latinis
2726 5064 2955 5130 litteris,
2995 5067 3346 5122 Theoreticen
3373 5068 3426 5121 et
3452 5065 3764 5121 Practicen.

2200 5139 2222 5172 ³
2256 5138 2416 5192 Unus
2447 5136 2692 5192 Palatia.
2726 5136 2920 5203 verba,
2948 5139 3044 5208 qui
3071 5139 3179 5193 sibi
3239 5140 3558 5208 potestatem
3587 5133 3776 5208 illici-

2132 5218 2242 5264 tam
2267 5208 2633 5281 vindicabant,
2667 5208 2780 5263 huc
2811 5205 3107 5281 transfert,
3158 5205 3291 5281 quas,
3336 5205 3778 5281 tertio__abhino

2133 5296 2302 5335 versu
2322 5280 2530 5352 habes.
2563 5284 2688 5335 Mox
2705 5296 2822 5352 Apro
2851 5276 3119 5352 subditus,
3156 5276 3458 5352 legebatur
3485 5276 3625 5334 olim
3642 5277 3772 5332 sub-

2130 5352 2288 5406 ditas.
2320 5351 2556 5416 Verum,
2587 5351 2667 5407 ait
2702 5350 2947 5420 Victor.,
2979 5350 3177 5421 pullus
3207 5350 3408 5415 asine,
3462 5365 3581 5423 quo
3623 5365 3773 5423 gen-

2133 5424 2278 5478 tium
2315 5423 2566 5495 pepulus
2605 5420 2993 5495 significatur,
3042 5428 3349 5495 propterea
3396 5420 3770 5477 multos‘ha-

2134 5494 2331 5550 buisse
2361 5494 2632 5551 dominos
2662 5494 3059 5565 dicitur,quod
3090 5494 3215 5566 ipse
3244 5511 3357 5551 non
3393 5509 3511 5566 uno
3532 5495 3769 5566 tantum

2132 5583 2343 5632 errore,
2378 5583 2608 5637 unoque
2632 5566 2901 5635 dogmate
2922 5562 3243 5637 'tener'etur
3300 5564 3588 5637 obnoxius
3619 5580 3633 5629 ;
3667 5562 3774 5618 sed

2134 5638 2335 5694 multis
2364 5635 2659 5709 erroribus
2707 5636 3199 5709 dogmatibusque
3251 5635 3528 5694 subditus
3578 5639 3774 5694 esset:

2133 5709 2352 5768 inultos
2383 5708 2650 5769 dominos
2680 5708 2898 5769 multos
2919 5708 3131 5768 vocans
3161 5724 3409 5768 errores.
