4024 6196
330 303 445 368 153

780 316 787 323 ’
839 307 1351 374 COMMENTAR.
1400 311 1479 375 IN
1522 307 2047 374 EVANGELIUM
2091 306 2469 377 ΜΑΤἸἭιΕῙ
2511 312 2661 379 LIB.
2706 315 2812 380 III.
2857 315 3031 381 CAP.
3061 315 3218 381 XXI.

3611 319 3728 383 184

326 439 605 507 dandum,
629 439 800 499 asina
818 442 993 499 ducta
1013 448 1102 501 est
1139 443 1341 502 libera.
1382 446 1531 521 Ergo
1571 464 1705 504 cum
1728 448 1971 505 historia
1998 443 2053 510 Α
2082 461 2196 517 que
2225 464 2397 520 opere
2427 453 2637 506 cuncta
2669 450 2960 521 fecissent,
2992 452 3149 509 vocis
3198 468 3430 526 quoque
3456 452 3730 512 tribuunt

324 529 412 587 vel
442 530 980 603 impossibilitatem
1022 534 1252 602 haheat,
1284 537 1369 591 vel
1420 538 1866 610 turpitudinem,
1901 540 1971 594 ad

326 620 534 676 altiora
558 621 1017 677 transmittitur:
1072 629 1136 679 ut
1166 624 1332 681 asina
1374 624 1486 681 ista
1533 642 1659 698 quae
1691 627 1966 701 subjuga-

326 708 402 765 lis
431 710 540 765 fuit
563 710 602 778 ί,
636 715 695 766 et
726 711 1000 783 edomita,
1033 718 1091 769 et
1114 715 1324 786 jugum
1368 714 1512 788 legis
1562 720 1836 781 traxerat,
1869 717 1973 789 Sy-

329 816 554 872 nagoga
576 799 968 873 intelligatur;
1004 801 1200 875 pullus
1232 804 1431 872 asinae,
1470 803 1970 874 lascivusetliber,

321 889 587 962 gentium
619 890 895 963 populus,
928 893 1144 964 quibus
1192 894 1407 950 sederit
1450 898 1644 961 Jesus,
1676 901 1733 952 et
1771 896 1972 953 missis

322 978 397 1034 ad
427 995 525 1034 eos
554 979 786 1035 duobus
816 980 1125 1055 discipulis
1154 985 1176 1019 ²
1218 985 1363 1052 suis,
1416 1002 1532 1041 uno
1580 985 1637 1041 in
1671 985 1973 1042 circumci-

323 1068 572 1135 sionem,
605 1074 665 1124 at
693 1068 877 1126 altero
906 1071 965 1126 in
1005 1077 1228 1145 gentes.

397 1158 580 1226 (Vers.
612 1161 671 1225 6,
702 1160 784 1230 7.)
816 1183 844 1211 «ι
878 1162 1096 1218 Euntes
1136 1168 1331 1220 autem
1382 1164 1679 1236 discipuli,
1713 1166 1973 1222 fecerunt

321 1247 479 1302 sicut
498 1250 776 1320 praecepit
794 1247 912 1306 illis
935 1251 1131 1308 Jesus.
1162 1253 1229 1308 Et
1265 1254 1633 1310 adduxerunt
1666 1255 1891 1310 asinam
1915 1260 1995 1311 et”

317 1335 551 1408 pullum
582 1341 640 1393 et
670 1338 1081 1410 imposuerunt
1112 1359 1291 1414 super
1319 1359 1417 1398 eos
1465 1344 1810 1400 vestimenta
1840 1362 1967 1411 sua,

316 1431 380 1480 et
409 1442 545 1481 eum
575 1426 830 1500 desuper
857 1429 1058 1485 sedere
1116 1430 1396 1486 fecerunt.
1461 1455 1482 1479 ιο
1522 1431 1721 1488 Pullus
1773 1433 1882 1489 iste
1911 1439 1970 1488 et

314 1516 506 1586 asina,
540 1516 760 1587 quibus
788 1519 1030 1590 apostoli
1057 1524 1328 1577 sternunt
1369 1523 1716 1579 vestimenta
1741 1540 1868 1589 sua,
1905 1529 1970 1579 ut

305 1605 488 1663 Jesus
536 1606 777 1663 mollius
825 1609 1044 1675 sedeat,
1102 1615 1235 1666 ante
1283 1613 1597 1668 adventum
1647 1613 1969 1670 Salvatoris

309 1695 457 1751 nudi
491 1700 680 1767 erant,
712 1696 1033 1769 multisque
1063 1699 1175 1754 sibi
1205 1698 1264 1755 in
1311 1716 1411 1757 eos
1439 1702 1810 1758 dominatum
1838 1702 1965 1757 vin-

2084 536 2488 593 testimonium
2555 557 2567 594 :
2625 544 2680 593 et
2739 541 3131 611 praecedentes
3184 547 3358 614 atque
3413 549 3727 615 sequentes

2082 641 2196 680 non
2245 626 2403 681 brevi
2453 632 2628 699 atque
2682 628 2876 683 silenti
2928 630 3291 686 confessione
3348 632 3388 698 ‘,
3447 632 3546 688 sed
3606 635 3725 689 ola-

2082 730 2242 772 more
2285 715 2629 789 plenissimo
2680 723 2955 774 resonant
3007 737 3019 774 :
3074 720 3292 775 Osanna
3320 721 3340 755 ⁵
3369 721 3484 790 ﬁlio
3530 723 3723 792 David,

2082 804 2394 861 benedictus
2421 809 2518 879 qui
2546 809 2690 863 venit
2720 810 2779 863 in
2803 811 3024 864 nomine
3058 810 3300 865 Domini.
3335 810 3495 873 Quod
3527 816 3721 883 autem

2079 893 2222 950 dicit
2254 912 2267 949 :
2304 897 2489 953 Turba?
2519 912 2642 970 quae
2686 899 3064 970 pratcedebant
3092 904 3143 954 et
3186 916 3306 969 qua
3335 901 3720 971 sequebantur,

2080 986 2397 1056 utrumque
2426 987 2682 1042 ostendit
2727 988 3031 1060 populum,
3062 993 3119 1044 et
3151 989 3251 1061 qui
3300 994 3432 1044 ante
3461 990 3722 1062 Evange-

2078 1070 2245 1144 lium,
2277 1078 2335 1129 et
2363 1074 2461 1146 qui
2495 1081 2626 1148 post
2652 1076 3032 1149 Evangelium
3061 1077 3301 1133 Domino
3333 1078 3721 1147 crediderunt,

2078 1178 2337 1219 consona
2371 1165 2577 1221 Jesum
2625 1167 3011 1222 confessionis
3056 1183 3194 1222 voce
3224 1166 3461 1223 laudare
3495 1184 3506 1223 :
3541 1172 3597 1224 et
3626 1185 3721 1224 se-

2078 1254 2335 1310 cundum
2356 1254 2672 1326 superioris
2690 1256 2975 1327 parabolae
2994 1255 3327 1329 exemplum
3351 1258 3714 1313 diversarum

2079 1341 2355 1399 horarum
2388 1345 2705 1415 operarios,
2735 1361 2917 1400 unum
2944 1345 3072 1400 fidei
3106 1346 3367 1419 accipere
3392 1346 3719 1419 praemium.

2079 1435 2255 1488 Porro
2284 1433 2436 1503 quod
2465 1433 2736 1505 sequitur
2767 1450 2778 1489 :
2817 1433 3057 1505 Osanna,
3090 1434 3206 1504 ﬁlio
3240 1435 3434 1501 David,
3469 1435 3610 1507 quid
3644 1434 3723 1490 si-

2077 1520 2332 1594 gnificet,
2389 1524 2541 1579 162
2591 1527 2648 1579 et
2684 1527 2817 1579 ante
2866 1540 3053 1579 annos
3110 1523 3397 1595 plurimos
3453 1524 3510 1579 in
3562 1524 3720 1580 brevi

2076 1609 2323 1683 epistola
2348 1612 2419 1665 ad
2443 1616 2760 1668 Damasum
2783 1614 2825 1675 ⁵,
2851 1617 2989 1667 tunc
3016 1612 3287 1667 Romanae
3311 1612 3476 1668 urbis
3497 1612 3725 1685 episco-

2075 1715 2239 1771 pum,
2271 1699 2488 1756 dixisse
2520 1701 2798 1769 memini;
2833 1706 2890 1755 et
2920 1718 3076 1755 nunc
3118 1700 3509 1772 perstringam
3544 1701 3727 1755 brevi-

310 1784 1290 1859 dicantibus,absqueoperimento
1321 1789 1628 1862 frigebant.
1646 1792 1963 1863 Postquam
1996 1817 2044 1881 Β
2073 1791 2178 1843 ter.
2215 1791 2272 1843 In
2307 1790 2625 1846 centesimo
2656 1790 2881 1881 decimo
2906 1788 3157 1881 septimo
3188 1789 3440 1881 psalmo,
3464 1789 3565 1862 qui
3598 1806 3722 1845 ma-

308 1890 452 1929 vero
474 1891 785 1946 suscepere
801 1876 1154 1949 apostolicae
1171 1882 1363 1935 vestes
1381 1879 1741 1952 pulchriores
1757 1880 1964 1947 effecti,

312 1963 633 2018 Dominum
655 1963 912 2021 habuere
934 1982 1246 2022 sessorem.
1266 1967 1460 2024 Vestis
1480 1969 1502 2003 ³
1523 1972 1717 2025 autem
1742 1974 1969 2041 aposto-

313 2049 452 2111 lica.
476 2052 625 2107 161
657 2052 745 2107 vel
767 2053 1034 2110 doctrina
1052 2054 1359 2125 virtutum,
1378 2056 1466 2112 vel
1488 2057 1794 2114 edissertio
1815 2059 1965 2113 Scri-

307 2143 631 2211 pturarum
656 2140 903 2215 intelligi
933 2147 1147 2215 potest,
1171 2143 1289 2200 sive
1311 2144 1840 2202 ecclesiasticorum
1864 2148 1966 2203 do-

309 2233 589 2300 gmatum
602 2229 1158 2304 varietateszquibus
1172 2233 1285 2289 nisi
1299 2234 1970 2292 animainstructafuerit

311 2322 376 2373 et
398 2324 623 2383 ornata,
649 2336 938 2376 sessorem
964 2321 1178 2379 habere
1198 2322 1512 2379 Dominum
1552 2341 1666 2380 non
1689 2330 1963 2381 meretur.

390 2406 577 2478 (Vers.
606 2408 684 2479 8.)
717 2432 746 2459 (ι
782 2408 1042 2466 Plurima
1071 2415 1269 2466 autem
1301 2412 1475 2468 turba
1516 2419 1845 2469 straverunt
1870 2432 1966 2471 ve-

307 2494 596 2552 stimenta
620 2513 730 2553 sua
759 2499 818 2552 in
850 2497 964 2553 via.
998 2520 1027 2549 ››
1052 2498 1255 2555 Videte
1276 2500 1669 2557 differentiam
1695 2503 1968 2559 uniuscu-

296 2585 531 2656 jusque
559 2602 842 2658 personaa.
866 2587 1126 2659 Apostoli
1147 2589 1497 2645 vestimenta
1526 2608 1634 2647 sua
1653 2608 1830 2665 super
1849 2592 1965 2648 asi-

308 2690 459 2729 num
483 2680 730 2746 ponunt,
754 2675 930 2731 turba
962 2693 1089 2748 qua:
1126 2677 1296 2734 vilior
1332 2683 1443 2744 est,
1466 2680 1790 2737 substernit
1807 2682 1968 2753 pedi-

306 2763 427 2819 bus
457 2763 631 2832 asini,
669 2764 881 2820 necubi
936 2766 1191 2821 offendat
1248 2767 1305 2821 in
1356 2767 1632 2841 lapidem,
1682 2786 1755 2825 ne
1784 2770 1968 2827 calcet

310 2851 574 2924 spinam,
607 2868 679 2907 ne
708 2851 942 2908 labatur
967 2852 1027 2909 in
1077 2853 1321 2910 foveam.
1355 2876 1384 2905 «
1418 2855 1523 2912 Alii
1555 2862 1751 2913 autem
1784 2860 1966 2915 caade-

311 2939 463 2996 bant
491 2957 688 2997 ramos
720 2942 791 2997 de
828 2942 1157 3013 arboribus,
1219 2948 1276 2999 et
1331 2947 1667 3002 sternebant
1698 2947 1756 3001 in
1791 2948 1901 3003 via.
1935 2968 1964 2997 »

312 3029 401 3086 De
431 3030 742 3087 arboribus
772 3031 1087 3104 frugiferis,
1121 3033 1339 3104 quibus
1386 3051 1557 3091 mons
1598 3035 1799 3092 Oliveti
1832 3054 1965 3093 con-

307 3119 466 3175 situs
488 3124 602 3189 est,
651 3120 949 3177 caedebant
1005 3137 1202 3178 ramos
1256 3124 1712 3197 sternebantque
1742 3126 1800 3181 in
1832 3126 1960 3183 via:

2076 1877 2284 1934 nifeste
2304 1878 2374 1933 de
2397 1879 2649 1935 adventu
2668 1878 2981 1935 Salvatoris
3003 1879 3256 1951 scriptus
3272 1884 3379 1949 est,
3400 1878 3551 1935 inter
3565 1883 3728 1935 ciete-

2076 1983 2141 2022 ra
2162 1966 2270 2022 hoc
2291 1984 2523 2040 quoque
2539 1968 2790 2039 legimus
2807 1984 2818 2023 :
2836 1968 3096 2039 Lapidem
3116 1983 3279 2038 quem
3301 1968 3732 2039 reprobaverunt

2075 2056 2423 2126 aediﬁcantes,
2456 2057 2544 2112 hic
2569 2060 2749 2129 factus
2777 2068 2856 2113 est
2888 2059 2945 2112 in
2974 2060 3145 2127 caput
3171 2057 3387 2124 anguli.
3424 2058 3461 2112 A
3495 2057 3727 2113 Domino

2074 2147 2281 2216 factum
2330 2154 2410 2201 est
2455 2146 2601 2201 istud
2632 2145 2741 2216 [AL
2777 2144 2853 2218 et]
2884 2146 2984 2200 hoc
3032 2151 3112 2199 est
3160 2145 3423 2200 mirabile
3468 2147 3529 2199 in
3558 2146 3730 2201 oculis

2073 2237 2301 2291 nostris.
2337 2240 2465 2291 Haec
2492 2243 2573 2291 est
2622 2230 2741 2291 dies
2790 2251 2957 2307 quam
3001 2236 3133 2305 fecit
3161 2235 3443 2297 Dominus.
3476 2235 3725 2291 exsulte-

2074 2341 2218 2395 mus,
2250 2333 2304 2381 et
2332 2326 2584 2380 laetemur
2628 2325 2689 2379 in
2717 2341 2783 2379 ea
2823 2325 2993 2395 (Psal.
3027 2341 3201 2389 cxvu,
3233 2325 3448 2395 22-24),
3482 2324 3759 2380 Statim"

2075 2432 2190 2487 que
2214 2414 2487 2487 jungitur
2519 2432 2531 2469 :
2563 2417 2610 2472 Ο
2638 2414 2887 2485 Domine,
2905 2414 3119 2469 salvum
3146 2430 3232 2470 me
3257 2417 3383 2485 fac:
3412 2429 3442 2469 ο
3472 2414 3723 2479 Domine,

2078 2504 2209 2559 bene
2228 2505 2248 2537 "
2277 2520 2620 2576 prosperare.
2642 2503 2965 2559 Benedictus
2983 2505 3083 2574 qui
3112 2504 3262 2559 venit
3285 2504 3349 2559 in
3378 2503 3601 2558 nomine
3618 2503 3724 2558 Do-

2073 2595 2221 2648 mini
2248 2611 2266 2647 :
2299 2593 2689 2649 benediximus
2721 2594 2867 2648 vobis
2887 2592 2953 2647 de
2982 2594 3144 2648 domo
3177 2594 3413 2658 Domini,
3432 2596 3490 2646 et
3518 2596 3725 2648 caetera

2074 2682 2232 2752 (Ibid.
2260 2683 2350 2753 25,
2382 2684 2493 2753 26).
2532 2687 2633 2737 Pro
2666 2698 2732 2737 eo
2764 2682 2918 2754 quod
2966 2681 3220 2738 habetur
3248 2681 3307 2737 in
3338 2680 3721 2753 Septuaginta

2074 2771 2495 2843 Interpretibus
2521 2789 2534 2839 ;
2568 2767 2612 2823 ὦ
2643 2768 2824 2845 Κύριε,
2860 2773 3029 2823 σῶσον
3060 2766 3149 2839 δὴ,
3177 2771 3235 2825 id
3268 2775 3375 2835 est,
3406 2787 3439 2824 ο
3470 2771 3717 2839 Domine,

2072 2861 2285 2915 salvum
2312 2862 2443 2931 fac;
2474 2861 2533 2915 in
2564 2860 2800 2915 Hebraeo
2830 2859 3082 2932 legimus
3114 2876 3127 2914 :
3161 2877 3315 2915 ANNA
3357 2875 3569 2914 ADONAI
3602 2875 3719 2914 osr-

2071 2964 2224 3003 ANNA
2260 2949 2582 3020 (NJHY’W’H
2624 2957 2756 3010 .1th
2796 2948 2955 3016 κειται),
3008 2948 3161 3018 quod
3214 2946 3586 3003 manifestius
3637 2946 3721 3000 in-

2072 3040 2426 3109 terpretatus
2446 3041 2537 3092 est
2562 3035 2952 3109 Symmachus
2974 3035 3174 3091 dicens
3205 3050 3219 3091 :
3252 3036 3502 3106 Obsecro,
3536 3036 3720 3090 Domi-

2074 3142 2163 3193 ne,
2221 3127 2436 3180 salvum
2492 3128 2511 3160 ⁸
2558 3126 2670 3195 fac,
2724 3125 2960 3180 obsecro.
3012 3124 3192 3179 Nemo
3240 3140 3377 3197 ergo
3437 3127 3600 3196 putet
3656 3140 3725 3179 ex

312 3215 383 3265 ut
409 3226 591 3281 prava
611 3214 768 3265 recta
788 3210 1062 3278 facerent,
1085 3215 1143 3267 et
1161 3217 1459 3284 aequarent
1487 3190 1827 3286 inaequalia:
1849 3231 1963 3287 quo
1994 3190 2038 3256 (ἶ
2076 3190 2308 3269 duobus
2338 3190 2783 3279 verbis,'Gr:eco
2812 3212 3081 3269 videlicet
3122 3217 3181 3267 et
3211 3190 3469 3281 Hebraeo,
3502 3229 3722 3269 sermo-

316 3299 545 3356 rectius
566 3303 733 3369 atque
751 3299 1017 3356 securius
1055 3300 1116 3356 in
1165 3302 1338 3358 corde
1386 3303 1767 3366 credentium.
1801 3303 1964 3360 Chri-

307 3392 443 3445 stus
474 3389 808 3445 daemonum
859 3393 1036 3461 atque
1094 3388 1388 3457 vitiorum,
1438 3392 1620 3448 victor
1648 3393 1962 3451 incederet.

380 3477 566 3549 (Vers.
598 3479 678 3549 9.)
710 3501 736 3527 α
771 3478 976 3533 Turbae
1031 3483 1227 3536 autem
1285 3497 1411 3553 quae
1468 3483 1870 3553 praecedebant
1910 3491 1968 3541 et

309 3584 443 3641 qua:
500 3568 922 3640 sequebantur,
982 3566 1334 3634 clamabant,
1392 3570 1692 3628 dicentes:
1732 3575 1968 3630 Osanna

310 3655 436 3712 ﬁlio
460 3656 642 3712 David
664 3673 677 3711 :
698 3656 1043 3713 benedictus
1064 3658 1164 3730 qui
1188 3657 1346 3715 venit
1364 3659 1424 3714 in
1453 3659 1963 3724 nomineDomini;

312 3762 542 3802 osanna
570 3745 633 3801 in
677 3745 941 3802 excelsis.
976 3768 1003 3795 ››
1033 3748 1181 3813 Quia
1209 3748 1524 3805 manifesta
1581 3754 1671 3805 est
1698 3750 1964 3823 historia,

314 3834 684 3907 spiritualem
708 3851 1031 3908 sequamur
1058 3836 1325 3891 ordinem
1378 3837 1724 3894 disserendi.
1760 3841 1965 3896 Turbae

317 3940 454 3994 quae
491 3938 735 3996 egressa:
767 3925 1001 3981 fuerant
1050 3925 1122 3981 de
1177 3926 1433 3993 Jerieho,
1472 3930 1531 3983 et
1585 3932 1796 3983 secutae
1827 3933 1968 3985 sunt

318 4010 675 4067 Salvatorem
707 4029 774 4068 ac
803 4012 1126 4085 discipulos
1180 4014 1330 4085 ejus,
1393 4019 1703 4087 postquam
1738 4016 1964 4088 pullum

316 4099 497 4155 asina:
530 4098 787 4157 solutum
818 4100 1094 4157 viderunt
1136 4103 1260 4173 (qui
1318 4108 1452 4159 ante
1508 4098 1723 4177 ligatus
1755 4107 1965 4175 fuerat)

315 4194 373 4245 et
403 4189 804 4261 apostolorum
855 4191 1117 4247 vestibus
1166 4196 1529 4259 exornatum,
1581 4198 1637 4249 et
1665 4195 1964 4251 sedentem

313 4294 493 4350 super
520 4294 659 4334 eum
692 4278 1009 4334 Dominum
1051 4279 1279 4345 Jesum,
1330 4289 1771 4353 supposuerunt
1799 4284 1966 4340 vesti-

315 4373 515 4424 menta
536 4384 668 4438 sua,
691 4371 749 4423 et
773 4370 1265 4425 straveruntviam
1287 4370 1467 4426 ramis
1481 4372 1779 4429 arborum.
1795 4374 1968 4429 Cum-

389 4492 667 4568 ’_Erudite
686 4491 1132 4568 haac_t_ranstul_it
1154 4509 1223 4549 ex
1256 4494 1627 4568 Adamantio,
1651 4497 1822 4568 cujus
1842 4497 1965 4555 haec

2074 3319 2208 3359 nem
2239 3318 2366 3359 esse
2415 3302 2829 3373 compositum,
2865 3301 2966 3356 sed
3013 3304 3203 3357 totum
3234 3301 3582 3357 Hebraicum
3617 3317 3631 3356 :
3667 3305 3725 3356 et

2074 3392 2404 3464 signiﬁcem
2435 3392 2592 3463 quod
2623 3392 2908 3447 adventus
2936 3388 3150 3446 Christi
3182 3388 3343 3445 salus
3386 3390 3591 3446 mundi
3623 3390 3720 3446 sit.

2074 3482 2239 3538 Unde
2268 3486 2324 3536 et
2370 3480 2681 3551 sequitur:
2718 3479 3044 3535 Benedictus
3072 3481 3170 3550 qui
3216 3480 3365 3534 venit
3410 3481 3468 3534 in
3500 3481 3723 3534 nomine
3787 3538 3815 3551 _

2072 3572 2313 3626 Domini.
2346 3568 2643 3624 Salvatore
2693 3584 2926 3639 quoque
2974 3568 3030 3622 id
3066 3569 3261 3638 ipsum
3310 3567 3369 3623 in
3416 3566 3725 3640 Evangelia
3782 3612 3787 3615 .

2074 3659 2489 3731 comprobante
2516 3675 2530 3713 :
2562 3660 2681 3728 Ego
2701 3658 2825 3712 veni
2853 3659 2910 3711 in
2938 3658 3162 3712 nomine
3176 3657 3360 3712 Patris
3386 3658 3517 3723 mei,
3548 3665 3599 3713 et
3619 3672 3728 3713 non

2073 3766 2161 3804 me
2188 3748 2488 3819 recepistis.
2513 3747 2666 3801 Alius
2694 3747 2875 3801 veniet
2907 3748 2967 3801 in
2987 3748 3210 3801 nomine
3225 3754 3411 3811 suo,et
3448 3748 3729 3818 recepietis

2073 3854 2197 3893 eum
2243 3838 2419 3908 (Joan.
2470 3854 2525 3906 v,
2558 3837 2667 3907 43).
2704 3835 2939 3892 Necnon
2972 3836 3128 3907 quod
3151 3836 3447 3908 jungitur,
3484 3834 3725 3903 Osanna,

2074 3925 2131 3980 id
2164 3931 2271 3991 est,
2300 3926 2452 3981 salus
2477 3927 2538 3981 in
2566 3925 2817 3993 excelsis,
2849 3925 3155 3996 perspicue
3183 3924 3529 3995 ostenditur,
3563 3925 3722 3996 quod

2074 4016 2359 4070 adventus
2388 4013 2602 4069 Christi
2635 4030 2749 4067 non
2780 4017 3011 4068 tantum
3063 4012 3371 4068 hominum
3403 4012 3587 4080 salus,
3621 4013 3724 4068 sed
3760 4028 3803 4052 ν

2074 4104 2256 4159 totius
2290 4103 2495 4158 mundi
2529 4103 2608 4157 sit
2640 4120 2652 4157 :
2686 4102 3197 4173 terrenaju'ngens
3245 4100 3579 4156 ccelestibus
3611 4117 3623 4156 :
3663 4102 3728 4157 Ut

2073 4208 2231 4249 omne
2276 4208 2418 4263 genu
2466 4193 2519 4247 ei
2567 4193 2819 4260 ﬂectatur
2856 4188 2965 4261 [ΑΙ.
2996 4192 3203 4259 ﬂectat]
3252 4189 3577 4257 eazlestium,
3617 4192 3725 4244 ter-

2073 4283 2333 4338 restrium
2361 4288 2415 4336 et
2447 4281 2798 4353 infernarum
2828 4278 3094 4350 (Philipp.
3132 4295 3192 4345 ιι,
3233 4278 3337 4346 10).

2144 4371 2329 4442 (Vers.
2372 4370 2478 4439 10.)
2529 4388 2556 4417 ‹‹
2608 4369 2677 4422 Et
2726 4382 2862 4423 cum
2909 4367 3187 4424 intrasset
3241 4366 3725 4440 Hierosolymam,

2146 4496 2167 4529 ‘
2195 4493 2471 4568 Drigenes
2504 4492 2756 4568 pridem,
2790 4514 2816 4541 ‹‹
2850 4490 2976 4548 Non
3010 4491 3145 4568 alia,
3169 4494 3372 4568 inquit,
3395 4492 3725 4568 praeceden-

311 4564 492 4621 verba
519 4568 698 4620 sunt:
751 4585 780 4613 ‹‹
811 4564 958 4619 Vide
1004 4563 1161 4620 enim
1219 4582 1413 4621 annon
1469 4557 1968 4625 hec'Servatoris
1997 4557 2045 4622 D
2079 4570 2188 4626 tes.
2219 4557 2333 4621 alia
2381 4557 2523 4619 vero'
2560 4557 2990 4635 subsequentes
3036 4557 3367 4630 dicebant;'
3395 4557 3514 4619 uno
3564 4563 3725 4635 enim

314 4634 582 4708 symbols
610 4636 732 4708 sint
759 4635 1212 4708 per‘diseipulos
1234 4638 1511 4708 jumenta
1538 4654 1666 4705 sua,
1719 4639 1967 4697 vinculis

314 4705 668 4763 eisolventis
695 4705 808 4783 eos
822 4705 1112 4783 videlicet,
1163 4705 1266 4780 qui
1322 4714 1464 4783 tunc
1508 4714 1580 4765 de
1612 4710 1824 4783 populo
1855 4711 1964 4768 hoc

315 4795 550 4854 quoque
581 4779 931 4854 agentibus
977 4779 1158 4854 fidem
1185 4779 1473 4854 professi,
1500 4779 1641 4837 sunt
1662 4779 1967 4854 {peccatis

315 4849 471 4927 enim
500 4849 744 4927 astricta
770 4854 918 4917 erat,
948 4855 1007 4905 et
1064 4849 1302 4923 alligata
1356 4852 1597 4927 antiqua
1625 4849 1961 4927 Synagoga:

317 4920 595 5005 alligatus
620 4937 854 5005 quoque
880 4927 1008 4977 erat
1038 4938 1155 5003 una
1172 4920 1316 5004 eum
1348 4940 1416 4978 ea
1439 4920 1967 5005 pullus,"populus

317 4992 599 5049 nimirum
620 4992 945 5065 egentibus
967 4992 1284 5049 novissime
1320 4992 1631 5060 conﬂatus,
1647 4992 1964 5053 etuti-um-

317 5080 428 5131 que
447 5081 571 5136 qua
603 5064 695 5120 ad
725 5066 1033 5140 superbam
1078 5065 1542 5140 hierosolymam
1566 5084 1845 5140 ascensus
1865 5086 1964 5140 pa-

317 5140 397 5192 tet
415 5135 903 5213 eum_accede_re_t_
924 5135 1305 5213 Sospitatora
1350 5135 1658 5213 discipulis
1680 5135 1968 5213 precepts

318 5208 689 5285 tradentibus
710 5206 1083 5285 solvijussit,
1098 5206 1238 5285 dato
1260 5208 1332 5264 iis
1354 5225 1458 5281 per
1493 5206 1616 5267 beo
1635 5206 1812 5268 verba
1833 5206 1962 5285 spi-

319 5278 431 5335 ritu
461 5282 705 5337 sancto:
739 5279 982 5350 Accipite
1009 5281 1276 5350 Spiritum
1306 5278 1576 5350 sanctum,
1609 5287 1720 5339 etc.
1758 5306 1785 5333 ››

384 5352 407 5435 _’
429 5350 548 5435 llos
571 5350 1024 5435 quoqueoipslum
1045 5350 1244 5435 hausit
1264 5367 1333 5407 ex
1378 5351 1653 5435 Origine,_
1670 5355 1784 5435 qui
1807 5354 1960 5424 duos,

317 5421 412 5488 ait,
441 5421 741 5495 discipulos
766 5424 819 5495 si
847 5421 1221 5493 interpreteris
1264 5421 1587 5494 anagogice,
1619 5421 1763 5481 dices
1792 5421 1966 5481 unum

314 5495 530 5564 quidem
560 5492 678 5550 esse
704 5492 953 5551 ordinem
978 5492 1193 5562 eorum,
1233 5496 1331 5564 qui
1371 5492 1690 5552 ministrant
1735 5498 1965 5554 circum-

314 5567 439 5620 cisis
459 5583 480 5622 :
535 5566 777 5621 alterum
804 5569 1014 5633 autem,
1045 5567 1146 5636 qui
1172 5565 1442 5635 gentibus.

383 5637 405 5670 ³
434 5636 835 5716 Conferendus
864 5636 959 5693 hic
1005 5646 1241 5693 rursum
1290 5636 1587 5713 Origenes,
1622 5638 1680 5696 in
1710 5655 1964 5716 eumque

314 5706 509 5767 Huetii
538 5708 858 5768 adnotatio.

2076 4655 2175 4694 ore
2209 4636 2367 4692 haud
2401 4651 2571 4691 secus
2602 4653 2668 4692 ac
2698 4632 2940 4691 concors
2969 4642 3026 4691 et
3050 4652 3344 4690 consonus
3374 4634 3588 4689 chorus
3617 4632 3729 4687 cla-

2040 4732 2043 4735 '
2078 4709 2322 4765 mabant
2350 4724 2576 4775 omnes,
2599 4713 2657 4763 et
2685 4706 3008 4764 Servatoris
3029 4706 3455 4761 humanitatem
3489 4704 3582 4759 his
3601 4720 3725 4759 ver-

2075 4781 2168 4836 bis
2199 4779 2573 4835 celebrabant
2606 4797 2617 4833 :
2652 4778 2876 4835 Osanna
2904 4779 3021 4848 ﬁlio
3045 4777 3239 4841 David,
3270 4781 3378 4831 etc.
3412 4798 3439 4825 ι)

2145 4852 2166 4886 ⁵
2198 4850 2532 4906 Promiscue
2564 4850 2621 4905 in
2654 4867 2797 4906 mss.
2834 4845 3077 4904 Osianna
3107 4848 3340 4919 legitur,
3373 4852 3427 4903 et
3451 4845 3675 4919 Osanna
3703 4866 3723 4901 :

2074 4928 2194 5006 tres
2227 4927 2420 5006 autem
2455 4921 2721 5006 Palatini,
2746 4936 2879 5006 pro,
2913 4920 3010 5006 qui
3038 4917 3208 4982 venit,
3240 4918 3334 4973 hic
3356 4917 3720 4990 atqueinfra,

2074 4996 2173 5066 qui
2204 4998 2461 5049 venturus
2488 4999 2593 5060 est,
2624 4994 2955 5065 praeferunt.
3282 5016 3285 5019 λ

2144 5068 2164 5100 δ
2196 5066 2467 5143 Epistula
2502 5064 2561 5119 in
2609 5068 2812 5143 nostra
2844 5061 3191 5143 recensione
3218 5063 3290 5116 2O
3318 5060 3429 5116 sub
3483 5060 3717 5143 initium

2073 5137 2211 5193 anni
2242 5132 2347 5192 383
2377 5137 2537 5202 data,
2567 5151 2744 5206 quam
2780 5132 2892 5206 his
2944 5132 3196 5189 recolere
3244 5149 3432 5206 operae
3465 5132 3719 5206 pretium

2075 5210 2171 5264 sit.
2192 5208 2402 5280 Confer
2430 5203 2672 5280 quoque
2694 5205 3025 5280 ()rigenem,
3055 5220 3124 5280 ex
3171 5203 3297 5277 quo
3337 5203 3551 5280 bonam
3584 5203 3722 5260 sub-

2074 5297 2233 5336 nexaa
2276 5275 2709 5334 dissertationis
2763 5275 2834 5331 de
2884 5275 3103 5332 Osanna
3132 5275 3357 5349 partem
3406 5276 3466 5331 S.
3519 5275 3722 5331 doctor

2072 5349 2379 5407 exnressit.

2195 5421 2405 5477 Vocem
2438 5421 2591 5488 bene,
2626 5418 2865 5491 quidam
2898 5436 3041 5475 mss.
3075 5420 3364 5491 ignorant.

2142 5494 2163 5528 ⁸
2194 5493 2443 5565 Aliquot
2479 5488 3015 5565 mssfiuterserunt
3056 5488 3386 5565 niesPaulo
3435 5492 3568 5561 post
3613 5505 3717 5565 pro

2072 5560 2397 5639 sermonem,
2429 5562 2732 5639 legebatur
2754 5578 3019 5619 sermone.
3056 5562 3226 5619 Levia
3254 5562 3312 5617 id
3342 5560 3531 5639 genus
3575 5560 3715 5619 sub-

2074 5637 2209 5696 inde
2238 5635 2400 5695 taciti
2431 5634 2809 5717 castigamus.
