4024 6196
256 318 373 379 155

1488 325 1552 385 S.
1600 322 1912 388 EUSEBII
1957 324 2405 389 HIERONYMI

3542 314 3658 380 156

259 466 550 517 commota
579 465 667 517 est
698 462 970 520 universa
999 463 1223 535 civitas,
1253 466 1489 525 dicens:
1515 469 1619 535 Qui
1639 474 1729 526 est
1760 470 1853 526 hic
1873 470 1900 525 ?
1930 464 1982 528 A
2011 464 2271 515 turtures
2303 459 2680 516 offerentibus
2711 474 2725 515 :
2759 457 3058 515 accidebat
3077 456 3442 531 plerumque,
3460 457 3528 510 ut
3557 452 3656 525 qui

258 551 458 624 Populi
507 552 611 622 (AI.
663 553 855 624 multi)
908 559 1101 610 autem
1154 555 1440 614 dicebant.
1496 582 1516 607 ι»
1570 562 1901 617 Introeunte

253 641 391 697 Jesu
424 659 563 698 cum
600 643 770 698 turba
790 647 933 708 tota,
955 645 1485 719 Hierosolymorum
1514 649 1718 706 civitas
1744 669 1900 707 com-

259 737 539 803 movetur,
576 733 798 788 mirans
840 734 1247 806 frequentiam,
1283 739 1547 795 nesciens
1578 740 1899 807 veritatem,

258 826 314 875 ct
343 822 544 877 dicens
578 841 590 877 :
627 824 756 891 Quis
783 830 863 880 est
893 826 983 879 hic
1006 829 1029 861 9
1060 826 1221 888 Quod
1273 828 1510 899 quidem
1544 829 1600 885 in
1637 829 1748 886 alio
1778 830 1902 886 loco

257 910 518 966 dicentes
550 912 787 983 angelos
817 913 1069 981 legimus
1103 932 1115 969 :
1149 919 1283 985 Quis
1331 922 1407 973 est
1437 920 1540 974 iste
1588 936 1686 974 rex
1712 922 1902 991 gloriae

258 1001 432 1066 (Psal.
466 1018 625 1068 xxm,
659 1003 713 1073 Β)
736 1002 763 1057 ?
790 1001 931 1067 Aliis
963 1009 1156 1059 autem
1188 1005 1274 1060 vel
1327 1007 1781 1077 ambigentibus,
1814 1008 1900 1063 vel

257 1089 773 1161 interrogantibus,
799 1092 927 1147 vilis
956 1092 1250 1163 plebecula
1272 1098 1581 1151 confitetur
1613 1116 1625 1153 :
1652 1115 1683 1152 a
1715 1099 1901 1152 mino-

259 1179 422 1234 ribus
456 1180 759 1251 incipiens,
793 1186 858 1237 ut
901 1184 971 1237 ad
1007 1185 1229 1254 majora
1278 1186 1595 1256 perveniat,
1627 1191 1683 1240 et
1714 1187 1854 1241 dicit
1887 1205 1899 1242 :

332 1270 485 1324 163
520 1292 547 1318 ‹‹
587 1269 684 1324 llic
716 1276 804 1325 est
832 1273 999 1326 Iesus
1042 1274 1325 1344 propheta
1374 1294 1405 1328 a
1436 1276 1715 1330 Nazareth
1748 1276 1901 1331 Gali-

262 1356 398 1412 laaae.
434 1379 460 1407 »
499 1360 808 1431 Propheta.
859 1379 1029 1432 quem
1064 1368 1118 1417 ct
1148 1365 1373 1434 Moyses
1404 1364 1658 1420 similem
1694 1367 1780 1419 sui
1817 1366 1903 1420 di-

259 1452 421 1502 xerat
450 1465 577 1503 esse
606 1454 940 1515 venturum,
973 1455 1028 1507 et
1057 1452 1156 1523 qui
1211 1454 1438 1525 proprie
1488 1455 1641 1525 apud
1676 1455 1905 1510 Graacos

260 1553 395 1591 cum
444 1538 642 1593 arthro
675 1540 687 1572 ¹
725 1541 1000 1595 scribitur
1030 1543 1068 1593 ².
1109 1545 1147 1594 Α
1180 1542 1459 1597 Nazareth
1518 1547 1711 1597 autem
1745 1543 1902 1599 Gali-

259 1623 394 1691 laaze,
429 1626 567 1697 quia
597 1626 676 1682 ibi
710 1629 991 1683 educatus
1018 1631 1203 1685 fuerat
1237 1649 1249 1685 :
1286 1636 1349 1686 ut
1381 1632 1486 1686 ﬂos
1520 1632 1708 1704 campi
1738 1633 1760 1667 ³
1790 1650 1902 1688 nu-

258 1714 498 1769 triretur
525 1716 583 1769 in
619 1717 757 1771 flore
787 1718 1093 1773 virtutum.

330 1803 515 1905 (.Vers.
552 1806 781 1905 12,.133.)
831 1829 857 1856 ‹‹
893 1808 961 1862 Et
1009 1808 1245 1863 intravit
1294 1811 1466 1867 Jesus
1506 1812 1563 1865 in
1616 1811 1901 1884 templum
1934 1842 1982 1905 Β

259 1891 359 1947 Dei
394 1910 406 1947 :
441 1896 497 1947 et
536 1894 803 1964 ejiciebat
851 1913 1053 1951 omnes
1081 1900 1397 1954 vendentes
1447 1905 1500 1955 et
1533 1906 1794 1956 ementes
1845 1902 1901 1956 in

258 1981 493 2052 templo,
530 1988 585 2037 et
614 2000 848 2040 mensas
904 1987 1456 2056 nummulariorum,
1493 1993 1550 2045 et
1596 1990 1903 2046 cathedras

257 2071 631 2127 vendentium
682 2073 982 2129 columbas
1031 2076 1251 2131 evertit.
1287 2079 1353 2132 Et
1405 2079 1551 2133 dixit
1580 2080 1663 2135 eis
1700 2096 1711 2135 :
1752 2081 1901 2135 Scri-

259 2161 423 2229 ptum
457 2163 545 2213 est
576 2177 588 2213 :
623 2161 845 2215 Domus
878 2180 1006 2217 mea
1023 2164 1233 2219 domus
1257 2166 1537 2221 orationis
1554 2166 1855 2222 vocabitur
1888 2185 1900 2222 :

257 2260 360 2302 vos
405 2251 599 2302 autem
652 2249 867 2304 fecistis
912 2250 1074 2305 illam
1131 2253 1472 2323 speluncam
1523 2254 1835 2311 latronum.
1874 2278 1901 2304 ››

260 2335 585 2391 Comitatus
606 2337 780 2393 Jesus
811 2339 984 2393 turba
1000 2341 1359 2396 credentium
1379 2345 1528 2413 (quae
1558 2343 1906 2398 vestimenta

262 2442 370 2481 sua
425 2431 491 2480 ut
547 2426 728 2481 illaeso
780 2429 922 2498 pede
978 2428 1175 2500 pullus
1223 2430 1533 2498 incederet,
1579 2436 1900 2502 straverat),

256 2512 585 2585 ingreditur
611 2516 919 2588 templum,
952 2522 1009 2572 et
1036 2518 1194 2588 ejicit
1214 2536 1418 2575 omnes
1450 2522 1549 2593 qui
1579 2521 1906 2576 vendebant

260 2607 316 2658 et
344 2605 614 2659 emebant
646 2604 703 2658 in
727 2605 971 2677 templo:
995 2623 1347 2680 mensasque
1370 2611 1902 2666 nummulariorum

260 2692 562 2761 subvertit,
596 2697 651 2748 et
682 2694 990 2750 cathedras
1040 2697 1417 2752 vendentium
1449 2698 1751 2754 columbas
1782 2699 1903 2754 dis-

254 2779 486 2852 sipavit,
523 2781 783 2853 dixitque
834 2783 938 2850 eis,
991 2784 1060 2839 de
1109 2786 1424 2856 Scripturis
1474 2787 1692 2842 sanctis
1741 2786 1903 2842 testi-

255 2869 519 2925 monium
577 2873 877 2942 proferens
935 2875 1064 2943 (Isa.
1121 2891 1226 2942 LVI,
1280 2876 1360 2946 7,)
1413 2892 1424 2929 :
1479 2877 1632 2947 quod
1693 2876 1904 2932 domus

255 2957 441 3014 Patris
483 2961 635 3029 ejus,
688 2961 973 3017 orationis
1019 2963 1230 3018 domus
1309 2981 1436 3019 esse
1483 2965 1735 3033 deberet,
1789 2982 1903 3019 non

263 3046 542 3118 spelunca
561 3048 982 3115 latronum,vel
1015 3051 1226 3107 domus
1249 3054 1660 3125 negotiationis
1677 3055 1903 3126 (Jerem.

258 3152 359 3202 vn,
410 3138 491 3209 tt)
546 3155 558 3192 :
612 3139 763 3194 sicut
815 3138 875 3193 in
923 3139 1036 3195 alio
1079 3142 1437 3213 evangelista
1487 3143 1768 3215 scriptum
1819 3148 1910 3198 est

2012 550 2083 605 de
2113 550 2282 622 longe
2313 554 2608 620 venerant,
2640 566 2752 604 non
2785 549 3067 605 haberent
3099 548 3382 602 victimas.
3415 543 3661 613 Excogi-

2012 643 2282 694 taverunt
2328 640 2510 711 igitur
2557 639 2909 704 sacerdotes,
2945 636 3237 709 quomodo
3291 635 3546 707 przedam
3590 633 3660 687 de

2012 728 2226 800 populo
2260 729 2534 794 facerent,
2568 734 2624 782 et
2675 727 2875 782 omnia
2923 724 3202 781 animalia
3246 723 3460 796 quibus
3510 737 3660 793 opus

2012 822 2135 872 erat
2163 818 2234 871 ad
2276 818 2586 885 sacriﬁcia,
2618 817 2963 883 vendebant,
3000 819 3064 871 ut
3112 821 3169 869 et
3198 813 3512 869 venderent
3541 827 3659 866 non

2012 906 2457 973 habentibus,et
2487 906 2596 978 ipsi
2627 922 2861 961 rursum
2886 909 3082 976 empta
3103 903 3661 974 susciperent.Hanc

2013 995 2313 1067 stropham
2348 1012 2545 1051 eorum
2571 997 2775 1050 crebra
2800 994 3155 1049 venientium
3178 990 3376 1062 inopia
3406 988 3659 1060 dissipa-

2014 1086 2130 1151 bat,
2167 1084 2266 1157 qui
2297 1084 2639 1156 indigebant
2672 1084 3029 1155 sumptibus,
3061 1086 3251 1137 etnon
3283 1080 3474 1135 solum
3502 1079 3661 1133 184

2014 1174 2239 1230 hostias
2270 1191 2384 1229 non
2430 1174 2743 1239 habebant,
2779 1174 2878 1227 sed
2933 1188 3002 1226 ne
3034 1170 3188 1225 unde
3232 1172 3493 1225 emerent
3530 1168 3662 1238 qui-
3697 1184 3705 1187 ·

2014 1265 2145 1318 dem
2178 1280 2312 1318 aves
2343 1267 2399 1317 et
2426 1263 2565 1318 vilia
2603 1260 2973 1317 munuscula.
3007 1262 3335 1315 Posuerunt
3379 1258 3573 1327 itaque
3604 1260 3665 1311 et

2016 1353 2447 1408 nummularios
2503 1353 2599 1424 qui
2664 1356 2929 1406 mutuam
2983 1351 3093 1405 sub
3142 1347 3411 1403 cautione
3456 1347 3667 1402 darent

2015 1443 2343 1513 pecuniam.
2379 1442 2491 1497 Sed
2543 1440 2681 1513 quia
2726 1445 2852 1495 erat
2884 1439 3008 1512 lege
3053 1441 3408 1510 praeceptum
3455 1436 3657 1503 (Leuit.

2014 1549 2143 1598 xxv,
2177 1534 2284 1598 37;
2321 1533 2475 1586 Deut.
2508 1548 2669 1593 xxm,
2707 1530 2814 1600 19),
2868 1534 2932 1582 ut
2962 1544 3131 1583 nemo
3180 1541 3394 1582 usuras
3436 1524 3663 1595 accipe-

2015 1626 2120 1687 ret,
2154 1625 2210 1675 et
2239 1620 2515 1693 prodesse
2548 1637 2660 1675 non
2693 1622 2918 1691 poterat
2948 1616 3196 1689 pecunia
3223 1616 3501 1680 fenerata,
3534 1629 3662 1684 quas

2015 1710 2306 1766 commodi
2338 1709 2483 1764 nihil
2535 1709 2795 1777 haberet,
2827 1712 2885 1762 et
2934 1706 3229 1761 interdum
3279 1705 3496 1760 sortem
3528 1718 3664 1774 per-

2015 1800 2195 1870 deret,
2249 1799 2725 1871 excogitaverunt
2771 1801 2824 1850 et
2872 1794 3050 1850 aliam
3096 1793 3392 1862 technam,
3445 1795 3513 1846 ut
3557 1806 3663 1862 pro

2016 1887 2452 1953 nummulariis,
2510 1885 2833 1958 Collybistas
2882 1885 2903 1918 ‘
2950 1883 3225 1947 facerent,
3283 1883 3455 1952 cujus
3500 1879 3663 1934 verbi

2014 1978 2426 2051 proprietatem
2462 1976 2667 2031 Latina
2715 1973 2920 2046 lingua
2949 1988 3066 2028 non
3117 1970 3409 2043 exprimit.
3439 1969 3667 2040 Collyba

2015 2068 2293 2122 dicuntur
2323 2065 2476 2137 apud
2500 2081 2621 2129 eos,
2655 2080 2782 2135 quae
2802 2079 2907 2118 nos
2924 2058 3293 2132 appellamus
3324 2061 3661 2131 tragemata,

2012 2156 2101 2211 vel
2131 2156 2268 2211 vilia
2316 2151 2688 2209 munuscula.
2724 2150 2896 2206 Verbi
2943 2150 3149 2223 gratia,
3184 2146 3314 2202 frixi
3345 2147 3451 2217 (Al.
3486 2144 3664 2215 fricti)

2014 2245 2240 2309 ciceris,
2293 2258 2659 2314 uvarumque
2715 2255 3049 2312 passarum,
3105 2242 3165 2292 et
3218 2252 3395 2309 poma
3446 2233 3663 2290 diversi

2015 2333 2265 2408 generis.
2298 2333 2482 2405 Igitur
2526 2331 2664 2403 quia
2696 2345 2908 2385 usuras
2958 2327 3219 2398 accipere
3250 2341 3366 2381 non
3397 2327 3669 2396 poterant

2016 2424 2365 2496 Collybistze,
2392 2421 2490 2493 qui
2525 2419 2836 2492 pecuniam
2868 2416 3108 2477 fenerati
3131 2418 3316 2478 erant,
3340 2429 3444 2485 pro
3467 2412 3667 2467 usuris

2015 2513 2380 2584 accipiebant
2408 2510 2600 2564 varias
2631 2508 2879 2580 species,
2901 2511 2966 2561 ut
2995 2505 3148 2577 quod
3181 2504 3240 2558 in
3272 2518 3518 2558 nummo
3548 2516 3665 2555 non

2014 2597 2245 2663 licebat,
2278 2600 2336 2655 in
2383 2599 2477 2655 his
2535 2598 2711 2654 rebus
2756 2597 3054 2669 exigerent
3102 2610 3230 2665 quae
3282 2590 3546 2647 nummis
3601 2606 3664 2645 e-

2014 2695 2276 2756 muntur,
2310 2688 2475 2759 quasi
2520 2703 2634 2741 non
2685 2686 2795 2741 hoc
2847 2685 3045 2757 ipsum
3076 2679 3339 2738 Ezechiel
3370 2678 3665 2751 ‘prazdica-

2012 2779 2158 2834 verit
2187 2779 2229 2843 ⁸,
2276 2777 2522 2832 dicens:
2562 2777 2791 2832 Usuram
2840 2779 2895 2829 et
2939 2769 3509 2843 superabundantiam
3555 2783 3664 2822 non

2013 2868 2290 2938 accipietis
2339 2864 2552 2938 (Επειδὴ.
2611 2881 2755 2931 xxu,
2817 2864 2925 2934 12).
2987 2856 3329 2916 Istiusmodi
3379 2856 3666 2912 Dominus

2015 2971 2257 3011 cernens
2288 2954 2346 3008 in
2398 2954 2572 3008 domo
2603 2951 2793 3007 Patris
2841 2948 3296 3023 negotiationem
3346 2961 3447 3001 seu
3494 2943 3664 2999 latro-

2015 3044 2258 3112 cinium,
2314 3042 2520 3098 ardore
2576 3041 2822 3113 spiritus
2874 3037 3197 3094 concitatus
3265 3037 3451 3107 (juxta
3506 3033 3665 3104 quod

2019 3133 2303 3205 scriptum
2336 3137 2426 3187 est
2456 3132 2515 3185 in
2548 3129 2911 3201 sexagesimo
2961 3131 3166 3183 octavo
3197 3123 3422 3198 psalmo
3456 3138 3469 3176 :
3503 3123 3668 3177 Zelus

261 3226 437 3291 (Joan.
476 3206 557 3292 '11,
612 3228 718 3298 16).
775 3228 853 3282 Ex
900 3229 1009 3284 hoc
1067 3206 1322 3301 primum
1374 3206 1694 3298 sciendum,
1751 3234 1905 3305 quod
1937 3206 1979 3273 C
2019 3223 2210 3279 domus
2257 3226 2364 3276 tum
2391 3218 2623 3276 comedit
2666 3234 2756 3273 me
2801 3217 2971 3289 (Psal.
3006 3230 3196 3282 vam,
3232 3213 3342 3284 10),
3372 3211 3506 3267 fecit
3553 3209 3669 3305 sibi

260 3315 430 3386 juxta
482 3316 760 3370 mandata
811 3317 973 3388 Legis
1024 3319 1447 3390 augustissimo
1496 3321 1554 3376 in
1603 3327 1724 3378 toto
1772 3322 1910 3377 orbe

263 3403 482 3475 templo
516 3405 767 3472 Domini,
801 3410 857 3461 et
886 3406 956 3461 de
988 3408 1214 3462 cunctis
1263 3425 1410 3479 pene
1442 3410 1778 3478 regionibus
1807 3412 1909 3466 Ju-

264 3493 521 3549 dmorum
595 3493 715 3549 illic
788 3494 1003 3567 populo
1082 3496 1434 3563 conﬂuente,
1510 3497 1910 3554 innumerabi-

264 3581 351 3636 les
398 3581 857 3638 immolabantur
907 3584 1130 3655 hostiae,
1165 3587 1416 3642 maxime
1470 3587 1634 3642 festis
1681 3587 1909 3654 diebus,

264 3675 590 3737 taurorum,
660 3671 929 3740 arietum,
989 3674 1285 3730 hircorum
1351 3693 1363 3730 :
1423 3674 1780 3747 pauperibus
1840 3692 1911 3732 ne

266 3759 489 3831 absque
535 3760 819 3817 sacrificio
877 3768 1094 3829 essent,
1154 3763 1346 3834 pullos
1398 3764 1805 3820 columbarum
1856 3770 1912 3821 et

340 3940 354 3973 ¹
391 3938 451 3994 Id
485 3944 591 4010 est,
623 3956 747 3995 cum
776 3941 1035 3996 articulo.
1070 3940 1183 3995 Alii
1214 3942 1460 4011 codices,
1494 3960 1616 3999 cum
1632 3947 1863 4000 asterico
1893 3963 1911 4000 :

271 4010 391 4079 alii,
423 4029 550 4066 cum
593 4014 885 4082 martyrio,
921 4028 1097 4081 quam
1146 4014 1261 4067 fere
1306 4010 1486 4068 secuti
1521 4021 1660 4069 sunt
1708 4015 1911 4072 lectio-

270 4099 404 4156 nem
474 4084 750 4156 Erasmus
822 4089 878 4138 et
938 4083 1249 4150 Victorius,
1309 4084 1566 4156 legentes
1625 4104 1757 4142 cum
1816 4107 1913 4140 του

272 4152 467 4229 ego???
504 4153 792 4229 μαρτυρία,
825 4156 881 4229 id
915 4161 1023 4221 est,
1056 4172 1181 4210 cum
1207 4152 1438 4229 articuli
1467 4160 1791 4214 testimonio.

299 4225 568 4306 "’PIura
597 4225 711 4280 non
738 4225 990 4306 retinent
1018 4243 1161 4282 mss.
1186 4227 1442 4306 codices_;
1474 4230 1778 4306 editi-ante
1810 4248 1917 4286 nos

270 4294 404 4349 libri
439 4297 524 4350 sic
555 4296 775 4369 legunt,
809 4303 861 4352 et
891 4301 990 4368 qui
1030 4303 1256 4369 proprie
1286 4294 1437 4369 apud
1479 4300 1694 4358 Claros
1720 4303 1917 4357 scribi-

275 4365 661 4453 lurccumaoﬁ
693 4365 1213 4453 ᾅρθροσμαρῖτυρῖςι,
1352 4381 1448 4439 est,
1507 4390 1631 4428 cum
1681 4375 1920 4428 articuli

273 4443 603 4520 leslimonio,
663 4444 797 4520 etc.,
837 4456 985 4520 quae
1036 4443 1179 4520 mihi
1234 4443 1515 4520 videntur
1568 4445 1917 4500 Erasmianaa

273 4510 735 4637 pvpmpositicnis,
796 4510 1023 4567 etrnon
1084 4514 1517 4586 Hicronymiani
1593 4522 1914 4572 contextus.

334 4599 463 4637 ΑΜ.
1802 4604 1805 4607 ‘

334 4599 463 4638 ΛΒΤ.
1802 4604 1805 4607 ‘

311 4654 366 4780 ιε
392 4658 559 4709 Hunc
608 4653 827 4710 omittit
855 4654 1147 4712 Victorius
1195 4673 1448 4735 versum,
1482 4667 1541 4714 ut
1570 4660 1670 4729 flos
1714 4660 1916 4731 campi,

338 4743 387 4780 c.

277 4743 387 4781 CIC.

280 4867 290 4879 .
348 4797 369 4830 ‘
398 4797 485 4879 De
508 4796 883 4879 Collyphistis
932 4797 1188 4879 diximus
1220 4800 1289 4854 ad
1329 4799 1553 4879 lexicon
1584 4800 1917 4879 Origenian,

277 4869 333 4945 in
368 4869 521 4923 notis
547 4886 559 4935 ;
582 4886 782 4945 neque
804 4869 1240 4945 hiscontrarius
1258 4869 1763 4945 estHieronymus,
1785 4873 1921 4945 quia

275 4939 403 5014 ipse
434 4957 549 5014 non
582 4939 843 5013 loquitur
871 4941 942 5014 de
975 4941 1216 5013 Collybo,
1252 4943 1349 5014 qui
1384 4948 1507 4998 erat
1558 4939 1780 5014 species
1804 4939 1919 4998 'nu-

278 5010 570 5093 mismatis
591 5010 743 5066 unde
765 5017 820 5093 et
844 5010 1165 5093 galli/[iisiis
1196 5010 1329 5093 dicti
1362 5021 1536 5093 sunt;
1572 5010 1671 5070 sed
1705 5016 1776 5071 de
1801 5033 1923 5093 mu-

276 5082 541 5163 nusculis
591 5082 1087 5163 quasﬂollyhistze
1137 5085 1501 5163 accipiebant
1548 5104 1650 5157 pro
1701 5088 1919 5155 usuris,

276 5155 511 5228 quando
543 5155 873 5228 pecuniam.
912 5156 963 5209 id
1013 5162 1119 5219 est,
1156 5157 1420 5228 Collybos,
1458 5155 1699 5213 fenerati
1733 5164 1919 5226 erant.

275 5226 512 5281 Nummi
569 5226 774 5302 itaque
853 5229 1091 5302 t'encrati
1153 5226 1520 5302 dici-bantur
1577 5230 1810 5302 (.‘ollybi,
1868 5235 1925 5285 et

274 5313 521 5374 munera
553 5298 687 5374 data
719 5298 970 5374 proillis
1000 5298 1449 5374 appellabantur
1485 5298 1730 5374 Collybd.
1759 5305 1923 5358 Certe

276 5368 536 5443 Collybus
565 5373 654 5423 est
682 5370 835 5443 quod
872 5368 1269 5443 nummulario
1323 5373 1495 5426 datur
1526 5368 1628 5443 pro
1660 5390 1920 5429 commu-

274 5442 454 5495 tanda
486 5441 752 5511 pecunia.
788 5442 930 5497 Vide
962 5441 1143 5496 lexica
1171 5442 1384 5497 Graeca.
1420 5441 1600 5499 Mm.
1637 5476 1702 5486 ——
1734 5446 1921 5500 Aliam

276 5511 510 5585 avulgo
534 5518 764 5582 recepta
791 5514 940 5583 apud
968 5520 1187 5568 veteres
1221 5514 1546 5585 bcriptores
1572 5517 1922 5571 sententiam

274 5583 371 5664 hic
420 5590 750 5664 propugnat
792 5585 1203 5664 hieronymus,
1236 5583 1400 5664 dum_
1430 5587 1776 5659 Collybistas
1826 5605 1924 5643 eos

278 5656 459 5731 fuisse
481 5656 677 5722 tradit,
695 5657 803 5731 qui
831 5657 1344 5731 pecuniamgt'enori
1369 5656 1574 5731 dantes
1595 5676 1699 5731 pro
1725 5675 1922 5727 usura,

275 5745 401 5801 quae
430 5725 557 5800 lege
588 5725 1024 5800 prohibebatur,
1056 5728 1194 5786 vilia
1240 5728 1577 5788 minuscula
1595 5725 1920 5804 exigerent.

2019 3310 2319 3384 ﬂagellum
2348 3311 2419 3364 de
2448 3306 2729 3364 funiculis
2761 3308 2946 3378 (Joan.
2980 3320 3044 3369 II,
3074 3305 3183 3373 15),
3216 3306 3275 3357 et
3302 3306 3528 3358 tantam
3559 3299 3667 3355 ho-

2020 3402 2248 3456 minum
2298 3396 2735 3453 multitudinem
2784 3394 2956 3465 ejecit
3007 3393 3079 3448 de
3125 3391 3365 3462 templo,
3416 3388 3666 3445 dicens:

2020 3490 2294 3559 Scriptum
2337 3494 2418 3542 est
2455 3503 2473 3541 :
2531 3487 2733 3540 Domus
2784 3498 2924 3554 mea,
2976 3482 3167 3537 domus
3210 3480 3474 3535 orationis
3520 3494 3669 3543 voca-

2021 3578 2172 3632 bitur
2203 3594 2221 3630 :
2252 3591 2342 3630 vos
2372 3581 2559 3629 autem
2607 3573 2814 3641 fecistis
2841 3588 2965 3627 eam
3015 3570 3332 3642 speluncam
3359 3568 3667 3623 latronum.

2022 3667 2191 3721 Latro
2222 3663 2377 3720 enim
2409 3668 2518 3731 est,
2552 3666 2611 3718 et
2648 3660 2937 3733 templum
2982 3659 3082 3716 Dei
3112 3659 3171 3714 in
3203 3656 3500 3713 latronum
3530 3671 3670 3711 con-

2020 3754 2193 3812 vertit
2240 3768 2503 3825 specum,
2556 3748 2657 3822 qui
2717 3749 2881 3806 lucra
2929 3750 3000 3805 de
3064 3746 3344 3820 religione
3388 3749 3668 3813 sectatur,

2024 3944 2149 4008 Qua
2178 3941 2235 3995 in
2269 3957 2327 3996 re
2357 3956 2512 3996 unus
2542 3938 2697 4011 quod
2748 3937 2944 4011 sciam“
2964 3935 3015 3991 ei
3065 3930 3565 4011 favet‘Hesychius
3595 3930 3670 4011 ab

2023 4000 2229 4069 ﬁuetio
2274 4000 2577 4081 laudatus;
2602 4010 2701 4085 ubi
2731 4000 3000 4085 κολξῳϐα,
3035 4001 3321 4085 τρωγάλια
3341 4000 3667 4085 _:'_collyl1ia,

2026 4086 2281 4152 bellaria,
2336 4076 2779 4155 frixum'ncicer.
2851 4079 2997 4134 Nam
3026 4076 3282 4155 proprie
3312 4076 3495 4155 idem
3544 4076 3670 4145 ipse

2022 4145 2369 4229 Hesychius,
2391 4146 2684 4229 meliuéoi
2700 4145 3135 4229 interpretatur,
3158 4145 3669 4229 éi32c_voplcp21pc

2023 4227 2114 4282 καὶ
2142 4212 2200 4279 υὸ
2252 4223 2301 4278 ἐν
2360 4212 2444 4295 ἰτῷ
2501 4212 2698 4298 χαλ.κῷ
2762 4212 3175 4298 κεχαραγμένος
3226 4212 3356 4298 ϐοῦς
3387 4212 3423 4298 _':
3471 4212 3672 4289 species

2024 4299 2397 4363 numismatis,
2419 4292 2489 4350 in
2507 4292 2677 4359 cuius
2700 4309 2812 4351 aere
2828 4292 3030 4366 imago
3052 4293 3199 4348 bovis
3225 4295 3346 4347 erat
3375 4292 3671 4366 impressa,

2027 4371 2119 4427 cui
2151 4376 2207 4425 et
2238 4368 2439 4425 Pollux
2467 4374 2523 4422 et
2550 4366 2752 4433 Suida,
2783 4362 3289 4435 vetustiorumque
3317 4362 3671 4435 scriptorum

2028 4443 2389 4499 Glossatores
2407 4442 2464 4494 in
2490 4439 2597 4493 hoc
2614 4437 2865 4492 maxime
2882 4433 3275 4505 consentiunt,
3295 4440 3360 4489 ut
3379 4433 3673 4505 collybum

2029 4530 2138 4587 pro,
2163 4513 2301 4587 vilis
2327 4509 2619 4587 npmmuli
2650 4524 2862 4587 genere
2892 4507 3199 4587 accipiant.
3231 4504 3673 4587 Aristophanes,

1952 4577 2000 4640 D
2029 4574 2155 4638 ὂύδὶ
2180 4575 2564 4650 κολλύϐουηιιε
2591 4574 2803 4652 collybo
2816 4574 3445 4652 quideni,emendatam
3468 4574 3675 4652 falcem

2029 4657 2174 4738 dixit
2202 4673 2215 4723 ;
2250 4660 2307 4711 et
2336 4645 2770 4738 Qallimachu's,
2806 4645 2871 4706 ut
2916 4666 3212 4738 summam
3244 4662 3500 4738 anpona‘
3517 4645 3677 4738 gpgd

2026 4710 2269 4784 inieras,
2297 4726 2580 4781 vilitatem
2629 4710 3022 4792 exaggeraret,
3073 4714 3226 4789 ϐοῦν,
3259 4710 3677 4792 ﬂuitantis?

2026 4800 2414 4883 ττιπρήσκουσι,
2449 4800 2638 4883 bovem
2686 4788 2901 4883 galli/oo
2935 4793 3254 4883 dicendum.
3287 4790 3506 4873 Exinde
3547 4788 3676 4883 Cp};-

2028 4862 2272 4944 lybistae,
2340 4862 2903 4944 nummularii,-'qui
2983 4864 3237 4944 pretiosa
3304 4862 3679 4944 nomismata

2028 4932 2333 5013 vilioribus
2384 4932 3015 5013 permutarentfquam
3065 4941 3249 5013 artem
3298 4937 3426 5013 ipse
3473 4932 3675 5013 Pollia}

2029 5011 2304 5087 ἀλλαγῂν,
2338 5004 2700 5087 ncseodem
2741 5004 2915 5063 sensu
2965 5008 3243 5087 camoium
3291 5004 3565 5087 dicimus.

2030 5102 2163 5142 vero
2192 5074 2344 5156 'i'pse
2388 5082 2684 5154 Origenes,
2747 5096 2781 5133 a
2836 5094 2979 5156 quo_
2998 5079 3245 5156 multam
3293 5074 3677 5156 expositionis

2032 5175 2150 5215 sua:
2206 5146 2427 5221 partem
2480 5146 2783 5208 mutuatus
2813 5146 2903 5213 est
2945 5150 3004 5206 S.
3054 5155 3244 5217 Pater,
3277 5146 3681 5221 eosirappellat

2032 5253 2061 5280 «
2112 5220 2477 5300 Collybistas,
2528 5224 2628 5296 qui
2682 5222 2920 5300 probam
2966 5223 3273 5300 pecuniam
3320 5220 3557 5300 vilibus,
3611 5234 3683 5274 ao

2031 5294 2255 5357 nullius
2289 5298 2455 5371 pretii
2497 5294 2823 5371 nummulis
2866 5299 3253 5371 commutant,
3285 5298 3351 5349 ut
3381 5305 3681 5371 eosuun-

2032 5389 2161 5429 rum
2195 5360 2471 5426 nummos
2500 5369 2852 5441 permutant,
2875 5365 3133 5441 afﬁciant
3162 5360 3400 5441 damno.
3435 5386 3457 5417 ι
3498 5360 3680 5441 credo

2033 5443 2324 5515 equidem,
2377 5437 2766 5515 non'tantum
2814 5453 2884 5491 ex
2936 5437 3159 5515 vilioris
3206 5437 3681 5515 aarisrpermuta-

2032 5505 2207 5581 tione,
2243 5505 2415 5586 quam
2450 5512 2603 5585 quod
2649 5513 2866 5586 certam
2921 5514 3210 5586 preterea_
3240 5505 3567 5586 mercedem
3617 5505 3680 5586 in

2032 5575 2208 5643 suum
2248 5575 2714 5641 emolumentum
2763 5581 2834 5635 dc
2862 5581 3051 5651 capite
3103 5581 3476 5645 deducerent,
3520 5575 3678 5650 quod

2034 5658 2266 5715 Hieron.
2302 5661 2485 5713 notat.

2104 5731 2125 5766 ⁸
2159 5730 2328 5803 Lege,
2361 5743 2497 5786 cum
2528 5724 2785 5796 Rabano,
2812 5725 3177 5795 praecaverit.
