  <div class='ocr_page' id='page_1' title='image "/cluster/home/n/w/nwhite01/storage/ocr_20150623/26/hvd.32044052772472/084.png"; bbox 0 0 4024 6196; ppageno 0'>
   <div class='ocr_carea' id='block_1_1' title="bbox 368 342 477 420">
    <p class='ocr_par' dir='ltr' id='par_1_1' title="bbox 368 342 477 420">
     <span class='ocr_line' id='line_1_1' title="bbox 368 342 477 420; baseline 0 0"><span class='ocrx_word' id='word_1_1' title='bbox 368 342 477 420; x_wconf 69' lang='grc' dir='ltr'>ιετ</span> 
     </span>
    </p>
   </div>
   <div class='ocr_carea' id='block_1_2' title="bbox 863 364 1998 449">
    <p class='ocr_par' dir='ltr' id='par_1_2' title="bbox 863 364 1998 440">
     <span class='ocr_line' id='line_1_2' title="bbox 863 364 1998 440; baseline 0.011 -13"><span class='ocrx_word' id='word_1_2' title='bbox 863 364 1377 434; x_wconf 80' lang='lat' dir='ltr'>COMMENTAR.</span> <span class='ocrx_word' id='word_1_3' title='bbox 1424 373 1503 435; x_wconf 89' lang='grc' dir='ltr'>ΙΝ</span> <span class='ocrx_word' id='word_1_4' title='bbox 1553 372 1998 440; x_wconf 79' lang='lat' dir='ltr'>EVANGELIU</span> 
     </span>
    </p>
   </div>
   <div class='ocr_carea' id='block_1_3' title="bbox 2114 364 3271 449">
    <p class='ocr_par' dir='ltr' id='par_1_3' title="bbox 2114 373 3271 449">
     <span class='ocr_line' id='line_1_3' title="bbox 2114 373 3271 449; baseline 0.006 -9"><span class='ocrx_word' id='word_1_5' title='bbox 2114 373 2496 442; x_wconf 75' lang='grc' dir='ltr'>ΜΑΤΤΗιΕῙ</span> <span class='ocrx_word' id='word_1_6' title='bbox 2541 382 2688 443; x_wconf 82' lang='lat' dir='ltr'>LIB.</span> <span class='ocrx_word' id='word_1_7' title='bbox 2734 383 2843 446; x_wconf 88' lang='lat' dir='ltr'>IIl.</span> <span class='ocrx_word' id='word_1_8' title='bbox 2889 382 3064 445; x_wconf 86' lang='lat' dir='ltr'>CAP.</span> <span class='ocrx_word' id='word_1_9' title='bbox 3109 388 3271 449; x_wconf 87' lang='lat' dir='ltr'>XXI.</span> 
     </span>
    </p>
   </div>
   <div class='ocr_carea' id='block_1_4' title="bbox 3650 378 3768 451">
    <p class='ocr_par' dir='ltr' id='par_1_4' title="bbox 3650 378 3768 451">
     <span class='ocr_line' id='line_1_4' title="bbox 3650 378 3768 451; baseline -0.017 -1"><span class='ocrx_word' id='word_1_10' title='bbox 3650 378 3768 451; x_wconf 74' lang='lat'>{58</span> 
     </span>
    </p>
   </div>
   <div class='ocr_carea' id='block_1_5' title="bbox 363 491 3766 597">
    <p class='ocr_par' dir='ltr' id='par_1_5' title="bbox 363 491 3766 597">
     <span class='ocr_line' id='line_1_5' title="bbox 363 491 3766 597; baseline 0.01 -51"><span class='ocrx_word' id='word_1_11' title='bbox 363 491 677 597; x_wconf 65' lang='lat' dir='ltr'>cultusque</span> <span class='ocrx_word' id='word_1_12' title='bbox 706 496 836 597; x_wconf 70' lang='lat' dir='ltr'>ejus</span> <span class='ocrx_word' id='word_1_13' title='bbox 867 515 978 556; x_wconf 93' lang='lat' dir='ltr'>non</span> <span class='ocrx_word' id='word_1_14' title='bbox 1002 505 1358 597; x_wconf 74' lang='lat' dir='ltr'>tamcultus</span> <span class='ocrx_word' id='word_1_15' title='bbox 1389 507 1485 564; x_wconf 87' lang='lat' dir='ltr'>Dei</span> <span class='ocrx_word' id='word_1_16' title='bbox 1518 527 1693 582; x_wconf 89' lang='lat' dir='ltr'>quam</span> <span class='ocrx_word' id='word_1_17' title='bbox 1742 514 2004 585; x_wconf 86' lang='lat' dir='ltr'>negotia-</span> <span class='ocrx_word' id='word_1_18' title='bbox 2038 500 2093 580; x_wconf 78' lang='grc' dir='ltr'><strong>Α</strong></span> <span class='ocrx_word' id='word_1_19' title='bbox 2123 516 2366 573; x_wconf 90' lang='lat' dir='ltr'>rabilius</span> <span class='ocrx_word' id='word_1_20' title='bbox 2418 535 2547 573; x_wconf 81' lang='lat' dir='ltr'>esse</span> <span class='ocrx_word' id='word_1_21' title='bbox 2569 520 2607 582; x_wconf 73' lang='grc'>³,</span> <span class='ocrx_word' id='word_1_22' title='bbox 2660 518 2813 587; x_wconf 89' lang='lat' dir='ltr'>quod</span> <span class='ocrx_word' id='word_1_23' title='bbox 2862 536 3016 575; x_wconf 91' lang='lat' dir='ltr'>unus</span> <span class='ocrx_word' id='word_1_24' title='bbox 3058 520 3252 587; x_wconf 89' lang='lat' dir='ltr'>homo,</span> <span class='ocrx_word' id='word_1_25' title='bbox 3286 525 3343 578; x_wconf 90' lang='lat' dir='ltr'>et</span> <span class='ocrx_word' id='word_1_26' title='bbox 3373 521 3472 580; x_wconf 92' lang='lat' dir='ltr'>illo</span> <span class='ocrx_word' id='word_1_27' title='bbox 3503 527 3766 597; x_wconf 82' lang='lat' dir='ltr'>tempore</span> 
     </span>
    </p>
   </div>
   <div class='ocr_carea' id='block_1_6' title="bbox 362 581 2008 665">
    <p class='ocr_par' dir='ltr' id='par_1_6' title="bbox 362 581 2008 665">
     <span class='ocr_line' id='line_1_6' title="bbox 362 581 2008 665; baseline 0.016 -29"><span class='ocrx_word' id='word_1_28' title='bbox 362 581 544 639; x_wconf 83' lang='lat' dir='ltr'>tionis</span> <span class='ocrx_word' id='word_1_29' title='bbox 574 586 803 643; x_wconf 86' lang='lat' dir='ltr'>occasio</span> <span class='ocrx_word' id='word_1_30' title='bbox 835 594 941 645; x_wconf 86' lang='lat' dir='ltr'>est.</span> <span class='ocrx_word' id='word_1_31' title='bbox 976 595 1095 649; x_wconf 89' lang='lat' dir='ltr'>Hoc</span> <span class='ocrx_word' id='word_1_32' title='bbox 1128 596 1296 665; x_wconf 83' lang='lat' dir='ltr'>juxta</span> <span class='ocrx_word' id='word_1_33' title='bbox 1326 581 1632 658; x_wconf 78' lang='lat' dir='ltr'>historiam</span> <span class='ocrx_word' id='word_1_34' title='bbox 1670 622 1682 659; x_wconf 89' lang='lat'><strong>:</strong></span> <span class='ocrx_word' id='word_1_35' title='bbox 1734 581 2008 660; x_wconf 71' lang='lat' dir='ltr'>caeterum</span> 
     </span>
    </p>
   </div>
   <div class='ocr_carea' id='block_1_7' title="bbox 368 674 2008 763">
    <p class='ocr_par' dir='ltr' id='par_1_7' title="bbox 368 674 2008 763">
     <span class='ocr_line' id='line_1_7' title="bbox 368 674 2008 763; baseline 0.016 -38"><span class='ocrx_word' id='word_1_36' title='bbox 368 674 696 763; x_wconf 86' lang='lat' dir='ltr'>secundum</span> <span class='ocrx_word' id='word_1_37' title='bbox 765 680 1045 752; x_wconf 88' lang='lat' dir='ltr'>mysticos</span> <span class='ocrx_word' id='word_1_38' title='bbox 1111 684 1461 759; x_wconf 87' lang='lat' dir='ltr'>intellectus,</span> <span class='ocrx_word' id='word_1_39' title='bbox 1515 693 1770 763; x_wconf 83' lang='lat' dir='ltr'>quotidie</span> <span class='ocrx_word' id='word_1_40' title='bbox 1836 696 2008 751; x_wconf 88' lang='lat' dir='ltr'>Jesus</span> 
     </span>
    </p>
   </div>
   <div class='ocr_carea' id='block_1_8' title="bbox 376 761 2006 854">
    <p class='ocr_par' dir='ltr' id='par_1_8' title="bbox 376 761 2006 854">
     <span class='ocr_line' id='line_1_8' title="bbox 376 761 2006 854; baseline 0.016 -38"><span class='ocrx_word' id='word_1_41' title='bbox 376 761 704 854; x_wconf 70' lang='lat' dir='ltr'>ingreditur</span> <span class='ocrx_word' id='word_1_42' title='bbox 750 770 1033 838; x_wconf 75' lang='lat' dir='ltr'>templum</span> <span class='ocrx_word' id='word_1_43' title='bbox 1087 774 1295 846; x_wconf 82' lang='lat' dir='ltr'>Patris,</span> <span class='ocrx_word' id='word_1_44' title='bbox 1327 786 1383 835; x_wconf 91' lang='lat' dir='ltr'>et</span> <span class='ocrx_word' id='word_1_45' title='bbox 1428 761 1587 854; x_wconf 82' lang='lat' dir='ltr'>ejicit</span> <span class='ocrx_word' id='word_1_46' title='bbox 1633 801 1836 841; x_wconf 91' lang='lat' dir='ltr'>omnes</span> <span class='ocrx_word' id='word_1_47' title='bbox 1887 792 2006 842; x_wconf 88' lang='lat' dir='ltr'>tam</span> 
     </span>
    </p>
   </div>
   <div class='ocr_carea' id='block_1_9' title="bbox 362 851 2007 945">
    <p class='ocr_par' dir='ltr' id='par_1_9' title="bbox 362 851 2007 945">
     <span class='ocr_line' id='line_1_9' title="bbox 362 851 2007 945; baseline 0.015 -39"><span class='ocrx_word' id='word_1_48' title='bbox 362 851 671 926; x_wconf 85' lang='lat' dir='ltr'>episcopos</span> <span class='ocrx_word' id='word_1_49' title='bbox 694 861 756 945; x_wconf 89' lang='lat' dir='ltr'>et</span> <span class='ocrx_word' id='word_1_50' title='bbox 785 860 1155 933; x_wconf 82' lang='lat' dir='ltr'>presbyteros</span> <span class='ocrx_word' id='word_1_51' title='bbox 1201 872 1258 922; x_wconf 89' lang='lat' dir='ltr'>et</span> <span class='ocrx_word' id='word_1_52' title='bbox 1306 851 1579 927; x_wconf 79' lang='lat' dir='ltr'>diaconos</span> <span class='ocrx_word' id='word_1_53' title='bbox 1606 874 1663 937; x_wconf 75' lang='grc'>¹,,</span> <span class='ocrx_word' id='word_1_54' title='bbox 1694 891 1869 945; x_wconf 89' lang='lat' dir='ltr'>quam</span> <span class='ocrx_word' id='word_1_55' title='bbox 1902 876 2007 933; x_wconf 90' lang='lat' dir='ltr'>lai-</span> 
     </span>
    </p>
   </div>
   <div class='ocr_carea' id='block_1_10' title="bbox 360 944 2009 1029">
    <p class='ocr_par' dir='ltr' id='par_1_10' title="bbox 360 944 2009 1029">
     <span class='ocr_line' id='line_1_10' title="bbox 360 944 2009 1029; baseline 0.016 -34"><span class='ocrx_word' id='word_1_56' title='bbox 360 957 481 1010; x_wconf 91' lang='lat' dir='ltr'>cos,</span> <span class='ocrx_word' id='word_1_57' title='bbox 509 947 564 999; x_wconf 91' lang='lat' dir='ltr'>et</span> <span class='ocrx_word' id='word_1_58' title='bbox 599 944 933 1003; x_wconf 82' lang='lat' dir='ltr'>universam</span> <span class='ocrx_word' id='word_1_59' title='bbox 958 952 1188 1008; x_wconf 83' lang='lat' dir='ltr'>turbam</span> <span class='ocrx_word' id='word_1_60' title='bbox 1215 956 1285 1011; x_wconf 90' lang='lat' dir='ltr'>de</span> <span class='ocrx_word' id='word_1_61' title='bbox 1311 958 1570 1016; x_wconf 86' lang='lat' dir='ltr'>Ecclesia</span> <span class='ocrx_word' id='word_1_62' title='bbox 1598 944 1727 1029; x_wconf 82' lang='lat' dir='ltr'>sua,</span> <span class='ocrx_word' id='word_1_63' title='bbox 1756 969 1811 1019; x_wconf 88' lang='lat' dir='ltr'>et</span> <span class='ocrx_word' id='word_1_64' title='bbox 1834 964 2009 1022; x_wconf 91' lang='lat' dir='ltr'>unius</span> 
     </span>
    </p>
   </div>
   <div class='ocr_carea' id='block_1_11' title="bbox 359 1030 2006 1117">
    <p class='ocr_par' dir='ltr' id='par_1_11' title="bbox 359 1030 2006 1117">
     <span class='ocr_line' id='line_1_11' title="bbox 359 1030 2006 1117; baseline 0.016 -34"><span class='ocrx_word' id='word_1_65' title='bbox 359 1030 625 1087; x_wconf 79' lang='lat' dir='ltr'>criminis</span> <span class='ocrx_word' id='word_1_66' title='bbox 666 1033 840 1090; x_wconf 81' lang='lat' dir='ltr'>habet</span> <span class='ocrx_word' id='word_1_67' title='bbox 870 1040 1184 1099; x_wconf 89' lang='lat' dir='ltr'>vendentes</span> <span class='ocrx_word' id='word_1_68' title='bbox 1215 1047 1431 1117; x_wconf 89' lang='lat' dir='ltr'>pariter</span> <span class='ocrx_word' id='word_1_69' title='bbox 1458 1055 1515 1104; x_wconf 91' lang='lat' dir='ltr'>et</span> <span class='ocrx_word' id='word_1_70' title='bbox 1544 1057 1819 1107; x_wconf 81' lang='lat' dir='ltr'>ementes.</span> <span class='ocrx_word' id='word_1_71' title='bbox 1854 1053 2006 1108; x_wconf 88' lang='lat' dir='ltr'>Scri-</span> 
     </span>
    </p>
   </div>
   <div class='ocr_carea' id='block_1_12' title="bbox 361 1125 2004 1213">
    <p class='ocr_par' dir='ltr' id='par_1_12' title="bbox 361 1125 2004 1213">
     <span class='ocr_line' id='line_1_12' title="bbox 361 1125 2004 1213; baseline 0.015 -39"><span class='ocrx_word' id='word_1_72' title='bbox 361 1125 530 1213; x_wconf 80' lang='lat' dir='ltr'>ptum</span> <span class='ocrx_word' id='word_1_73' title='bbox 560 1126 657 1213; x_wconf 14' lang='lat' dir='ltr'>est,</span> <span class='ocrx_word' id='word_1_74' title='bbox 675 1125 830 1179; x_wconf 89' lang='lat' dir='ltr'>enim</span> <span class='ocrx_word' id='word_1_75' title='bbox 857 1142 871 1181; x_wconf 90' lang='lat'><strong>:</strong></span> <span class='ocrx_word' id='word_1_76' title='bbox 906 1128 1082 1186; x_wconf 78' lang='lat' dir='ltr'>Gratis</span> <span class='ocrx_word' id='word_1_77' title='bbox 1109 1137 1410 1206; x_wconf 78' lang='lat' dir='ltr'>accepistis,</span> <span class='ocrx_word' id='word_1_78' title='bbox 1441 1142 1612 1209; x_wconf 78' lang='lat' dir='ltr'>gratis</span> <span class='ocrx_word' id='word_1_79' title='bbox 1641 1143 1768 1196; x_wconf 80' lang='lat' dir='ltr'>date</span> <span class='ocrx_word' id='word_1_80' title='bbox 1798 1142 2004 1213; x_wconf 74' lang='lat' dir='ltr'>(Matth.</span> 
     </span>
    </p>
   </div>
   <div class='ocr_carea' id='block_1_13' title="bbox 360 1210 2003 1293">
    <p class='ocr_par' dir='ltr' id='par_1_13' title="bbox 360 1210 2003 1293">
     <span class='ocr_line' id='line_1_13' title="bbox 360 1210 2003 1293; baseline 0.017 -31"><span class='ocrx_word' id='word_1_81' title='bbox 360 1226 417 1273; x_wconf 83' lang='lat' dir='ltr'>x,</span> <span class='ocrx_word' id='word_1_82' title='bbox 448 1210 520 1280; x_wconf 91' lang='lat'>8).</span> <span class='ocrx_word' id='word_1_83' title='bbox 576 1212 721 1270; x_wconf 80' lang='lat' dir='ltr'>I65</span> <span class='ocrx_word' id='word_1_84' title='bbox 758 1213 992 1273; x_wconf 85' lang='lat' dir='ltr'>Mensas</span> <span class='ocrx_word' id='word_1_85' title='bbox 1023 1236 1256 1293; x_wconf 89' lang='lat' dir='ltr'>quoque</span> <span class='ocrx_word' id='word_1_86' title='bbox 1300 1210 1831 1287; x_wconf 85' lang='lat' dir='ltr'>nummulariorum</span> <span class='ocrx_word' id='word_1_87' title='bbox 1866 1235 2003 1291; x_wconf 93' lang='lat' dir='ltr'>sub-</span> 
     </span>
    </p>
   </div>
   <div class='ocr_carea' id='block_1_14' title="bbox 357 1299 2003 1392">
    <p class='ocr_par' dir='ltr' id='par_1_14' title="bbox 357 1299 2003 1392">
     <span class='ocr_line' id='line_1_14' title="bbox 357 1299 2003 1392; baseline 0.016 -41"><span class='ocrx_word' id='word_1_88' title='bbox 357 1299 550 1354; x_wconf 81' lang='lat' dir='ltr'>vertit.</span> <span class='ocrx_word' id='word_1_89' title='bbox 611 1300 884 1370; x_wconf 89' lang='lat' dir='ltr'>Observa,</span> <span class='ocrx_word' id='word_1_90' title='bbox 954 1314 1193 1381; x_wconf 87' lang='lat' dir='ltr'>prepter</span> <span class='ocrx_word' id='word_1_91' title='bbox 1249 1314 1549 1371; x_wconf 75' lang='lat' dir='ltr'>avaritiam</span> <span class='ocrx_word' id='word_1_92' title='bbox 1610 1322 2003 1392; x_wconf 77' lang='lat' dir='ltr'>sacerdotum,</span> 
     </span>
    </p>
   </div>
   <div class='ocr_carea' id='block_1_15' title="bbox 354 1387 2002 1482">
    <p class='ocr_par' dir='ltr' id='par_1_15' title="bbox 354 1387 2002 1482">
     <span class='ocr_line' id='line_1_15' title="bbox 354 1387 2002 1482; baseline 0.018 -42"><span class='ocrx_word' id='word_1_93' title='bbox 354 1387 566 1443; x_wconf 86' lang='lat' dir='ltr'>altaria</span> <span class='ocrx_word' id='word_1_94' title='bbox 634 1392 729 1446; x_wconf 87' lang='lat' dir='ltr'>Dei</span> <span class='ocrx_word' id='word_1_95' title='bbox 799 1398 1331 1457; x_wconf 84' lang='lat' dir='ltr'>nummulariorum</span> <span class='ocrx_word' id='word_1_96' title='bbox 1402 1422 1635 1463; x_wconf 88' lang='lat' dir='ltr'>mensas</span> <span class='ocrx_word' id='word_1_97' title='bbox 1701 1387 2002 1482; x_wconf 47' lang='lat' dir='ltr'>appellari;</span> 
     </span>
    </p>
   </div>
   <div class='ocr_carea' id='block_1_16' title="bbox 354 1477 2004 1573">
    <p class='ocr_par' dir='ltr' id='par_1_16' title="bbox 354 1477 2004 1573">
     <span class='ocr_line' id='line_1_16' title="bbox 354 1477 2004 1573; baseline 0.015 -41"><span class='ocrx_word' id='word_1_98' title='bbox 354 1477 797 1573; x_wconf 79' lang='lat' dir='ltr'>Cathedrasque</span> <span class='ocrx_word' id='word_1_99' title='bbox 849 1488 1222 1545; x_wconf 89' lang='lat' dir='ltr'>vendentium</span> <span class='ocrx_word' id='word_1_100' title='bbox 1276 1492 1581 1551; x_wconf 83' lang='lat' dir='ltr'>columbas</span> <span class='ocrx_word' id='word_1_101' title='bbox 1635 1477 1858 1567; x_wconf 72' lang='lat' dir='ltr'>evertit,</span> <span class='ocrx_word' id='word_1_102' title='bbox 1905 1503 2004 1573; x_wconf 94' lang='lat' dir='ltr'>qui</span> 
     </span>
    </p>
   </div>
   <div class='ocr_carea' id='block_1_17' title="bbox 352 1567 2003 1657">
    <p class='ocr_par' dir='ltr' id='par_1_17' title="bbox 352 1567 2003 1657">
     <span class='ocr_line' id='line_1_17' title="bbox 352 1567 2003 1657; baseline 0.016 -38"><span class='ocrx_word' id='word_1_103' title='bbox 352 1567 621 1624; x_wconf 87' lang='lat' dir='ltr'>vendunt</span> <span class='ocrx_word' id='word_1_104' title='bbox 650 1572 897 1641; x_wconf 80' lang='lat' dir='ltr'>gratiam</span> <span class='ocrx_word' id='word_1_105' title='bbox 930 1575 1182 1647; x_wconf 87' lang='lat' dir='ltr'>Spiritus</span> <span class='ocrx_word' id='word_1_106' title='bbox 1215 1582 1421 1648; x_wconf 85' lang='lat' dir='ltr'>sancti,</span> <span class='ocrx_word' id='word_1_107' title='bbox 1447 1588 1502 1647; x_wconf 85' lang='lat' dir='ltr'>et</span> <span class='ocrx_word' id='word_1_108' title='bbox 1532 1586 1730 1641; x_wconf 81' lang='lat' dir='ltr'>omnia</span> <span class='ocrx_word' id='word_1_109' title='bbox 1760 1567 2003 1657; x_wconf 78' lang='lat' dir='ltr'>faciunt,</span> 
     </span>
    </p>
   </div>
   <div class='ocr_carea' id='block_1_18' title="bbox 358 1658 2000 1750">
    <p class='ocr_par' dir='ltr' id='par_1_18' title="bbox 358 1658 2000 1750">
     <span class='ocr_line' id='line_1_18' title="bbox 358 1658 2000 1750; baseline 0.015 -41"><span class='ocrx_word' id='word_1_110' title='bbox 450 1658 749 1750; x_wconf 81' lang='lat' dir='ltr'>subjectos</span> <span class='ocrx_word' id='word_1_111' title='bbox 784 1663 1031 1734; x_wconf 90' lang='lat' dir='ltr'>populos</span> <span class='ocrx_word' id='word_1_112' title='bbox 1064 1666 1360 1739; x_wconf 82' lang='lat' dir='ltr'>devorent,</span> <span class='ocrx_word' id='word_1_113' title='bbox 1385 1672 1455 1727; x_wconf 91' lang='lat' dir='ltr'>de</span> <span class='ocrx_word' id='word_1_114' title='bbox 1486 1674 1703 1745; x_wconf 83' lang='lat' dir='ltr'>quibus</span> <span class='ocrx_word' id='word_1_115' title='bbox 1724 1677 1861 1732; x_wconf 91' lang='lat' dir='ltr'>dicit</span> <span class='ocrx_word' id='word_1_116' title='bbox 1895 1680 2000 1750; x_wconf 79' lang='lat' dir='ltr'>(At.</span> 
     </span>
    </p>
   </div>
   <div class='ocr_carea' id='block_1_19' title="bbox 354 1745 2005 1829">
    <p class='ocr_par' dir='ltr' id='par_1_19' title="bbox 354 1745 2005 1829">
     <span class='ocr_line' id='line_1_19' title="bbox 354 1745 2005 1829; baseline 0.016 -31"><span class='ocrx_word' id='word_1_117' title='bbox 354 1745 597 1819; x_wconf 90' lang='lat' dir='ltr'>dicitur)</span> <span class='ocrx_word' id='word_1_118' title='bbox 631 1765 643 1803; x_wconf 92' lang='lat'>:</span> <span class='ocrx_word' id='word_1_119' title='bbox 701 1751 808 1818; x_wconf 84' lang='lat' dir='ltr'>Qui</span> <span class='ocrx_word' id='word_1_120' title='bbox 853 1752 1110 1811; x_wconf 79' lang='lat' dir='ltr'>devorant</span> <span class='ocrx_word' id='word_1_121' title='bbox 1155 1758 1422 1829; x_wconf 83' lang='lat' dir='ltr'>populum</span> <span class='ocrx_word' id='word_1_122' title='bbox 1452 1779 1636 1819; x_wconf 86' lang='lat' dir='ltr'>meum</span> <span class='ocrx_word' id='word_1_123' title='bbox 1664 1768 1801 1822; x_wconf 83' lang='lat' dir='ltr'>sicut</span> <span class='ocrx_word' id='word_1_124' title='bbox 1829 1745 2005 1824; x_wconf 77' lang='lat' dir='ltr'>escam</span> 
     </span>
    </p>
   </div>
   <div class='ocr_carea' id='block_1_20' title="bbox 2120 608 3765 687">
    <p class='ocr_par' dir='ltr' id='par_1_20' title="bbox 2120 608 3765 687">
     <span class='ocr_line' id='line_1_20' title="bbox 2120 608 3765 687; baseline 0.005 -25"><span class='ocrx_word' id='word_1_125' title='bbox 2120 608 2597 681; x_wconf 88' lang='lat' dir='ltr'>contemptibilis,</span> <span class='ocrx_word' id='word_1_126' title='bbox 2634 614 2687 664; x_wconf 87' lang='lat' dir='ltr'>et</span> <span class='ocrx_word' id='word_1_127' title='bbox 2738 608 3035 665; x_wconf 88' lang='lat' dir='ltr'>intantum</span> <span class='ocrx_word' id='word_1_128' title='bbox 3087 610 3217 666; x_wconf 89' lang='lat' dir='ltr'>vilis</span> <span class='ocrx_word' id='word_1_129' title='bbox 3248 613 3401 668; x_wconf 88' lang='grc'>166</span> <span class='ocrx_word' id='word_1_130' title='bbox 3448 620 3512 670; x_wconf 92' lang='lat' dir='ltr'>ut</span> <span class='ocrx_word' id='word_1_131' title='bbox 3561 620 3765 687; x_wconf 86' lang='lat' dir='ltr'>postea</span> 
     </span>
    </p>
   </div>
   <div class='ocr_carea' id='block_1_21' title="bbox 2120 698 3760 769">
    <p class='ocr_par' dir='ltr' id='par_1_21' title="bbox 2120 698 3760 769">
     <span class='ocr_line' id='line_1_21' title="bbox 2120 698 3760 769; baseline 0.005 -17"><span class='ocrx_word' id='word_1_132' title='bbox 2120 698 2576 769; x_wconf 85' lang='lat' dir='ltr'>cruciﬁgeretur,</span> <span class='ocrx_word' id='word_1_133' title='bbox 2610 699 2826 754; x_wconf 86' lang='lat' dir='ltr'>Scribis</span> <span class='ocrx_word' id='word_1_134' title='bbox 2874 704 2931 755; x_wconf 88' lang='lat' dir='ltr'>et</span> <span class='ocrx_word' id='word_1_135' title='bbox 2981 700 3286 756; x_wconf 67' lang='lat' dir='ltr'>Phariszris</span> <span class='ocrx_word' id='word_1_136' title='bbox 3318 708 3516 759; x_wconf 89' lang='lat' dir='ltr'>contra</span> <span class='ocrx_word' id='word_1_137' title='bbox 3564 722 3625 760; x_wconf 89' lang='lat' dir='ltr'>se</span> <span class='ocrx_word' id='word_1_138' title='bbox 3656 722 3760 759; x_wconf 66' lang='lat' dir='ltr'>sm-</span> 
     </span>
    </p>
   </div>
   <div class='ocr_carea' id='block_1_22' title="bbox 2117 787 3758 867">
    <p class='ocr_par' dir='ltr' id='par_1_22' title="bbox 2117 787 3758 867">
     <span class='ocr_line' id='line_1_22' title="bbox 2117 787 3758 867; baseline 0.006 -26"><span class='ocrx_word' id='word_1_139' title='bbox 2117 787 2431 857; x_wconf 91' lang='lat' dir='ltr'>vientibus,</span> <span class='ocrx_word' id='word_1_140' title='bbox 2478 793 2533 845; x_wconf 91' lang='lat' dir='ltr'>et</span> <span class='ocrx_word' id='word_1_141' title='bbox 2577 788 2912 845; x_wconf 85' lang='lat' dir='ltr'>videntibus</span> <span class='ocrx_word' id='word_1_142' title='bbox 2961 790 3125 845; x_wconf 91' lang='lat' dir='ltr'>lucra</span> <span class='ocrx_word' id='word_1_143' title='bbox 3172 792 3330 847; x_wconf 73' lang='lat' dir='ltr'>sua8</span> <span class='ocrx_word' id='word_1_144' title='bbox 3384 793 3628 859; x_wconf 87' lang='lat' dir='ltr'>destrui,</span> <span class='ocrx_word' id='word_1_145' title='bbox 3660 813 3758 867; x_wconf 91' lang='lat' dir='ltr'>po-</span> 
     </span>
    </p>
   </div>
   <div class='ocr_carea' id='block_1_23' title="bbox 2118 878 3761 953">
    <p class='ocr_par' dir='ltr' id='par_1_23' title="bbox 2118 878 3761 953">
     <span class='ocr_line' id='line_1_23' title="bbox 2118 878 3761 953; baseline 0.005 -21"><span class='ocrx_word' id='word_1_146' title='bbox 2118 878 2298 933; x_wconf 88' lang='lat' dir='ltr'>tuerit</span> <span class='ocrx_word' id='word_1_147' title='bbox 2356 879 2425 933; x_wconf 88' lang='lat' dir='ltr'>ad</span> <span class='ocrx_word' id='word_1_148' title='bbox 2485 879 2660 934; x_wconf 91' lang='lat' dir='ltr'>unius</span> <span class='ocrx_word' id='word_1_149' title='bbox 2718 879 2931 951; x_wconf 88' lang='lat' dir='ltr'>flagelli</span> <span class='ocrx_word' id='word_1_150' title='bbox 2985 882 3224 936; x_wconf 81' lang='lat' dir='ltr'>verbera</span> <span class='ocrx_word' id='word_1_151' title='bbox 3279 886 3499 938; x_wconf 88' lang='lat' dir='ltr'>tantam</span> <span class='ocrx_word' id='word_1_152' title='bbox 3560 884 3761 953; x_wconf 86' lang='lat' dir='ltr'>ejicere</span> 
     </span>
    </p>
   </div>
   <div class='ocr_carea' id='block_1_24' title="bbox 2120 966 3763 1041">
    <p class='ocr_par' dir='ltr' id='par_1_24' title="bbox 2120 966 3763 1041">
     <span class='ocr_line' id='line_1_24' title="bbox 2120 966 3763 1041; baseline 0.007 -21"><span class='ocrx_word' id='word_1_153' title='bbox 2120 966 2583 1035; x_wconf 86' lang='lat' dir='ltr'>multitudinem,</span> <span class='ocrx_word' id='word_1_154' title='bbox 2615 986 2964 1041; x_wconf 87' lang='lat' dir='ltr'>mensasque</span> <span class='ocrx_word' id='word_1_155' title='bbox 2991 971 3345 1035; x_wconf 88' lang='lat' dir='ltr'>subvertere,</span> <span class='ocrx_word' id='word_1_156' title='bbox 3376 977 3431 1027; x_wconf 89' lang='lat' dir='ltr'>et</span> <span class='ocrx_word' id='word_1_157' title='bbox 3457 973 3763 1031; x_wconf 89' lang='lat' dir='ltr'>cathedras</span> 
     </span>
    </p>
   </div>
   <div class='ocr_carea' id='block_1_25' title="bbox 2118 1056 3761 1129">
    <p class='ocr_par' dir='ltr' id='par_1_25' title="bbox 2118 1056 3761 1129">
     <span class='ocr_line' id='line_1_25' title="bbox 2118 1056 3761 1129; baseline 0.004 -17"><span class='ocrx_word' id='word_1_158' title='bbox 2118 1056 2502 1129; x_wconf 80' lang='lat' dir='ltr'>confringere,</span> <span class='ocrx_word' id='word_1_159' title='bbox 2536 1062 2593 1113; x_wconf 91' lang='lat' dir='ltr'>et</span> <span class='ocrx_word' id='word_1_160' title='bbox 2641 1058 2757 1114; x_wconf 88' lang='lat' dir='ltr'>alia</span> <span class='ocrx_word' id='word_1_161' title='bbox 2806 1060 3013 1125; x_wconf 90' lang='lat' dir='ltr'>facere,</span> <span class='ocrx_word' id='word_1_162' title='bbox 3045 1077 3170 1129; x_wconf 80' lang='lat' dir='ltr'>quae</span> <span class='ocrx_word' id='word_1_163' title='bbox 3217 1060 3484 1117; x_wconf 81' lang='lat' dir='ltr'>inﬁnitus</span> <span class='ocrx_word' id='word_1_164' title='bbox 3524 1079 3635 1118; x_wconf 92' lang='lat' dir='ltr'>non</span> <span class='ocrx_word' id='word_1_165' title='bbox 3681 1064 3761 1119; x_wconf 89' lang='lat' dir='ltr'>fe-</span> 
     </span>
    </p>
   </div>
   <div class='ocr_carea' id='block_1_26' title="bbox 2118 1145 3762 1223">
    <p class='ocr_par' dir='ltr' id='par_1_26' title="bbox 2118 1145 3762 1223">
     <span class='ocr_line' id='line_1_26' title="bbox 2118 1145 3762 1223; baseline 0.003 -21"><span class='ocrx_word' id='word_1_166' title='bbox 2118 1145 2294 1202; x_wconf 88' lang='lat' dir='ltr'>cisset.</span> <span class='ocrx_word' id='word_1_167' title='bbox 2325 1148 2629 1203; x_wconf 82' lang='lat' dir='ltr'>exercitus.</span> <span class='ocrx_word' id='word_1_168' title='bbox 2664 1149 2903 1220; x_wconf 88' lang='lat' dir='ltr'>lgneum</span> <span class='ocrx_word' id='word_1_169' title='bbox 2937 1149 3091 1204; x_wconf 89' lang='lat' dir='ltr'>enim</span> <span class='ocrx_word' id='word_1_170' title='bbox 3139 1150 3419 1221; x_wconf 88' lang='lat' dir='ltr'>quiddam</span> <span class='ocrx_word' id='word_1_171' title='bbox 3474 1157 3648 1223; x_wconf 89' lang='lat' dir='ltr'>atque</span> <span class='ocrx_word' id='word_1_172' title='bbox 3680 1153 3762 1207; x_wconf 91' lang='lat' dir='ltr'>si—</span> 
     </span>
    </p>
   </div>
   <div class='ocr_carea' id='block_1_27' title="bbox 2116 1236 3763 1315">
    <p class='ocr_par' dir='ltr' id='par_1_27' title="bbox 2116 1236 3763 1315">
     <span class='ocr_line' id='line_1_27' title="bbox 2116 1236 3763 1315; baseline 0.004 -24"><span class='ocrx_word' id='word_1_173' title='bbox 2116 1236 2355 1292; x_wconf 90' lang='lat' dir='ltr'>dereum</span> <span class='ocrx_word' id='word_1_174' title='bbox 2403 1238 2669 1293; x_wconf 87' lang='lat' dir='ltr'>radiabat</span> <span class='ocrx_word' id='word_1_175' title='bbox 2722 1255 2791 1293; x_wconf 82' lang='lat' dir='ltr'>ex</span> <span class='ocrx_word' id='word_1_176' title='bbox 2849 1238 3033 1294; x_wconf 90' lang='lat' dir='ltr'>oculis</span> <span class='ocrx_word' id='word_1_177' title='bbox 3090 1240 3287 1311; x_wconf 78' lang='lat' dir='ltr'>ejus‘,</span> <span class='ocrx_word' id='word_1_178' title='bbox 3340 1246 3394 1295; x_wconf 89' lang='lat' dir='ltr'>et</span> <span class='ocrx_word' id='word_1_179' title='bbox 3440 1241 3763 1315; x_wconf 82' lang='lat' dir='ltr'>divinitatis</span> 
     </span>
    </p>
   </div>
   <div class='ocr_carea' id='block_1_28' title="bbox 2117 1328 3759 1400">
    <p class='ocr_par' dir='ltr' id='par_1_28' title="bbox 2117 1328 3759 1400">
     <span class='ocr_line' id='line_1_28' title="bbox 2117 1328 3759 1400; baseline 0.004 -19"><span class='ocrx_word' id='word_1_180' title='bbox 2117 1328 2395 1395; x_wconf 89' lang='lat' dir='ltr'>majestas</span> <span class='ocrx_word' id='word_1_181' title='bbox 2436 1328 2669 1383; x_wconf 85' lang='lat' dir='ltr'>lucebat</span> <span class='ocrx_word' id='word_1_182' title='bbox 2721 1329 2777 1382; x_wconf 90' lang='lat' dir='ltr'>in</span> <span class='ocrx_word' id='word_1_183' title='bbox 2830 1329 2991 1383; x_wconf 88' lang='lat' dir='ltr'>facie.</span> <span class='ocrx_word' id='word_1_184' title='bbox 3043 1332 3303 1400; x_wconf 88' lang='lat' dir='ltr'>Cumque</span> <span class='ocrx_word' id='word_1_185' title='bbox 3358 1348 3597 1386; x_wconf 89' lang='lat' dir='ltr'>manum</span> <span class='ocrx_word' id='word_1_186' title='bbox 3646 1349 3759 1388; x_wconf 88' lang='lat' dir='ltr'>non</span> 
     </span>
    </p>
   </div>
   <div class='ocr_carea' id='block_1_29' title="bbox 2115 1417 3758 1492">
    <p class='ocr_par' dir='ltr' id='par_1_29' title="bbox 2115 1417 3758 1492">
     <span class='ocr_line' id='line_1_29' title="bbox 2115 1417 3758 1492; baseline 0.004 -22"><span class='ocrx_word' id='word_1_187' title='bbox 2115 1417 2370 1471; x_wconf 88' lang='lat' dir='ltr'>audeant</span> <span class='ocrx_word' id='word_1_188' title='bbox 2418 1417 2653 1487; x_wconf 82' lang='lat' dir='ltr'>injicere</span> <span class='ocrx_word' id='word_1_189' title='bbox 2706 1418 3059 1483; x_wconf 75' lang='lat' dir='ltr'>sacerdotes,</span> <span class='ocrx_word' id='word_1_190' title='bbox 3101 1422 3297 1473; x_wconf 89' lang='lat' dir='ltr'>tamen</span> <span class='ocrx_word' id='word_1_191' title='bbox 3330 1436 3503 1492; x_wconf 86' lang='lat' dir='ltr'>opera</span> <span class='ocrx_word' id='word_1_192' title='bbox 3534 1421 3758 1476; x_wconf 87' lang='lat' dir='ltr'>calum-</span> 
     </span>
    </p>
   </div>
   <div class='ocr_carea' id='block_1_30' title="bbox 2116 1505 3760 1581">
    <p class='ocr_par' dir='ltr' id='par_1_30' title="bbox 2116 1505 3760 1581">
     <span class='ocr_line' id='line_1_30' title="bbox 2116 1505 3760 1581; baseline 0.004 -22"><span class='ocrx_word' id='word_1_193' title='bbox 2116 1505 2373 1577; x_wconf 87' lang='lat' dir='ltr'>niantur,</span> <span class='ocrx_word' id='word_1_194' title='bbox 2407 1512 2464 1561; x_wconf 89' lang='lat' dir='ltr'>et</span> <span class='ocrx_word' id='word_1_195' title='bbox 2514 1508 2917 1563; x_wconf 87' lang='lat' dir='ltr'>testimonium</span> <span class='ocrx_word' id='word_1_196' title='bbox 2968 1507 3165 1579; x_wconf 87' lang='lat' dir='ltr'>populi</span> <span class='ocrx_word' id='word_1_197' title='bbox 3216 1513 3388 1580; x_wconf 89' lang='lat' dir='ltr'>atque</span> <span class='ocrx_word' id='word_1_198' title='bbox 3444 1526 3760 1581; x_wconf 87' lang='lat' dir='ltr'>puerorum</span> 
     </span>
    </p>
   </div>
   <div class='ocr_carea' id='block_1_31' title="bbox 2114 1595 3759 1667">
    <p class='ocr_par' dir='ltr' id='par_1_31' title="bbox 2114 1595 3759 1667">
     <span class='ocr_line' id='line_1_31' title="bbox 2114 1595 3759 1667; baseline 0.004 -19"><span class='ocrx_word' id='word_1_199' title='bbox 2114 1595 2211 1666; x_wconf 88' lang='lat' dir='ltr'>qui</span> <span class='ocrx_word' id='word_1_200' title='bbox 2264 1595 2615 1667; x_wconf 82' lang='lat' dir='ltr'>clamabant,</span> <span class='ocrx_word' id='word_1_201' title='bbox 2666 1597 2883 1652; x_wconf 80' lang='lat' dir='ltr'>Osanna</span> <span class='ocrx_word' id='word_1_202' title='bbox 2929 1599 3045 1667; x_wconf 86' lang='lat' dir='ltr'>ﬁlio</span> <span class='ocrx_word' id='word_1_203' title='bbox 3086 1598 3275 1662; x_wconf 73' lang='lat' dir='ltr'>David,</span> <span class='ocrx_word' id='word_1_204' title='bbox 3308 1603 3537 1654; x_wconf 89' lang='lat' dir='ltr'>vertunt</span> <span class='ocrx_word' id='word_1_205' title='bbox 3568 1600 3627 1655; x_wconf 92' lang='lat' dir='ltr'>in</span> <span class='ocrx_word' id='word_1_206' title='bbox 3661 1618 3759 1655; x_wconf 92' lang='lat' dir='ltr'>ca-</span> 
     </span>
    </p>
   </div>
   <div class='ocr_carea' id='block_1_32' title="bbox 2115 1684 3760 1757">
    <p class='ocr_par' dir='ltr' id='par_1_32' title="bbox 2115 1684 3760 1757">
     <span class='ocr_line' id='line_1_32' title="bbox 2115 1684 3760 1757; baseline 0.003 -19"><span class='ocrx_word' id='word_1_207' title='bbox 2115 1684 2448 1739; x_wconf 90' lang='lat' dir='ltr'>lumniam:</span> <span class='ocrx_word' id='word_1_208' title='bbox 2506 1687 2658 1756; x_wconf 88' lang='lat' dir='ltr'>quod</span> <span class='ocrx_word' id='word_1_209' title='bbox 2707 1686 2975 1742; x_wconf 82' lang='lat' dir='ltr'>videlicet</span> <span class='ocrx_word' id='word_1_210' title='bbox 3024 1687 3133 1742; x_wconf 90' lang='lat' dir='ltr'>hoc</span> <span class='ocrx_word' id='word_1_211' title='bbox 3180 1704 3295 1742; x_wconf 89' lang='lat' dir='ltr'>non</span> <span class='ocrx_word' id='word_1_212' title='bbox 3352 1688 3598 1757; x_wconf 87' lang='lat' dir='ltr'>dicatur,</span> <span class='ocrx_word' id='word_1_213' title='bbox 3647 1689 3760 1745; x_wconf 90' lang='lat' dir='ltr'>nisi</span> 
     </span>
    </p>
   </div>
   <div class='ocr_carea' id='block_1_33' title="bbox 2114 1774 3757 1849">
    <p class='ocr_par' dir='ltr' id='par_1_33' title="bbox 2114 1774 3757 1849">
     <span class='ocr_line' id='line_1_33' title="bbox 2114 1774 3757 1849; baseline 0.002 -20"><span class='ocrx_word' id='word_1_214' title='bbox 2114 1774 2219 1829; x_wconf 89' lang='lat' dir='ltr'>soli</span> <span class='ocrx_word' id='word_1_215' title='bbox 2256 1775 2399 1829; x_wconf 84' lang='lat' dir='ltr'>Filio</span> <span class='ocrx_word' id='word_1_216' title='bbox 2432 1776 2553 1830; x_wconf 87' lang='lat' dir='ltr'>Dei.</span> <span class='ocrx_word' id='word_1_217' title='bbox 2605 1777 2853 1831; x_wconf 88' lang='lat' dir='ltr'>Videant</span> <span class='ocrx_word' id='word_1_218' title='bbox 2881 1794 3015 1847; x_wconf 86' lang='lat' dir='ltr'>ergo</span> <span class='ocrx_word' id='word_1_219' title='bbox 3047 1777 3323 1848; x_wconf 83' lang='lat' dir='ltr'>episcopi,</span> <span class='ocrx_word' id='word_1_220' title='bbox 3357 1782 3413 1832; x_wconf 87' lang='lat' dir='ltr'>et</span> <span class='ocrx_word' id='word_1_221' title='bbox 3442 1782 3757 1849; x_wconf 88' lang='lat' dir='ltr'>quantum-</span> 
     </span>
    </p>
   </div>
   <div class='ocr_carea' id='block_1_34' title="bbox 348 1837 3761 1948">
    <p class='ocr_par' dir='ltr' id='par_1_34' title="bbox 348 1837 3761 1948">
     <span class='ocr_line' id='line_1_34' title="bbox 348 1837 3761 1948; baseline 0.01 -60"><span class='ocrx_word' id='word_1_222' title='bbox 348 1837 517 1948; x_wconf 52' lang='lat' dir='ltr'>panis</span> <span class='ocrx_word' id='word_1_223' title='bbox 565 1838 741 1948; x_wconf 61' lang='lat' dir='ltr'>(Psal.</span> <span class='ocrx_word' id='word_1_224' title='bbox 776 1858 905 1948; x_wconf 55' lang='lat' dir='ltr'>‘Xlll,</span> <span class='ocrx_word' id='word_1_225' title='bbox 940 1844 1014 1911; x_wconf 81' lang='grc'>4).</span> <span class='ocrx_word' id='word_1_226' title='bbox 1070 1845 1242 1901; x_wconf 83' lang='lat' dir='ltr'>Juxta</span> <span class='ocrx_word' id='word_1_227' title='bbox 1295 1848 1621 1948; x_wconf 82' lang='lat' dir='ltr'>simplicem</span> <span class='ocrx_word' id='word_1_228' title='bbox 1674 1855 2001 1929; x_wconf 89' lang='lat' dir='ltr'>intelligen-</span> <span class='ocrx_word' id='word_1_229' title='bbox 2034 1884 2081 1948; x_wconf 81' lang='grc' dir='ltr'><strong>Β</strong></span> <span class='ocrx_word' id='word_1_230' title='bbox 2115 1864 2255 1919; x_wconf 90' lang='lat' dir='ltr'>libet</span> <span class='ocrx_word' id='word_1_231' title='bbox 2278 1865 2461 1920; x_wconf 86' lang='lat' dir='ltr'>sancti</span> <span class='ocrx_word' id='word_1_232' title='bbox 2484 1866 2774 1930; x_wconf 89' lang='lat' dir='ltr'>homines,</span> <span class='ocrx_word' id='word_1_233' title='bbox 2800 1837 3186 1937; x_wconf 45' lang='lat' dir='ltr'>cuquuahto</span> <span class='ocrx_word' id='word_1_234' title='bbox 3217 1837 3473 1938; x_wconf 67' lang='lat' dir='ltr'>periculo</span> <span class='ocrx_word' id='word_1_235' title='bbox 3499 1867 3613 1921; x_wconf 89' lang='lat' dir='ltr'>diei</span> <span class='ocrx_word' id='word_1_236' title='bbox 3647 1868 3761 1923; x_wconf 88' lang='lat' dir='ltr'>ista</span> 
     </span>
    </p>
   </div>
   <div class='ocr_carea' id='block_1_35' title="bbox 352 1924 2000 2015">
    <p class='ocr_par' dir='ltr' id='par_1_35' title="bbox 352 1924 2000 2015">
     <span class='ocr_line' id='line_1_35' title="bbox 352 1924 2000 2015; baseline 0.015 -37"><span class='ocrx_word' id='word_1_237' title='bbox 352 1924 520 1990; x_wconf 84' lang='lat' dir='ltr'>tiam,</span> <span class='ocrx_word' id='word_1_238' title='bbox 577 1926 859 1985; x_wconf 76' lang='lat' dir='ltr'>columbae</span> <span class='ocrx_word' id='word_1_239' title='bbox 910 1950 1023 1988; x_wconf 90' lang='lat' dir='ltr'>non</span> <span class='ocrx_word' id='word_1_240' title='bbox 1078 1941 1243 1991; x_wconf 90' lang='lat' dir='ltr'>erant</span> <span class='ocrx_word' id='word_1_241' title='bbox 1296 1938 1354 1993; x_wconf 91' lang='lat' dir='ltr'>in</span> <span class='ocrx_word' id='word_1_242' title='bbox 1414 1942 1726 2015; x_wconf 83' lang='lat' dir='ltr'>cathedris,</span> <span class='ocrx_word' id='word_1_243' title='bbox 1784 1924 1893 2001; x_wconf 82' lang='lat' dir='ltr'>sed</span> <span class='ocrx_word' id='word_1_244' title='bbox 1942 1948 2000 2002; x_wconf 90' lang='lat' dir='ltr'>in</span> 
     </span>
    </p>
   </div>
   <div class='ocr_carea' id='block_1_36' title="bbox 354 2016 2003 2092">
    <p class='ocr_par' dir='ltr' id='par_1_36' title="bbox 354 2016 2003 2092">
     <span class='ocr_line' id='line_1_36' title="bbox 354 2016 2003 2092; baseline 0.014 -22"><span class='ocrx_word' id='word_1_245' title='bbox 354 2016 565 2083; x_wconf 86' lang='lat' dir='ltr'>caveis,</span> <span class='ocrx_word' id='word_1_246' title='bbox 597 2018 712 2073; x_wconf 89' lang='lat' dir='ltr'>nisi</span> <span class='ocrx_word' id='word_1_247' title='bbox 763 2019 910 2076; x_wconf 86' lang='lat' dir='ltr'>forte</span> <span class='ocrx_word' id='word_1_248' title='bbox 952 2022 1359 2083; x_wconf 89' lang='lat' dir='ltr'>columbarum</span> <span class='ocrx_word' id='word_1_249' title='bbox 1397 2029 1691 2089; x_wconf 90' lang='lat' dir='ltr'>institores</span> <span class='ocrx_word' id='word_1_250' title='bbox 1722 2036 2003 2092; x_wconf 86' lang='lat' dir='ltr'>sedebant</span> 
     </span>
    </p>
   </div>
   <div class='ocr_carea' id='block_1_37' title="bbox 351 2102 1999 2197">
    <p class='ocr_par' dir='ltr' id='par_1_37' title="bbox 351 2102 1999 2197">
     <span class='ocr_line' id='line_1_37' title="bbox 351 2102 1999 2197; baseline 0.015 -40"><span class='ocrx_word' id='word_1_251' title='bbox 351 2102 410 2159; x_wconf 90' lang='lat' dir='ltr'>in</span> <span class='ocrx_word' id='word_1_252' title='bbox 446 2104 764 2197; x_wconf 79' lang='lat' dir='ltr'>cathedris.</span> <span class='ocrx_word' id='word_1_253' title='bbox 798 2109 957 2172; x_wconf 90' lang='lat' dir='ltr'>Quod</span> <span class='ocrx_word' id='word_1_254' title='bbox 992 2114 1227 2185; x_wconf 88' lang='lat' dir='ltr'>penitus</span> <span class='ocrx_word' id='word_1_255' title='bbox 1275 2119 1596 2176; x_wconf 89' lang='lat' dir='ltr'>absurdum</span> <span class='ocrx_word' id='word_1_256' title='bbox 1629 2128 1738 2189; x_wconf 86' lang='lat' dir='ltr'>est,</span> <span class='ocrx_word' id='word_1_257' title='bbox 1775 2125 1911 2197; x_wconf 88' lang='lat' dir='ltr'>quia</span> <span class='ocrx_word' id='word_1_258' title='bbox 1941 2126 1999 2181; x_wconf 90' lang='lat' dir='ltr'>in</span> 
     </span>
    </p>
   </div>
   <div class='ocr_carea' id='block_1_38' title="bbox 352 2193 1999 2283">
    <p class='ocr_par' dir='ltr' id='par_1_38' title="bbox 352 2193 1999 2283">
     <span class='ocr_line' id='line_1_38' title="bbox 352 2193 1999 2283; baseline 0.015 -36"><span class='ocrx_word' id='word_1_259' title='bbox 352 2193 649 2251; x_wconf 87' lang='lat' dir='ltr'>cathedris</span> <span class='ocrx_word' id='word_1_260' title='bbox 706 2198 1121 2271; x_wconf 88' lang='lat' dir='ltr'>magistrorum</span> <span class='ocrx_word' id='word_1_261' title='bbox 1170 2207 1360 2279; x_wconf 89' lang='lat' dir='ltr'>magis</span> <span class='ocrx_word' id='word_1_262' title='bbox 1399 2209 1653 2283; x_wconf 84' lang='lat' dir='ltr'>dignitas</span> <span class='ocrx_word' id='word_1_263' title='bbox 1686 2193 1999 2282; x_wconf 88' lang='lat' dir='ltr'>indicatur,</span> 
     </span>
    </p>
   </div>
   <div class='ocr_carea' id='block_1_39' title="bbox 353 2285 1998 2364">
    <p class='ocr_par' dir='ltr' id='par_1_39' title="bbox 353 2285 1998 2364">
     <span class='ocr_line' id='line_1_39' title="bbox 353 2285 1998 2364; baseline 0.015 -28"><span class='ocrx_word' id='word_1_264' title='bbox 353 2298 483 2353; x_wconf 67' lang='lat' dir='ltr'>quae</span> <span class='ocrx_word' id='word_1_265' title='bbox 516 2285 587 2339; x_wconf 89' lang='lat' dir='ltr'>ad</span> <span class='ocrx_word' id='word_1_266' title='bbox 624 2285 877 2343; x_wconf 89' lang='lat' dir='ltr'>nihilum</span> <span class='ocrx_word' id='word_1_267' title='bbox 911 2291 1214 2364; x_wconf 86' lang='lat' dir='ltr'>redigitur,</span> <span class='ocrx_word' id='word_1_268' title='bbox 1242 2312 1375 2351; x_wconf 89' lang='lat' dir='ltr'>cum</span> <span class='ocrx_word' id='word_1_269' title='bbox 1400 2299 1581 2356; x_wconf 80' lang='lat' dir='ltr'>mixta</span> <span class='ocrx_word' id='word_1_270' title='bbox 1602 2302 1774 2358; x_wconf 88' lang='lat' dir='ltr'>fuerit</span> <span class='ocrx_word' id='word_1_271' title='bbox 1798 2304 1998 2361; x_wconf 90' lang='lat' dir='ltr'>lucris.</span> 
     </span>
    </p>
   </div>
   <div class='ocr_carea' id='block_1_40' title="bbox 355 2372 2001 2462">
    <p class='ocr_par' dir='ltr' id='par_1_40' title="bbox 355 2372 2001 2462">
     <span class='ocr_line' id='line_1_40' title="bbox 355 2372 2001 2462; baseline 0.015 -37"><span class='ocrx_word' id='word_1_272' title='bbox 355 2372 521 2436; x_wconf 86' lang='lat' dir='ltr'>Quod</span> <span class='ocrx_word' id='word_1_273' title='bbox 553 2373 621 2428; x_wconf 90' lang='lat' dir='ltr'>de</span> <span class='ocrx_word' id='word_1_274' title='bbox 667 2375 942 2434; x_wconf 87' lang='lat' dir='ltr'>Ecclesiis</span> <span class='ocrx_word' id='word_1_275' title='bbox 1000 2381 1280 2451; x_wconf 84' lang='lat' dir='ltr'>diximus,</span> <span class='ocrx_word' id='word_1_276' title='bbox 1342 2390 1750 2462; x_wconf 87' lang='lat' dir='ltr'>unusquisque</span> <span class='ocrx_word' id='word_1_277' title='bbox 1809 2394 1877 2448; x_wconf 93' lang='lat' dir='ltr'>de</span> <span class='ocrx_word' id='word_1_278' title='bbox 1941 2412 2001 2450; x_wconf 90' lang='lat' dir='ltr'>se</span> 
     </span>
    </p>
   </div>
   <div class='ocr_carea' id='block_1_41' title="bbox 356 2459 2003 2555">
    <p class='ocr_par' dir='ltr' id='par_1_41' title="bbox 356 2459 2003 2555">
     <span class='ocr_line' id='line_1_41' title="bbox 356 2459 2003 2555; baseline 0.017 -42"><span class='ocrx_word' id='word_1_279' title='bbox 356 2459 661 2555; x_wconf 63' lang='lat' dir='ltr'>intelligat.</span> <span class='ocrx_word' id='word_1_280' title='bbox 696 2463 847 2520; x_wconf 81' lang='lat' dir='ltr'>Dicit</span> <span class='ocrx_word' id='word_1_281' title='bbox 877 2467 1032 2523; x_wconf 88' lang='lat' dir='ltr'>enim</span> <span class='ocrx_word' id='word_1_282' title='bbox 1066 2473 1377 2543; x_wconf 85' lang='lat' dir='ltr'>Apostolus</span> <span class='ocrx_word' id='word_1_283' title='bbox 1404 2492 1416 2529; x_wconf 90' lang='lat'><strong>:</strong></span> <span class='ocrx_word' id='word_1_284' title='bbox 1464 2480 1558 2533; x_wconf 82' lang='lat' dir='ltr'>Vos</span> <span class='ocrx_word' id='word_1_285' title='bbox 1588 2459 1713 2534; x_wconf 77' lang='lat' dir='ltr'>estis</span> <span class='ocrx_word' id='word_1_286' title='bbox 1742 2485 2003 2555; x_wconf 86' lang='lat' dir='ltr'>templum</span> 
     </span>
    </p>
   </div>
   <div class='ocr_carea' id='block_1_42' title="bbox 354 2550 1999 2642">
    <p class='ocr_par' dir='ltr' id='par_1_42' title="bbox 354 2550 1999 2642">
     <span class='ocr_line' id='line_1_42' title="bbox 354 2550 1999 2642; baseline 0.017 -40"><span class='ocrx_word' id='word_1_287' title='bbox 354 2550 471 2642; x_wconf 65' lang='lat' dir='ltr'>Dei,</span> <span class='ocrx_word' id='word_1_288' title='bbox 522 2555 572 2606; x_wconf 84' lang='lat' dir='ltr'>et</span> <span class='ocrx_word' id='word_1_289' title='bbox 595 2641 598 2642; x_wconf 11' lang='grc' dir='ltr'><em>ν</em></span> <span class='ocrx_word' id='word_1_290' title='bbox 621 2552 856 2624; x_wconf 76' lang='lat' dir='ltr'>Spiritus</span> <span class='ocrx_word' id='word_1_291' title='bbox 903 2568 1121 2616; x_wconf 84' lang='lat' dir='ltr'>sanctus</span> <span class='ocrx_word' id='word_1_292' title='bbox 1169 2562 1382 2619; x_wconf 82' lang='lat' dir='ltr'>habitat</span> <span class='ocrx_word' id='word_1_293' title='bbox 1412 2567 1469 2620; x_wconf 88' lang='lat' dir='ltr'>in</span> <span class='ocrx_word' id='word_1_294' title='bbox 1501 2569 1650 2623; x_wconf 83' lang='lat' dir='ltr'>vobis</span> <span class='ocrx_word' id='word_1_295' title='bbox 1687 2570 1735 2642; x_wconf 89' lang='lat' dir='ltr'>(I</span> <span class='ocrx_word' id='word_1_296' title='bbox 1761 2550 1880 2629; x_wconf 60' lang='lat' dir='ltr'>Cor.</span> <span class='ocrx_word' id='word_1_297' title='bbox 1917 2592 1999 2639; x_wconf 83' lang='lat' dir='ltr'>IIl,</span> 
     </span>
    </p>
   </div>
   <div class='ocr_carea' id='block_1_43' title="bbox 358 2640 1998 2729">
    <p class='ocr_par' dir='ltr' id='par_1_43' title="bbox 358 2640 1998 2729">
     <span class='ocr_line' id='line_1_43' title="bbox 358 2640 1998 2729; baseline 0.016 -36"><span class='ocrx_word' id='word_1_298' title='bbox 358 2640 461 2706; x_wconf 75' lang='lat'>15;</span> <span class='ocrx_word' id='word_1_299' title='bbox 496 2642 542 2695; x_wconf 94' lang='grc'><strong>11</strong></span> <span class='ocrx_word' id='word_1_300' title='bbox 574 2641 699 2696; x_wconf 85' lang='lat' dir='ltr'>Cor.</span> <span class='ocrx_word' id='word_1_301' title='bbox 731 2660 810 2715; x_wconf 80' lang='lat' dir='ltr'>vr,</span> <span class='ocrx_word' id='word_1_302' title='bbox 838 2646 944 2717; x_wconf 87' lang='grc'><strong>16).</strong></span> <span class='ocrx_word' id='word_1_303' title='bbox 978 2647 1102 2704; x_wconf 89' lang='lat' dir='ltr'>Non</span> <span class='ocrx_word' id='word_1_304' title='bbox 1137 2651 1215 2708; x_wconf 87' lang='lat' dir='ltr'>sit</span> <span class='ocrx_word' id='word_1_305' title='bbox 1244 2652 1303 2707; x_wconf 90' lang='lat' dir='ltr'>in</span> <span class='ocrx_word' id='word_1_306' title='bbox 1336 2656 1508 2711; x_wconf 92' lang='lat' dir='ltr'>domo</span> <span class='ocrx_word' id='word_1_307' title='bbox 1539 2640 1790 2729; x_wconf 81' lang='lat' dir='ltr'>pectoris</span> <span class='ocrx_word' id='word_1_308' title='bbox 1819 2664 1998 2718; x_wconf 89' lang='lat' dir='ltr'>nostri</span> 
     </span>
    </p>
   </div>
   <div class='ocr_carea' id='block_1_44' title="bbox 352 2729 1999 2818">
    <p class='ocr_par' dir='ltr' id='par_1_44' title="bbox 352 2729 1999 2818">
     <span class='ocr_line' id='line_1_44' title="bbox 352 2729 1999 2818; baseline 0.016 -37"><span class='ocrx_word' id='word_1_309' title='bbox 352 2729 689 2801; x_wconf 84' lang='lat' dir='ltr'>negotiatio,</span> <span class='ocrx_word' id='word_1_310' title='bbox 716 2749 830 2789; x_wconf 90' lang='lat' dir='ltr'>non</span> <span class='ocrx_word' id='word_1_311' title='bbox 853 2739 1174 2795; x_wconf 84' lang='lat' dir='ltr'>ementium</span> <span class='ocrx_word' id='word_1_312' title='bbox 1201 2743 1696 2818; x_wconf 88' lang='lat' dir='ltr'>vendentiumque</span> <span class='ocrx_word' id='word_1_313' title='bbox 1717 2766 1999 2807; x_wconf 88' lang='lat' dir='ltr'>commer-</span> 
     </span>
    </p>
   </div>
   <div class='ocr_carea' id='block_1_45' title="bbox 354 2818 2000 2909">
    <p class='ocr_par' dir='ltr' id='par_1_45' title="bbox 354 2818 2000 2909">
     <span class='ocr_line' id='line_1_45' title="bbox 354 2818 2000 2909; baseline 0.016 -37"><span class='ocrx_word' id='word_1_314' title='bbox 354 2818 463 2883; x_wconf 89' lang='lat' dir='ltr'>cia,</span> <span class='ocrx_word' id='word_1_315' title='bbox 494 2836 611 2875; x_wconf 88' lang='lat' dir='ltr'>non</span> <span class='ocrx_word' id='word_1_316' title='bbox 661 2821 948 2880; x_wconf 91' lang='lat' dir='ltr'>donorum</span> <span class='ocrx_word' id='word_1_317' title='bbox 992 2830 1307 2901; x_wconf 88' lang='lat' dir='ltr'>cupiditas,</span> <span class='ocrx_word' id='word_1_318' title='bbox 1341 2850 1411 2889; x_wconf 91' lang='lat' dir='ltr'>ne</span> <span class='ocrx_word' id='word_1_319' title='bbox 1440 2834 1799 2907; x_wconf 80' lang='lat' dir='ltr'>ingrediatur</span> <span class='ocrx_word' id='word_1_320' title='bbox 1826 2840 2000 2909; x_wconf 87' lang='lat' dir='ltr'>Jesus</span> 
     </span>
    </p>
   </div>
   <div class='ocr_carea' id='block_1_46' title="bbox 352 2906 2000 3002">
    <p class='ocr_par' dir='ltr' id='par_1_46' title="bbox 352 2906 2000 3002">
     <span class='ocr_line' id='line_1_46' title="bbox 352 2906 2000 3002; baseline 0.016 -41"><span class='ocrx_word' id='word_1_321' title='bbox 352 2906 540 2965; x_wconf 88' lang='lat' dir='ltr'>iratus</span> <span class='ocrx_word' id='word_1_322' title='bbox 592 2914 649 3002; x_wconf 80' lang='lat' dir='ltr'>et</span> <span class='ocrx_word' id='word_1_323' title='bbox 695 2911 946 3002; x_wconf 75' lang='lat' dir='ltr'>rigidus,</span> <span class='ocrx_word' id='word_1_324' title='bbox 992 2920 1050 2972; x_wconf 91' lang='lat' dir='ltr'>et</span> <span class='ocrx_word' id='word_1_325' title='bbox 1090 2934 1206 2974; x_wconf 89' lang='lat' dir='ltr'>non</span> <span class='ocrx_word' id='word_1_326' title='bbox 1246 2920 1413 2977; x_wconf 91' lang='lat' dir='ltr'>aliter</span> <span class='ocrx_word' id='word_1_327' title='bbox 1440 2906 1685 2982; x_wconf 89' lang='lat' dir='ltr'>mundet</span> <span class='ocrx_word' id='word_1_328' title='bbox 1715 2908 2000 3002; x_wconf 89' lang='lat' dir='ltr'>templum</span> 
     </span>
    </p>
   </div>
   <div class='ocr_carea' id='block_1_47' title="bbox 357 3000 2002 3087">
    <p class='ocr_par' dir='ltr' id='par_1_47' title="bbox 357 3000 2002 3087">
     <span class='ocr_line' id='line_1_47' title="bbox 357 3000 2002 3087; baseline 0.016 -37"><span class='ocrx_word' id='word_1_329' title='bbox 357 3013 558 3066; x_wconf 88' lang='lat' dir='ltr'>suum,</span> <span class='ocrx_word' id='word_1_330' title='bbox 591 3000 708 3055; x_wconf 91' lang='lat' dir='ltr'>nisi</span> <span class='ocrx_word' id='word_1_331' title='bbox 738 3002 964 3076; x_wconf 88' lang='lat' dir='ltr'>ﬂagello</span> <span class='ocrx_word' id='word_1_332' title='bbox 995 3006 1280 3075; x_wconf 89' lang='lat' dir='ltr'>adhibito,</span> <span class='ocrx_word' id='word_1_333' title='bbox 1315 3016 1381 3067; x_wconf 89' lang='lat' dir='ltr'>ut</span> <span class='ocrx_word' id='word_1_334' title='bbox 1412 3013 1481 3068; x_wconf 92' lang='lat' dir='ltr'>de</span> <span class='ocrx_word' id='word_1_335' title='bbox 1513 3015 1791 3087; x_wconf 86' lang='lat' dir='ltr'>spelunca</span> <span class='ocrx_word' id='word_1_336' title='bbox 1821 3000 2002 3076; x_wconf 83' lang='lat' dir='ltr'>latro-</span> 
     </span>
    </p>
   </div>
   <div class='ocr_carea' id='block_1_48' title="bbox 355 3090 2003 3170">
    <p class='ocr_par' dir='ltr' id='par_1_48' title="bbox 355 3090 2003 3170">
     <span class='ocr_line' id='line_1_48' title="bbox 355 3090 2003 3170; baseline 0.015 -30"><span class='ocrx_word' id='word_1_337' title='bbox 355 3103 523 3154; x_wconf 87' lang='lat' dir='ltr'>num,</span> <span class='ocrx_word' id='word_1_338' title='bbox 577 3092 635 3144; x_wconf 91' lang='lat' dir='ltr'>et</span> <span class='ocrx_word' id='word_1_339' title='bbox 680 3090 751 3146; x_wconf 92' lang='lat' dir='ltr'>de</span> <span class='ocrx_word' id='word_1_340' title='bbox 807 3092 980 3149; x_wconf 91' lang='lat' dir='ltr'>domo</span> <span class='ocrx_word' id='word_1_341' title='bbox 1035 3098 1469 3170; x_wconf 88' lang='lat' dir='ltr'>negotiationis,</span> <span class='ocrx_word' id='word_1_342' title='bbox 1531 3105 1771 3161; x_wconf 91' lang='lat' dir='ltr'>domum</span> <span class='ocrx_word' id='word_1_343' title='bbox 1831 3108 2003 3166; x_wconf 78' lang='lat' dir='ltr'>iaciat</span> 
     </span>
    </p>
   </div>
   <div class='ocr_carea' id='block_1_49' title="bbox 353 3177 656 3234">
    <p class='ocr_par' dir='ltr' id='par_1_49' title="bbox 353 3177 656 3234">
     <span class='ocr_line' id='line_1_49' title="bbox 353 3177 656 3234; baseline 0.007 -4"><span class='ocrx_word' id='word_1_344' title='bbox 353 3177 656 3234; x_wconf 87' lang='lat' dir='ltr'>orationis.</span> 
     </span>
    </p>
   </div>
   <div class='ocr_carea' id='block_1_50' title="bbox 2112 1951 3759 2026">
    <p class='ocr_par' dir='ltr' id='par_1_50' title="bbox 2112 1951 3759 2026">
     <span class='ocr_line' id='line_1_50' title="bbox 2112 1951 3759 2026; baseline 0.002 -19"><span class='ocrx_word' id='word_1_345' title='bbox 2112 1951 2221 2007; x_wconf 90' lang='lat' dir='ltr'>sibi</span> <span class='ocrx_word' id='word_1_346' title='bbox 2257 1953 2555 2025; x_wconf 87' lang='lat' dir='ltr'>patiantur</span> <span class='ocrx_word' id='word_1_347' title='bbox 2581 1956 2600 1988; x_wconf 76' lang='grc'><strong>⁵</strong></span> <span class='ocrx_word' id='word_1_348' title='bbox 2632 1954 2736 2026; x_wconf 79' lang='lat' dir='ltr'>(.ll.</span> <span class='ocrx_word' id='word_1_349' title='bbox 2773 1954 3120 2026; x_wconf 89' lang='lat' dir='ltr'>patiuntur),</span> <span class='ocrx_word' id='word_1_350' title='bbox 3146 1954 3195 2009; x_wconf 92' lang='lat' dir='ltr'>si</span> <span class='ocrx_word' id='word_1_351' title='bbox 3226 1955 3471 2010; x_wconf 92' lang='lat' dir='ltr'>Domino</span> <span class='ocrx_word' id='word_1_352' title='bbox 3504 1956 3595 2010; x_wconf 91' lang='lat' dir='ltr'>cui</span> <span class='ocrx_word' id='word_1_353' title='bbox 3628 1974 3759 2011; x_wconf 83' lang='lat' dir='ltr'>vere</span> 
     </span>
    </p>
   </div>
   <div class='ocr_carea' id='block_1_51' title="bbox 2110 2042 3755 2114">
    <p class='ocr_par' dir='ltr' id='par_1_51' title="bbox 2110 2042 3755 2114">
     <span class='ocr_line' id='line_1_51' title="bbox 2110 2042 3755 2114; baseline 0.001 -17"><span class='ocrx_word' id='word_1_354' title='bbox 2110 2042 2220 2098; x_wconf 91' lang='lat' dir='ltr'>hoc</span> <span class='ocrx_word' id='word_1_355' title='bbox 2252 2043 2572 2111; x_wconf 87' lang='lat' dir='ltr'>dicebatur,</span> <span class='ocrx_word' id='word_1_356' title='bbox 2598 2043 2735 2114; x_wconf 87' lang='lat' dir='ltr'>quia</span> <span class='ocrx_word' id='word_1_357' title='bbox 2755 2045 3003 2099; x_wconf 87' lang='lat' dir='ltr'>necdum</span> <span class='ocrx_word' id='word_1_358' title='bbox 3037 2048 3159 2099; x_wconf 88' lang='lat' dir='ltr'>erat</span> <span class='ocrx_word' id='word_1_359' title='bbox 3186 2043 3374 2099; x_wconf 87' lang='lat' dir='ltr'>solida</span> <span class='ocrx_word' id='word_1_360' title='bbox 3396 2044 3755 2100; x_wconf 86' lang='lat' dir='ltr'>credentium</span> 
     </span>
    </p>
   </div>
   <div class='ocr_carea' id='block_1_52' title="bbox 2110 2131 3401 2205">
    <p class='ocr_par' dir='ltr' id='par_1_52' title="bbox 2110 2131 3401 2205">
     <span class='ocr_line' id='line_1_52' title="bbox 2110 2131 3401 2205; baseline 0.002 -20"><span class='ocrx_word' id='word_1_361' title='bbox 2110 2131 2277 2197; x_wconf 81' lang='lat' dir='ltr'>fides,</span> <span class='ocrx_word' id='word_1_362' title='bbox 2312 2149 2414 2203; x_wconf 90' lang='lat' dir='ltr'>pro</span> <span class='ocrx_word' id='word_1_363' title='bbox 2446 2133 2692 2187; x_wconf 90' lang='lat' dir='ltr'>crimine</span> <span class='ocrx_word' id='word_1_364' title='bbox 2725 2133 3091 2205; x_wconf 87' lang='lat' dir='ltr'>impingitur.</span> <span class='ocrx_word' id='word_1_365' title='bbox 3400 2200 3401 2203; x_wconf 20' lang='grc' dir='ltr'><strong>η</strong></span> 
     </span>
    </p>
   </div>
   <div class='ocr_carea' id='block_1_53' title="bbox 2183 2219 3755 2297">
    <p class='ocr_par' dir='ltr' id='par_1_53' title="bbox 2183 2219 3755 2297">
     <span class='ocr_line' id='line_1_53' title="bbox 2183 2219 3755 2297; baseline 0.003 -23"><span class='ocrx_word' id='word_1_366' title='bbox 2183 2219 2364 2291; x_wconf 90' lang='lat' dir='ltr'>(Vers.</span> <span class='ocrx_word' id='word_1_367' title='bbox 2424 2223 2536 2289; x_wconf 84' lang='grc'>16.)</span> <span class='ocrx_word' id='word_1_368' title='bbox 2594 2245 2620 2270; x_wconf 89' lang='grc'>‹‹</span> <span class='ocrx_word' id='word_1_369' title='bbox 2656 2222 2829 2278; x_wconf 86' lang='lat' dir='ltr'>Jesus</span> <span class='ocrx_word' id='word_1_370' title='bbox 2888 2228 3083 2277; x_wconf 88' lang='lat' dir='ltr'>autem</span> <span class='ocrx_word' id='word_1_371' title='bbox 3134 2222 3275 2278; x_wconf 88' lang='lat' dir='ltr'>dicit</span> <span class='ocrx_word' id='word_1_372' title='bbox 3334 2223 3465 2279; x_wconf 90' lang='lat' dir='ltr'>eis:</span> <span class='ocrx_word' id='word_1_373' title='bbox 3526 2223 3755 2297; x_wconf 89' lang='lat' dir='ltr'>Utique.</span> 
     </span>
    </p>
   </div>
   <div class='ocr_carea' id='block_1_54' title="bbox 2112 2307 3759 2383">
    <p class='ocr_par' dir='ltr' id='par_1_54' title="bbox 2112 2307 3759 2383">
     <span class='ocr_line' id='line_1_54' title="bbox 2112 2307 3759 2383; baseline 0.003 -20"><span class='ocrx_word' id='word_1_374' title='bbox 2112 2307 2425 2381; x_wconf 88' lang='lat' dir='ltr'>Nunquam</span> <span class='ocrx_word' id='word_1_375' title='bbox 2457 2309 2704 2382; x_wconf 89' lang='lat' dir='ltr'>legistis,</span> <span class='ocrx_word' id='word_1_376' title='bbox 2741 2312 2879 2383; x_wconf 90' lang='lat' dir='ltr'>quia</span> <span class='ocrx_word' id='word_1_377' title='bbox 2918 2329 2985 2367; x_wconf 83' lang='lat' dir='ltr'>ex</span> <span class='ocrx_word' id='word_1_378' title='bbox 3025 2328 3121 2367; x_wconf 91' lang='lat' dir='ltr'>ore</span> <span class='ocrx_word' id='word_1_379' title='bbox 3169 2312 3481 2367; x_wconf 88' lang='lat' dir='ltr'>infantium</span> <span class='ocrx_word' id='word_1_380' title='bbox 3533 2317 3589 2368; x_wconf 92' lang='lat' dir='ltr'>et</span> <span class='ocrx_word' id='word_1_381' title='bbox 3642 2314 3759 2369; x_wconf 90' lang='lat' dir='ltr'>lac-</span> 
     </span>
    </p>
   </div>
   <div class='ocr_carea' id='block_1_55' title="bbox 2112 2399 3760 2476">
    <p class='ocr_par' dir='ltr' id='par_1_55' title="bbox 2112 2399 3760 2476">
     <span class='ocr_line' id='line_1_55' title="bbox 2112 2399 3760 2476; baseline 0.002 -23"><span class='ocrx_word' id='word_1_382' title='bbox 2112 2399 2362 2455; x_wconf 89' lang='lat' dir='ltr'>tentium</span> <span class='ocrx_word' id='word_1_383' title='bbox 2398 2400 2683 2476; x_wconf 68' lang='lat' dir='ltr'>perfecisti</span> <span class='ocrx_word' id='word_1_384' title='bbox 2719 2400 2997 2456; x_wconf 82' lang='lat' dir='ltr'>laudem?</span> <span class='ocrx_word' id='word_1_385' title='bbox 3026 2424 3051 2449; x_wconf 82' lang='lat'>&gt;&gt;</span> <span class='ocrx_word' id='word_1_386' title='bbox 3084 2403 3269 2466; x_wconf 88' lang='lat' dir='ltr'>Quam</span> <span class='ocrx_word' id='word_1_387' title='bbox 3303 2402 3600 2458; x_wconf 89' lang='lat' dir='ltr'>moderate</span> <span class='ocrx_word' id='word_1_388' title='bbox 3632 2419 3760 2457; x_wconf 86' lang='lat' dir='ltr'>sen-</span> 
     </span>
    </p>
   </div>
   <div class='ocr_carea' id='block_1_56' title="bbox 2111 2488 3754 2563">
    <p class='ocr_par' dir='ltr' id='par_1_56' title="bbox 2111 2488 3754 2563">
     <span class='ocr_line' id='line_1_56' title="bbox 2111 2488 3754 2563; baseline 0.002 -20"><span class='ocrx_word' id='word_1_389' title='bbox 2111 2488 2354 2544; x_wconf 85' lang='lat' dir='ltr'>tentiam</span> <span class='ocrx_word' id='word_1_390' title='bbox 2384 2494 2671 2561; x_wconf 89' lang='lat' dir='ltr'>temperat</span> <span class='ocrx_word' id='word_1_391' title='bbox 2693 2492 2733 2560; x_wconf 67' lang='lat'>5,</span> <span class='ocrx_word' id='word_1_392' title='bbox 2766 2495 2821 2546; x_wconf 89' lang='lat' dir='ltr'>et</span> <span class='ocrx_word' id='word_1_393' title='bbox 2854 2490 3154 2562; x_wconf 86' lang='lat' dir='ltr'>responsio</span> <span class='ocrx_word' id='word_1_394' title='bbox 3186 2490 3463 2562; x_wconf 89' lang='lat' dir='ltr'>utrinque</span> <span class='ocrx_word' id='word_1_395' title='bbox 3492 2508 3754 2563; x_wconf 88' lang='lat' dir='ltr'>vergens,</span> 
     </span>
    </p>
   </div>
   <div class='ocr_carea' id='block_1_57' title="bbox 2111 2578 3757 2652">
    <p class='ocr_par' dir='ltr' id='par_1_57' title="bbox 2111 2578 3757 2652">
     <span class='ocr_line' id='line_1_57' title="bbox 2111 2578 3757 2652; baseline 0.002 -19"><span class='ocrx_word' id='word_1_396' title='bbox 2111 2581 2169 2633; x_wconf 89' lang='lat' dir='ltr'>et</span> <span class='ocrx_word' id='word_1_397' title='bbox 2199 2578 2505 2634; x_wconf 72' lang='lat' dir='ltr'>calumniae</span> <span class='ocrx_word' id='word_1_398' title='bbox 2539 2596 2652 2634; x_wconf 91' lang='lat' dir='ltr'>non</span> <span class='ocrx_word' id='word_1_399' title='bbox 2688 2584 2891 2652; x_wconf 85' lang='lat' dir='ltr'>patens</span> <span class='ocrx_word' id='word_1_400' title='bbox 2917 2580 2944 2634; x_wconf 89' lang='lat'><strong><em>?</em></strong></span> <span class='ocrx_word' id='word_1_401' title='bbox 2995 2580 3120 2635; x_wconf 86' lang='lat' dir='ltr'>Non</span> <span class='ocrx_word' id='word_1_402' title='bbox 3154 2579 3299 2635; x_wconf 82' lang='lat' dir='ltr'>dixit</span> <span class='ocrx_word' id='word_1_403' title='bbox 3343 2581 3497 2652; x_wconf 91' lang='lat' dir='ltr'>quod</span> <span class='ocrx_word' id='word_1_404' title='bbox 3546 2581 3757 2637; x_wconf 67' lang='lat' dir='ltr'>Scriba:</span> 
     </span>
    </p>
   </div>
   <div class='ocr_carea' id='block_1_58' title="bbox 2111 2668 3756 2741">
    <p class='ocr_par' dir='ltr' id='par_1_58' title="bbox 2111 2668 3756 2741">
     <span class='ocr_line' id='line_1_58' title="bbox 2111 2668 3756 2741; baseline 0.002 -20"><span class='ocrx_word' id='word_1_405' title='bbox 2111 2668 2314 2722; x_wconf 89' lang='lat' dir='ltr'>audire</span> <span class='ocrx_word' id='word_1_406' title='bbox 2369 2668 2703 2740; x_wconf 83' lang='lat' dir='ltr'>cupiebant,</span> <span class='ocrx_word' id='word_1_407' title='bbox 2738 2669 2883 2724; x_wconf 92' lang='lat' dir='ltr'>bene</span> <span class='ocrx_word' id='word_1_408' title='bbox 2933 2668 3153 2724; x_wconf 88' lang='lat' dir='ltr'>faciunt</span> <span class='ocrx_word' id='word_1_409' title='bbox 3185 2670 3369 2741; x_wconf 88' lang='lat' dir='ltr'>pueri,</span> <span class='ocrx_word' id='word_1_410' title='bbox 3406 2675 3470 2723; x_wconf 88' lang='lat' dir='ltr'>ut</span> <span class='ocrx_word' id='word_1_411' title='bbox 3501 2670 3641 2725; x_wconf 91' lang='lat' dir='ltr'>mihi</span> <span class='ocrx_word' id='word_1_412' title='bbox 3676 2676 3756 2725; x_wconf 89' lang='lat' dir='ltr'>te-</span> 
     </span>
    </p>
   </div>
   <div class='ocr_carea' id='block_1_59' title="bbox 2112 2757 3758 2830">
    <p class='ocr_par' dir='ltr' id='par_1_59' title="bbox 2112 2757 3758 2830">
     <span class='ocr_line' id='line_1_59' title="bbox 2112 2757 3758 2830; baseline 0.002 -19"><span class='ocrx_word' id='word_1_413' title='bbox 2112 2757 2457 2812; x_wconf 89' lang='lat' dir='ltr'>stimonium</span> <span class='ocrx_word' id='word_1_414' title='bbox 2490 2757 2852 2828; x_wconf 87' lang='lat' dir='ltr'>perhibeant,</span> <span class='ocrx_word' id='word_1_415' title='bbox 2879 2774 2983 2813; x_wconf 88' lang='lat' dir='ltr'>nec</span> <span class='ocrx_word' id='word_1_416' title='bbox 3014 2775 3272 2825; x_wconf 87' lang='lat' dir='ltr'>rursum,</span> <span class='ocrx_word' id='word_1_417' title='bbox 3302 2766 3499 2813; x_wconf 85' lang='lat' dir='ltr'>errant</span> <span class='ocrx_word' id='word_1_418' title='bbox 3532 2776 3543 2814; x_wconf 89' lang='lat'><strong>:</strong></span> <span class='ocrx_word' id='word_1_419' title='bbox 3594 2758 3758 2830; x_wconf 91' lang='lat' dir='ltr'>pueri</span> 
     </span>
    </p>
   </div>
   <div class='ocr_carea' id='block_1_60' title="bbox 2111 2845 3755 2918">
    <p class='ocr_par' dir='ltr' id='par_1_60' title="bbox 2111 2845 3755 2918">
     <span class='ocr_line' id='line_1_60' title="bbox 2111 2845 3755 2918; baseline 0 -17"><span class='ocrx_word' id='word_1_420' title='bbox 2111 2850 2269 2913; x_wconf 86' lang='lat' dir='ltr'>sunt,</span> <span class='ocrx_word' id='word_1_421' title='bbox 2305 2845 2527 2900; x_wconf 87' lang='lat' dir='ltr'>debetis</span> <span class='ocrx_word' id='word_1_422' title='bbox 2557 2847 2711 2901; x_wconf 68' lang='lat' dir='ltr'>aatati</span> <span class='ocrx_word' id='word_1_423' title='bbox 2752 2847 3088 2918; x_wconf 84' lang='lat' dir='ltr'>ignoscere;</span> <span class='ocrx_word' id='word_1_424' title='bbox 3145 2846 3245 2900; x_wconf 89' lang='lat' dir='ltr'>sed</span> <span class='ocrx_word' id='word_1_425' title='bbox 3299 2848 3515 2917; x_wconf 86' lang='lat' dir='ltr'>profert</span> <span class='ocrx_word' id='word_1_426' title='bbox 3564 2864 3755 2902; x_wconf 76' lang='lat' dir='ltr'>exem~</span> 
     </span>
    </p>
   </div>
   <div class='ocr_carea' id='block_1_61' title="bbox 2112 2934 3753 3007">
    <p class='ocr_par' dir='ltr' id='par_1_61' title="bbox 2112 2934 3753 3007">
     <span class='ocr_line' id='line_1_61' title="bbox 2112 2934 3753 3007; baseline 0 -18"><span class='ocrx_word' id='word_1_427' title='bbox 2112 2934 2277 3007; x_wconf 89' lang='lat' dir='ltr'>plum</span> <span class='ocrx_word' id='word_1_428' title='bbox 2339 2934 2408 2989; x_wconf 88' lang='lat' dir='ltr'>de</span> <span class='ocrx_word' id='word_1_429' title='bbox 2464 2940 2665 2991; x_wconf 89' lang='lat' dir='ltr'>octavo</span> <span class='ocrx_word' id='word_1_430' title='bbox 2724 2935 2981 3007; x_wconf 87' lang='lat' dir='ltr'>psalmo,</span> <span class='ocrx_word' id='word_1_431' title='bbox 3044 2939 3135 3002; x_wconf 89' lang='lat' dir='ltr'>ut,</span> <span class='ocrx_word' id='word_1_432' title='bbox 3196 2939 3423 2990; x_wconf 88' lang='lat' dir='ltr'>tacente</span> <span class='ocrx_word' id='word_1_433' title='bbox 3478 2935 3753 3003; x_wconf 86' lang='lat' dir='ltr'>Domino,</span> 
     </span>
    </p>
   </div>
   <div class='ocr_carea' id='block_1_62' title="bbox 2111 3023 3757 3097">
    <p class='ocr_par' dir='ltr' id='par_1_62' title="bbox 2111 3023 3757 3097">
     <span class='ocr_line' id='line_1_62' title="bbox 2111 3023 3757 3097; baseline 0 -18"><span class='ocrx_word' id='word_1_434' title='bbox 2111 3024 2545 3097; x_wconf 87' lang='lat' dir='ltr'>Scripturarum</span> <span class='ocrx_word' id='word_1_435' title='bbox 2588 3023 2991 3079; x_wconf 86' lang='lat' dir='ltr'>testimonium</span> <span class='ocrx_word' id='word_1_436' title='bbox 3026 3039 3336 3095; x_wconf 89' lang='lat' dir='ltr'>puerorum</span> <span class='ocrx_word' id='word_1_437' title='bbox 3373 3024 3757 3091; x_wconf 70' lang='lat' dir='ltr'>dictafirma—</span> 
     </span>
    </p>
   </div>
   <div class='ocr_carea' id='block_1_63' title="bbox 2112 3116 2218 3169">
    <p class='ocr_par' dir='ltr' id='par_1_63' title="bbox 2112 3116 2218 3169">
     <span class='ocr_line' id='line_1_63' title="bbox 2112 3116 2218 3169; baseline 0.009 -1"><span class='ocrx_word' id='word_1_438' title='bbox 2112 3116 2218 3169; x_wconf 88' lang='lat' dir='ltr'>ret.</span> 
     </span>
    </p>
   </div>
   <div class='ocr_carea' id='block_1_64' title="bbox 2184 3200 3760 3273">
    <p class='ocr_par' dir='ltr' id='par_1_64' title="bbox 2184 3200 3760 3273">
     <span class='ocr_line' id='line_1_64' title="bbox 2184 3200 3760 3273; baseline 0.001 -18"><span class='ocrx_word' id='word_1_439' title='bbox 2184 3204 2370 3272; x_wconf 76' lang='lat' dir='ltr'>(Vers.</span> <span class='ocrx_word' id='word_1_440' title='bbox 2420 3202 2531 3273; x_wconf 87' lang='grc'>17.)</span> <span class='ocrx_word' id='word_1_441' title='bbox 2584 3223 2612 3250; x_wconf 92' lang='grc'><em>‹‹</em></span> <span class='ocrx_word' id='word_1_442' title='bbox 2648 3201 2712 3256; x_wconf 80' lang='lat' dir='ltr'>Et</span> <span class='ocrx_word' id='word_1_443' title='bbox 2758 3200 2975 3257; x_wconf 86' lang='lat' dir='ltr'>relictis</span> <span class='ocrx_word' id='word_1_444' title='bbox 3022 3201 3163 3268; x_wconf 88' lang='lat' dir='ltr'>illis,</span> <span class='ocrx_word' id='word_1_445' title='bbox 3204 3202 3350 3257; x_wconf 90' lang='lat' dir='ltr'>abiit</span> <span class='ocrx_word' id='word_1_446' title='bbox 3403 3202 3558 3258; x_wconf 87' lang='lat' dir='ltr'>foras</span> <span class='ocrx_word' id='word_1_447' title='bbox 3598 3205 3760 3257; x_wconf 85' lang='lat' dir='ltr'>extra</span> 
     </span>
    </p>
   </div>
   <div class='ocr_carea' id='block_1_65' title="bbox 426 3254 3762 3363">
    <p class='ocr_par' dir='ltr' id='par_1_65' title="bbox 426 3254 3762 3363">
     <span class='ocr_line' id='line_1_65' title="bbox 426 3254 3762 3363; baseline 0.007 -42"><span class='ocrx_word' id='word_1_448' title='bbox 426 3265 615 3363; x_wconf 57' lang='lat' dir='ltr'>(Vere:</span> <span class='ocrx_word' id='word_1_449' title='bbox 680 3270 790 3363; x_wconf 74' lang='grc'>14.)</span> <span class='ocrx_word' id='word_1_450' title='bbox 841 3272 970 3363; x_wconf 35' lang='lat' dir='ltr'>u-Et</span> <span class='ocrx_word' id='word_1_451' title='bbox 1019 3283 1391 3334; x_wconf 88' lang='lat' dir='ltr'>accesserunt</span> <span class='ocrx_word' id='word_1_452' title='bbox 1440 3281 1510 3335; x_wconf 86' lang='lat' dir='ltr'>ad</span> <span class='ocrx_word' id='word_1_453' title='bbox 1563 3299 1695 3338; x_wconf 90' lang='lat' dir='ltr'>eum</span> <span class='ocrx_word' id='word_1_454' title='bbox 1757 3286 1887 3342; x_wconf 67' lang='lat' dir='ltr'>eieci</span> <span class='ocrx_word' id='word_1_455' title='bbox 1945 3292 2001 3344; x_wconf 91' lang='lat' dir='ltr'>et</span> <span class='ocrx_word' id='word_1_456' title='bbox 2032 3254 2075 3321; x_wconf 65' lang='grc' dir='ltr'>Ο</span> <span class='ocrx_word' id='word_1_457' title='bbox 2113 3254 3762 3363; x_wconf 14' lang='lat' dir='ltr'>civitateminlBettianiam,libiquemansit—ir</span> 
     </span>
    </p>
   </div>
   <div class='ocr_carea' id='block_1_66' title="bbox 345 3353 2001 3434">
    <p class='ocr_par' dir='ltr' id='par_1_66' title="bbox 345 3353 2001 3434">
     <span class='ocr_line' id='line_1_66' title="bbox 345 3353 2001 3434; baseline 0.017 -28"><span class='ocrx_word' id='word_1_458' title='bbox 345 3353 549 3409; x_wconf 86' lang='lat' dir='ltr'>claudi</span> <span class='ocrx_word' id='word_1_459' title='bbox 596 3356 657 3411; x_wconf 90' lang='lat' dir='ltr'>in</span> <span class='ocrx_word' id='word_1_460' title='bbox 709 3360 950 3432; x_wconf 89' lang='lat' dir='ltr'>templo,</span> <span class='ocrx_word' id='word_1_461' title='bbox 984 3367 1040 3417; x_wconf 90' lang='lat' dir='ltr'>et</span> <span class='ocrx_word' id='word_1_462' title='bbox 1087 3367 1315 3421; x_wconf 87' lang='lat' dir='ltr'>sanavit</span> <span class='ocrx_word' id='word_1_463' title='bbox 1363 3385 1481 3425; x_wconf 92' lang='lat' dir='ltr'>eos.</span> <span class='ocrx_word' id='word_1_464' title='bbox 1515 3393 1542 3421; x_wconf 82' lang='grc'><strong>››</strong></span> <span class='ocrx_word' id='word_1_465' title='bbox 1594 3372 1716 3429; x_wconf 90' lang='lat' dir='ltr'>Nisi</span> <span class='ocrx_word' id='word_1_466' title='bbox 1764 3392 2001 3434; x_wconf 89' lang='lat' dir='ltr'>mensas</span> 
     </span>
    </p>
   </div>
   <div class='ocr_carea' id='block_1_67' title="bbox 346 3443 2001 3533">
    <p class='ocr_par' dir='ltr' id='par_1_67' title="bbox 346 3443 2001 3533">
     <span class='ocr_line' id='line_1_67' title="bbox 346 3443 2001 3533; baseline 0.016 -37"><span class='ocrx_word' id='word_1_467' title='bbox 346 3443 887 3504; x_wconf 87' lang='lat' dir='ltr'>nummulariorum</span> <span class='ocrx_word' id='word_1_468' title='bbox 913 3451 1235 3518; x_wconf 86' lang='lat' dir='ltr'>evertisset,</span> <span class='ocrx_word' id='word_1_469' title='bbox 1251 3456 1675 3533; x_wconf 88' lang='lat' dir='ltr'>cathedrasque</span> <span class='ocrx_word' id='word_1_470' title='bbox 1696 3463 2001 3524; x_wconf 86' lang='lat' dir='ltr'>columbas</span> 
     </span>
    </p>
   </div>
   <div class='ocr_carea' id='block_1_68' title="bbox 344 3532 2002 3622">
    <p class='ocr_par' dir='ltr' id='par_1_68' title="bbox 344 3532 2002 3622">
     <span class='ocr_line' id='line_1_68' title="bbox 344 3532 2002 3622; baseline 0.016 -37"><span class='ocrx_word' id='word_1_471' title='bbox 344 3532 754 3606; x_wconf 87' lang='lat' dir='ltr'>vendentium,</span> <span class='ocrx_word' id='word_1_472' title='bbox 797 3539 928 3593; x_wconf 71' lang='lat' dir='ltr'>caeci</span> <span class='ocrx_word' id='word_1_473' title='bbox 980 3542 1037 3595; x_wconf 87' lang='lat' dir='ltr'>et</span> <span class='ocrx_word' id='word_1_474' title='bbox 1084 3540 1277 3597; x_wconf 86' lang='lat' dir='ltr'>claudi</span> <span class='ocrx_word' id='word_1_475' title='bbox 1324 3545 1511 3604; x_wconf 89' lang='lat' dir='ltr'>lucem</span> <span class='ocrx_word' id='word_1_476' title='bbox 1568 3532 1900 3622; x_wconf 86' lang='lat' dir='ltr'>pristinam,</span> <span class='ocrx_word' id='word_1_477' title='bbox 1945 3560 2002 3612; x_wconf 89' lang='lat' dir='ltr'>et</span> 
     </span>
    </p>
   </div>
   <div class='ocr_carea' id='block_1_69' title="bbox 344 3621 1757 3712">
    <p class='ocr_par' dir='ltr' id='par_1_69' title="bbox 344 3621 1757 3712">
     <span class='ocr_line' id='line_1_69' title="bbox 344 3621 1757 3712; baseline 0.017 -38"><span class='ocrx_word' id='word_1_478' title='bbox 344 3621 640 3678; x_wconf 89' lang='lat' dir='ltr'>concitum</span> <span class='ocrx_word' id='word_1_479' title='bbox 674 3627 920 3695; x_wconf 88' lang='lat' dir='ltr'>gradum</span> <span class='ocrx_word' id='word_1_480' title='bbox 952 3644 1067 3685; x_wconf 92' lang='lat' dir='ltr'>non</span> <span class='ocrx_word' id='word_1_481' title='bbox 1100 3633 1456 3691; x_wconf 86' lang='lat' dir='ltr'>meruissent</span> <span class='ocrx_word' id='word_1_482' title='bbox 1485 3639 1757 3712; x_wconf 90' lang='lat' dir='ltr'>recipere.</span> 
     </span>
    </p>
   </div>
   <div class='ocr_carea' id='block_1_70' title="bbox 425 3710 1997 3802">
    <p class='ocr_par' dir='ltr' id='par_1_70' title="bbox 425 3710 1997 3802">
     <span class='ocr_line' id='line_1_70' title="bbox 425 3710 1997 3802; baseline 0.018 -39"><span class='ocrx_word' id='word_1_483' title='bbox 425 3710 763 3802; x_wconf 11' lang='lat' dir='ltr'>(Vers.715.)</span> <span class='ocrx_word' id='word_1_484' title='bbox 808 3739 834 3765; x_wconf 91' lang='grc'>‹‹</span> <span class='ocrx_word' id='word_1_485' title='bbox 867 3715 1145 3776; x_wconf 87' lang='lat' dir='ltr'>Videntes</span> <span class='ocrx_word' id='word_1_486' title='bbox 1176 3727 1374 3780; x_wconf 87' lang='lat' dir='ltr'>autem</span> <span class='ocrx_word' id='word_1_487' title='bbox 1407 3710 1700 3802; x_wconf 82' lang='lat' dir='ltr'>principes</span> <span class='ocrx_word' id='word_1_488' title='bbox 1731 3736 1997 3791; x_wconf 86' lang='lat' dir='ltr'>sacerdo-</span> 
     </span>
    </p>
   </div>
   <div class='ocr_carea' id='block_1_71' title="bbox 348 3800 1997 3891">
    <p class='ocr_par' dir='ltr' id='par_1_71' title="bbox 348 3800 1997 3891">
     <span class='ocr_line' id='line_1_71' title="bbox 348 3800 1997 3891; baseline 0.018 -40"><span class='ocrx_word' id='word_1_489' title='bbox 348 3800 477 3853; x_wconf 90' lang='lat' dir='ltr'>tum</span> <span class='ocrx_word' id='word_1_490' title='bbox 508 3803 566 3855; x_wconf 90' lang='lat' dir='ltr'>et</span> <span class='ocrx_word' id='word_1_491' title='bbox 608 3801 823 3859; x_wconf 76' lang='lat' dir='ltr'>Scribae</span> <span class='ocrx_word' id='word_1_492' title='bbox 875 3806 1167 3864; x_wconf 89' lang='lat' dir='ltr'>mirabilia</span> <span class='ocrx_word' id='word_1_493' title='bbox 1209 3828 1336 3883; x_wconf 68' lang='lat' dir='ltr'>quae</span> <span class='ocrx_word' id='word_1_494' title='bbox 1369 3814 1522 3883; x_wconf 87' lang='lat' dir='ltr'>fecit,</span> <span class='ocrx_word' id='word_1_495' title='bbox 1554 3800 1617 3873; x_wconf 76' lang='lat' dir='ltr'>et</span> <span class='ocrx_word' id='word_1_496' title='bbox 1639 3837 1851 3891; x_wconf 90' lang='lat' dir='ltr'>pueros</span> <span class='ocrx_word' id='word_1_497' title='bbox 1882 3823 1997 3880; x_wconf 88' lang='lat' dir='ltr'>cla-</span> 
     </span>
    </p>
   </div>
   <div class='ocr_carea' id='block_1_72' title="bbox 352 3890 1995 3981">
    <p class='ocr_par' dir='ltr' id='par_1_72' title="bbox 352 3890 1995 3981">
     <span class='ocr_line' id='line_1_72' title="bbox 352 3890 1995 3981; baseline 0.018 -41"><span class='ocrx_word' id='word_1_498' title='bbox 352 3892 585 3981; x_wconf 71' lang='lat' dir='ltr'>mantes</span> <span class='ocrx_word' id='word_1_499' title='bbox 614 3890 671 3981; x_wconf 85' lang='lat' dir='ltr'>in</span> <span class='ocrx_word' id='word_1_500' title='bbox 704 3890 945 3966; x_wconf 90' lang='lat' dir='ltr'>templo,</span> <span class='ocrx_word' id='word_1_501' title='bbox 969 3899 1027 3951; x_wconf 88' lang='lat' dir='ltr'>et</span> <span class='ocrx_word' id='word_1_502' title='bbox 1057 3897 1318 3957; x_wconf 88' lang='lat' dir='ltr'>dicentes</span> <span class='ocrx_word' id='word_1_503' title='bbox 1343 3921 1355 3960; x_wconf 88' lang='lat'>:</span> <span class='ocrx_word' id='word_1_504' title='bbox 1391 3903 1623 3962; x_wconf 88' lang='lat' dir='ltr'>Osanna</span> <span class='ocrx_word' id='word_1_505' title='bbox 1642 3890 1773 3966; x_wconf 66' lang='lat' dir='ltr'>tilio</span> <span class='ocrx_word' id='word_1_506' title='bbox 1796 3912 1995 3981; x_wconf 89' lang='lat' dir='ltr'>David,</span> 
     </span>
    </p>
   </div>
   <div class='ocr_carea' id='block_1_73' title="bbox 356 3973 1997 4070">
    <p class='ocr_par' dir='ltr' id='par_1_73' title="bbox 356 3973 1997 4070">
     <span class='ocr_line' id='line_1_73' title="bbox 356 3973 1997 4070; baseline 0.018 -43"><span class='ocrx_word' id='word_1_507' title='bbox 356 3973 645 4070; x_wconf 65' lang='lat' dir='ltr'>indignati</span> <span class='ocrx_word' id='word_1_508' title='bbox 700 3986 861 4070; x_wconf 88' lang='lat' dir='ltr'>sunt,</span> <span class='ocrx_word' id='word_1_509' title='bbox 908 3988 965 4039; x_wconf 89' lang='lat' dir='ltr'>et</span> <span class='ocrx_word' id='word_1_510' title='bbox 1013 3985 1287 4045; x_wconf 81' lang='lat' dir='ltr'>dixerunt</span> <span class='ocrx_word' id='word_1_511' title='bbox 1334 3992 1383 4047; x_wconf 90' lang='lat' dir='ltr'>ei</span> <span class='ocrx_word' id='word_1_512' title='bbox 1421 4010 1433 4046; x_wconf 88' lang='lat'>:</span> <span class='ocrx_word' id='word_1_513' title='bbox 1488 3996 1670 4051; x_wconf 92' lang='lat' dir='ltr'>Audis</span> <span class='ocrx_word' id='word_1_514' title='bbox 1714 4001 1854 4070; x_wconf 84' lang='lat' dir='ltr'>quid</span> <span class='ocrx_word' id='word_1_515' title='bbox 1900 3973 1997 4057; x_wconf 81' lang='lat' dir='ltr'>isti</span> 
     </span>
    </p>
   </div>
   <div class='ocr_carea' id='block_1_74' title="bbox 354 4061 2000 4148">
    <p class='ocr_par' dir='ltr' id='par_1_74' title="bbox 354 4061 2000 4148">
     <span class='ocr_line' id='line_1_74' title="bbox 354 4061 2000 4148; baseline 0.019 -32"><span class='ocrx_word' id='word_1_516' title='bbox 354 4061 613 4120; x_wconf 87' lang='lat' dir='ltr'>dicunt?</span> <span class='ocrx_word' id='word_1_517' title='bbox 663 4090 689 4117; x_wconf 85' lang='grc'><strong>››</strong></span> <span class='ocrx_word' id='word_1_518' title='bbox 745 4069 1017 4145; x_wconf 90' lang='lat' dir='ltr'>Plerique</span> <span class='ocrx_word' id='word_1_519' title='bbox 1074 4078 1434 4136; x_wconf 85' lang='lat' dir='ltr'>arbitrantur</span> <span class='ocrx_word' id='word_1_520' title='bbox 1491 4061 1814 4143; x_wconf 82' lang='lat' dir='ltr'>maximum</span> <span class='ocrx_word' id='word_1_521' title='bbox 1872 4108 2000 4148; x_wconf 90' lang='lat' dir='ltr'>esse</span> 
     </span>
    </p>
   </div>
   <div class='ocr_carea' id='block_1_75' title="bbox 350 4151 1997 4250">
    <p class='ocr_par' dir='ltr' id='par_1_75' title="bbox 350 4151 1997 4250">
     <span class='ocr_line' id='line_1_75' title="bbox 350 4151 1997 4250; baseline 0.018 -44"><span class='ocrx_word' id='word_1_522' title='bbox 350 4151 678 4250; x_wconf 61' lang='lat' dir='ltr'>signorum,</span> <span class='ocrx_word' id='word_1_523' title='bbox 713 4162 872 4231; x_wconf 90' lang='lat' dir='ltr'>quod</span> <span class='ocrx_word' id='word_1_524' title='bbox 927 4168 1172 4221; x_wconf 87' lang='lat' dir='ltr'>Lazarus</span> <span class='ocrx_word' id='word_1_525' title='bbox 1220 4170 1538 4227; x_wconf 87' lang='lat' dir='ltr'>suscitatus</span> <span class='ocrx_word' id='word_1_526' title='bbox 1583 4179 1671 4229; x_wconf 88' lang='lat' dir='ltr'>est</span> <span class='ocrx_word' id='word_1_527' title='bbox 1711 4176 1884 4248; x_wconf 83' lang='lat' dir='ltr'>(Joan.</span> <span class='ocrx_word' id='word_1_528' title='bbox 1917 4199 1997 4250; x_wconf 82' lang='lat' dir='ltr'>x1,</span> 
     </span>
    </p>
   </div>
   <div class='ocr_carea' id='block_1_76' title="bbox 351 4242 1993 4339">
    <p class='ocr_par' dir='ltr' id='par_1_76' title="bbox 351 4242 1993 4339">
     <span class='ocr_line' id='line_1_76' title="bbox 351 4242 1993 4339; baseline 0.016 -42"><span class='ocrx_word' id='word_1_529' title='bbox 351 4242 673 4339; x_wconf 40' lang='lat' dir='ltr'>43),Uquod</span> <span class='ocrx_word' id='word_1_530' title='bbox 724 4264 909 4339; x_wconf 58' lang='lat' dir='ltr'>caicus</span> <span class='ocrx_word' id='word_1_531' title='bbox 953 4269 1020 4308; x_wconf 81' lang='lat' dir='ltr'>ex</span> <span class='ocrx_word' id='word_1_532' title='bbox 1063 4258 1227 4311; x_wconf 89' lang='lat' dir='ltr'>utero</span> <span class='ocrx_word' id='word_1_533' title='bbox 1269 4257 1467 4315; x_wconf 88' lang='lat' dir='ltr'>lumen</span> <span class='ocrx_word' id='word_1_534' title='bbox 1501 4242 1787 4336; x_wconf 83' lang='lat' dir='ltr'>acceperit</span> <span class='ocrx_word' id='word_1_535' title='bbox 1817 4242 1993 4339; x_wconf 47' lang='lat' dir='ltr'>(Joan:</span> 
     </span>
    </p>
   </div>
   <div class='ocr_carea' id='block_1_77' title="bbox 350 4334 1996 4414">
    <p class='ocr_par' dir='ltr' id='par_1_77' title="bbox 350 4334 1996 4414">
     <span class='ocr_line' id='line_1_77' title="bbox 350 4334 1996 4414; baseline 0.018 -29"><span class='ocrx_word' id='word_1_536' title='bbox 350 4348 429 4395; x_wconf 80' lang='lat' dir='ltr'>ix,</span> <span class='ocrx_word' id='word_1_537' title='bbox 469 4334 543 4404; x_wconf 81' lang='grc' dir='ltr'>Ἰ),</span> <span class='ocrx_word' id='word_1_538' title='bbox 591 4337 743 4407; x_wconf 88' lang='lat' dir='ltr'>quod</span> <span class='ocrx_word' id='word_1_539' title='bbox 796 4339 864 4394; x_wconf 89' lang='lat' dir='ltr'>ad</span> <span class='ocrx_word' id='word_1_540' title='bbox 915 4340 1228 4399; x_wconf 87' lang='lat' dir='ltr'>Jordanem</span> <span class='ocrx_word' id='word_1_541' title='bbox 1280 4363 1386 4403; x_wconf 83' lang='lat' dir='ltr'>vox</span> <span class='ocrx_word' id='word_1_542' title='bbox 1436 4334 1656 4406; x_wconf 62' lang='lat' dir='ltr'>audita</span> <span class='ocrx_word' id='word_1_543' title='bbox 1684 4354 1758 4409; x_wconf 91' lang='lat' dir='ltr'>sit</span> <span class='ocrx_word' id='word_1_544' title='bbox 1809 4334 1996 4414; x_wconf 77' lang='lat' dir='ltr'>Patris</span> 
     </span>
    </p>
   </div>
   <div class='ocr_carea' id='block_1_78' title="bbox 351 4419 1993 4519">
    <p class='ocr_par' dir='ltr' id='par_1_78' title="bbox 351 4419 1993 4519">
     <span class='ocr_line' id='line_1_78' title="bbox 351 4419 1993 4519; baseline 0.017 -45"><span class='ocrx_word' id='word_1_545' title='bbox 351 4419 559 4519; x_wconf 56' lang='lat' dir='ltr'>Qth.</span> <span class='ocrx_word' id='word_1_546' title='bbox 597 4443 676 4519; x_wconf 68' lang='lat' dir='ltr'>in,</span> <span class='ocrx_word' id='word_1_547' title='bbox 716 4426 824 4519; x_wconf 67' lang='lat' dir='ltr'>t7),</span> <span class='ocrx_word' id='word_1_548' title='bbox 858 4430 1011 4500; x_wconf 89' lang='lat' dir='ltr'>quod</span> <span class='ocrx_word' id='word_1_549' title='bbox 1057 4434 1514 4508; x_wconf 82' lang='lat' dir='ltr'>transfiguratus</span> <span class='ocrx_word' id='word_1_550' title='bbox 1546 4440 1602 4494; x_wconf 93' lang='lat' dir='ltr'>in</span> <span class='ocrx_word' id='word_1_551' title='bbox 1636 4450 1833 4500; x_wconf 88' lang='lat' dir='ltr'>monte</span> <span class='ocrx_word' id='word_1_552' title='bbox 1862 4447 1993 4519; x_wconf 90' lang='lat' dir='ltr'>glo-</span> 
     </span>
    </p>
   </div>
   <div class='ocr_carea' id='block_1_79' title="bbox 349 4508 1969 4609">
    <p class='ocr_par' dir='ltr' id='par_1_79' title="bbox 349 4508 1969 4609">
     <span class='ocr_line' id='line_1_79' title="bbox 349 4508 1969 4609; baseline 0.017 -45"><span class='ocrx_word' id='word_1_553' title='bbox 538 4516 857 4609; x_wconf 73' lang='lat' dir='ltr'>pstenderit</span> <span class='ocrx_word' id='word_1_554' title='bbox 908 4519 1332 4592; x_wconf 87' lang='lat' dir='ltr'>triumphantis</span> <span class='ocrx_word' id='word_1_555' title='bbox 1398 4528 1609 4595; x_wconf 81' lang='lat' dir='ltr'>(Matth.</span> <span class='ocrx_word' id='word_1_556' title='bbox 1680 4508 1969 4609; x_wconf 50' lang='lat' dir='ltr'>xvm,u2)</span> 
     </span>
    </p>
   </div>
   <div class='ocr_carea' id='block_1_80' title="bbox 2110 3379 3758 3452">
    <p class='ocr_par' dir='ltr' id='par_1_80' title="bbox 2110 3379 3758 3452">
     <span class='ocr_line' id='line_1_80' title="bbox 2110 3379 3758 3452; baseline 0.001 -19"><span class='ocrx_word' id='word_1_557' title='bbox 2110 3379 2463 3446; x_wconf 89' lang='lat' dir='ltr'>incredulos,</span> <span class='ocrx_word' id='word_1_558' title='bbox 2514 3383 2571 3434; x_wconf 91' lang='lat' dir='ltr'>et</span> <span class='ocrx_word' id='word_1_559' title='bbox 2619 3380 2823 3434; x_wconf 89' lang='lat' dir='ltr'>urbem</span> <span class='ocrx_word' id='word_1_560' title='bbox 2882 3395 3154 3452; x_wconf 89' lang='lat' dir='ltr'>egressus</span> <span class='ocrx_word' id='word_1_561' title='bbox 3209 3380 3758 3449; x_wconf 88' lang='lat' dir='ltr'>eontradicentium,</span> 
     </span>
    </p>
   </div>
   <div class='ocr_carea' id='block_1_81' title="bbox 2109 3458 3755 3541">
    <p class='ocr_par' dir='ltr' id='par_1_81' title="bbox 2109 3458 3755 3541">
     <span class='ocr_line' id='line_1_81' title="bbox 2109 3458 3755 3541; baseline 0 -18"><span class='ocrx_word' id='word_1_562' title='bbox 2109 3458 2214 3524; x_wconf 85' lang='lat' dir='ltr'>ivit</span> <span class='ocrx_word' id='word_1_563' title='bbox 2245 3468 2612 3537; x_wconf 87' lang='lat' dir='ltr'>Bethaniam,</span> <span class='ocrx_word' id='word_1_564' title='bbox 2648 3470 2803 3541; x_wconf 93' lang='lat' dir='ltr'>quod</span> <span class='ocrx_word' id='word_1_565' title='bbox 2838 3468 3253 3541; x_wconf 81' lang='lat' dir='ltr'>interpretatur</span> <span class='ocrx_word' id='word_1_566' title='bbox 3280 3470 3472 3524; x_wconf 86' lang='lat' dir='ltr'>domus</span> <span class='ocrx_word' id='word_1_567' title='bbox 3500 3470 3755 3524; x_wconf 83' lang='lat' dir='ltr'>obedien-</span> 
     </span>
    </p>
   </div>
   <div class='ocr_carea' id='block_1_82' title="bbox 2110 3558 3755 3631">
    <p class='ocr_par' dir='ltr' id='par_1_82' title="bbox 2110 3558 3755 3631">
     <span class='ocr_line' id='line_1_82' title="bbox 2110 3558 3755 3631; baseline 0 -18"><span class='ocrx_word' id='word_1_568' title='bbox 2110 3560 2223 3627; x_wconf 67' lang='lat' dir='ltr'>tize,</span> <span class='ocrx_word' id='word_1_569' title='bbox 2270 3560 2392 3629; x_wconf 89' lang='lat' dir='ltr'>jam</span> <span class='ocrx_word' id='word_1_570' title='bbox 2444 3563 2583 3613; x_wconf 88' lang='lat' dir='ltr'>tunc</span> <span class='ocrx_word' id='word_1_571' title='bbox 2626 3559 2987 3613; x_wconf 89' lang='lat' dir='ltr'>vocationem</span> <span class='ocrx_word' id='word_1_572' title='bbox 3042 3560 3299 3629; x_wconf 75' lang='lat' dir='ltr'>gentium</span> <span class='ocrx_word' id='word_1_573' title='bbox 3350 3558 3755 3631; x_wconf 59' lang='lat' dir='ltr'>prwfigurans,</span> 
     </span>
    </p>
   </div>
   <div class='ocr_carea' id='block_1_83' title="bbox 2109 3646 3756 3721">
    <p class='ocr_par' dir='ltr' id='par_1_83' title="bbox 2109 3646 3756 3721">
     <span class='ocr_line' id='line_1_83' title="bbox 2109 3646 3756 3721; baseline 0.001 -19"><span class='ocrx_word' id='word_1_574' title='bbox 2109 3648 2306 3721; x_wconf 86' lang='lat' dir='ltr'>ibique</span> <span class='ocrx_word' id='word_1_575' title='bbox 2362 3648 2598 3711; x_wconf 87' lang='lat' dir='ltr'>mansit,</span> <span class='ocrx_word' id='word_1_576' title='bbox 2643 3646 2779 3717; x_wconf 81' lang='lat' dir='ltr'>quia</span> <span class='ocrx_word' id='word_1_577' title='bbox 2824 3648 2878 3702; x_wconf 91' lang='lat' dir='ltr'>in</span> <span class='ocrx_word' id='word_1_578' title='bbox 2923 3648 3099 3703; x_wconf 87' lang='lat' dir='ltr'>Israel</span> <span class='ocrx_word' id='word_1_579' title='bbox 3133 3665 3473 3720; x_wconf 89' lang='lat' dir='ltr'>permanere</span> <span class='ocrx_word' id='word_1_580' title='bbox 3506 3665 3619 3715; x_wconf 89' lang='lat' dir='ltr'>non</span> <span class='ocrx_word' id='word_1_581' title='bbox 3653 3665 3756 3720; x_wconf 93' lang='lat' dir='ltr'>po-</span> 
     </span>
    </p>
   </div>
   <div class='ocr_carea' id='block_1_84' title="bbox 2108 3735 3757 3808">
    <p class='ocr_par' dir='ltr' id='par_1_84' title="bbox 2108 3735 3757 3808">
     <span class='ocr_line' id='line_1_84' title="bbox 2108 3735 3757 3808; baseline 0.001 -18"><span class='ocrx_word' id='word_1_582' title='bbox 2108 3737 2241 3792; x_wconf 90' lang='lat' dir='ltr'>tuit.</span> <span class='ocrx_word' id='word_1_583' title='bbox 2277 3737 2394 3792; x_wconf 92' lang='lat' dir='ltr'>Hoc</span> <span class='ocrx_word' id='word_1_584' title='bbox 2434 3753 2666 3808; x_wconf 91' lang='lat' dir='ltr'>quoque</span> <span class='ocrx_word' id='word_1_585' title='bbox 2720 3735 3165 3807; x_wconf 85' lang='lat' dir='ltr'>intelligendum</span> <span class='ocrx_word' id='word_1_586' title='bbox 3214 3741 3322 3803; x_wconf 89' lang='lat' dir='ltr'>est,</span> <span class='ocrx_word' id='word_1_587' title='bbox 3370 3738 3526 3808; x_wconf 89' lang='lat' dir='ltr'>quod</span> <span class='ocrx_word' id='word_1_588' title='bbox 3584 3742 3757 3792; x_wconf 68' lang='lat' dir='ltr'>tautae</span> 
     </span>
    </p>
   </div>
   <div class='ocr_carea' id='block_1_85' title="bbox 2111 3824 3756 3898">
    <p class='ocr_par' dir='ltr' id='par_1_85' title="bbox 2111 3824 3756 3898">
     <span class='ocr_line' id='line_1_85' title="bbox 2111 3824 3756 3898; baseline 0.001 -19"><span class='ocrx_word' id='word_1_589' title='bbox 2111 3824 2283 3880; x_wconf 88' lang='lat' dir='ltr'>fuerit</span> <span class='ocrx_word' id='word_1_590' title='bbox 2331 3826 2712 3898; x_wconf 88' lang='lat' dir='ltr'>paupertatis,</span> <span class='ocrx_word' id='word_1_591' title='bbox 2746 3831 2804 3881; x_wconf 90' lang='lat' dir='ltr'>et</span> <span class='ocrx_word' id='word_1_592' title='bbox 2852 3826 2932 3880; x_wconf 87' lang='lat' dir='ltr'>ita</span> <span class='ocrx_word' id='word_1_593' title='bbox 2978 3825 3122 3880; x_wconf 91' lang='lat' dir='ltr'>nulli</span> <span class='ocrx_word' id='word_1_594' title='bbox 3165 3825 3439 3882; x_wconf 88' lang='lat' dir='ltr'>adulatus</span> <span class='ocrx_word' id='word_1_595' title='bbox 3472 3826 3568 3891; x_wconf 92' lang='lat' dir='ltr'>sit,</span> <span class='ocrx_word' id='word_1_596' title='bbox 3604 3831 3667 3881; x_wconf 86' lang='lat' dir='ltr'>ut</span> <span class='ocrx_word' id='word_1_597' title='bbox 3696 3826 3756 3881; x_wconf 92' lang='lat' dir='ltr'>in</span> 
     </span>
    </p>
   </div>
   <div class='ocr_carea' id='block_1_86' title="bbox 2108 3914 3757 3988">
    <p class='ocr_par' dir='ltr' id='par_1_86' title="bbox 2108 3914 3757 3988">
     <span class='ocr_line' id='line_1_86' title="bbox 2108 3914 3757 3988; baseline 0.002 -20"><span class='ocrx_word' id='word_1_598' title='bbox 2108 3915 2252 3969; x_wconf 90' lang='lat' dir='ltr'>urbe</span> <span class='ocrx_word' id='word_1_599' title='bbox 2287 3914 2540 3969; x_wconf 82' lang='lat' dir='ltr'>maxima</span> <span class='ocrx_word' id='word_1_600' title='bbox 2585 3914 2814 3970; x_wconf 89' lang='lat' dir='ltr'>nullum</span> <span class='ocrx_word' id='word_1_601' title='bbox 2861 3915 3175 3988; x_wconf 88' lang='lat' dir='ltr'>hospitem,</span> <span class='ocrx_word' id='word_1_602' title='bbox 3210 3915 3437 3971; x_wconf 90' lang='lat' dir='ltr'>nullum</span> <span class='ocrx_word' id='word_1_603' title='bbox 3470 3916 3757 3971; x_wconf 86' lang='lat' dir='ltr'>invenerit</span> 
     </span>
    </p>
   </div>
   <div class='ocr_carea' id='block_1_87' title="bbox 2109 4002 3754 4075">
    <p class='ocr_par' dir='ltr' id='par_1_87' title="bbox 2109 4002 3754 4075">
     <span class='ocr_line' id='line_1_87' title="bbox 2109 4002 3754 4075; baseline 0.002 -20"><span class='ocrx_word' id='word_1_604' title='bbox 2109 4002 2497 4068; x_wconf 83' lang='lat' dir='ltr'>mansionem,</span> <span class='ocrx_word' id='word_1_605' title='bbox 2531 4003 2629 4057; x_wconf 84' lang='lat' dir='ltr'>sed</span> <span class='ocrx_word' id='word_1_606' title='bbox 2666 4004 2720 4057; x_wconf 92' lang='lat' dir='ltr'>in</span> <span class='ocrx_word' id='word_1_607' title='bbox 2754 4019 2890 4075; x_wconf 83' lang='lat' dir='ltr'>agro</span> <span class='ocrx_word' id='word_1_608' title='bbox 2924 4004 3069 4059; x_wconf 76' lang='grc'><strong>167</strong></span> <span class='ocrx_word' id='word_1_609' title='bbox 3110 4004 3349 4075; x_wconf 88' lang='lat' dir='ltr'>parvulo</span> <span class='ocrx_word' id='word_1_610' title='bbox 3394 4004 3547 4075; x_wconf 90' lang='lat' dir='ltr'>apud</span> <span class='ocrx_word' id='word_1_611' title='bbox 3584 4011 3754 4059; x_wconf 87' lang='lat' dir='ltr'>Laza-</span> 
     </span>
    </p>
   </div>
   <div class='ocr_carea' id='block_1_88' title="bbox 2110 4089 3753 4162">
    <p class='ocr_par' dir='ltr' id='par_1_88' title="bbox 2110 4089 3753 4162">
     <span class='ocr_line' id='line_1_88' title="bbox 2110 4089 3753 4162; baseline 0.002 -20"><span class='ocrx_word' id='word_1_612' title='bbox 2110 4105 2239 4143; x_wconf 86' lang='lat' dir='ltr'>rum</span> <span class='ocrx_word' id='word_1_613' title='bbox 2272 4105 2617 4160; x_wconf 89' lang='lat' dir='ltr'>sororesque</span> <span class='ocrx_word' id='word_1_614' title='bbox 2648 4090 2775 4159; x_wconf 82' lang='lat' dir='ltr'>ejus</span> <span class='ocrx_word' id='word_1_615' title='bbox 2806 4089 3097 4145; x_wconf 86' lang='lat' dir='ltr'>habitaret</span> <span class='ocrx_word' id='word_1_616' title='bbox 3129 4106 3142 4146; x_wconf 89' lang='lat'>:</span> <span class='ocrx_word' id='word_1_617' title='bbox 3189 4107 3389 4144; x_wconf 90' lang='lat' dir='ltr'>eorum</span> <span class='ocrx_word' id='word_1_618' title='bbox 3425 4092 3640 4162; x_wconf 85' lang='lat' dir='ltr'>quippe</span> <span class='ocrx_word' id='word_1_619' title='bbox 3668 4090 3753 4145; x_wconf 87' lang='lat' dir='ltr'>vi-</span> 
     </span>
    </p>
   </div>
   <div class='ocr_carea' id='block_1_89' title="bbox 2108 4177 2663 4233">
    <p class='ocr_par' dir='ltr' id='par_1_89' title="bbox 2108 4177 2663 4233">
     <span class='ocr_line' id='line_1_89' title="bbox 2108 4177 2663 4233; baseline 0.002 -1"><span class='ocrx_word' id='word_1_620' title='bbox 2108 4193 2213 4232; x_wconf 91' lang='lat' dir='ltr'>cus</span> <span class='ocrx_word' id='word_1_621' title='bbox 2246 4177 2528 4232; x_wconf 86' lang='lat' dir='ltr'>Bethania</span> <span class='ocrx_word' id='word_1_622' title='bbox 2557 4184 2663 4233; x_wconf 89' lang='lat' dir='ltr'>est.</span> 
     </span>
    </p>
   </div>
   <div class='ocr_carea' id='block_1_90' title="bbox 2180 4267 3752 4338">
    <p class='ocr_par' dir='ltr' id='par_1_90' title="bbox 2180 4267 3752 4338">
     <span class='ocr_line' id='line_1_90' title="bbox 2180 4267 3752 4338; baseline 0.003 -20"><span class='ocrx_word' id='word_1_623' title='bbox 2180 4268 2370 4337; x_wconf 85' lang='lat' dir='ltr'>(Vers.</span> <span class='ocrx_word' id='word_1_624' title='bbox 2412 4269 2472 4321; x_wconf 80' lang='lat' dir='ltr'>l8</span> <span class='ocrx_word' id='word_1_625' title='bbox 2505 4269 2692 4338; x_wconf 90' lang='lat' dir='ltr'>seqq.)</span> <span class='ocrx_word' id='word_1_626' title='bbox 2746 4292 2774 4316; x_wconf 83' lang='grc'>‹‹</span> <span class='ocrx_word' id='word_1_627' title='bbox 2811 4268 2976 4322; x_wconf 81' lang='lat' dir='ltr'>Mane</span> <span class='ocrx_word' id='word_1_628' title='bbox 3007 4271 3199 4322; x_wconf 89' lang='lat' dir='ltr'>autem</span> <span class='ocrx_word' id='word_1_629' title='bbox 3254 4271 3545 4323; x_wconf 87' lang='lat' dir='ltr'>revertens</span> <span class='ocrx_word' id='word_1_630' title='bbox 3576 4267 3634 4322; x_wconf 90' lang='lat' dir='ltr'>in</span> <span class='ocrx_word' id='word_1_631' title='bbox 3668 4268 3752 4322; x_wconf 75' lang='lat' dir='ltr'>ci-</span> 
     </span>
    </p>
   </div>
   <div class='ocr_carea' id='block_1_91' title="bbox 2105 4356 3750 4422">
    <p class='ocr_par' dir='ltr' id='par_1_91' title="bbox 2105 4356 3750 4422">
     <span class='ocr_line' id='line_1_91' title="bbox 2105 4356 3750 4422; baseline 0.003 -14"><span class='ocrx_word' id='word_1_632' title='bbox 2105 4356 2367 4422; x_wconf 87' lang='lat' dir='ltr'>vitatem,</span> <span class='ocrx_word' id='word_1_633' title='bbox 2428 4356 2651 4410; x_wconf 79' lang='lat' dir='ltr'>esuriit.</span> <span class='ocrx_word' id='word_1_634' title='bbox 2713 4357 2781 4410; x_wconf 83' lang='lat' dir='ltr'>Et</span> <span class='ocrx_word' id='word_1_635' title='bbox 2839 4357 3044 4412; x_wconf 85' lang='lat' dir='ltr'>videns</span> <span class='ocrx_word' id='word_1_636' title='bbox 3105 4356 3196 4411; x_wconf 82' lang='lat' dir='ltr'>ﬁci</span> <span class='ocrx_word' id='word_1_637' title='bbox 3255 4358 3521 4412; x_wconf 89' lang='lat' dir='ltr'>arborem</span> <span class='ocrx_word' id='word_1_638' title='bbox 3572 4375 3750 4413; x_wconf 90' lang='lat' dir='ltr'>unam</span> 
     </span>
    </p>
   </div>
   <div class='ocr_carea' id='block_1_92' title="bbox 2105 4445 3748 4515">
    <p class='ocr_par' dir='ltr' id='par_1_92' title="bbox 2105 4445 3748 4515">
     <span class='ocr_line' id='line_1_92' title="bbox 2105 4445 3748 4515; baseline 0.001 -15"><span class='ocrx_word' id='word_1_639' title='bbox 2105 4461 2275 4500; x_wconf 90' lang='lat' dir='ltr'>secus</span> <span class='ocrx_word' id='word_1_640' title='bbox 2321 4445 2499 4511; x_wconf 90' lang='lat' dir='ltr'>viam,</span> <span class='ocrx_word' id='word_1_641' title='bbox 2540 4446 2691 4499; x_wconf 85' lang='lat' dir='ltr'>venit</span> <span class='ocrx_word' id='word_1_642' title='bbox 2743 4446 2811 4499; x_wconf 88' lang='lat' dir='ltr'>ad</span> <span class='ocrx_word' id='word_1_643' title='bbox 2863 4462 3014 4510; x_wconf 89' lang='lat' dir='ltr'>eam,</span> <span class='ocrx_word' id='word_1_644' title='bbox 3054 4450 3111 4501; x_wconf 87' lang='lat' dir='ltr'>et</span> <span class='ocrx_word' id='word_1_645' title='bbox 3142 4445 3287 4500; x_wconf 85' lang='lat' dir='ltr'>nihil</span> <span class='ocrx_word' id='word_1_646' title='bbox 3319 4447 3541 4503; x_wconf 89' lang='lat' dir='ltr'>invenit</span> <span class='ocrx_word' id='word_1_647' title='bbox 3572 4447 3629 4502; x_wconf 91' lang='lat' dir='ltr'>in</span> <span class='ocrx_word' id='word_1_648' title='bbox 3663 4465 3748 4515; x_wconf 92' lang='lat' dir='ltr'>ea,</span> 
     </span>
    </p>
   </div>
   <div class='ocr_carea' id='block_1_93' title="bbox 2104 4532 3750 4607">
    <p class='ocr_par' dir='ltr' id='par_1_93' title="bbox 2104 4532 3750 4607">
     <span class='ocr_line' id='line_1_93' title="bbox 2104 4532 3750 4607; baseline 0.002 -21"><span class='ocrx_word' id='word_1_649' title='bbox 2104 4532 2219 4587; x_wconf 92' lang='lat' dir='ltr'>nisi</span> <span class='ocrx_word' id='word_1_650' title='bbox 2253 4532 2388 4587; x_wconf 81' lang='lat' dir='ltr'>folia</span> <span class='ocrx_word' id='word_1_651' title='bbox 2423 4536 2669 4588; x_wconf 85' lang='lat' dir='ltr'>tantum.</span> <span class='ocrx_word' id='word_1_652' title='bbox 2705 4534 2773 4588; x_wconf 86' lang='lat' dir='ltr'>Et</span> <span class='ocrx_word' id='word_1_653' title='bbox 2804 4534 2885 4590; x_wconf 90' lang='lat' dir='ltr'>ait</span> <span class='ocrx_word' id='word_1_654' title='bbox 2916 4533 3001 4588; x_wconf 88' lang='lat' dir='ltr'>illi</span> <span class='ocrx_word' id='word_1_655' title='bbox 3033 4551 3047 4590; x_wconf 89' lang='lat'><strong>:</strong></span> <span class='ocrx_word' id='word_1_656' title='bbox 3099 4535 3409 4607; x_wconf 89' lang='lat' dir='ltr'>Nunquam</span> <span class='ocrx_word' id='word_1_657' title='bbox 3444 4552 3512 4590; x_wconf 87' lang='lat' dir='ltr'>ex</span> <span class='ocrx_word' id='word_1_658' title='bbox 3544 4539 3599 4590; x_wconf 89' lang='lat' dir='ltr'>te</span> <span class='ocrx_word' id='word_1_659' title='bbox 3630 4537 3750 4589; x_wconf 86' lang='lat' dir='ltr'>fru-</span> 
     </span>
    </p>
   </div>
   <div class='ocr_carea' id='block_1_94' title="bbox 347 4596 3751 4694">
    <p class='ocr_par' dir='ltr' id='par_1_94' title="bbox 347 4596 3751 4694">
     <span class='ocr_line' id='line_1_94' title="bbox 347 4596 3751 4694; baseline 0.007 -41"><span class='ocrx_word' id='word_1_660' title='bbox 347 4596 491 4655; x_wconf 80' lang='lat' dir='ltr'>Mihi</span> <span class='ocrx_word' id='word_1_661' title='bbox 538 4600 692 4658; x_wconf 87' lang='lat' dir='ltr'>inter</span> <span class='ocrx_word' id='word_1_662' title='bbox 737 4606 937 4661; x_wconf 87' lang='lat' dir='ltr'>omnia</span> <span class='ocrx_word' id='word_1_663' title='bbox 968 4609 1136 4681; x_wconf 84' lang='lat' dir='ltr'>signa</span> <span class='ocrx_word' id='word_1_664' title='bbox 1165 4628 1293 4683; x_wconf 61' lang='lat' dir='ltr'>quae</span> <span class='ocrx_word' id='word_1_665' title='bbox 1325 4615 1459 4670; x_wconf 87' lang='lat' dir='ltr'>fecit</span> <span class='ocrx_word' id='word_1_666' title='bbox 1490 4617 1597 4674; x_wconf 90' lang='lat' dir='ltr'>hoc</span> <span class='ocrx_word' id='word_1_667' title='bbox 1627 4619 1854 4679; x_wconf 88' lang='lat' dir='ltr'>videtur</span> <span class='ocrx_word' id='word_1_668' title='bbox 1884 4596 1994 4681; x_wconf 71' lang='lat' dir='ltr'>mi-</span> <span class='ocrx_word' id='word_1_669' title='bbox 2025 4621 2073 4686; x_wconf 91' lang='lat' dir='ltr'><strong>D</strong></span> <span class='ocrx_word' id='word_1_670' title='bbox 2104 4628 2233 4678; x_wconf 87' lang='lat' dir='ltr'>ctus</span> <span class='ocrx_word' id='word_1_671' title='bbox 2267 4627 2542 4677; x_wconf 85' lang='lat' dir='ltr'>nascatur</span> <span class='ocrx_word' id='word_1_672' title='bbox 2573 4623 2628 4676; x_wconf 92' lang='lat' dir='ltr'>in</span> <span class='ocrx_word' id='word_1_673' title='bbox 2664 4624 3111 4694; x_wconf 84' lang='lat' dir='ltr'>sempiternum,</span> <span class='ocrx_word' id='word_1_674' title='bbox 3136 4630 3192 4678; x_wconf 89' lang='lat' dir='ltr'>et</span> <span class='ocrx_word' id='word_1_675' title='bbox 3221 4625 3474 4678; x_wconf 82' lang='lat' dir='ltr'>arefacta</span> <span class='ocrx_word' id='word_1_676' title='bbox 3503 4629 3591 4678; x_wconf 91' lang='lat' dir='ltr'>est</span> <span class='ocrx_word' id='word_1_677' title='bbox 3620 4641 3751 4678; x_wconf 91' lang='lat' dir='ltr'>con-</span> 
     </span>
    </p>
   </div>
   <div class='ocr_carea' id='block_1_95' title="bbox 421 4705 1997 4800">
    <p class='ocr_par' dir='ltr' id='par_1_95' title="bbox 421 4705 1997 4800">
     <span class='ocr_line' id='line_1_95' title="bbox 421 4705 1997 4800; baseline 0.018 -40"><span class='ocrx_word' id='word_1_678' title='bbox 421 4708 440 4787; x_wconf 61' lang='grc' dir='ltr'>ξ</span> <span class='ocrx_word' id='word_1_679' title='bbox 471 4705 819 4800; x_wconf 59' lang='grc' dir='ltr'>ΡΙετεξῃᾳυθ</span> <span class='ocrx_word' id='word_1_680' title='bbox 850 4713 1124 4800; x_wconf 62' lang='lat' dir='ltr'>subnexa:</span> <span class='ocrx_word' id='word_1_681' title='bbox 1153 4716 1652 4800; x_wconf 75' lang='lat' dir='ltr'>interpretationis</span> <span class='ocrx_word' id='word_1_682' title='bbox 1682 4734 1905 4800; x_wconf 89' lang='lat' dir='ltr'>partem</span> <span class='ocrx_word' id='word_1_683' title='bbox 1930 4750 1997 4789; x_wconf 84' lang='lat' dir='ltr'>ex</span> 
     </span>
    </p>
   </div>
   <div class='ocr_carea' id='block_1_96' title="bbox 347 4774 1635 4860">
    <p class='ocr_par' dir='ltr' id='par_1_96' title="bbox 347 4774 1635 4860">
     <span class='ocr_line' id='line_1_96' title="bbox 347 4774 1635 4860; baseline 0.015 -29"><span class='ocrx_word' id='word_1_684' title='bbox 347 4774 597 4860; x_wconf 60' lang='lat' dir='ltr'>Origene</span> <span class='ocrx_word' id='word_1_685' title='bbox 627 4774 891 4860; x_wconf 65' lang='lat' dir='ltr'>demere</span> <span class='ocrx_word' id='word_1_686' title='bbox 922 4774 1635 4860; x_wconf 48' lang='lat' dir='ltr'>Hieronymusrdelibavit:</span> 
     </span>
    </p>
   </div>
   <div class='ocr_carea' id='block_1_97' title="bbox 418 4850 1995 4936">
    <p class='ocr_par' dir='ltr' id='par_1_97' title="bbox 418 4850 1995 4936">
     <span class='ocr_line' id='line_1_97' title="bbox 418 4850 1995 4936; baseline 0.016 -32"><span class='ocrx_word' id='word_1_687' title='bbox 418 4850 440 4883; x_wconf 82' lang='grc'>³</span> <span class='ocrx_word' id='word_1_688' title='bbox 471 4850 630 4936; x_wconf 70' lang='lat' dir='ltr'>fdem</span> <span class='ocrx_word' id='word_1_689' title='bbox 660 4859 717 4909; x_wconf 88' lang='lat' dir='ltr'>et</span> <span class='ocrx_word' id='word_1_690' title='bbox 747 4854 980 4936; x_wconf 82' lang='lat' dir='ltr'>Origeni</span> <span class='ocrx_word' id='word_1_691' title='bbox 1012 4850 1205 4914; x_wconf 64' lang='lat' dir='ltr'>visu&#39;m</span> <span class='ocrx_word' id='word_1_692' title='bbox 1237 4867 1344 4933; x_wconf 90' lang='lat' dir='ltr'>est,</span> <span class='ocrx_word' id='word_1_693' title='bbox 1379 4866 1476 4936; x_wconf 93' lang='lat' dir='ltr'>qui</span> <span class='ocrx_word' id='word_1_694' title='bbox 1509 4850 1652 4924; x_wconf 81' lang='lat' dir='ltr'>hanc</span> <span class='ocrx_word' id='word_1_695' title='bbox 1678 4887 1790 4926; x_wconf 86' lang='lat' dir='ltr'>non</span> <span class='ocrx_word' id='word_1_696' title='bbox 1817 4876 1995 4930; x_wconf 82' lang='lat' dir='ltr'>mini-</span> 
     </span>
    </p>
   </div>
   <div class='ocr_carea' id='block_1_98' title="bbox 350 4931 1994 5014">
    <p class='ocr_par' dir='ltr' id='par_1_98' title="bbox 350 4931 1994 5014">
     <span class='ocr_line' id='line_1_98' title="bbox 350 4931 1994 5014; baseline 0.011 -32"><span class='ocrx_word' id='word_1_697' title='bbox 350 4935 522 5014; x_wconf 38' lang='lat' dir='ltr'>mani.</span> <span class='ocrx_word' id='word_1_698' title='bbox 544 4931 719 5014; x_wconf 46' lang='lat' dir='ltr'>inter,</span> <span class='ocrx_word' id='word_1_699' title='bbox 742 4931 1083 5014; x_wconf 65' lang='lat' dir='ltr'>portentosas</span> <span class='ocrx_word' id='word_1_700' title='bbox 1132 4936 1264 5014; x_wconf 64' lang='lat' dir='ltr'>.lesu</span> <span class='ocrx_word' id='word_1_701' title='bbox 1314 4931 1535 5014; x_wconf 53' lang='lat' dir='ltr'>virtutes</span> <span class='ocrx_word' id='word_1_702' title='bbox 1583 4942 1774 5011; x_wconf 82' lang='lat' dir='ltr'>fuisse,</span> <span class='ocrx_word' id='word_1_703' title='bbox 1821 4962 1994 5014; x_wconf 81' lang='lat' dir='ltr'>argu-</span> 
     </span>
    </p>
   </div>
   <div class='ocr_carea' id='block_1_99' title="bbox 350 4996 1990 5074">
    <p class='ocr_par' dir='ltr' id='par_1_99' title="bbox 350 4996 1990 5074">
     <span class='ocr_line' id='line_1_99' title="bbox 350 4996 1990 5074; baseline 0.016 -28"><span class='ocrx_word' id='word_1_704' title='bbox 350 4996 548 5074; x_wconf 59' lang='lat' dir='ltr'>mentis</span> <span class='ocrx_word' id='word_1_705' title='bbox 597 4996 883 5074; x_wconf 61' lang='lat' dir='ltr'>probasse</span> <span class='ocrx_word' id='word_1_706' title='bbox 912 5016 993 5074; x_wconf 76' lang='lat' dir='ltr'>se,</span> <span class='ocrx_word' id='word_1_707' title='bbox 1043 5006 1289 5060; x_wconf 86' lang='lat' dir='ltr'>testatur</span> <span class='ocrx_word' id='word_1_708' title='bbox 1329 5007 1469 5063; x_wconf 90' lang='lat' dir='ltr'>alibi</span> <span class='ocrx_word' id='word_1_709' title='bbox 1509 4996 1990 5072; x_wconf 47' lang='lat' dir='ltr'>in&#39;Commentdar.</span> 
     </span>
    </p>
   </div>
   <div class='ocr_carea' id='block_1_100' title="bbox 347 5064 1991 5153">
    <p class='ocr_par' dir='ltr' id='par_1_100' title="bbox 347 5064 1991 5153">
     <span class='ocr_line' id='line_1_100' title="bbox 347 5064 1991 5153; baseline 0.016 -36"><span class='ocrx_word' id='word_1_710' title='bbox 347 5064 404 5153; x_wconf 75' lang='lat' dir='ltr'>in</span> <span class='ocrx_word' id='word_1_711' title='bbox 438 5064 725 5153; x_wconf 61' lang='lat' dir='ltr'>Joannem</span> <span class='ocrx_word' id='word_1_712' title='bbox 753 5086 765 5123; x_wconf 90' lang='lat'><strong>:</strong></span> <span class='ocrx_word' id='word_1_713' title='bbox 806 5089 827 5117; x_wconf 77' lang='grc' dir='ltr'>ι</span> <span class='ocrx_word' id='word_1_714' title='bbox 852 5064 997 5153; x_wconf 76' lang='lat' dir='ltr'>Quia</span> <span class='ocrx_word' id='word_1_715' title='bbox 1026 5090 1295 5153; x_wconf 43' lang='lat' dir='ltr'>cum-pro</span> <span class='ocrx_word' id='word_1_716' title='bbox 1328 5079 1473 5153; x_wconf 78' lang='lat' dir='ltr'>fabri</span> <span class='ocrx_word' id='word_1_717' title='bbox 1506 5064 1635 5138; x_wconf 70' lang='lat' dir='ltr'>ﬁlio</span> 
     </span>
    </p>
   </div>
   <div class='ocr_carea' id='block_1_101' title="bbox 348 5140 1992 5225">
    <p class='ocr_par' dir='ltr' id='par_1_101' title="bbox 348 5140 1992 5225">
     <span class='ocr_line' id='line_1_101' title="bbox 348 5140 1992 5225; baseline 0.016 -36"><span class='ocrx_word' id='word_1_718' title='bbox 348 5140 657 5225; x_wconf 41' lang='lat' dir='ltr'>ea‘t‘amen</span> <span class='ocrx_word' id='word_1_719' title='bbox 708 5157 854 5225; x_wconf 82' lang='lat' dir='ltr'>usus</span> <span class='ocrx_word' id='word_1_720' title='bbox 908 5149 998 5225; x_wconf 82' lang='lat' dir='ltr'>est</span> <span class='ocrx_word' id='word_1_721' title='bbox 1046 5140 1397 5225; x_wconf 77' lang='lat' dir='ltr'>conﬁdentia</span> <span class='ocrx_word' id='word_1_722' title='bbox 1441 5157 1497 5225; x_wconf 86' lang='lat' dir='ltr'>et</span> <span class='ocrx_word' id='word_1_723' title='bbox 1539 5140 1992 5225; x_wconf 28' lang='lat' dir='ltr'>auctoritateri‘n</span> 
     </span>
    </p>
   </div>
   <div class='ocr_carea' id='block_1_102' title="bbox 348 5208 1993 5301">
    <p class='ocr_par' dir='ltr' id='par_1_102' title="bbox 348 5208 1993 5301">
     <span class='ocr_line' id='line_1_102' title="bbox 348 5208 1993 5301; baseline 0.016 -41"><span class='ocrx_word' id='word_1_724' title='bbox 348 5208 787 5301; x_wconf 35' lang='lat' dir='ltr'>publi‘eouccetu</span> <span class='ocrx_word' id='word_1_725' title='bbox 838 5228 883 5301; x_wconf 42' lang='grc' dir='ltr'>ᾖ</span> <span class='ocrx_word' id='word_1_726' title='bbox 916 5216 1135 5301; x_wconf 73' lang='lat' dir='ltr'>templo</span> <span class='ocrx_word' id='word_1_727' title='bbox 1175 5234 1274 5301; x_wconf 78' lang='lat' dir='ltr'>eos</span> <span class='ocrx_word' id='word_1_728' title='bbox 1304 5208 1993 5301; x_wconf 10' lang='lat' dir='ltr'>deturbans,lde</span> 
     </span>
    </p>
   </div>
   <div class='ocr_carea' id='block_1_103' title="bbox 347 5285 1993 5368">
    <p class='ocr_par' dir='ltr' id='par_1_103' title="bbox 347 5285 1993 5368">
     <span class='ocr_line' id='line_1_103' title="bbox 347 5285 1993 5368; baseline 0.016 -36"><span class='ocrx_word' id='word_1_729' title='bbox 347 5285 631 5368; x_wconf 64' lang='lat' dir='ltr'>scriptum</span> <span class='ocrx_word' id='word_1_730' title='bbox 686 5288 794 5368; x_wconf 72' lang='lat' dir='ltr'>est.</span> <span class='ocrx_word' id='word_1_731' title='bbox 842 5286 992 5368; x_wconf 80' lang='lat' dir='ltr'>Qua_</span> <span class='ocrx_word' id='word_1_732' title='bbox 1010 5285 1308 5368; x_wconf 60' lang='lat' dir='ltr'>potestate</span> <span class='ocrx_word' id='word_1_733' title='bbox 1339 5299 1530 5368; x_wconf 81' lang='lat' dir='ltr'>utens,</span> <span class='ocrx_word' id='word_1_734' title='bbox 1564 5285 1688 5368; x_wconf 80' lang='lat' dir='ltr'>ipse</span> <span class='ocrx_word' id='word_1_735' title='bbox 1739 5285 1993 5357; x_wconf 67' lang='lat' dir='ltr'>ndtionis</span> 
     </span>
    </p>
   </div>
   <div class='ocr_carea' id='block_1_104' title="bbox 347 5353 1991 5440">
    <p class='ocr_par' dir='ltr' id='par_1_104' title="bbox 347 5353 1991 5440">
     <span class='ocr_line' id='line_1_104' title="bbox 347 5353 1991 5440; baseline 0.016 -36"><span class='ocrx_word' id='word_1_736' title='bbox 347 5353 659 5440; x_wconf 34' lang='lat' dir='ltr'>princepsn</span> <span class='ocrx_word' id='word_1_737' title='bbox 684 5353 742 5409; x_wconf 90' lang='lat' dir='ltr'>id</span> <span class='ocrx_word' id='word_1_738' title='bbox 798 5371 913 5412; x_wconf 91' lang='lat' dir='ltr'>non</span> <span class='ocrx_word' id='word_1_739' title='bbox 967 5353 1131 5415; x_wconf 73' lang='lat' dir='ltr'>facile</span> <span class='ocrx_word' id='word_1_740' title='bbox 1179 5353 1536 5436; x_wconf 73' lang='lat' dir='ltr'>perfecisset,</span> <span class='ocrx_word' id='word_1_741' title='bbox 1572 5353 1725 5440; x_wconf 77' lang='lat' dir='ltr'>quod</span> <span class='ocrx_word' id='word_1_742' title='bbox 1762 5353 1991 5430; x_wconf 51' lang='lat' dir='ltr'>Negti</span> 
     </span>
    </p>
   </div>
   <div class='ocr_carea' id='block_1_105' title="bbox 348 5426 749 5480">
    <p class='ocr_par' dir='ltr' id='par_1_105' title="bbox 348 5426 749 5480">
     <span class='ocr_line' id='line_1_105' title="bbox 348 5426 749 5480; baseline 0.007 -4"><span class='ocrx_word' id='word_1_743' title='bbox 348 5426 542 5478; x_wconf 82' lang='lat' dir='ltr'>actum</span> <span class='ocrx_word' id='word_1_744' title='bbox 577 5427 668 5480; x_wconf 89' lang='lat' dir='ltr'>est</span> <span class='ocrx_word' id='word_1_745' title='bbox 699 5448 749 5479; x_wconf 72' lang='grc' dir='ltr'>η.</span> 
     </span>
    </p>
   </div>
   <div class='ocr_carea' id='block_1_106' title="bbox 411 5492 1617 5565">
    <p class='ocr_par' dir='ltr' id='par_1_106' title="bbox 411 5492 1617 5565">
     <span class='ocr_line' id='line_1_106' title="bbox 411 5492 1617 5565; baseline 0.015 -19"><span class='ocrx_word' id='word_1_746' title='bbox 411 5493 435 5527; x_wconf 82' lang='grc'>³</span> <span class='ocrx_word' id='word_1_747' title='bbox 460 5492 740 5552; x_wconf 79' lang='lat' dir='ltr'>Voculam</span> <span class='ocrx_word' id='word_1_748' title='bbox 770 5514 875 5553; x_wconf 83' lang='lat' dir='ltr'>sua</span> <span class='ocrx_word' id='word_1_749' title='bbox 902 5514 1046 5556; x_wconf 90' lang='lat' dir='ltr'>mss.</span> <span class='ocrx_word' id='word_1_750' title='bbox 1080 5505 1266 5559; x_wconf 91' lang='lat' dir='ltr'>nostri</span> <span class='ocrx_word' id='word_1_751' title='bbox 1297 5507 1617 5565; x_wconf 80' lang='lat' dir='ltr'>sufﬁciunt.</span> 
     </span>
    </p>
   </div>
   <div class='ocr_carea' id='block_1_107' title="bbox 374 5565 1991 5659">
    <p class='ocr_par' dir='ltr' id='par_1_107' title="bbox 374 5565 1991 5659">
     <span class='ocr_line' id='line_1_107' title="bbox 374 5565 1991 5659; baseline 0.016 -41"><span class='ocrx_word' id='word_1_752' title='bbox 374 5636 386 5645; x_wconf 39' lang='lat'><strong>.</strong></span> <span class='ocrx_word' id='word_1_753' title='bbox 411 5565 732 5659; x_wconf 40' lang='lat' dir='ltr'>‘.I).iximus</span> <span class='ocrx_word' id='word_1_754' title='bbox 762 5568 870 5624; x_wconf 88' lang='lat' dir='ltr'>hac</span> <span class='ocrx_word' id='word_1_755' title='bbox 901 5571 971 5627; x_wconf 91' lang='lat' dir='ltr'>de</span> <span class='ocrx_word' id='word_1_756' title='bbox 1004 5588 1083 5659; x_wconf 44' lang='lat' dir='ltr'>re“,</span> <span class='ocrx_word' id='word_1_757' title='bbox 1108 5591 1241 5631; x_wconf 91' lang='lat' dir='ltr'>cum</span> <span class='ocrx_word' id='word_1_758' title='bbox 1274 5577 1434 5647; x_wconf 89' lang='lat' dir='ltr'>alibi,</span> <span class='ocrx_word' id='word_1_759' title='bbox 1458 5584 1582 5637; x_wconf 89' lang='lat' dir='ltr'>tum</span> <span class='ocrx_word' id='word_1_760' title='bbox 1617 5585 1790 5655; x_wconf 90' lang='lat' dir='ltr'>paulo</span> <span class='ocrx_word' id='word_1_761' title='bbox 1823 5603 1991 5659; x_wconf 90' lang='lat' dir='ltr'>supe-</span> 
     </span>
    </p>
   </div>
   <div class='ocr_carea' id='block_1_108' title="bbox 344 5646 1099 5713">
    <p class='ocr_par' dir='ltr' id='par_1_108' title="bbox 344 5646 1099 5713">
     <span class='ocr_line' id='line_1_108' title="bbox 344 5646 1099 5713; baseline 0.015 -25"><span class='ocrx_word' id='word_1_762' title='bbox 344 5646 555 5713; x_wconf 77' lang='lat' dir='ltr'>rius__in</span> <span class='ocrx_word' id='word_1_763' title='bbox 590 5655 717 5713; x_wconf 87' lang='lat' dir='ltr'>cap.</span> <span class='ocrx_word' id='word_1_764' title='bbox 750 5657 829 5713; x_wconf 68' lang='lat' dir='ltr'>ut,</span> <span class='ocrx_word' id='word_1_765' title='bbox 859 5658 1015 5698; x_wconf 88' lang='lat' dir='ltr'>vers.</span> <span class='ocrx_word' id='word_1_766' title='bbox 1045 5646 1099 5700; x_wconf 84' lang='lat'>9.</span> 
     </span>
    </p>
   </div>
   <div class='ocr_carea' id='block_1_109' title="bbox 410 5708 1990 5803">
    <p class='ocr_par' dir='ltr' id='par_1_109' title="bbox 410 5708 1990 5803">
     <span class='ocr_line' id='line_1_109' title="bbox 410 5708 1990 5803; baseline 0.016 -40"><span class='ocrx_word' id='word_1_767' title='bbox 410 5709 433 5742; x_wconf 82' lang='grc'>⁸</span> <span class='ocrx_word' id='word_1_768' title='bbox 462 5708 631 5768; x_wconf 87' lang='lat' dir='ltr'>Hunc</span> <span class='ocrx_word' id='word_1_769' title='bbox 658 5708 1039 5770; x_wconf 64' lang='lat' dir='ltr'>&#39;acclamandi</span> <span class='ocrx_word' id='word_1_770' title='bbox 1068 5716 1303 5776; x_wconf 87' lang='lat' dir='ltr'>Osanna</span> <span class='ocrx_word' id='word_1_771' title='bbox 1332 5721 1622 5798; x_wconf 88' lang='lat' dir='ltr'>episcopis</span> <span class='ocrx_word' id='word_1_772' title='bbox 1655 5729 1990 5803; x_wconf 88' lang='lat' dir='ltr'>sanctisque</span> 
     </span>
    </p>
   </div>
   <div class='ocr_carea' id='block_1_110' title="bbox 2103 4730 3744 4788">
    <p class='ocr_par' dir='ltr' id='par_1_110' title="bbox 2103 4730 3744 4788">
     <span class='ocr_line' id='line_1_110' title="bbox 2103 4730 3744 4788; baseline 0.004 -6"><span class='ocrx_word' id='word_1_773' title='bbox 2103 4731 2246 4786; x_wconf 89' lang='lat' dir='ltr'>viris</span> <span class='ocrx_word' id='word_1_774' title='bbox 2278 4748 2497 4786; x_wconf 89' lang='lat' dir='ltr'>morem</span> <span class='ocrx_word' id='word_1_775' title='bbox 2530 4730 2671 4787; x_wconf 88' lang='lat' dir='ltr'>alibi</span> <span class='ocrx_word' id='word_1_776' title='bbox 2701 4731 3071 4787; x_wconf 69' lang='lat' dir='ltr'>Martianazus</span> <span class='ocrx_word' id='word_1_777' title='bbox 3102 4732 3161 4786; x_wconf 90' lang='lat' dir='ltr'>in</span> <span class='ocrx_word' id='word_1_778' title='bbox 3193 4733 3515 4787; x_wconf 90' lang='lat' dir='ltr'>Comment.</span> <span class='ocrx_word' id='word_1_779' title='bbox 3540 4732 3609 4786; x_wconf 89' lang='lat' dir='ltr'>ad</span> <span class='ocrx_word' id='word_1_780' title='bbox 3643 4730 3744 4788; x_wconf 90' lang='lat' dir='ltr'>lib.</span> 
     </span>
    </p>
   </div>
   <div class='ocr_carea' id='block_1_111' title="bbox 2104 4802 3749 4871">
    <p class='ocr_par' dir='ltr' id='par_1_111' title="bbox 2104 4802 3749 4871">
     <span class='ocr_line' id='line_1_111' title="bbox 2104 4802 3749 4871; baseline -0.001 -13"><span class='ocrx_word' id='word_1_781' title='bbox 2104 4803 2270 4858; x_wconf 90' lang='lat' dir='ltr'>Nom.</span> <span class='ocrx_word' id='word_1_782' title='bbox 2325 4803 2497 4857; x_wconf 81' lang='lat' dir='ltr'>Hebr.</span> <span class='ocrx_word' id='word_1_783' title='bbox 2549 4809 2708 4859; x_wconf 89' lang='lat' dir='ltr'>notat</span> <span class='ocrx_word' id='word_1_784' title='bbox 2764 4821 2831 4858; x_wconf 81' lang='lat' dir='ltr'>ex</span> <span class='ocrx_word' id='word_1_785' title='bbox 2886 4806 3190 4859; x_wconf 86' lang='lat' dir='ltr'>Itinerario</span> <span class='ocrx_word' id='word_1_786' title='bbox 3249 4802 3749 4871; x_wconf 80' lang='lat' dir='ltr'>Ilierosolymitano</span> 
     </span>
    </p>
   </div>
   <div class='ocr_carea' id='block_1_112' title="bbox 2105 4874 3750 4947">
    <p class='ocr_par' dir='ltr' id='par_1_112' title="bbox 2105 4874 3750 4947">
     <span class='ocr_line' id='line_1_112' title="bbox 2105 4874 3750 4947; baseline 0 -18"><span class='ocrx_word' id='word_1_787' title='bbox 2105 4874 2379 4947; x_wconf 83' lang='lat' dir='ltr'>Antonini</span> <span class='ocrx_word' id='word_1_788' title='bbox 2415 4876 2709 4935; x_wconf 88' lang='lat' dir='ltr'>monachi.</span> <span class='ocrx_word' id='word_1_789' title='bbox 2738 4891 2866 4947; x_wconf 84' lang='lat' dir='ltr'>pag.</span> <span class='ocrx_word' id='word_1_790' title='bbox 2897 4876 2966 4929; x_wconf 84' lang='lat'>30</span> <span class='ocrx_word' id='word_1_791' title='bbox 2994 4891 3005 4927; x_wconf 95' lang='lat'><strong>:</strong></span> <span class='ocrx_word' id='word_1_792' title='bbox 3044 4895 3071 4947; x_wconf 56' lang='grc' dir='ltr'>ις</span> <span class='ocrx_word' id='word_1_793' title='bbox 3103 4874 3208 4940; x_wconf 89' lang='lat' dir='ltr'>lbi,</span> <span class='ocrx_word' id='word_1_794' title='bbox 3234 4875 3442 4947; x_wconf 88' lang='lat' dir='ltr'>inquit,</span> <span class='ocrx_word' id='word_1_795' title='bbox 3464 4880 3750 4947; x_wconf 82' lang='lat' dir='ltr'>venerunt</span> 
     </span>
    </p>
   </div>
   <div class='ocr_carea' id='block_1_113' title="bbox 2107 4945 3746 5015">
    <p class='ocr_par' dir='ltr' id='par_1_113' title="bbox 2107 4945 3746 5015">
     <span class='ocr_line' id='line_1_113' title="bbox 2107 4945 3746 5015; baseline 0 -15"><span class='ocrx_word' id='word_1_796' title='bbox 2107 4946 2383 5001; x_wconf 88' lang='lat' dir='ltr'>mulieres</span> <span class='ocrx_word' id='word_1_797' title='bbox 2432 4948 2489 4999; x_wconf 91' lang='lat' dir='ltr'>in</span> <span class='ocrx_word' id='word_1_798' title='bbox 2542 4945 2849 5002; x_wconf 84' lang='lat' dir='ltr'>occursum</span> <span class='ocrx_word' id='word_1_799' title='bbox 2883 4962 3015 4999; x_wconf 89' lang='lat' dir='ltr'>eum</span> <span class='ocrx_word' id='word_1_800' title='bbox 3052 4946 3396 5009; x_wconf 78' lang='lat' dir='ltr'>infantibus,</span> <span class='ocrx_word' id='word_1_801' title='bbox 3432 4945 3658 5015; x_wconf 86' lang='lat' dir='ltr'>palmas</span> <span class='ocrx_word' id='word_1_802' title='bbox 3688 4947 3746 5000; x_wconf 90' lang='lat' dir='ltr'>in</span> 
     </span>
    </p>
   </div>
   <div class='ocr_carea' id='block_1_114' title="bbox 2105 5015 3743 5087">
    <p class='ocr_par' dir='ltr' id='par_1_114' title="bbox 2105 5015 3743 5087">
     <span class='ocr_line' id='line_1_114' title="bbox 2105 5015 3743 5087; baseline 0 -16"><span class='ocrx_word' id='word_1_803' title='bbox 2105 5018 2380 5073; x_wconf 86' lang='lat' dir='ltr'>manibus</span> <span class='ocrx_word' id='word_1_804' title='bbox 2412 5023 2697 5087; x_wconf 90' lang='lat' dir='ltr'>tenentes,</span> <span class='ocrx_word' id='word_1_805' title='bbox 2728 5023 2785 5071; x_wconf 89' lang='lat' dir='ltr'>et</span> <span class='ocrx_word' id='word_1_806' title='bbox 2814 5015 3108 5086; x_wconf 88' lang='lat' dir='ltr'>ampullas</span> <span class='ocrx_word' id='word_1_807' title='bbox 3134 5034 3266 5070; x_wconf 88' lang='lat' dir='ltr'>eum</span> <span class='ocrx_word' id='word_1_808' title='bbox 3300 5035 3532 5073; x_wconf 87' lang='lat' dir='ltr'>rosaceo</span> <span class='ocrx_word' id='word_1_809' title='bbox 3573 5018 3697 5073; x_wconf 87' lang='lat' dir='ltr'>oleo</span> <span class='ocrx_word' id='word_1_810' title='bbox 3732 5034 3743 5071; x_wconf 90' lang='lat'>:</span> 
     </span>
    </p>
   </div>
   <div class='ocr_carea' id='block_1_115' title="bbox 2104 5089 3748 5161">
    <p class='ocr_par' dir='ltr' id='par_1_115' title="bbox 2104 5089 3748 5161">
     <span class='ocr_line' id='line_1_115' title="bbox 2104 5089 3748 5161; baseline 0.001 -19"><span class='ocrx_word' id='word_1_811' title='bbox 2104 5094 2157 5161; x_wconf 83' lang='lat' dir='ltr'>et</span> <span class='ocrx_word' id='word_1_812' title='bbox 2190 5095 2490 5159; x_wconf 65' lang='lat' dir='ltr'>prostrata:</span> <span class='ocrx_word' id='word_1_813' title='bbox 2525 5090 2770 5161; x_wconf 84' lang='lat' dir='ltr'>pedibus</span> <span class='ocrx_word' id='word_1_814' title='bbox 2799 5090 3015 5161; x_wconf 79' lang='lat' dir='ltr'>nostris</span> <span class='ocrx_word' id='word_1_815' title='bbox 3051 5089 3279 5161; x_wconf 82' lang='lat' dir='ltr'>plantas</span> <span class='ocrx_word' id='word_1_816' title='bbox 3310 5095 3545 5161; x_wconf 6' lang='lat' dir='ltr'>nostras,</span> <span class='ocrx_word' id='word_1_817' title='bbox 3566 5107 3748 5161; x_wconf 88' lang='lat' dir='ltr'>unge-</span> 
     </span>
    </p>
   </div>
   <div class='ocr_carea' id='block_1_116' title="bbox 2104 5159 3746 5232">
    <p class='ocr_par' dir='ltr' id='par_1_116' title="bbox 2104 5159 3746 5232">
     <span class='ocr_line' id='line_1_116' title="bbox 2104 5159 3746 5232; baseline -0.002 -19"><span class='ocrx_word' id='word_1_818' title='bbox 2104 5159 2266 5226; x_wconf 89' lang='lat' dir='ltr'>bant,</span> <span class='ocrx_word' id='word_1_819' title='bbox 2309 5159 2739 5230; x_wconf 86' lang='lat' dir='ltr'>cantabantque</span> <span class='ocrx_word' id='word_1_820' title='bbox 2796 5160 2991 5227; x_wconf 73' lang='lat' dir='ltr'>lingua</span> <span class='ocrx_word' id='word_1_821' title='bbox 3022 5160 3379 5232; x_wconf 65' lang='lat' dir='ltr'>.Egyptiaca,</span> <span class='ocrx_word' id='word_1_822' title='bbox 3432 5160 3746 5231; x_wconf 67' lang='lat' dir='ltr'>psallentes</span> 
     </span>
    </p>
   </div>
   <div class='ocr_carea' id='block_1_117' title="bbox 2103 5232 3746 5301">
    <p class='ocr_par' dir='ltr' id='par_1_117' title="bbox 2103 5232 3746 5301">
     <span class='ocr_line' id='line_1_117' title="bbox 2103 5232 3746 5301; baseline 0.001 -15"><span class='ocrx_word' id='word_1_823' title='bbox 2103 5232 2487 5301; x_wconf 86' lang='lat' dir='ltr'>antiphonam</span> <span class='ocrx_word' id='word_1_824' title='bbox 2523 5248 2535 5287; x_wconf 87' lang='lat'>:</span> <span class='ocrx_word' id='word_1_825' title='bbox 2591 5232 2869 5286; x_wconf 73' lang='lat' dir='ltr'>Benedicti</span> <span class='ocrx_word' id='word_1_826' title='bbox 2900 5248 2985 5286; x_wconf 83' lang='lat' dir='ltr'>vos</span> <span class='ocrx_word' id='word_1_827' title='bbox 3033 5250 3067 5286; x_wconf 87' lang='lat' dir='ltr'>a</span> <span class='ocrx_word' id='word_1_828' title='bbox 3121 5233 3374 5300; x_wconf 85' lang='lat' dir='ltr'>Domino,</span> <span class='ocrx_word' id='word_1_829' title='bbox 3410 5233 3746 5287; x_wconf 73' lang='lat' dir='ltr'>benedictus-</span> 
     </span>
    </p>
   </div>
   <div class='ocr_carea' id='block_1_118' title="bbox 2101 5303 3743 5373">
    <p class='ocr_par' dir='ltr' id='par_1_118' title="bbox 2101 5303 3743 5373">
     <span class='ocr_line' id='line_1_118' title="bbox 2101 5303 3743 5373; baseline 0.001 -17"><span class='ocrx_word' id='word_1_830' title='bbox 2101 5319 2206 5373; x_wconf 83' lang='lat' dir='ltr'>que</span> <span class='ocrx_word' id='word_1_831' title='bbox 2235 5303 2499 5357; x_wconf 80' lang='lat' dir='ltr'>adventus</span> <span class='ocrx_word' id='word_1_832' title='bbox 2530 5307 2719 5364; x_wconf 82' lang='lat' dir='ltr'>vester,</span> <span class='ocrx_word' id='word_1_833' title='bbox 2755 5303 2974 5356; x_wconf 84' lang='lat' dir='ltr'>Osanna</span> <span class='ocrx_word' id='word_1_834' title='bbox 3003 5306 3066 5358; x_wconf 88' lang='lat' dir='ltr'>in</span> <span class='ocrx_word' id='word_1_835' title='bbox 3096 5305 3342 5359; x_wconf 71' lang='lat' dir='ltr'>excelsis.</span> <span class='ocrx_word' id='word_1_836' title='bbox 3384 5326 3403 5351; x_wconf 74' lang='grc' dir='ltr'><strong>η</strong></span> <span class='ocrx_word' id='word_1_837' title='bbox 3461 5306 3743 5358; x_wconf 58' lang='lat' dir='ltr'>Caeterum</span> 
     </span>
    </p>
   </div>
   <div class='ocr_carea' id='block_1_119' title="bbox 2101 5373 3742 5447">
    <p class='ocr_par' dir='ltr' id='par_1_119' title="bbox 2101 5373 3742 5447">
     <span class='ocr_line' id='line_1_119' title="bbox 2101 5373 3742 5447; baseline 0.001 -20"><span class='ocrx_word' id='word_1_838' title='bbox 2101 5378 2159 5427; x_wconf 86' lang='lat' dir='ltr'>et</span> <span class='ocrx_word' id='word_1_839' title='bbox 2187 5373 2464 5447; x_wconf 78' lang='lat' dir='ltr'>Origenes</span> <span class='ocrx_word' id='word_1_840' title='bbox 2496 5375 2776 5447; x_wconf 81' lang='lat' dir='ltr'>frequens</span> <span class='ocrx_word' id='word_1_841' title='bbox 2817 5375 2872 5428; x_wconf 91' lang='lat' dir='ltr'>in</span> <span class='ocrx_word' id='word_1_842' title='bbox 2920 5390 2984 5429; x_wconf 89' lang='lat' dir='ltr'>eo</span> <span class='ocrx_word' id='word_1_843' title='bbox 3017 5382 3099 5425; x_wconf 51' lang='lat' dir='ltr'>est</span> <span class='ocrx_word' id='word_1_844' title='bbox 3137 5377 3191 5447; x_wconf 89' lang='lat' dir='ltr'>in</span> <span class='ocrx_word' id='word_1_845' title='bbox 3227 5374 3332 5429; x_wconf 91' lang='lat' dir='ltr'>hac</span> <span class='ocrx_word' id='word_1_846' title='bbox 3365 5376 3742 5447; x_wconf 78' lang='lat' dir='ltr'>expositione,</span> 
     </span>
    </p>
   </div>
   <div class='ocr_carea' id='block_1_120' title="bbox 2102 5444 3744 5518">
    <p class='ocr_par' dir='ltr' id='par_1_120' title="bbox 2102 5444 3744 5518">
     <span class='ocr_line' id='line_1_120' title="bbox 2102 5444 3744 5518; baseline 0.001 -19"><span class='ocrx_word' id='word_1_847' title='bbox 2102 5450 2230 5518; x_wconf 25' lang='lat' dir='ltr'>ut-a</span> <span class='ocrx_word' id='word_1_848' title='bbox 2261 5444 2461 5515; x_wconf 82' lang='lat' dir='ltr'>templi</span> <span class='ocrx_word' id='word_1_849' title='bbox 2496 5444 2896 5518; x_wconf 85' lang='lat' dir='ltr'>sacerdotibus</span> <span class='ocrx_word' id='word_1_850' title='bbox 2928 5447 2995 5499; x_wconf 89' lang='lat' dir='ltr'>ad</span> <span class='ocrx_word' id='word_1_851' title='bbox 3032 5446 3298 5502; x_wconf 67' lang='lat' dir='ltr'>Ecclesiae</span> <span class='ocrx_word' id='word_1_852' title='bbox 3339 5444 3645 5518; x_wconf 80' lang='lat' dir='ltr'>episcopos</span> <span class='ocrx_word' id='word_1_853' title='bbox 3678 5463 3744 5501; x_wconf 87' lang='lat' dir='ltr'>ac</span> 
     </span>
    </p>
   </div>
   <div class='ocr_carea' id='block_1_121' title="bbox 2102 5515 3742 5589">
    <p class='ocr_par' dir='ltr' id='par_1_121' title="bbox 2102 5515 3742 5589">
     <span class='ocr_line' id='line_1_121' title="bbox 2102 5515 3742 5589; baseline 0.001 -20"><span class='ocrx_word' id='word_1_854' title='bbox 2102 5515 2422 5587; x_wconf 88' lang='lat' dir='ltr'>ministros,</span> <span class='ocrx_word' id='word_1_855' title='bbox 2455 5516 2596 5572; x_wconf 89' lang='lat' dir='ltr'>vitia</span> <span class='ocrx_word' id='word_1_856' title='bbox 2624 5534 2990 5589; x_wconf 82' lang='lat' dir='ltr'>comparans,</span> <span class='ocrx_word' id='word_1_857' title='bbox 3024 5524 3081 5572; x_wconf 80' lang='lat' dir='ltr'>ct</span> <span class='ocrx_word' id='word_1_858' title='bbox 3113 5520 3182 5572; x_wconf 83' lang='lat' dir='ltr'>ad</span> <span class='ocrx_word' id='word_1_859' title='bbox 3214 5515 3417 5573; x_wconf 77' lang='lat' dir='ltr'>vivum</span> <span class='ocrx_word' id='word_1_860' title='bbox 3450 5515 3742 5583; x_wconf 79' lang='lat' dir='ltr'>resecans,</span> 
     </span>
    </p>
   </div>
   <div class='ocr_carea' id='block_1_122' title="bbox 2098 5592 2377 5642">
    <p class='ocr_par' dir='ltr' id='par_1_122' title="bbox 2098 5592 2377 5642">
     <span class='ocr_line' id='line_1_122' title="bbox 2098 5592 2377 5642; baseline -0.004 0"><span class='ocrx_word' id='word_1_861' title='bbox 2098 5592 2377 5642; x_wconf 87' lang='lat' dir='ltr'>transeat.</span> 
     </span>
    </p>
   </div>
   <div class='ocr_carea' id='block_1_123' title="bbox 2169 5658 3258 5732">
    <p class='ocr_par' dir='ltr' id='par_1_123' title="bbox 2169 5658 3258 5732">
     <span class='ocr_line' id='line_1_123' title="bbox 2169 5658 3258 5732; baseline 0.004 -19"><span class='ocrx_word' id='word_1_862' title='bbox 2169 5660 2190 5694; x_wconf 72' lang='grc'>⁸</span> <span class='ocrx_word' id='word_1_863' title='bbox 2220 5658 2403 5716; x_wconf 87' lang='lat' dir='ltr'>Palat.</span> <span class='ocrx_word' id='word_1_864' title='bbox 2440 5674 2610 5728; x_wconf 90' lang='lat' dir='ltr'>mss.,</span> <span class='ocrx_word' id='word_1_865' title='bbox 2640 5660 2909 5716; x_wconf 80' lang='lat' dir='ltr'>sententia</span> <span class='ocrx_word' id='word_1_866' title='bbox 2940 5663 3258 5732; x_wconf 76' lang='lat' dir='ltr'>temperata.</span> 
     </span>
    </p>
   </div>
  </div>
