4024 6196
240 297 356 361 159

1485 296 1550 358 S.
1597 296 1913 360 EUSEBII
1958 295 2405 359 HIERONYMI

3531 287 3650 352 160

239 433 406 490 tinuo
459 432 723 490 ficulnea.
757 437 826 492 Et
872 435 1133 494 videntes
1177 436 1448 510 discipuli
1498 435 1688 492 mirati
1723 441 1880 502 sunt,
1911 432 1967 498 Α
2002 431 2083 486 vel
2121 449 2303 486 unum
2337 445 2539 502 capere
2571 429 2854 487 scrinium
2891 445 2904 485 :
2955 429 3055 485 sed
3087 425 3241 500 quod
3292 424 3646 500 magnitudi-

238 523 543 587 dicentes:
601 525 901 588 Quomodo
951 527 1226 582 continuo
1277 527 1534 582 aruit?»
1590 526 1882 582 Discussis

239 613 427 666 noctis
478 615 754 680 tenebris,
789 617 1080 672 matutina
1121 617 1248 672 luce
1295 617 1574 678 radiante,
1611 621 1666 670 et
1694 617 1883 672 vicina

239 704 504 769 meridie,
532 705 586 758 in
614 722 723 776 qua
750 707 1036 762 Dominus
1059 709 1328 778 passione
1349 725 1456 762 sua
1481 707 1882 763 illustraturus

236 797 360 846 erat
390 794 610 861 orbem,
644 811 774 850 cum
811 795 867 850 in
903 797 1192 852 civitatem
1227 801 1630 863 reverteretur,
1655 797 1878 863 esuriit,

235 880 322 936 vel
356 883 656 938 veritatem
689 884 960 939 humanze
1003 887 1198 940 carnis
1243 887 1580 950 ostendens,
1611 886 1697 940 vel
1748 903 1881 940 esu-

237 971 393 1027 riens
427 971 677 1028 salutem
709 974 1094 1041 credentium,
1128 980 1183 1030 et
1215 981 1472 1030 esstuans
1512 977 1580 1030 ad
1618 977 1883 1030 incredu-

234 1059 460 1115 litatem
495 1062 745 1118 lsraelis.
787 1062 1049 1135 Cumque
1095 1064 1336 1120 vidisset
1383 1065 1645 1119 arborem
1701 1082 1877 1118 unam

235 1150 433 1221 (quam
466 1150 849 1222 intelligimus
881 1153 1246 1226 Synagogam
1275 1159 1314 1219 ί,
1343 1157 1397 1208 et
1422 1153 1878 1208 conciliabulum

233 1240 592 1310 Judaeorum)
639 1243 808 1309 juxta
856 1242 1009 1297 viam
1046 1261 1056 1297 :
1114 1243 1364 1320 habebat
1395 1243 1549 1298 enim
1586 1244 1791 1313 legem,
1824 1251 1879 1298 ct

236 1328 363 1383 ideo
408 1329 575 1396 juxta
622 1329 770 1384 viam
821 1335 964 1392 erat,
998 1333 1135 1403 quia
1165 1350 1278 1387 non
1311 1333 1582 1387 credebat
1616 1333 1670 1386 in
1702 1333 1877 1401 viam,

235 1418 392 1472 venit
437 1418 507 1472 ad
558 1436 709 1481 eam,
742 1425 993 1475 stantem
1041 1421 1258 1476 scilicet
1308 1427 1363 1476 et
1407 1421 1792 1485 immobilem,
1826 1426 1881 1476 et

236 1523 349 1562 non
382 1507 692 1563 habentem
728 1509 1020 1580 Evangelii
1071 1512 1242 1581 pedes
1279 1529 1291 1565 :
1343 1511 1609 1582 nihilque
1659 1511 1882 1565 invenit

236 1596 293 1651 in
327 1612 414 1659 ea,
447 1597 557 1650 nisi
593 1598 729 1652 folia
767 1603 1018 1668 tantum,
1056 1600 1510 1670 promissionum
1544 1600 1875 1670 strepitum,

233 1685 577 1741 traditiones
621 1687 1012 1751 Pharisaicas,
1067 1695 1123 1742 et
1167 1689 1545 1758 jactationem
1605 1689 1772 1759 legis,
1822 1694 1877 1744 et

235 1780 578 1830 ornamenta
630 1777 936 1830 verborum
989 1779 1211 1848 absque
1252 1777 1386 1833 ullis
1417 1778 1704 1832 fructibus
1733 1778 1877 1833 veri-
1911 1803 1959 1867 B

233 1863 390 1916 tatis.
451 1864 611 1920 Unde
662 1869 718 1920 et
763 1865 914 1919 alius
972 1866 1329 1937 evangelista
1385 1867 1570 1922 dicit:
1625 1867 1879 1923 Nondum

231 1955 379 2006 enim
407 1957 526 2006 erat
554 1957 759 2025 tempus
790 1955 972 2024 (Marc.
1008 1973 1086 2019 x1,
1121 1957 1208 2021 13)
1243 1973 1254 2010 :
1308 1957 1427 2012 sive
1458 1957 1610 2027 quod
1644 1961 1878 2027 tempus

235 2043 496 2096 nondum
547 2048 779 2098 venerat
827 2044 1165 2100 salvationis
1211 2045 1409 2108 Israel.
1445 2063 1510 2102 eo
1543 2045 1698 2117 quod
1733 2061 1878 2099 non-

234 2131 376 2185 dum
427 2132 730 2203 gentilium
781 2133 1031 2204 populus
1082 2133 1496 2199 subintrasset,
1550 2135 1673 2189 sive
1721 2133 1876 2205 quod

233 2219 583 2291 prmterisset
630 2226 862 2292 tempus
913 2223 1066 2289 fidei,
1101 2223 1239 2294 quia
1287 2224 1356 2277 ad
1407 2223 1570 2278 illum
1620 2222 1874 2294 primum

236 2310 494 2373 veniens,
528 2315 583 2365 et
626 2317 879 2382 spretus,
914 2313 1222 2368 transisset
1264 2313 1334 2367 ad
1371 2313 1654 2367 nationes.
1692 2315 1765 2366 Et
1795 2314 1878 2367 ait

232 2398 376 2452 illi:
423 2401 715 2466 Nunquam
758 2417 828 2454 ea:
875 2409 925 2456 te
951 2404 1158 2472 [ructus
1202 2413 1478 2466 nascatur,
1509 2401 1596 2456 vel
1639 2404 1703 2456 in
1732 2417 1875 2456 sem-

227 2489 525 2557 piternum,
576 2487 661 2543 vel
710 2491 770 2542 in
821 2492 1082 2546 saeculum
1127 2508 1146 2540 :
1197 2495 1513 2562 utrumque
1543 2489 1696 2544 enim
1746 2488 1876 2542 αἰὼν

230 2576 334 2648 [AL
381 2575 570 2647 αἰῶνα]
625 2577 858 2632 Graecus
907 2594 1098 2633 sermo
1154 2578 1464 2651 significat.
1507 2580 1574 2632 Et
1623 2579 1876 2633 arefacta

229 2671 322 2720 est
353 2666 620 2736 ﬁculnea,
655 2684 781 2737 quae
815 2669 835 2700 ³
887 2668 1179 2722 esuriente
1233 2669 1500 2738 Domino,
1534 2668 1694 2722 cibos
1727 2683 1874 2738 quos

227 2752 326 2810 ille
357 2754 635 2826 cupierat,
669 2772 783 2810 non
829 2756 1097 2811 habebat.
1132 2757 1226 2812 Sic
1257 2762 1449 2812 autem
1485 2761 1765 2811 aruerunt
1797 2756 1875 2809 fo-

228 2841 326 2909 lia,
360 2848 424 2899 ut
458 2849 703 2900 truncus
733 2843 858 2916 ipse
890 2850 1234 2916 remaneret,
1259 2853 1314 2900 et
1347 2846 1543 2900 fractis
1568 2845 1768 2912 ramis,
1791 2843 1873 2897 vi-

231 2937 383 2987 reret
429 2933 534 3003 [AL
569 2933 802 3004 viveret]
857 2935 1040 2999 radix,
1075 2951 1200 3005 quae
1251 2935 1308 2989 in
1361 2934 1674 2989 novissimo
1722 2935 1873 2988 tem-

229 3037 368 3091 pore
418 3021 466 3076 si
519 3023 748 3078 credere
805 3022 1068 3092 voluerit,
1119 3023 1375 3094 virgulta
1424 3023 1555 3077 fidei
1608 3021 1870 3094 pullulet,

231 3109 660 3181 implenturque
713 3112 1030 3181 Scriptura,
1077 3113 1322 3168 dicens:
1379 3115 1470 3168 Est
1521 3112 1707 3167 arbori
1755 3128 1873 3183 spes

1994 537 2125 575 nem
2161 520 2466 592 signorum
2501 537 2614 592 prae
2649 518 2948 574 miraculis
2977 524 3036 573 et
3063 516 3472 572 incredulitate
3497 516 3644 571 ferre

1993 627 2106 665 non
2143 610 2346 682 possit.
2397 609 2584 681 Igitur
2610 613 2667 664 et
2701 610 2818 664 haec
2850 607 3144 663 credimus
3176 607 3380 662 fecisse
3409 611 3641 677 aposto-

1990 698 2098 764 los,
2135 700 2233 754 sed
2268 698 2397 754 ideo
2430 699 2649 770 scripta
2682 715 2794 752 non
2827 714 2976 761 esse,
3011 713 3082 751 ne
3115 695 3451 750 infidelibus
3496 711 3639 750 con-

1993 789 2315 843 tradicendi
2350 789 2541 858 major
2581 788 2818 841 daretur
2864 786 3110 842 occasio.
3145 784 3414 856 Alioquin
3465 784 3641 838 inter-

1992 895 2263 948 rogemus
2285 895 2402 948 eos,
2429 883 2627 932 utrum
2653 878 2892 931 credant
2922 875 3015 930 hic
3046 875 3250 946 signis,
3274 891 3401 946 quae
3425 874 3643 945 scripta

1993 971 2325 1033 narrantur,
2361 983 2433 1021 an
2468 983 2604 1021 non.
2640 967 2707 1020 Et
2739 982 2872 1019 cum
2916 963 3250 1019 incredulos
3296 963 3640 1028 viderimus,

1992 1060 2416 1126 consequenter
2460 1055 2863 1126 probabimus,
2899 1070 3004 1108 nec
3035 1053 3358 1124 majoribus
3391 1069 3490 1108 eos
3521 1068 3642 1107 cre-

1990 1145 2216 1200 dituros
2249 1144 2449 1214 fuisse,
2482 1144 2582 1215 qui
2616 1143 2943 1198 minoribus
2973 1159 3085 1197 non
3119 1141 3486 1197 crediderint.
3522 1146 3642 1195 Hoc

1992 1235 2302 1289 adversum
2352 1232 2505 1290 illos.
2558 1238 2840 1288 Caeterum
2891 1249 3020 1298 nos,
3052 1237 3118 1286 ut
3156 1236 3288 1286 ante
3326 1233 3451 1302 jam
3495 1231 3640 1286 dixi-

1991 1341 2148 1388 mus,
2166 1328 2424 1378 montem
2447 1321 2746 1377 diabolum
2770 1321 3168 1394 intelligamus
3185 1321 3642 1392 superbientem,

1990 1419 2046 1468 et
2085 1414 2406 1482 jactantcm
2462 1428 2522 1465 se
2572 1417 2776 1466 contra
2827 1412 3157 1466 Creatorem
3209 1427 3405 1476 suum,
3449 1411 3548 1480 qui
3608 1429 3642 1467 a

1989 1502 2272 1573 propheta
2294 1503 2314 1534 ⁴
2345 1517 2514 1556 mons
2539 1505 2852 1571 corruptus
2879 1499 3225 1571 appellatur.
3253 1501 3320 1554 Et
3348 1515 3480 1554 cum
3514 1501 3642 1555 ani-

1991 1607 2146 1644 mam
2181 1590 2439 1644 hominis
2466 1589 2812 1661 possederit,
2836 1594 2891 1643 ct
2924 1589 2980 1643 in
3015 1605 3081 1643 ea
3114 1589 3288 1643 fuerit
3319 1588 3638 1656 radicatus,

1990 1696 2054 1734 ac
2086 1679 2387 1750 apostolis,
2419 1685 2475 1734 et
2505 1678 2599 1734 his
2630 1679 2728 1750 qui
2761 1677 2982 1734 similes
3033 1677 3431 1749 apostolorum
3480 1684 3637 1744 sunt,

1988 1768 2291 1823 transferri
2347 1773 2541 1839 potest
2589 1768 2647 1822 in
2701 1785 2881 1834 mare,
2916 1767 3024 1822 hoc
3073 1772 3180 1836 est,
3215 1767 3273 1821 in
3305 1766 3431 1822 loca
3461 1767 3636 1835 salsa,

1989 1863 2046 1913 et
2077 1858 2439 1923 ﬂuctuantia,
2473 1862 2530 1912 et
2559 1874 2779 1920 amara,
2814 1874 2941 1928 quae
2974 1855 3200 1912 nullam
3247 1856 3466 1912 habent
3513 1857 3640 1912 dul-

1988 1945 2251 2002 cedinem
2307 1946 2400 2001 Dei
2433 1947 2473 2000 ⁸.
2527 1945 2788 2016 Idipsum
2845 1951 2902 2000 et
2949 1945 3006 1999 in
3068 1944 3316 2001 Psalmis
3373 1945 3635 2018 legitur:

1988 2037 2101 2090 Non
2134 2035 2445 2091 timebimus
2476 2035 2609 2090 dum
2640 2035 2952 2090 turbabitur
2995 2043 3161 2104 terra,
3194 2043 3244 2089 et
3285 2035 3639 2107 transferen-

1988 2134 2083 2177 tur
2109 2132 2318 2179 montes
2350 2127 2410 2179 in
2438 2141 2530 2179 cor
2557 2126 2730 2178 maris
2759 2124 2932 2193 (Psal.
2966 2141 3090 2190 XLV,
3123 2125 3199 2195 3).

2059 2212 2242 2279 (Vers.
2277 2213 2392 2284 23.)
2442 2235 2468 2262 ‹‹
2503 2214 2572 2267 Et
2619 2229 2752 2267 cum
2803 2211 3058 2268 venisset
3103 2211 3162 2267 in
3207 2212 3515 2286 templum,
3549 2231 3640 2268 ac-

1987 2306 2293 2357 cesserunt
2322 2303 2391 2357 ad
2438 2319 2568 2358 eum
2603 2303 2905 2357 docentem
2941 2301 3234 2374 principes
3267 2303 3637 2358 sacerdotum

1987 2395 2044 2445 et
2075 2392 2336 2446 seniores
2373 2392 2592 2464 populi,
2626 2392 2922 2447 dicentes:
2961 2393 3020 2446 In
3055 2409 3170 2462 qua
3202 2397 3489 2463 potestate
3520 2392 3639 2446 haec

1986 2480 2128 2534 facis
2149 2480 2177 2534 ?
2209 2482 2278 2535 Et
2304 2481 2438 2552 quis
2469 2481 2569 2535 tibi
2597 2480 2756 2534 dedit
2785 2480 2936 2536 hanc
2969 2485 3313 2552 potestatem
3337 2481 3365 2536 ‘?
3389 2504 3416 2530 »
3452 2483 3638 2537 Diver-

1985 2568 2068 2622 sis
2090 2569 2282 2624 verbis
2303 2570 2568 2625 eamdem
2592 2586 2770 2641 quam
2794 2587 2974 2641 supra
2991 2569 3347 2625 calumniam
3373 2576 3634 2638 struunt,

1985 2658 2216 2726 quando
2249 2659 2399 2713 169
2434 2658 2706 2713 dixerunt
2747 2675 2760 2713 :
2817 2659 2878 2711 In
2910 2660 3204 2714 Beelzebub
3237 2661 3491 2732 principe
3519 2661 3632 2717 dae-

1981 2747 2297 2801 moniorum
2347 2748 2494 2818 ejicit
2543 2747 2632 2802 hic
2672 2747 2963 2804 (immania.
3001 2750 3148 2820 (Luc.
3181 2766 3259 2819 x1,
3295 2750 3402 2820 15).
3437 2752 3630 2814 Quan-

1983 2836 2057 2888 do
2091 2835 2244 2890 enim
2289 2836 2536 2892 dicunt:
2588 2838 2646 2890 In
2695 2854 2804 2909 qua
2851 2841 3112 2908 potestate
3161 2838 3278 2895 haec
3329 2841 3512 2908 facis?
3558 2839 3631 2894 de

1984 2925 2078 2979 Dei
2111 2925 2377 2980 dubitant
2409 2930 2718 2996 potestate,
2749 2931 2807 2982 et
2839 2926 3201 2999 subintelligi.
3253 2927 3456 2984 volunt
3500 2927 3630 2982 dia-

1985 3012 2099 3068 boli
2134 3031 2260 3070 esse
2293 3015 2446 3086 quod
2480 3016 2674 3070 faciat.
2708 3016 3000 3071 Addentes
3039 3033 3274 3088 quoque
3309 3034 3321 3072 :
3368 3019 3500 3085 Quis
3531 3017 3636 3072 tibi

1983 3102 2128 3158 dedit
2157 3105 2299 3159 hanc
2324 3111 2646 3176 potestatem
2667 3107 2694 3158 ?
2733 3105 3216 3161 manifestissime
3266 3105 3365 3161 Dei
3419 3105 3634 3162 Filium

232 3174 355 3268 (Job
386 3215 500 3264 xw,
530 3174 609 3269 7).
659 3174 1127 3255 Juxta-litteram
1180 3207 1373 3256 autem
1425 3201 1710 3256 Dominus
1743 3174 1874 3272 pas-
1907 3174 1950 3241 (ἶ
1990 3197 2225 3262 negant,
2259 3174 2432 3266 quem
2466 3199 2679 3266 putant
2709 3211 2822 3250 non
2855 3194 2979 3250 suis
3017 3193 3260 3265 viribus,
3294 3195 3394 3250 sed
3426 3193 3633 3251 alienis

233 3303 410 3342 surus
441 3287 495 3341 in
534 3287 789 3360 populis,
814 3291 870 3343 et
899 3289 1273 3359 bajulaturus
1297 3289 1639 3345 scandalum
1665 3290 1876 3361 crucis,

233 3375 435 3431 debuit
483 3376 906 3449 discipulorum
967 3377 1196 3432 animos
1258 3378 1410 3449 signi
1465 3377 1917 3448 anticipatione.

233 3465 486 3520 ﬁrmare.
541 3466 704 3520 Unde
761 3469 817 3520 et
874 3466 1148 3537 discipuli
1200 3465 1511 3534 mirantur,
1571 3467 1876 3521 dicentes:

233 3554 506 3621 Quomodo
553 3557 812 3610 continuo
861 3556 1054 3610 aruit?
1083 3556 1236 3611 168
1268 3555 1462 3610 Potuit
1509 3572 1645 3624 ergo
1689 3555 1883 3610 Salva-

231 3649 322 3698 tor
352 3643 552 3698 eadem
583 3643 796 3698 virtute
825 3645 1000 3699 etiam
1031 3645 1301 3700 inimicos
1325 3645 1544 3700 siccare
1573 3662 1731 3710 suos,
1767 3644 1881 3700 nisi

233 3747 434 3787 eorum
468 3749 570 3804 per
598 3733 1000 3804 pcenitentiam
1039 3739 1429 3806 exspectasset
1461 3733 1734 3790 salutem.

304 3819 489 3891 (Vers.
520 3822 608 3886 21,
644 3823 756 3887 2'2.)
814 3843 842 3872 «
875 3821 1255 3893 Respondeas
1304 3828 1500 3878 autem
1548 3823 1746 3888 Jesus,
1801 3823 1882 3878 ait

232 3909 316 3964 eis
350 3927 362 3965 :
415 3914 598 3966 Amen
631 3910 758 3966 dico
788 3911 972 3977 vobis,
1007 3911 1054 3965 si
1087 3911 1411 3967 habueritis
1457 3912 1653 3978 fidem,
1675 3918 1732 3968 et
1765 3929 1880 3966 non

234 3999 660 4067 hmsitaveritis,
693 4017 806 4054 non
858 3999 1047 4055 solum
1089 4001 1159 4055 de
1189 4000 1439 4056 ﬁculnea
1471 4000 1728 4068 facietis;
1781 4001 1879 4056 sed

233 4092 290 4142 et
321 4089 366 4144 si
402 4089 585 4145 monti
620 4089 756 4144 huic
787 4089 1049 4146 dixeritis
1084 4107 1096 4144 :
1147 4089 1304 4144 Tolle
1324 4091 1366 4156 ³,
1419 4095 1471 4145 et
1518 4091 1674 4160 jacta
1720 4094 1775 4144 te
1825 4090 1882 4143 in

235 4193 418 4243 mare,
466 4178 582 4232 fiet.
627 4179 693 4233 Et
724 4178 920 4234 omnia
951 4195 1315 4251 quaecunque
1347 4177 1630 4250 petieritis
1661 4177 1720 4231 in
1754 4195 1880 4232 ora-

233 4264 389 4320 tione
434 4266 753 4336 credentes,
789 4268 1164 4339 accipietis.»
1221 4268 1460 4323 Latrant
1516 4271 1718 4322 contra
1776 4284 1882 4322 nos

231 4352 539 4425 gentilium
572 4371 744 4409 canes
774 4355 834 4410 in
874 4357 999 4410 suis
1038 4356 1457 4422 voluminibus,
1490 4374 1616 4428 quae
1667 4356 1723 4410 in
1777 4355 1883 4410 im-

232 4441 470 4515 pietatis
493 4443 737 4515 propriis
763 4445 1107 4500 memoriam
1141 4445 1524 4516 reliquerunt,
1555 4449 1881 4500 asserentes

1991 3281 2160 3352 signa
2194 3286 2399 3338 facere.

2062 3374 2245 3440 (Vers.
2304 3374 2374 3427 24
2431 3375 2620 3444 seqq.)
2679 3393 2707 3421 ‹‹
2754 3373 3132 3444 Respondens
3190 3377 3382 3429 autem
3441 3374 3636 3441 Jesus,

1991 3463 2136 3517 dixit
2182 3461 2311 3516 eis:
2367 3461 2740 3534 Interrogabo
2789 3479 2888 3516 vos
2939 3467 2997 3517 et
3043 3479 3148 3534 ego
3191 3480 3375 3520 unum
3417 3480 3638 3520 sermo-

1991 3569 2149 3619 nem,
2183 3567 2354 3621 quem
2393 3551 2440 3605 si
2472 3550 2736 3606 dixeritis
2769 3551 2934 3618 mihi,
2977 3556 3034 3606 et
3082 3569 3186 3624 ego
3233 3553 3398 3609 vobis
3447 3553 3638 3610 dicam

1992 3642 2049 3695 in
2104 3657 2221 3711 qua
2276 3644 2560 3711 potestate
2614 3639 2733 3694 haec
2787 3640 2953 3695 facio.
3005 3641 3343 3712 Baptismus
3394 3644 3633 3699 Joannis

1991 3731 2148 3785 unde
2194 3734 2338 3797 erat,
2371 3745 2402 3784 e
2459 3729 2602 3784 coelo
2642 3746 2715 3784 an
2755 3745 2823 3784 ex
2853 3729 3192 3786 hominibus
3213 3731 3241 3786 ?
3265 3733 3337 3786 At
3366 3731 3447 3786 illi
3481 3733 3645 3804 cogi-

1990 3820 2196 3874 tabant
2225 3818 2380 3874 inter
2408 3836 2489 3885 se,
2523 3818 2785 3874 dicentes
2819 3835 2831 3874 :
2886 3818 2945 3874 Si
2976 3819 3296 3876 dixerimus
3330 3837 3342 3875 :
3392 3821 3432 3875 E
3472 3821 3638 3887 caelo,

1991 3909 2143 3964 dicet
2192 3909 2359 3963 nobis
2395 3926 2406 3962 :
2461 3911 2650 3974 Quare
2696 3924 2832 3980 ergo
2874 3925 2988 3963 non
3033 3909 3361 3964 credidistis
3393 3908 3528 3964 illi?
3579 3909 3639 3964 Si

1992 4003 2188 4053 autem
2213 3997 2566 4052 dixerimus:
2593 3997 2672 4051 Ex
2693 3997 3054 4068 hominibus,
3079 3999 3361 4054 timemus
3384 3999 3642 4056 turbam.

1991 4087 2207 4142 Omnes
2238 4086 2393 4142 enim
2426 4086 2718 4141 habebant
2745 4085 3033 4141 Joannem
3067 4087 3221 4142 sicut
3268 4087 3638 4160 prophetam.

1992 4177 2058 4231 Et
2090 4176 2508 4247 respondentes
2539 4175 2700 4245 Jesu,
2734 4175 3007 4231 dixerunt
3040 4194 3052 4231 :
3099 4176 3426 4233 Nescimus.
3463 4199 3490 4228 »
3525 4177 3642 4235 Hoc

1991 4270 2079 4320 est
2108 4265 2263 4336 quod
2297 4262 2467 4335 vulgo
2499 4263 2714 4318 dicitur
2746 4282 2758 4319 :
2803 4263 2954 4320 Malo
2985 4264 3210 4320 arboris
3242 4266 3415 4331 nodo,
3451 4265 3643 4322 malus

1990 4355 2189 4410 clavus
2220 4358 2320 4409 aut
2351 4369 2573 4408 cuneus
2605 4353 2941 4425 inﬁgendus
2973 4358 3082 4408 est.
3119 4357 3352 4410 Poterat
3381 4355 3402 4390 ⁸
3444 4355 3642 4410 Domi-

1991 4461 2103 4500 nus
2128 4447 2328 4516 aperta
2351 4442 2730 4514 responsione
2752 4446 3106 4498 tentatorum
3131 4442 3485 4500 calumniam
3513 4461 3648 4500 con-

231 4530 528 4604 apostolos
561 4548 676 4586 non
708 4532 985 4588 habuisse
1017 4532 1213 4598 fidem,
1249 4535 1386 4604 quia
1430 4539 1662 4589 montes
1694 4540 1882 4589 trans-
1910 4548 1957 4612 ι)
1992 4533 2200 4598 futare,
2234 4533 2334 4587 sed
2383 4533 2700 4602 prudenter
2755 4532 3092 4604 interrogat,
3125 4538 3189 4587 ut
3237 4549 3344 4588 suo
3387 4533 3521 4606 ipsi,
3556 4533 3645 4590 vel

231 4622 378 4677 ferre
426 4638 542 4676 non
589 4620 903 4692 potuerint.
937 4621 1158 4688 Quibus
1214 4639 1318 4678 nos
1366 4623 1873 4694 respondebimus,

231 4710 418 4766 multa
465 4711 616 4766 facta
665 4727 792 4768 esse
841 4711 1011 4783 signa
1056 4728 1090 4765 a
1146 4711 1603 4782 l’)omino,juxta
1630 4711 1875 4766 Joannis

229 4799 596 4870 evangelistae
620 4801 1044 4866 testimonium,
1070 4817 1198 4872 quae
1223 4800 1444 4871 scripta
1469 4804 1684 4868 essent,
1713 4817 1876 4854 mun-

229 4887 342 4942 dus
392 4905 595 4960 capere
643 4907 756 4945 non
805 4896 1001 4962 posset
1048 4884 1380 4959 (Joan.'xx1,
1414 4890 1525 4960 25).
1582 4890 1706 4946 Non
1758 4906 1874 4960 quo

231 4977 487 5032 mundus
536 4977 830 5034 volumina
880 4995 1083 5051 capere
1133 4997 1246 5034 non
1300 4979 1570 5051 potuerit,
1604 4996 1731 5050 quae
1781 4995 1877 5050 po-

228 5071 361 5134 test,
397 5066 664 5138 quamvis
696 5068 1049 5140 multiplicia
1079 5069 1218 5136 sint,
1255 5086 1437 5125 unum
1469 5067 1871 5137 armariolum,

304 5281 562 5339 ‘Confer
607 5282 1044 5346 Adamantium,
1096 5283 1246 5338 hanc
1295 5286 1365 5339 de
1422 5285 1602 5340 sterili
1650 5285 1869 5342 Judzeo-

228 5352 955 5434 ruin__Syna_goga.ﬁguram
988 5353 1256 5434 pluribus
1287 5355 1726 5412 edisserentem.

298 5426 318 5498 ἓ
349 5426 494 5498 Tres
511 5424 770 5498 Palatini
805 5442 946 5480 mss.
980 5424 1108 5496 quia
1140 5443 1242 5497 pro
1275 5443 1411 5498 quae.

296 5497 316 5578 ξ’
346 5496 411 5578 £9
446 5496 887 5578 aliquot.m‘ss.,_
905 5496 1155 5578 Tolleote,’
1177 5496 1287 5552 etc.

295 5563 646 5648 ‘__V_i_ctorius_
697 5568 797 5638 ait,
820 5640 834 5648 _
857 5563 1135 5648 Jeremiazi
1176 5563 1448 5648 uappa;
1483 5566 1871 5648 διεφθαρμένον

220 5639 517 5715 scribitur,
551 5641 650 5698 ubi
683 5655 789 5700 nos
820 5640 1130 5712 habemus,
1158 5639 1408 5716 pesti/er.

1987 4621 2240 4687 silentio,
2301 4620 2387 4675 vel
2448 4619 2738 4676 sententia
2803 4621 3288 4676 condemnentur.
3352 4621 3411 4677 Si
3483 4623 3644 4678 enim

1985 4709 2430 4784 respondissent
2483 4709 2780 4782 baptisma
2820 4709 3066 4766 Joannis
3104 4726 3233 4766 esse
3264 4711 3335 4766 de
3365 4710 3506 4768 coelo
3555 4712 3644 4783 (ut

1985 4801 2098 4873 ipsi
2127 4800 2419 4873 sapientes
2442 4800 2499 4854 in
2525 4798 2750 4854 malitia
2772 4803 3247 4871 pertractarunt),
3273 4817 3638 4873 consequens

1985 4895 2108 4946 erat
2152 4889 2500 4960 responsio:
2551 4891 2738 4954 Quare
2795 4904 2932 4960 ergo
2988 4905 3103 4943 non
3161 4888 3302 4945 estis
3360 4889 3637 4962 baptizati

1984 4997 2018 5036 a
2047 4980 2268 5035 Joanne
2285 4979 2312 5033 ‘I
2341 4977 2400 5032 Si
2427 4977 2616 5032 dicere
2637 4977 2984 5043 voluissent,
3012 4977 3273 5033 humana
3294 4979 3636 5053 deceptione

1984 5085 2112 5124 esse
2141 5065 2552 5140 compositum,
2587 5069 2643 5120 et
2673 5065 2815 5120 nihil
2850 5065 3129 5124 habuisse
3159 5067 3448 5137 divinum,
3485 5069 3638 5125 sedi-

2055 5284 2076 5318 ⁵
2108 5281 2345 5354 Vulgati
2377 5279 2513 5337 olim
2546 5280 2678 5336 libri
2720 5280 3032 5354 addebant,
3066 5287 3116 5338 et
3145 5282 3295 5354 apud
3324 5283 3633 5340 incredulo-

1984 5372 2111 5410 rum
2139 5353 2390 5427 mentem,
2426 5357 2485 5408 ut
2511 5369 2806 5427 porcorum
2832 5353 2938 5408 duo
2967 5353 3472 5427 uiittiafsuﬂocari,
3506 5371 3636 5427 quin

1985 5443 2129 5508 mss.
2153 5426 2420 5482 codicum
2449 5425 2672 5480 monitu
2706 5429 2840 5480 ante
2872 5441 2978 5480 nos
3008 5425 3380 5483 Martianazus
3409 5425 3632 5500 expun-

1982 5503 2274 5642 mgdlabq
2310 5569 2399 5625 sed
2425 5553 2716 5641 propterea
2749 5569 3074 5640 interrogat,
3107 5567 3343 5626 rectius.
