4024 6196
396 392 498 451 161

899 388 1414 452 COMMENTAR.
1461 392 1538 452 IN
1583 386 2099 454 EVANGELIUM
2142 390 2525 453 MATTHxEI
2571 395 2722 456 LIB.
2768 392 2871 455 lli.
2918 393 3087 455 CAP.
3133 392 3286 457 XXI.

3685 400 3799 464 162

386 526 606 582 tionem
639 524 842 598 populi
876 523 1290 580 formidabant.
1314 524 1531 581 Omnes
1562 525 1718 581 enim
1752 524 2037 598 gregatim
2067 524 2123 592 Α
2151 522 2340 598 legem
2373 542 2434 581 se
2464 525 2562 581 Dei
2613 527 2798 583 facere
2822 528 3144 598 jactabant,
3177 530 3420 586 Joannis
3460 537 3802 606 contempto

392 613 804 671 multitudines
852 613 1097 669 Joannis
1145 619 1480 687 receperant
1510 615 1807 687 baptisma
1855 620 1911 670 et
1957 615 2039 671 sic

395 720 526 760 eum
552 703 851 758 habebant
881 706 945 757 ut
968 702 1335 774 prophetam.
1368 704 1683 775 Respondit
1716 706 1912 776 itaque
1936 703 2040 757 im-

391 790 660 863 piissima
712 788 906 855 factio,
941 793 997 843 et
1042 788 1396 847 humilitatis
1426 792 1618 859 verbo,
1654 808 1769 864 quo
1816 793 2041 848 nescire

390 896 453 936 se
481 880 721 944 diceret,
753 895 863 933 usa
894 882 985 933 est
1014 879 1086 934 ad
1126 878 1372 935 insidias
1414 881 1788 952 coaptandas.

464 968 649 1039 (Vers,
682 966 796 1037 27.)
833 990 854 1017 ι
889 967 982 1022 Ait
1011 967 1130 1023 illis
1164 972 1220 1024 et
1247 968 1409 1041 ipse:
1445 969 1559 1025 Nec
1590 986 1695 1043 ego
1726 971 1854 1025 dico
1876 970 2041 1025 vobis

395 1058 456 1113 in
489 1074 603 1130 qua
649 1060 936 1130 potestate
985 1056 1107 1112 haec
1139 1057 1307 1113 facio.
1343 1080 1371 1106 ››
1401 1057 1492 1112 Illi
1542 1058 1602 1113 in
1633 1075 1699 1114 eo
1753 1059 1908 1130 quod
1940 1074 2041 1114 ne-

399 1147 544 1203 scire
590 1163 652 1202 se
701 1146 1143 1219 responderant,
1178 1146 1406 1202 mentiti
1456 1153 1596 1203 sunt
1629 1165 1643 1203 :
1677 1164 2041 1220 consequens

396 1252 530 1309 ergo
582 1239 708 1291 erat
746 1236 915 1305 juxta
963 1235 1406 1307 responsionem
1475 1252 1677 1293 eorum
1726 1236 2040 1293 Dominum

390 1340 623 1397 quoque
661 1324 874 1380 dicere.
906 1323 1020 1379 Nec
1069 1339 1175 1396 ego
1202 1325 1364 1393 scio;
1397 1326 1500 1381 sed
1549 1326 1783 1381 mentiri
1813 1325 2040 1381 Veritas

392 1430 510 1468 non
544 1416 755 1484 potest,
787 1417 844 1467 et
887 1412 967 1468 ait
997 1428 1009 1466 :
1043 1412 1152 1467 Nec
1197 1429 1293 1484 ego
1322 1413 1442 1470 dico
1472 1414 1642 1470 vobis.
1677 1420 1756 1470 Ex
1804 1432 1917 1488 quo
1947 1432 2040 1471 os-

392 1502 583 1558 tendit
631 1506 690 1557 et
734 1500 867 1557 illos
914 1501 1083 1569 scire,
1111 1502 1213 1557 sed
1265 1503 1614 1574 respondere
1670 1503 1845 1569 nolle,
1879 1509 1934 1559 et
1980 1521 2042 1560 se

391 1607 588 1656 nosse,
621 1594 679 1645 et
708 1590 837 1645 ideo
869 1606 982 1645 non
1017 1589 1225 1658 dicere,
1261 1591 1400 1662 quia
1430 1590 1514 1647 illi
1547 1592 1701 1664 quod
1734 1592 1931 1648 sciunt
1965 1598 2044 1648 ta-

390 1686 599 1747 ceant;
631 1684 689 1735 et
716 1678 916 1735 statim
946 1679 1121 1735 infert
1150 1680 1508 1752 parabolam,
1533 1698 1658 1751 quas
1678 1687 1736 1737 et
1767 1681 1896 1738 illos
1928 1683 2039 1738 im-

389 1768 627 1842 pietatis
676 1773 903 1841 arguat,
936 1772 992 1823 et
1038 1767 1109 1823 ad
1159 1774 1361 1840 gentes
1402 1786 1649 1843 regnum
1700 1770 1798 1826 Dei
1838 1772 2042 1827 doceat

393 1857 891 1915 transferendum.

465 1949 647 2021 (Vers.
678 1948 749 2003 28
779 1948 969 2020 seqq.)
1010 1949 1165 2003 I70
1196 1970 1224 1998 ι(
1258 1947 1405 2014 Quid
1454 1953 1648 2004 autem
1680 1950 1846 2005 vobis
1875 1949 2037 2005 vide-

391 2038 527 2095 tur?
544 2038 727 2094 Homo
767 2037 1007 2110 quidam
1025 2036 1277 2092 habebat
1309 2037 1458 2094 duos
1480 2037 1661 2105 filios;
1686 2043 1743 2094 et
1757 2040 2039 2096 accedens

392 2129 467 2184 ad
510 2128 790 2201 primum,
838 2125 987 2181 dixit
1036 2144 1048 2181 :
1100 2125 1226 2196 Fili,
1280 2127 1424 2182 vade
1469 2126 1643 2183 hodie
1694 2144 1932 2199 operare
1978 2128 2039 2183 in

388 2219 562 2274 vinea
592 2233 741 2273 mea.
774 2215 876 2272 Ille
906 2220 1102 2271 autem
1135 2216 1514 2287 respondens,
1544 2218 1625 2271 ait
1656 2234 1668 2271 :
1702 2217 1867 2273 Nolo.
1902 2218 2038 2274 Pos-

390 2313 488 2362 tea
515 2311 711 2362 autem
762 2304 1107 2377 poenitentia
1157 2309 1372 2371 motus,
1404 2304 1566 2360 abiit.
1599 2307 1892 2362 Accedens
1931 2325 2040 2363 au-

395 2400 517 2451 tem
548 2396 615 2450 ad
642 2394 913 2459 alterum,
943 2394 1086 2449 dixit
1117 2393 1404 2449 similiter.
1428 2397 1501 2449 At
1528 2393 1627 2451 ille
1656 2397 2036 2467 respondens,

397 2484 480 2539 ait
510 2502 523 2539 :
557 2484 654 2554 Eo,
683 2481 942 2549 domine,
974 2486 1031 2537 et
1059 2498 1171 2537 non
1206 2481 1327 2537 ivit.
1360 2481 1500 2545 Quis
1530 2500 1597 2539 ex
1643 2483 1878 2540 duobus
1910 2484 2042 2541 fecit

392 2572 749 2629 voluntatem
800 2572 1032 2645 patris?
1075 2573 1143 2627 Et
1191 2572 1395 2627 dicunt
1433 2572 1483 2627 ei
1538 2589 1551 2628 :
1603 2572 1858 2629 Primus.
1891 2574 2041 2630 Dicit

392 2662 512 2718 illis
542 2662 738 2718 Jesus.
776 2684 797 2713 ι
835 2661 903 2717 Hi
947 2665 1087 2717 sunt
1118 2661 1231 2716 duo
1279 2660 1405 2728 filii,
1439 2661 1540 2732 qui
1570 2666 1626 2716 et
1656 2662 1715 2717 in
1748 2664 1912 2718 Lucae
1944 2682 2043 2736 pa-

392 2752 595 2809 rabola
636 2752 1069 2818 describuntur,
1102 2751 1254 2823 frugi
1285 2755 1343 2806 et
1386 2750 1724 2809 luxuriosus
1765 2754 1914 2825 (Luc.
1948 2772 2038 2822 xv,

393 2844 454 2897 11
486 2843 659 2914 seq.),
689 2846 747 2896 et
770 2841 840 2896 de
866 2841 1081 2913 quibus
1100 2840 1409 2896 Zacharias
1439 2842 1721 2914 propheta
1749 2842 2038 2913 loquitur:

390 2934 679 3001 Assumpsi
727 2930 871 2986 mihi
898 2929 1034 2986 duas
1080 2931 1259 3002 virgas
1290 2949 1308 2985 :
1334 2947 1505 2986 unam
1549 2934 1738 2987 vocavi
1776 2931 2039 3002 decorem,

395 3027 449 3078 et
477 3022 714 3076 alteram
759 3020 948 3076 vocavi
988 3020 1327 3089 funiculum,
1359 3023 1410 3074 et
1449 3021 1581 3090 pavi
1609 3036 1825 3091 gregem
1857 3020 2038 3092 (Zaeh.

394 3128 475 3177 x1,
506 3111 585 3181 7).
620 3110 816 3165 Primo
855 3107 1067 3163 dicitur
1096 3109 1111 3142 ¹
1145 3107 1452 3180 gentilium
1502 3108 1716 3181 populo
1748 3126 1848 3180 per
1880 3114 2045 3165 natu-

397 3198 538 3255 ralis
566 3199 714 3271 legis
742 3197 1009 3254 notitiam
1035 3215 1048 3253 :
1090 3197 1252 3264 Vade,
1281 3207 1336 3254 et
1364 3212 1593 3270 aperare
1614 3200 1673 3253 in
1694 3201 1859 3254 vinea
1879 3216 2043 3255 mea:

396 3289 509 3344 hoc
539 3294 644 3356 est,
678 3288 835 3360 quod
883 3286 990 3343 tibi
1040 3304 1155 3343 non
1181 3288 1270 3343 vis
1319 3287 1463 3355 ﬁeri,
1498 3286 1664 3342 alteri
1717 3305 1788 3343 ne
1841 3287 2045 3345 feceris

398 3378 541 3446 (Τοῦ.
572 3395 646 3449 1v,
681 3378 790 3449 16).
823 3376 931 3440 Qui
975 3377 1225 3448 superbe
1274 3377 1574 3446 respondit
1605 3394 1618 3432 :
1652 3377 1799 3433 Nolo.
1837 3378 2047 3433 Postea

399 3481 532 3520 vero
562 3465 622 3519 in
671 3464 922 3519 adventu
968 3463 1306 3531 Salvatoris,
1336 3468 1465 3519 acta
1515 3464 1874 3537 pcenitentia,
1910 3483 2045 3539 ope-

402 3558 563 3608 ratus
593 3557 683 3608 est
729 3552 789 3606 in
818 3552 988 3607 vinea
1020 3552 1138 3619 Dei,
1170 3557 1227 3607 et
1275 3553 1565 3608 sermonis
1613 3555 2043 3610 contumaciam

400 3641 598 3698 labore
649 3640 916 3696 correxit.
965 3641 1270 3697 Secundus
1320 3648 1512 3696 autem
1569 3642 1749 3709 filius,
1782 3643 2047 3715 populus

402 3730 736 3786 Judmorum
768 3734 876 3797 est,
910 3729 1009 3801 qui
1061 3729 1363 3801 respondit
1390 3729 1574 3802 Moysi
1608 3747 1621 3785 :
1658 3732 1860 3787 Omnia
1889 3747 2045 3803 quee-

402 3837 613 3891 cunque
637 3819 852 3874 dixerit
880 3819 1140 3873 Dominus
1167 3819 1433 3889 faciemus
1461 3820 1657 3892 (Exod.
1690 3836 1846 3889 xxiv,
1880 3821 1958 3891 3),
1992 3826 2049 3875 et

408 3926 524 3964 non
552 3909 653 3962 ivit
681 3908 741 3963 in
790 3908 1042 3973 vineam,
1076 3908 1234 3979 quia,
1268 3907 1570 3964 interfecto
1603 3910 2049 3980 patrisfamilias

411 3995 547 4063 filio,
577 4013 637 4052 se
686 3996 908 4069 putavit
955 3995 1270 4051 haeredem.
1329 3996 1439 4051 Alii
1487 4014 1618 4053 vero
1670 4015 1785 4053 non
1842 4002 2050 4071 putant

404 4084 709 4158 gentilium
740 4089 797 4141 et
841 4085 1176 4140 Judaeorum
1228 4101 1355 4140 esse
1387 4086 1747 4158 parabolam,
1780 4090 1881 4144 sed
1912 4089 2051 4144 sim-

403 4172 630 4246 pliciter
684 4179 1054 4245 peccatorum
1113 4179 1172 4230 et
1218 4176 1517 4244 justorum
1572 4193 1584 4231 :
1636 4176 1763 4247 ipso
1818 4194 2051 4249 quoque

401 4261 650 4317 Domino
714 4261 1169 4333 propositionem
1239 4278 1409 4318 suam
1455 4267 1657 4335 postea
1686 4264 2047 4321 disserente.

405 4353 648 4405 «Amen
700 4350 829 4406 dico
875 4351 1061 4417 vobis,
1094 4351 1235 4422 quia
1282 4352 1575 4423 publicani
1607 4358 1664 4407 et
1716 4356 2051 4410 meretrices

408 4440 732 4510 pmcedent
781 4456 882 4495 vos
912 4439 969 4494 in
1025 4456 1202 4511 regno
1250 4440 1373 4496 Dei.
1408 4462 1436 4489 »
1478 4443 1556 4496 Eo
1607 4443 1760 4512 quod
1812 4443 1896 4497 illi
1951 4444 2051 4516 qui

402 4544 507 4601 per
543 4529 700 4584 mala
749 4545 926 4602 Opera
977 4530 1087 4585 Deo
1135 4546 1199 4585 se
1245 4530 1459 4585 servire
1508 4536 1879 4607 negaverant,
1913 4549 2047 4603 pos-

2148 614 2519 685 baptismate,
2566 616 2668 671 Dei
2730 622 3013 688 pracepta
3045 618 3323 673 fecerunt.
3348 619 3509 676 Unde
3531 621 3681 677 dicit
3713 640 3726 677 :

2220 701 2403 762 (Vers.
2449 705 2563 775 32.)
2597 728 2623 754 (ι
2657 704 2830 760 Venit
2876 706 3031 761 enim
3065 706 3135 762 ad
3170 723 3270 762 vos
3315 708 3571 765 Joannes
3612 711 3671 765 in
3700 711 3798 767 via

2140 790 2411 862 justitire,
2445 799 2503 848 et
2533 810 2648 848 non
2692 794 3023 849 credidistis
3054 795 3105 850 ei
3141 812 3152 849 :
3190 795 3483 866 publicani
3517 804 3711 855 autem
3743 806 3801 855 et

2152 881 2485 936 meretrices
2534 882 2909 938 crediderunt
2954 883 3003 939 ei
3053 900 3066 938 :
3116 901 3217 939 vos
3266 890 3462 940 autem
3511 886 3794 955 videntes,

2152 984 2259 1023 nec
2308 970 2710 1040 paenitentiam
2771 970 3063 1027 habuistis
3114 977 3315 1044 postea
3368 979 3429 1028 ut
3486 975 3799 1033 crederetis

2150 1057 2222 1113 ei.
2260 1080 2285 1105 ››
2317 1063 2493 1116 Porro
2543 1060 2697 1132 quod
2730 1060 2944 1116 dicitur
2976 1078 2986 1116 ε
3027 1062 3155 1129 Quis
3180 1078 3250 1116 ea:
3296 1063 3506 1119 duobus
3532 1064 3663 1134 fecit
3710 1082 3800 1120 vo-

2150 1147 2423 1202 luntatem
2456 1151 2681 1219 patris?
2707 1154 2763 1203 et
2793 1148 2875 1202 illi
2923 1150 3129 1205 dicunt
3162 1167 3175 1205 :
3209 1152 3579 1216 Nouissimas.
3611 1153 3800 1209 scien-

2150 1235 2291 1291 dum
2323 1242 2411 1291 est
2442 1236 2500 1291 in
2548 1237 2697 1293 veris
2728 1238 2749 1270 ²
2779 1237 3210 1310 exemplaribus
3262 1256 3377 1295 non
3410 1240 3612 1297 haberi
3644 1244 3737 1297 17
3762 1247 3793 1298 8

2147 1326 2529 1392 novissimum,
2562 1327 2662 1382 sed
2708 1328 2974 1398 primum,
3021 1333 3086 1383 ut
3134 1329 3368 1402 proprio
3391 1329 3614 1401 judicio
3654 1348 3799 1387 con-

2150 1414 2525 1469 demnentur.
2557 1415 2611 1469 Si
2644 1421 2837 1471 autem
2890 1415 3278 1472 novissimum
3325 1417 3685 1476 voluerimus
3714 1419 3801 1477 le-

2150 1518 2304 1574 gere,
2339 1504 2652 1559 manifesta
2692 1508 2781 1559 est
2829 1504 3231 1576 interpretatio
3265 1522 3278 1561 :
3315 1512 3378 1561 ut
3408 1507 3677 1565 dicamus
3710 1509 3801 1564 in-

2149 1590 2411 1664 telligere
2441 1593 2683 1664 quidem
2700 1592 2998 1649 veritatem
3017 1594 3253 1650 Judaeos
3281 1613 3294 1663 ;
3329 1597 3430 1651 sed
3454 1598 3801 1669 tergiversa-

2149 1682 2221 1752 ri,
2254 1686 2311 1736 et
2351 1681 2500 1736 nolle
2531 1683 2722 1737 dicere
2771 1684 2927 1754 quod
2976 1683 3239 1739 sentiunt
3274 1702 3285 1740 :
3319 1685 3473 1741 sicut
3501 1691 3559 1742 et
3607 1674 3814 1759 bapti?

2150 1770 2370 1825 simum
2400 1760 2648 1826 Joannis
2697 1771 2947 1828 scientes
2995 1788 3123 1828 esse
3157 1773 3227 1828 de
3276 1772 3443 1843 coelo,
3476 1775 3666 1831 dicere
3700 1792 3799 1831 no-

2147 1859 2405 1915 luerunt.
3382 1868 3386 1872 ‘

2221 1948 2403 2021 (Vers.
2437 1950 2551 2020 33.)
2601 1972 2627 2000 «
2682 1948 2871 2004 Aliam
2919 1949 3255 2022 parabolam
3302 1952 3498 2008 audite
3549 1970 3562 2007 :
3615 1954 3802 2010 Homo

2150 2044 2272 2093 erat
2304 2037 2747 2111 paterfamilias,
2782 2039 2881 2111 qui
2916 2040 3197 2111 plantavit
3227 2040 3478 2107 vineam,
3511 2049 3567 2097 et
3597 2060 3792 2114 sepem

2150 2127 2536 2183 circumdedit
2561 2129 2634 2197 ei,
2658 2133 2714 2182 et
2745 2128 2888 2184 fodit
2916 2128 2975 2183 in
3006 2145 3074 2184 ea
3097 2129 3374 2196 torcular,
3400 2134 3456 2185 et
3488 2131 3795 2187 aedificavit

2148 2216 2383 2284 turrim,
2415 2222 2472 2272 et
2519 2215 2729 2271 locavit
2766 2234 2895 2271 eam
2946 2216 3240 2289 agricolis,
3273 2222 3330 2273 et
3378 2235 3615 2291 peregre
3662 2238 3795 2293 pro-

2151 2305 2335 2359 fectus
2378 2312 2485 2360 est.
2514 2328 2541 2355 ››
2579 2304 2693 2359 tioc
2722 2308 2830 2375 est,
2865 2307 3019 2378 quod
3052 2305 3337 2363 Dominus
3380 2312 3684 2380 sumptum
3725 2310 3796 2366 de

2150 2394 2451 2466 proverbio
2502 2392 2852 2466 signiﬁcavit
2885 2411 2896 2448 :
2944 2400 3157 2449 Durum
3188 2404 3267 2451 est
3308 2396 3566 2452 adversus
3595 2400 3796 2453 stimu-

2152 2484 2268 2537 lum
2312 2483 2620 2538 calcitrare
2648 2484 2783 2553 (Act.
2818 2500 2894 2549 ιχ,
2925 2484 3005 2555 5.)
3055 2484 3355 2557 Principes
3403 2487 3799 2552 sacerdotum,

2151 2579 2208 2627 et
2240 2574 2501 2627 seniores
2530 2572 2755 2644 populi,
2777 2572 2878 2643 qui
2910 2572 3411 2645 interrogaverant
3431 2575 3747 2632 Dominum
3786 2594 3800 2633 :

2154 2665 2217 2716 In
2245 2678 2354 2732 qua
2393 2665 2656 2731 potestate
2702 2660 2820 2718 Ιιιῑισ
2864 2663 3005 2732 facis
3032 2681 3054 2717 .·
3085 2666 3136 2717 et
3183 2665 3307 2733 quis
3335 2666 3446 2719 tibi
3484 2665 3634 2720 dedit
3662 2667 3803 2720 hanc

2146 2752 2597 2820 potestatemYet
2646 2749 2949 2805 voluerant
2977 2749 3037 2805 in
3087 2753 3261 2806 verbo
3312 2768 3519 2824 capere
3569 2754 3801 2826 sapien-

2151 2840 2317 2903 tiam,
2345 2855 2454 2893 sua
2475 2843 2596 2893 arte
2628 2843 3015 2909 superantur;
3048 2843 3106 2895 et
3127 2840 3451 2894 audiuntin
3483 2842 3796 2911 parabolis,

2154 2928 2309 2998 quod
2352 2932 2551 2999 aperta
2604 2927 2748 2983 facie
2777 2944 2892 2983 non
2936 2917 3312 2983 merebantur
3356 2929 3577 2984 audire.
3618 2932 3798 2985 Homo

2151 3016 2263 3071 iste
2294 3015 2737 3088 paterfamilias,
2768 3015 2893 3087 ipse
2925 3021 3013 3071 est
3042 3017 3143 3087 qui
3179 3016 3433 3072 habebat
3464 3018 3612 3073 duos
3643 3017 3796 3072 filios

2154 3107 2303 3176 (Luc.
2343 3121 2435 3175 xv,
2488 3106 2575 3171 11)
2621 3121 2634 3172 ;
2685 3108 2742 3159 et
2792 3105 2892 3175 qui
2942 3104 3000 3159 in
3033 3104 3148 3159 alia
3197 3105 3473 3175 parabola
3518 3107 3799 3162 conduxit

2155 3195 2450 3266 Operarios
2498 3195 2557 3249 in
2604 3195 2835 3249 vineam
2885 3209 3054 3248 suam
3104 3193 3310 3264 (Matth.
3362 3212 3455 3262 xx,
3512 3196 3569 3262 2)
3623 3214 3636 3264 ;
3698 3197 3801 3269 qui

2076 3267 2118 3334 C
2157 3282 2441 3353 plantavit
2486 3284 2714 3338 vineam
2766 3283 2918 3354 (Luc.
2964 3298 3060 3349 xx,
3111 3282 3189 3353 9),
3235 3282 3306 3337 de
3354 3299 3468 3355 qua
3517 3288 3574 3339 et
3623 3267 3801 3340 Isaias

2157 3372 2499 3443 plenissime
2542 3388 2645 3443 per
2686 3371 2991 3427 Canticum
3042 3370 3321 3443 loquitur,
3353 3372 3426 3426 ad
3474 3377 3799 3429 extremum

2155 3460 2458 3516 inferens:
2498 3461 2661 3516 Vinea
2708 3461 2929 3515 Domini
2975 3460 3230 3526 Sabaoth,
3264 3461 3459 3515 domus
3507 3462 3678 3518 Israel
3725 3472 3810 3518 est

2155 3555 2284 3626 (Isa.
2321 3569 2374 3619 v,
2404 3553 2481 3623 7).
2516 3552 2585 3606 Et
2638 3551 2697 3606 in
2751 3551 2980 3606 Psalmo
3014 3568 3027 3606 :
3068 3552 3290 3606 Vineam
3336 3551 3400 3606 de
3431 3553 3686 3624 Algypto,
3721 3552 3809 3607 in-

2156 3642 2302 3714 quit,
2351 3641 2732 3697 transtulisti:
2779 3640 2990 3711 ejecisti
3032 3648 3236 3711 gentes,
3268 3645 3321 3697 et
3364 3641 3642 3712 plantasti
3676 3658 3804 3698 eam
3896 3689 3903 3692 _

2158 3731 2333 3803 (Psal.
2371 3748 2555 3796 LXXIX,
2587 3730 2663 3801 9).
2702 3731 2765 3784 Et
2811 3745 2991 3801 sepem
3037 3729 3394 3785 circumdedit
3435 3732 3508 3797 ei,
3540 3730 3627 3786 vel
3677 3748 3804 3785 mu-

2158 3837 2289 3875 rum
2315 3820 2478 3875 urbis
2498 3819 2584 3874 vel
2619 3818 2960 3890 angelorum
2983 3818 3238 3874 auxilia:
3264 3822 3315 3874 el
3338 3819 3483 3891 fodit
3516 3823 3576 3875 in
3602 3838 3674 3876 ea
3697 3823 3807 3875 tor-

2156 3911 2333 3976 cular,
2359 3913 2459 3964 aut
2481 3907 2681 3973 altare,
2706 3913 2808 3962 aut
2830 3907 2929 3961 illa
2958 3907 3298 3973 toreularia,
3319 3924 3569 3978 quorum
3602 3915 3659 3963 et
3689 3912 3807 3963 tres

2161 3998 2374 4055 Psalmi
2422 3998 2594 4053 titulo
2642 4000 3042 4068 praenotantur
3084 4013 3097 4051 :
3147 4001 3382 4051 octavus
3431 4001 3487 4051 et
3529 3996 3810 4068 octogesi-

2160 4105 2313 4158 mus,
2348 4090 2405 4143 et
2434 4085 2825 4157 octogesimus
2869 4084 3096 4139 tertius.
3135 4086 3201 4139 Et
3228 4084 3527 4153 aediﬁcavit
3556 4086 3758 4140 turrim
3790 4103 3810 4141 .-

2159 4178 2317 4233 haud
2369 4175 2614 4231 dubium
2667 4175 2807 4245 quin
2856 4173 3166 4243 templum,
3200 4173 3270 4229 de
3302 4189 3417 4244 quo
3465 4172 3679 4228 dicitur
3711 4190 3812 4245 per

2159 4266 2459 4321 Michaeam
2493 4281 2505 4318 :
2541 4265 2607 4318 Et
2647 4270 2731 4328 tu,
2764 4271 2871 4316 tun
2888 4264 2935 4316 is
2985 4261 3266 4329 nebulosa,
3296 4262 3420 4331 ﬁlia
3466 4261 3594 4319 Sion
3628 4262 3808 4334 (Mich.

2164 4372 2237 4420 ιν,
2278 4354 2359 4424 8).
2400 4354 2464 4407 Et
2517 4350 2719 4406 locavit
2765 4366 2885 4404 eum
2934 4351 3213 4421 agricolis,
3246 4368 3395 4422 quos
3448 4350 3587 4407 alibi
3630 4353 3810 4407 vincas

2160 4441 2457 4514 operarios
2504 4438 2863 4512 appellavit:
2913 4439 3013 4510 qui
3063 4439 3335 4495 conducti
3384 4441 3616 4497 fuerant
3671 4440 3811 4495 hora

2163 4532 2373 4603 prima,
2428 4530 2622 4594 tertia,
2680 4531 2862 4598 sexta,
2916 4545 3071 4584 nona
3124 4534 3181 4585 et
3231 4530 3546 4585 undecima
3598 4530 3807 4601 (Matth.

404 4623 499 4673 tea
541 4619 894 4690 paenitentiae
944 4618 1305 4691 baptismum
1355 4620 1683 4691 acceperint
1732 4636 1765 4674 a
1805 4620 2052 4677 Joanne.
2087 4639 2131 4704 Ι)
2162 4637 2256 4686 xx,
2289 4620 2339 4685 1,
2371 4619 2425 4687 3,
2456 4619 2512 4686 5,
2543 4618 2622 4688 6).
2673 4620 2738 4673 Et
2778 4634 3008 4689 peregre
3051 4620 3332 4693 profectus
3378 4622 3502 4673 est:
3533 4623 3641 4685 est,
3694 4634 3807 4673 non

404 4706 684 4763 Pharisaei
744 4712 960 4776 autem,
1019 4707 1118 4778 qui
1184 4708 1482 4778 justitiam
1535 4708 1941 4780 praeferebant,
1998 4715 2057 4766 et
2168 4708 2279 4765 loci
2312 4707 2835 4777 mutatione3nam
2861 4713 3008 4763 Deus
3032 4707 3186 4761 unde
3216 4708 3420 4762 abesse
3448 4710 3661 4778 potest,
3694 4722 3809 4778 quo

478 4869 495 4940 ξ
526 4872 660 4923 Haec
689 4867 829 4923 item
860 4883 930 4923 ex
970 4867 1319 4923 Adamantio
1350 4871 1564 4937 repete,
1597 4884 1767 4940 quem
1800 4869 1894 4924 hic
1926 4870 2056 4927 des-

407 4939 632 4996 cribere
663 4955 778 4995 non
808 4944 995 4995 vacat.

478 5011 702 5084 ’Bab.,
754 5012 816 5065 in
870 5010 1160 5084 veteribus.
1214 5012 1284 5067 Et
1326 5011 1601 5067 veteribus
1657 5011 1892 5081 quidem
1943 5029 2056 5084 pro

403 5083 553 5156 veris
583 5083 838 5156 positum
858 5082 1350 5156 absilieronyrno
1383 5099 1729 5155 persuasum
1761 5089 1851 5156 est
1880 5082 2055 5139 etiam

408 5153 557 5209 mihi
586 5153 605 5208 Ξ
639 5160 704 5208 ut
732 5153 872 5224 quid
907 5154 1085 5219 enim,
1118 5154 1168 5209 si
1193 5153 1321 5209 vera
1351 5153 1474 5209 tum
1501 5156 1739 5209 demum
1762 5154 1863 5209 illa
1891 5161 2059 5210 erant

407 5224 765 5298 exemplaria
795 5241 924 5296 qua:
969 5228 1221 5297 primum
1266 5226 1670 5298 praeferebant,
1705 5230 1882 5297 atque
1913 5227 2056 5282 adeo

400 5295 612 5423 {ialsata
664 5295 768 5350 illa
815 5295 982 5351 erant
1036 5314 1161 5369 qua:
1221 5295 1481 5352 ferebant
1523 5295 1877 5363 novissimus,
1932 5299 2058 5369 ipse

464 5370 799 5423 ieronvmus
845 5369 906 5421 in
960 5368 1255 5423 nronosita
1304 5368 1570 5423 nericone
1621 5369 1792 5423 habet
1829 5370 2058 5423 ηοιιίοεὶ·

464 5370 799 5440 ieronymus
845 5369 906 5421 in
960 5368 1255 5440 proposita
1303 5368 1570 5440 pericope
1621 5369 1792 5423 habet
1829 5368 2060 5424 "Oa’ieSi'

408 5457 530 5495 mus
550 5440 578 5495 Ἰ
606 5456 715 5512 cur
735 5439 1091 5512 interpolata
1142 5439 1499 5512 exemplaria
1547 5442 1796 5509 praefert,
1827 5446 1885 5495 et
1914 5442 2057 5495 veris

410 5510 758 5583 anteponit?
792 5512 1065 5583 Veteribus
1112 5510 1328 5567 autem
1362 5512 1413 5567 si
1461 5512 1713 5583 scripsit,
1763 5516 2058 5582 utcunque

409 5600 473 5639 se
514 5581 607 5638 rés
654 5582 803 5637 bene
834 5581 1027 5656 habet,
1061 5589 1117 5656 et
1145 5590 1393 5656 utraque
1443 5582 1661 5656 exponi
1682 5581 1848 5656 lectio
1880 5581 2059 5656 mere-

410 5659 527 5725 tur,
560 5669 812 5727 quarum
844 5653 1025 5727 altera
1073 5654 1122 5709 si
1154 5672 1188 5710 a
1216 5653 1837 5727 corruptis'codicibus
1866 5654 2055 5727 expri-

409 5725 667 5787 meretur
694 5740 801 5782 cur
829 5740 891 5782 se
921 5726 979 5783 Β.
1010 5729 1184 5784 Pater
1212 5726 1297 5784 illi
1342 5725 1695 5803 explicandis
1729 5725 1917 5784 fusius
1945 5725 2054 5784 dif-

2170 4869 2436 4925 funderet
2493 4884 2606 4922 non
2658 4867 2977 4939 oportebat.
3012 4865 3157 4939 Vide
3211 4865 3478 4939 Sabater.
3529 4896 3596 4907 —
3645 4865 3809 4921 Nunc

2167 4940 2441 5012 legimus,
2465 4937 2797 5012 Pharisaaos
2827 4938 2897 4992 de
2928 4937 3156 4992 seniore
3205 4937 3324 5012 sive
3355 4937 3813 5012 primorespono

2168 5008 2300 5068 su'm
2344 5011 2596 5066 dedisse.
2630 5010 2779 5064 Sunt
2828 5013 3024 5080 autem
3075 5026 3144 5080 ex
3173 5008 3435 5080 antiquis
3466 5008 3576 5080 qui
3614 5008 3811 5079 de’ju-

2170 5084 2330 5138 niore
2363 5082 2607 5154 legerint
2635 5082 2877 5154 dictum.
2912 5079 2970 5135 S.
3010 5079 3263 5154 Hilarius
3293 5078 3536 5154 inhunc
3566 5078 3756 5154 locum
3796 5097 3807 5133 :

2168 5155 2365 5209 Dieant
2391 5151 2664 5208 voluntati
2702 5152 2983 5224 juniorem
3015 5152 3286 5208 obedisse.
3329 5152 3546 5223 Nempe
3577 5151 3811 5224 vulgata

2165 5226 2335 5280 lectio
2384 5229 2510 5278 tum
2561 5222 2841 5294 temporis
2887 5227 3011 5294 erat
3058 5224 3440 5278 novissimus:
3474 5222 3600 5294 quae
3644 5222 3701 5277 et
3750 5223 3808 5276 in

2208 5298 2521 5361 ervetusto,
2576 5293 2777 5365 quem,
2807 5293 3058 5349 subinde
3106 5295 3439 5361 laudamus,
3488 5293 3807 5349 Veronensi

2208 5313 2521 5361 ervetusw,
2576 5313 2751 5365 quem
2807 5313 3058 5349 suoinue
3106 5313 3439 5361 laudamus,
3500 5313 3807 5349 veronensi

2168 5313 2612 5438 Evangeliorum
2655 5364 2852 5438 codice
2900 5365 3089 5420 durat.
3126 5366 3331 5422 Nescio
3382 5365 3515 5437 quis
3558 5365 3695 5420 huic
3728 5374 3809 5419 Ia-

2169 5456 2301 5494 men
2334 5437 2629 5493 consonus
2677 5437 2840 5491 locus
2888 5441 3172 5508 tanquam
3222 5454 3291 5492 ex
3325 5439 3668 5508 Hieronymo
3715 5453 3807 5491 re-

2169 5512 2350 5565 fertur
2402 5510 2725 5565 in’Catena
2773 5509 2950 5563 Aurea
2997 5508 3092 5579 qui
3141 5509 3270 5564 fecit
3327 5510 3566 5564 Erasmo
3615 5508 3807 5563 denuo

2169 5580 2586 5653 suspicionem,
2610 5597 2751 5653 cum
2786 5580 2846 5633 in
2880 5580 2969 5634 his
3015 5580 3463 5653 Commentariis
3512 5595 3624 5653 non
3659 5580 3809 5634 inve-

2169 5650 2386 5735 niatur,
2411 5653 2566 5735 qpod
2597 5652 2817 5735 fuerint
2842 5668 2878 5735 ρ.
2910 5651 3209 5735 fastidioso
3243 5651 3516 5735 quopiam
3547 5650 3685 5707 olim
3716 5653 3811 5707 de-

2169 5722 2401 5783 curtati.
2429 5722 2756 5783 Prestabat
2781 5722 2959 5780 fidem
2987 5722 3212 5782 Catenis
3242 5722 3548 5797 denegare.

2449 5893 2478 5926 υ
