4024 6196
210 320 325 379 163

1456 308 1520 367 S.
1566 304 1880 367 EUSEBII
1928 303 2373 365 lllERONYMI

3500 307 3617 369 164

207 449 573 521 complentur
596 444 905 501 omnia‘2et
923 442 1063 516 quid
1096 441 1235 497 dicit
1256 458 1356 513 per
1374 438 1687 495 Jeremiam
1716 455 1728 492 :
1753 438 1858 506 Ego
1888 440 1934 506 Α
1977 435 2179 491 Locata
2207 440 2296 491 est
2324 439 2516 491 autem
2563 437 2733 492 nobis
2760 436 2945 507 vinea,
2977 443 3034 494 ct
3081 437 3268 495 locata
3296 455 3364 496 ea
3414 441 3615 496 condi-

207 540 347 594 Dcus
389 536 833 609 appropinquans
879 542 931 587 et
960 549 1069 587 non
1117 531 1182 585 de
1229 531 1543 601 longinquo,
1575 528 1713 582 dicit
1748 531 1855 581 Do-

206 631 390 683 minus
422 627 643 692 (Jcrem.
695 640 858 689 xxm,
909 623 1021 692 23).
1058 622 1167 677 Sed
1216 621 1375 675 abire
1418 619 1648 672 videtur
1695 633 1728 670 a
1776 614 1856 670 vi-

206 732 317 771 nea
350 720 414 770 ut
444 713 795 768 vinitoribus
826 711 1078 766 liberum
1112 708 1391 782 operandi
1425 706 1732 762 arbitrium
1759 705 1856 758 de-

206 803 521 875 relinquat.
1789 880 1792 884 .

279 893 465 966 (Vers.
501 892 568 944 34
596 891 784 961 seqq.)
822 912 843 937 ί(
877 892 1015 942 Cum
1049 891 1245 942 autem
1295 891 1526 956 tempus
1560 884 1855 938 fructuum

208 980 758 1054 appropinquasset,
793 977 955 1031 misit
998 992 1195 1031 servos
1244 991 1383 1030 suos
1428 974 1499 1027 ad
1548 970 1856 1043 agricolas,

208 1078 274 1126 ut
304 1069 630 1141 acciperent
673 1068 896 1121 fructus
946 1066 1094 1136 ejus.
1129 1067 1195 1118 Et
1244 1063 1507 1135 agricolae
1541 1058 1859 1132 apprehen-

206 1162 288 1215 sis
314 1158 498 1215 servis
524 1159 676 1229 ejus,
706 1154 886 1210 alium
912 1153 1266 1218 ceciderunt,
1291 1152 1471 1205 alium
1497 1150 1854 1217 occiderunt,

206 1250 387 1305 alium
417 1264 547 1301 vero
578 1245 1005 1317 lapidaverunt.
1044 1244 1258 1297 [terum
1292 1240 1453 1295 misit
1482 1239 1628 1293 alios
1662 1254 1857 1292 servos

208 1339 406 1409 plures
440 1335 753 1408 prioribus,
789 1333 940 1389 I12
975 1335 1030 1386 et
1062 1333 1325 1384 fecerunt
1348 1328 1465 1383 illis
1499 1326 1789 1382 similiter.
1826 1348 1854 1373 ››

208 1428 457 1482 Dederat
504 1423 589 1479 eis
637 1423 824 1493 legem
862 1426 900 1487 ί,
934 1426 989 1476 et
1022 1421 1078 1474 in
1130 1420 1237 1473 hac
1270 1435 1366 1474 eos
1415 1417 1582 1471 vinea
1630 1413 1857 1486 operari

200 1516 483 1587 jusserat,
519 1518 581 1567 ut
615 1512 866 1565 fructum
900 1509 1046 1581 legis
1076 1508 1137 1562 in
1190 1508 1466 1580 cperihus
1497 1505 1853 1561 exhiberent.

210 1608 416 1659 Postea
448 1602 611 1655 misit
649 1602 718 1656 ad
754 1616 850 1655 eos
901 1615 1119 1666 servos,
1154 1613 1301 1668 quos
1330 1595 1414 1649 illi
1461 1593 1858 1667 apprehensos

206 1692 293 1747 vel
350 1692 706 1754 ceciderunt,
738 1693 802 1742 ut
849 1686 1165 1742 Jeremiam
1218 1686 1431 1756 (Jerem.
1470 1700 1695 1749 -xxxvu,
1752 1682 1855 1748 ivi;

207 1797 440 1845 xxxvm,
500 1779 554 1847 6)
605 1796 617 1833 :
674 1776 763 1832 vel
808 1775 1169 1840 occiderunt,
1216 1778 1280 1828 ut
1327 1772 1537 1828 Isaiam
1590 1772 1675 1843 (IV
1724 1773 1853 1841 Reg.

208 1886 338 1939 xxv,
375 1870 475 1935 1·1;
509 1867 670 1922 Hebr.
726 1883 801 1936 ιιι,
848 1866 983 1933 37);
1039 1863 1125 1918 vel
1171 1862 1595 1934 lapidaverunt,
1640 1866 1702 1916 ut
1753 1861 1861 1915 Na-

208 1959 348 2013 both
400 1957 494 2022 (III
542 1958 665 2024 Reg.
716 1972 833 2021 xxi,
887 1953 997 2024 44),
1030 1959 1086 2007 et
1132 1951 1492 2018 Zachariam,
1545 1967 1719 2022 quem
1768 1949 1858 2004 in-

208 2048 562 2102 terfecerunt
618 2044 770 2098 inter
828 2041 1115 2114 templum
1196 2048 1253 2096 et
1311 2040 1492 2096 altare
1569 2040 1666 2111 (II
1726 2041 1856 2095 Par.

208 2153 362 2204 XXIV,
392 2136 503 2203 22).
549 2135 836 2204 Legamus
885 2130 1207 2203 Epistolam
1255 2131 1418 2184 Pauli
1468 2132 1539 2184 ad
1591 2130 1859 2184 Hebraeos

214 2225 393 2297 (Hebr.
426 2241 504 2289 x1,
537 2223 771 2294 34-37);
808 2227 864 2276 et
915 2237 982 2276 ex
1025 2238 1091 2275 ea
1147 2219 1484 2291 plenissime
1513 2220 1533 2252 ²
1564 2218 1860 2274 discemus

213 2312 313 2384 qui
347 2328 645 2367 servorum
679 2309 911 2365 Domini
941 2314 1160 2381 quanta
1192 2312 1449 2380 perpessi
1486 2307 1624 2362 sint.

283 2402 469 2472 (Vers.
500 2400 590 2463 37,
620 2400 733 2470 38.)
773 2421 797 2451 α
830 2398 1157 2453 Novissime
1205 2404 1400 2452 autem
1450 2396 1611 2450 misit
1658 2396 1729 2450 ad
1762 2412 1860 2451 eos

212 2489 399 2545 ﬁlium
450 2484 667 2558 suum,
702 2488 901 2542 dicens
936 2506 947 2543 :
985 2487 1356 2541 Verebuntur
1403 2484 1589 2539 ﬁlium
1639 2500 1857 2539 meum.

208 2576 486 2650 Agricolae
518 2584 714 2632 autem
746 2576 1007 2630 videntes
1038 2575 1243 2644 ﬁlium,
1270 2574 1543 2629 dixerunt
1574 2575 1727 2628 intra
1749 2590 1810 2628 se
1844 2589 1856 2627 :

212 2666 307 2721 hic
337 2672 426 2722 est
458 2666 679 2733 haeres;
720 2665 932 2731 venite,
965 2664 1301 2719 occidamus
1347 2680 1503 2732 eum,
1536 2667 1590 2717 et
1622 2661 1859 2717 habebi-

212 2773 346 2811 mus
379 2755 775 2810 haareditatem
822 2755 968 2824 ejus.
1006 2775 1033 2802 ››
1064 2754 1125 2808 In
1175 2769 1241 2808 eo
1287 2756 1439 2824 quod
1489 2768 1667 2823 supra
1716 2751 1859 2823 legi-

215 2861 397 2900 mus:
452 2847 658 2900 Iterum
708 2844 858 2898 misit
907 2844 1045 2897 alios
1092 2857 1269 2899 servos
1310 2840 1502 2913 plures
1558 2840 1860 2911 prioribus,

211 2944 262 2990 et
292 2937 543 3005 fecerunt
592 2934 705 2988 illis
746 2933 1028 2999 similiter,
1062 2931 1404 3002 patientiam
1455 2928 1710 2985 ostendit
1760 2946 1860 3001 pa-

212 3022 595 3092 trisfamilias,
640 3022 795 3093 quod
844 3021 1207 3093 frequentius
1260 3018 1507 3085 miserit,
1559 3024 1623 3073 ut
1676 3018 1861 3073 malos

212 3112 449 3166 colonos
508 3111 579 3165 ad
630 3111 1032 3182 pmnitentiam
1086 3115 1478 3182 provocaret:
1530 3108 1612 3162 illi
1664 3113 1857 3163 autem

1968 525 2145 596 tione,
2178 529 2244 579 ut
2295 526 2609 582 reddamus
2645 527 2884 583 Domino
2936 528 3188 585 fructum
3238 529 3605 601 temporibus

1970 614 2114 681 suis,
2140 619 2196 669 et
2226 615 2484 671 sciamus
2515 633 2869 689 unoquoque
2885 621 3145 690 tempore
3174 618 3312 690 quid
3348 623 3615 690 oporteat

1969 720 2074 758 nos
2104 702 2189 758 vel
2222 703 2404 776 loqui,
2438 704 2525 760 vel
2561 706 2765 761 facere.

2039 792 2220 863 (Vers.
2256 793 2365 864 42.)
2397 816 2424 843 ‹‹
2458 793 2609 848 Dicit
2639 793 2755 851 illis
2783 795 2959 851 Jesus
2993 814 3005 851 :
3039 795 3354 867 Nunquam
3381 795 3617 870 legistis

1968 881 2029 936 in
2060 880 2411 954 Scripturis:
2439 883 2707 954 Lapidem
2742 901 2915 956 quem
2945 886 3401 957 reprobaverunt
3430 886 3615 941 aediﬁ-

1968 974 2186 1036 cantes,
2233 971 2324 1025 hic
2377 972 2565 1027 factus
2612 973 2789 1028 estin
2838 978 3013 1045 caput
3060 973 3311 1047 anguli?
3363 977 3517 1031 178
3567 982 3617 1031 Α

1969 1060 2212 1115 Domino
2248 1062 2466 1115 factum
2501 1065 2589 1116 est
2618 1061 2784 1128 illud,
2823 1066 2881 1117 et
2909 1067 2998 1118 est
3029 1062 3295 1119 mirabile
3340 1063 3397 1118 in
3429 1064 3616 1121 oculis

1968 1149 2202 1204 nostris.
2240 1172 2265 1197 »
2297 1149 2484 1205 Variis
2516 1149 2808 1221 parabolis
2838 1152 3203 1224 diversisque
3233 1152 3609 1209 sermonibus

1967 1255 2059 1294 res
2088 1239 2303 1294 eaedem
2352 1244 2759 1295 contexuntur.
2794 1243 2948 1306 Quos
2997 1240 3154 1297 enim
3203 1257 3384 1312 supra
3412 1258 3617 1314 opera-

1969 1328 2107 1399 rios,
2156 1332 2212 1383 et
2267 1328 2566 1395 vinitores,
2617 1335 2674 1384 et
2726 1329 3010 1402 agricolas
3062 1330 3408 1402 appellarat,
3461 1347 3617 1387 nunc

1966 1416 2364 1485 aediﬁcatores,
2401 1418 2457 1473 id
2485 1423 2594 1489 est,
2626 1419 3025 1475 casmentarios
3055 1424 3243 1475 vocat.
3277 1421 3443 1476 Unde
3476 1420 3618 1476 dicit

1965 1507 2277 1578 Apostolus
2334 1524 2345 1561 :
2410 1509 2506 1562 Dei
2556 1508 2923 1579 agricultura,
2981 1510 3077 1563 Dei
3137 1508 3429 1578 aediﬁcatio
3487 1510 3620 1565 estis

1968 1594 2017 1665 (Ι
2065 1594 2186 1651 Cor.
2241 1613 2323 1663 ιιι,
2369 1596 2446 1668 9).
2497 1596 2566 1650 Hi
2612 1613 2748 1669 ergo
2798 1597 3153 1653 caementarii
3216 1598 3511 1669 quomodo
3560 1600 3620 1653 et

1968 1684 2247 1739 vinitores
2300 1685 2592 1757 accipiunt
2644 1687 2894 1753 vineam,
2946 1688 3030 1743 sic
3078 1692 3434 1760 acceperunt
3478 1687 3629 1760 lapi—

1971 1773 2124 1841 dem,
2159 1790 2331 1845 quem
2364 1774 2449 1830 vel
2499 1775 2557 1829 in
2609 1776 3009 1832 fundamentis
3058 1781 3297 1849 ponant,
3322 1777 3497 1849 juxta
3524 1793 3621 1833 ar-

1969 1862 2284 1917 chitectum
2335 1863 2577 1919 Paulum
2635 1864 2790 1935 (Ibid.
2845 1866 2971 1933 10);
3026 1864 3114 1922 vel
3166 1865 3224 1921 in
3272 1866 3508 1938 angulo,
3553 1870 3621 1922 ut

1969 1952 2117 2007 duos
2150 1951 2419 2023 parietes,
2444 1954 2501 2008 id
2524 1957 2629 2023 est,
2655 1953 2938 2026 populum
2973 1960 3290 2029 utrumque
3321 1954 3620 2012 consociet

1969 2042 2180 2111 (Ephes.
2207 2060 2267 2108 ιι,
2309 2043 2394 2114 15)
2427 2043 2527 2114 qui
2578 2043 2921 2116 reprobatus
2945 2045 3016 2099 ab
3049 2043 3153 2113 eis,
3201 2045 3390 2101 factus
3438 2049 3528 2100 est
3554 2047 3615 2100 in

1970 2134 2144 2199 caput
2192 2130 2413 2202 anguli.
2448 2132 2518 2185 Et
2568 2131 2670 2187 hoc
2714 2148 2747 2186 a
2795 2132 3040 2188 Domino
3091 2134 3309 2189 factum
3358 2139 3465 2204 est,
3500 2150 3617 2191 non

1971 2218 2248 2274 humanis
2293 2220 2535 2291 viribus,
2570 2221 2669 2276 sed
2718 2220 2818 2276 Dei
2852 2221 3127 2293 potentia.
3160 2223 3240 2277 De
3289 2222 3398 2278 hoc
3426 2223 3618 2294 lapide

1969 2307 2243 2377 adjutorii
2276 2312 2481 2364 Petrus
2512 2325 2743 2380 quoque
2774 2309 3035 2382 loquitur
3079 2310 3437 2367 conﬁdenter
3469 2328 3481 2365 :
3515 2312 3621 2368 Iste

1970 2398 2113 2468 lapis
2161 2400 2255 2468 qui
2303 2399 2621 2470 reprobatus
2649 2408 2728 2454 est
2775 2416 2815 2453 α
2860 2400 3009 2455 vobis
3056 2399 3474 2470 zdiﬁcantibus,
3530 2401 3620 2457 hic

1968 2489 2150 2558 factus
2179 2495 2259 2541 est
2291 2488 2351 2541 in
2397 2496 2561 2557 caput
2591 2490 2792 2556 anguli
2821 2488 2865 2559 (ι
2897 2490 3041 2544 Pelr.
3075 2506 3137 2555 ιι,
3166 2491 3243 2556 7).
3275 2489 3346 2544 Et
3386 2490 3568 2546 Isaias
3601 2508 3614 2546 :

1970 2578 2118 2643 Ecce,
2151 2575 2250 2646 ait,
2284 2578 2529 2631 imitlam
2555 2578 2614 2632 in
2640 2577 3007 2648 fundamenta
3039 2578 3171 2633 Sion
3208 2578 3449 2649 lapidem
3480 2580 3617 2634 elec-

1971 2673 2108 2732 tum,
2157 2656 2475 2736 pretiosum,
2525 2667 2850 2736 angularem
2901 2686 2919 2721 :
2962 2677 3014 2723 et
3069 2668 3167 2739 qui
3212 2667 3513 2725 crediderit
3552 2668 3613 2724 in

1969 2769 2113 2820 eum,
2145 2769 2253 2808 non
2284 2754 2644 2825 confundetur
2676 2756 2798 2826 (Isa.
2830 2773 3028 2824 xxvm,
3064 2758 3173 2823 16).

2042 2842 2225 2913 (Vers.
2259 2844 2434 2912 l13.)»
2494 2844 2621 2899 [deo
2672 2844 2799 2903 dico
2847 2846 3031 2913 vobis,
3066 2845 3205 2917 quia
3254 2845 3549 2902 auferetur
3577 2863 3613 2902 a

1968 2932 2133 2987 vobis
2163 2949 2407 3004 regnum
2441 2932 2562 3000 Dei,
2598 2938 2653 2988 et
2678 2933 2915 2989 dabitur
2942 2934 3101 3006 genti
3135 2934 3364 2990 facienti
3392 2935 3616 2991 fructus

1971 3024 2124 3090 ejus.
2184 3042 2211 3069 ››
2272 3020 2597 3092 Aliquoties
2647 3020 2785 3093 dixi,
2836 3038 3081 3093 regnum
3133 3022 3233 3079 Dei
3283 3022 3618 3095 Scripturas

1971 3114 2205 3165 sanctas
2238 3108 2510 3182 intelligi,
2544 3126 2691 3182 quas
2723 3109 3006 3166 Dominus
3037 3111 3283 3168 abstulit
3311 3128 3346 3167 s.
3372 3111 3615 3184 Judaeis,

214 3199 753 3254 thesaurizaverunt
784 3199 895 3252 sibi
928 3200 1074 3253 iram
1124 3199 1182 3253 in
1217 3200 1308 3253 die
1352 3199 1448 3252 iraa
1482 3199 1653 3267 (Rom.
1691 3215 1748 3263 ιι,
1781 3198 1857 3268 5).
1893 3183 1935 3250 C
1972 3204 2028 3254 et
2060 3198 2227 3253 nobis
2261 3197 2516 3264 tradidit,
2552 3204 2617 3253 ut
2656 3198 2939 3254 faciamus
2986 3199 3210 3255 fructus
3241 3217 3463 3257 earum.
3501 3183 3619 3256 Ista

218 3290 387 3343 Porro
447 3288 599 3360 quod
647 3288 966 3359 jungitur:
1008 3288 1338 3343 Verebantur
1366 3287 1386 3320 ³
1428 3287 1607 3355 ﬁlium
1655 3303 1858 3351 meum,

218 3394 333 3433 non
367 3378 437 3433 de
466 3377 797 3450 ignorantia
827 3377 1001 3432 venit.
1033 3376 1180 3439 Quid
1213 3375 1367 3429 enim
1404 3375 1624 3429 nesciat
1668 3380 1862 3446 pater-

154 3536 158 3541 .
216 3466 494 3535 familias,
519 3468 615 3538 qui
640 3467 748 3521 hoc
781 3467 903 3521 loco
937 3466 1090 3521 Deus
1134 3465 1301 3519 Pater
1332 3462 1719 3533 intelligitur?
1752 3463 1862 3517 Sed

218 3573 450 3627 semper
496 3556 794 3627 ambigere
839 3555 1053 3610 dicitur
1084 3554 1257 3619 Deus,
1293 3558 1356 3608 ut
1384 3550 1566 3607 libera
1596 3551 1865 3606 voluntas

217 3644 444 3699 homini
494 3650 837 3699 reservetur.
875 3645 1305 3715 lnterrogemus
1337 3642 1539 3696 Arium
1587 3647 1644 3697 et
1672 3642 1864 3696 Eune-

216 3735 424 3788 mium.
462 3734 604 3789 Ecce
634 3738 798 3805 pater
846 3733 1059 3788 dicitur
1106 3733 1393 3805 ignorare,
1426 3736 1482 3787 et
1514 3732 1861 3786 sententiam

218 3827 522 3893 temperat,
558 3826 616 3877 et
644 3828 931 3893 quantum
980 3823 1038 3876 in
1092 3821 1251 3876 vobis
1283 3825 1388 3889 est,
1426 3821 1706 3893 probatur
1736 3836 1865 3876 esse

216 3912 518 3967 mentitus.
577 3912 868 3983 Quidquid
926 3929 1030 3983 pro
1083 3916 1249 3965 Patre
1299 3908 1723 3981 responderint,
1756 3907 1864 3964 hoc

216 4001 548 4074 intelligant
578 4019 680 4074 pro
712 4001 874 4070 Filio,
898 4000 998 4073 qui
1029 4017 1091 4056 se
1123 3998 1262 4054 dicit
1292 4000 1557 4071 ignorare
1585 4014 1863 4053 consum-

217 4091 493 4145 mationis
525 4090 699 4145 diem.

287 4180 473 4249 (Vers.
522 4180 636 4250 39.)

216 4275 376 4322 extra
409 4268 657 4333 vineam,
688 4273 743 4323 et
775 4267 1131 4323 occiderunt.
1170 4290 1197 4317 ››
1233 4267 1299 4321 Et
1329 4263 1646 4337 Apostolus
1682 4263 1865 4335 loqui-

214 4361 329 4427 tur,
364 4358 518 4428 quod
550 4361 709 4411 extra
750 4362 977 4429 portam
1020 4358 1194 4413 Jesus
1225 4356 1538 4411 cruciﬁxus
1569 4354 1648 4409 sit
1676 4354 1861 4425 (Hebr.

212 4463 341 4513 xm,
369 4446 476 4517 12).
510 4449 836 4500 Possumus
870 4452 925 4500 et
956 4446 1122 4500 aliter
1152 4445 1472 4516 intelligere
1499 4462 1511 4511 ;
1546 4443 1697 4516 quod
1722 4443 1866 4514 ejec-

694 4203 712 4227 α
769 4180 835 4233 Et
882 4177 1313 4251 apprehensum
1362 4192 1518 4243 cum,
1570 4176 1865 4243 ejecerunt

1973 3291 2061 3342 est
2088 3287 2254 3342 vinea
2283 3304 2409 3359 quae
2442 3288 2693 3342 traditur
2738 3287 3012 3360 agricolis
3059 3293 3115 3345 et
3146 3289 3517 3358 vinitoribus,
3550 3290 3607 3347 in

1975 3394 2090 3448 qua
2129 3375 2228 3448 qui
2278 3376 2499 3447 operati
2549 3394 2663 3432 non
2711 3377 2944 3445 fuerint,
2978 3395 3190 3435 nomen
3235 3383 3465 3436 tantum
3518 3378 3618 3435 ha-

1976 3465 2176 3519 bentes
2237 3464 2714 3536 Scripturarum,
2794 3468 3018 3523 fructus
3075 3468 3254 3523 vineae
3330 3467 3618 3542 perdituri

1975 3558 2131 3608 sunt.

2045 3644 2232 3714 (Vers.
2286 3643 2398 3713 44.)
2458 3665 2485 3691 ‹‹
2534 3643 2603 3698 Et
2647 3643 2747 3715 qui
2800 3643 3071 3701 ceciderit
3127 3664 3304 3720 super
3360 3646 3615 3720 lapidem

1975 3731 2177 3797 istum,
2209 3731 2653 3804 confringatur;
2711 3750 2888 3805 super
2917 3750 3095 3806 quem
3145 3752 3275 3791 vero
3326 3736 3616 3805 ceciderit,

1974 3823 2230 3875 conteret
2280 3836 2435 3876 eum.
2472 3844 2499 3870 ››
2532 3820 2705 3876 Aliud
2737 3827 2826 3878 est
2872 3824 3161 3881 offendere
3190 3825 3483 3881 Christum
3518 3842 3621 3898 per

1975 3908 2130 3965 mala
2160 3926 2354 3981 opera,
2384 3909 2542 3966 aliud
2591 3927 2821 3983 negare.
2853 3911 2961 3975 Qui
3009 3918 3275 3984 peccator
3303 3918 3413 3981 est,
3444 3918 3502 3970 et
3531 3921 3618 3970 ta-

1975 4015 2107 4053 men
2139 3998 2198 4053 in
2230 3997 2398 4054 illum
2448 3999 2650 4069 credit,
2679 4000 2833 4055 cadit
2863 4001 3099 4073 quidem
3131 4019 3308 4076 super
3336 4002 3615 4075 lapidem,

1974 4094 2030 4142 et
2077 4088 2485 4160 confringitur,
2519 4089 2617 4144 sed
2671 4106 2787 4144 non
2834 4094 3073 4147 omnino
3121 4091 3481 4148 conteritur:
3530 4109 3619 4147 re-

1974 4182 2236 4232 servatur
2265 4176 2418 4232 enim
2454 4194 2556 4249 per
2584 4178 2983 4250 paenitentiam
3023 4181 3095 4237 ad
3128 4179 3400 4237 salutem.
3436 4186 3622 4254 Super

1974 4282 2150 4337 quem
2181 4282 2315 4320 vero
2370 4264 2466 4321 ille
2510 4266 2805 4335 ceciderit,
2857 4267 2966 4324 hoc
3014 4274 3124 4342 est,
3169 4269 3263 4326 cui
3315 4269 3465 4343 lapis
3494 4270 3621 4343 ipse

1976 4355 2229 4420 irruerit,
2279 4361 2336 4410 et
2384 4356 2484 4426 qui
2536 4356 2831 4412 Christum
2881 4357 3116 4430 penitus
3162 4359 3481 4431 negaverit,
3528 4359 3621 4415 sin

1976 4447 2235 4498 conteret
2282 4459 2441 4511 eum,
2475 4448 2538 4498 ut
2585 4460 2689 4499 nec
2732 4447 2883 4500 testa
2924 4445 3163 4517 quidem
3209 4449 3528 4513 remaneat,
3560 4445 3622 4502 in

216 4539 314 4590 tus
345 4535 421 4590 sit
450 4538 610 4589 extra
641 4536 891 4603 vineam,
924 4539 979 4589 et
1008 4534 1089 4589 ibi
1136 4533 1363 4588 occisus
1396 4551 1408 4587 :
1445 4538 1509 4586 ut
1538 4531 1863 4604 suscipien-
1896 4558 1942 4621 Β
1978 4549 2094 4604 qua
2123 4531 2431 4587 hauriatur
2460 4549 2623 4603 aqua).
2654 4531 2961 4604 pusillum.

210 4624 369 4680 tibus
401 4641 463 4680 se
495 4624 791 4697 gentibus,
827 4623 957 4679 aliis
990 4624 1158 4678 vinea
1194 4621 1501 4677 locaretur.

285 4713 470 4783 (Vers.
508 4715 595 4781 40,
640 4715 751 4785 41.)
785 4738 809 4763 ‹‹
845 4714 991 4769 Cum
1024 4729 1160 4784 ergo
1214 4710 1433 4765 venerit
1471 4711 1754 4773 Dominus
1785 4710 1862 4764 vi-

216 4818 358 4868 neae,
392 4804 532 4875 quid
567 4803 732 4859 faciet
780 4802 1050 4874 agricolis
1100 4800 1217 4856 illis
1241 4801 1267 4854 ?
1303 4800 1482 4854 Aiunt
1514 4799 1597 4854 illi
1630 4817 1644 4854 :
1678 4799 1861 4855 Malos

216 4890 367 4945 male
386 4892 606 4961 perdet,
626 4896 683 4946 et
710 4892 939 4946 vineam
970 4907 1137 4946 suam
1170 4889 1384 4944 locabit
1404 4888 1533 4944 aliis
1565 4888 1859 4960 agricolis,

216 4980 313 5049 qui
349 4978 592 5033 reddent
620 4979 668 5034 ei
700 4980 954 5034 fructum
986 4978 1347 5050 temporibus
1381 4978 1523 5033 suis.
1560 5000 1587 5027 »
1623 4979 1865 5034 interro-

216 5072 317 5139 gat
346 5084 443 5123 eos
490 5068 795 5134 Dominus,
828 5086 941 5123 non
991 5068 1145 5140 quod
1177 5067 1402 5140 ignoret
1453 5067 1592 5139 quid
1624 5084 1861 5140 respon-

216 5157 339 5213 suri
372 5157 511 5225 sint,
546 5157 647 5212 sed
700 5162 763 5212 ut
795 5158 1033 5230 propria
1079 5158 1457 5230 responsione
1489 5156 1861 5212 damnentur.

290 5283 552 5338 1Auctor
596 5282 774 5353 hujus
824 5281 1202 5353 expositionis
1250 5282 1664 5349 Adamantius,
1696 5282 1867 5352 cujus

217 5353 515 5426 prolixiori
548 5353 841 5409 contextui
877 5354 1058 5425 parcit
1088 5361 1360 5410 notarum
1395 5355 1667 5409 brevitas.

288 5426 309 5459 ²
341 5426 517 5511 addit
549 5443 703 5481 unus
749 5426 893 5493 Pat.,
927 5428 1047 5496 quis
1094 5444 1375 5483 servorum
1432 5427 1653 5481 Domini
1682 5426 1867 5481 exitus

217 5498 911 5642 [agriiiterSerit_Victor.,
945 5568 1040 5625 hic
1066 5572 1238 5642 forte.

290 5642 311 5676 ⁴
340 5640 621 5718 Corrupte
649 5640 865 5699 lectum
903 5646 991 5699 est
1018 5640 1349 5700 ltl'artianaec
1380 5640 1655 5711 habentes,
1689 5654 1867 5717 quam

2045 4620 2231 4691 (Vers.
2264 4621 2353 4690 45,
2385 4621 2498 4691 46.)
2531 4644 2558 4670 ‹‹
2586 4622 2655 4676 Et
2685 4638 2819 4678 cum
2868 4623 3174 4680 audissent
3203 4623 3498 4698 principes
3530 4641 3626 4681 sa-

1973 4711 2273 4766 cerdotum
2318 4714 2375 4765 et
2403 4710 2679 4766 Pharisaei
2710 4711 3018 4783 parabolas
3046 4713 3196 4784 ejus,
3229 4716 3627 4787 cognoverunt

1974 4801 2129 4855 174
2180 4799 2334 4871 quod
2382 4799 2454 4854 de
2500 4798 2645 4871 ipsis
2698 4800 2932 4856 diceret.
2989 4801 3060 4856 Et
3105 4806 3431 4873 quaerentes
3488 4818 3625 4857 eum

1973 4893 2187 4957 tenere,
2222 4889 2544 4943 timuerunt
2572 4889 2775 4944 turbas
2814 4906 2826 4944 :
2874 4889 3154 4960 quoniam
3185 4890 3341 4947 sicut
3368 4890 3624 4965 prophe-

1974 4983 2093 5034 tam
2124 4994 2260 5033 eum
2295 4977 2602 5031 habebant.
2636 4997 2662 5028 υ
2700 4978 2975 5043 Quamvis
3019 4978 3165 5034 duro
3198 4980 3369 5035 corde
3399 4984 3618 5046 essent,

1976 5072 2031 5122 et
2061 5070 2297 5138 propter
2326 5063 2813 5133 incredulitatem,
2846 5071 2903 5120 et
2934 5065 3292 5139 impietatem
3323 5065 3382 5122 in
3410 5065 3622 5122 Filium

1977 5156 2078 5211 Dei
2110 5154 2347 5211 hebetes
2378 5154 2419 5221 ‘,
2452 5157 2648 5209 tamen
2677 5160 2907 5227 apertas
2951 5155 3381 5227 propositiones
3411 5170 3623 5229 negare

1976 5295 2176 5359 vocem
2205 5277 2401 5359 inutili
2429 5279 2705 5359 sensu_ad
2737 5281 2961 5359 apertas
2976 5278 3381 5359 propositiones
3411 5279 3623 5359 refere-

1977 5352 2096 5407 bat.
2132 5350 2248 5405 Nos
2277 5350 2541 5422 codicum
2590 5349 2783 5406 Palati
2806 5366 2913 5422 ope
2958 5349 3324 5422 restituimus
3357 5350 3569 5422 hebetes
3600 5366 3619 5404 :

1975 5422 2161 5477 Judaei
2196 5421 2416 5495 scilicet
2449 5420 3177 5495 propteriincredulitatem
3210 5436 3386 5495 atque
3418 5421 3622 5495 impie-

1976 5500 2156 5569 tatem
2191 5494 2381 5549 obtusi
2416 5493 2471 5549 et
2502 5493 2792 5569 vecordes.
2824 5498 2889 5549 In
2921 5510 3036 5569 uno
3067 5493 3242 5551 etiam
3264 5493 3374 5552 ms.
3399 5493 3622 5569 respon-

1975 5568 2159 5623 siones
2191 5582 2292 5640 pro
2318 5567 2723 5641 prepositiones
2757 5564 3107 5623 invenimus.
