4024 6196
344 349 455 408 165

835 336 1352 401 COMMENTAR.
1399 331 1477 398 IN
1524 334 2033 399 EVANGELIUM
2082 338 2465 405 ΜΑΤΤΗᾹΞΙ
2516 347 2658 405 LIB.
2708 345 2815 407 III.
2862 348 3035 408 CAP.
3071 349 3262 409 XXII.

3641 355 3752 415 166

344 495 460 535 non
490 477 765 549 poterant
813 489 826 529 :
878 476 934 528 et
981 470 1385 544 intelligebant
1428 475 1628 527 contra
1679 487 1741 526 se
1789 487 1993 526 omnes
2024 475 2076 538 Α
2109 478 2245 527 runt
2276 474 2701 533 humanitatem
2728 478 2785 532 in
2807 480 3309 547 crudelitatem,et
3335 486 3527 538 tentos
3558 501 3754 541 servos

345 565 577 625 Domini
634 561 956 619 sententias
1001 561 1195 634 dirigi.
1231 560 1393 615 Unde
1437 560 1709 615 volebant
1760 560 1996 630 quidem

346 673 480 713 eum
525 653 873 719 interﬁcere,
921 651 1023 705 sed
1073 650 1361 705 timebant
1392 650 1593 705 turbas
1627 665 1640 703 :
1676 666 1815 720 quia
1846 649 2000 704 sicut

346 744 693 818 prophetam
723 757 859 797 eum
890 738 1204 795 habebant.
1254 744 1493 810 Semper
1539 738 1714 792 turba
1763 737 1998 793 mobilis

342 841 450 903 est,
484 849 593 888 nec
642 830 701 885 in
754 829 1051 903 proposita
1092 826 1389 883 voluntate
1438 827 1791 899 persistens;
1825 832 1999 897 atque

343 925 406 980 in
436 937 663 978 morem
694 918 1000 984 ﬂuctuum,
1036 917 1397 973 diversorum
1425 923 1729 972 ventorum
1775 916 1997 986 impetu

346 1014 467 1069 huc
490 1010 746 1081 illucque
778 1010 795 1043 ι
830 1007 1103 1062 trahitur.
1136 1006 1317 1069 Quem
1351 1022 1506 1060 nunc
1545 1006 1714 1076 quasi
1746 1005 1995 1077 prophe-

349 1108 473 1159 tam
528 1102 878 1156 venerantur
919 1101 975 1150 ct
1022 1094 1223 1151 colunt
1267 1113 1279 1150 :
1332 1100 1554 1167 postea,
1605 1099 1807 1149 contra
1864 1109 1997 1149 eum

351 1190 605 1247 clamant
642 1204 654 1242 :
688 1186 983 1256 Grucz'ﬁge,
1028 1184 1288 1255 cruci/iga
1338 1184 1503 1239 talem
1552 1185 1724 1256 (Joan.
1780 1200 1894 1254 xxx,
1943 1184 1996 1249 6,

350 1281 458 1348 15).
1288 1280 1298 1287 ’

418 1374 579 1440 (Cap.
602 1365 771 1422 XXII.
795 1396 864 1406 -—
884 1363 1048 1419 Vers.
1085 1365 1138 1430 1,
1167 1363 1248 1433 2.)
1283 1383 1311 1412 ‹‹
1341 1363 1411 1417 Et
1436 1363 1797 1435 respondens
1825 1362 1999 1417 Jesus

349 1457 494 1512 dixit
540 1457 755 1512 iterum
804 1453 864 1508 in
920 1452 1212 1526 parabolis
1258 1452 1364 1516 eis,
1397 1451 1598 1507 dicens
1631 1468 1644 1505 :
1680 1449 1883 1507 Simile
1913 1451 1996 1506 fa-

347 1552 509 1603 ctum
558 1549 648 1601 est
691 1559 938 1617 regnum
985 1541 1261 1597 cmlorum
1295 1540 1521 1596 homini
1553 1541 1693 1613 regi,
1727 1540 1827 1612 qui
1868 1539 2002 1595 fecit

348 1635 587 1708 nuptias
636 1633 756 1689 ﬁlio
814 1649 942 1689 suo.
1001 1655 1021 1679 ι
1075 1630 1347 1686 ΡΙ)αυίεωὶ
1379 1630 1769 1702 intelligentes
1820 1630 1892 1684 de
1938 1646 2001 1685 se

349 1725 462 1781 dici
497 1724 827 1797 parabolas,
858 1720 1196 1792 quaerebant
1224 1736 1359 1775 eum
1402 1724 1598 1775 tenere
1631 1725 1686 1774 et
1716 1718 1995 1774 occidere.

348 1815 510 1870 Hanc
540 1828 744 1869 eorum
794 1811 988 1866 sciens
1036 1808 1323 1865 Dominus
1367 1810 1755 1876 voluntatem,
1788 1807 1998 1862 nihilo-

350 1903 552 1959 minus
602 1903 866 1973 increpat
914 1899 1234 1964 swvientes,
1268 1914 1373 1953 nec
1409 1898 1617 1953 timore
1667 1902 1998 1970 superatur,

350 2010 469 2065 quo
499 1992 698 2046 minus
739 1993 945 2061 arguat
992 1991 1345 2060 peccatores.
1398 1987 1514 2042 Rex
1564 1987 1669 2043 iste
1719 1988 1820 2059 qui
1870 1986 2003 2041 fecit

352 2082 591 2154 nuptias
624 2078 743 2134 ﬁlio
772 2090 900 2150 suo,
938 2079 1087 2133 Deus
1116 2076 1485 2148 omnipotens
1534 2081 1638 2131 est.
1692 2076 1849 2131 Facit
1897 2093 1999 2132 uu-

350 2175 469 2227 tem
500 2169 739 2241 nuptias
769 2167 1015 2223 Domino
1048 2170 1247 2221 nostro
1276 2166 1415 2221 Jesu
1443 2164 1671 2221 Christo
1702 2170 1758 2221 et
1804 2165 2001 2221 Eccle-

355 2260 477 2330 sia,
510 2275 638 2330 quis
666 2262 792 2312 tam
823 2273 892 2312 ex
921 2255 1160 2320 Judazis,
1201 2270 1379 2327 quam
1429 2272 1498 2310 ex
1546 2256 1817 2328 gentibus
1865 2272 2000 2310 con-

356 2352 596 2421 gregata
621 2351 711 2403 est
736 2347 777 2402 ².

435 2436 616 2506 (Vers.
645 2435 723 2507 3.)
762 2457 782 2484 (ι
818 2436 888 2489 Et
916 2434 1079 2490 misit
1107 2450 1340 2490 servum
1388 2448 1564 2489 suum
1606 2450 1808 2488 vocare
1851 2433 2003 2488 invi-

357 2529 511 2583 tatos
550 2526 619 2581 ad
669 2524 931 2596 nuptias.
980 2529 1037 2579 et
1085 2523 1359 2579 nolebant
1388 2523 1602 2578 venire.
1639 2544 1667 2572 ››
1698 2523 1859 2578 Haud
1896 2523 2001 2578 du-

356 2616 522 2671 bium
546 2613 690 2686 quin
720 2613 957 2686 Moysen
986 2629 1089 2685 per
1111 2629 1285 2683 quem
1315 2612 1504 2683 legem
1531 2613 1791 2668 invitatis
1821 2613 2000 2667 dedit.

357 2703 415 2758 Si
448 2708 645 2759 autem
677 2719 874 2758 servos
912 2702 934 2735 3
980 2700 1316 2773 legerimus,
1368 2704 1434 2755 ut
1481 2699 1757 2773 pleraque
1788 2701 2005 2757 habent

361 2790 737 2864 exemplaria,
786 2791 859 2845 ad
917 2790 1232 2862 pr0phetas
1280 2790 1648 2845 referendum
1698 2795 1805 2856 est,
1847 2791 2003 2861 quod

355 2880 584 2937 invitati
616 2896 723 2952 per
748 2896 848 2937 eos
875 2879 1068 2935 venire
1099 2879 1575 2950 contempserint.

428 2969 614 3041 (Vere.
649 2970 703 3036 4,
733 2970 813 3040 5.)
838 2990 867 3019 ‹‹
899 2969 1113 3024 lterum
1148 2969 1309 3023 misit
1337 2967 1483 3024 alios
1511 2984 1731 3037 servos,
1765 2969 2001 3025 dicens:

354 3058 537 3114 Dicite
585 3058 845 3114 invitatis
894 3075 907 3113 :
960 3059 1103 3114 Ecce
1152 3056 1465 3129 prandium
1522 3073 1720 3113 meum
1768 3058 2002 3127 paravi;

354 3148 509 3204 tauri
541 3146 679 3216 mei,
711 3152 769 3202 et
797 3145 984 3202 altilia
1013 3146 1206 3202 occisa
1235 3150 1391 3212 sunt,
1427 3149 1483 3200 et
1512 3145 1709 3201 omnia
1744 3155 1946 3217 parata
1987 3164 1999 3201 :

2110 562 2284 633 regis,
2334 564 2420 619 vel
2473 566 2847 621 contumeliis
2896 569 3230 636 affecerunt,
3264 570 3349 625 vel
3392 573 3748 630 occiderunt.

2109 650 2169 703 In
2205 650 2311 707 hac
2344 654 2621 725 parabola
2668 659 2865 726 sponsi
2907 656 3113 712 siletur
3143 659 3381 726 occisio;
3414 666 3471 716 et
3501 679 3601 732 per
3631 680 3751 718 ser-

2108 756 2312 794 vorum
2379 749 2595 798 mortes
2674 751 3044 817 contemptus
3130 748 3456 803 ostenditur
3519 752 3749 822 nuptia-

2110 844 2259 884 rum.

2179 918 2365 986 (Vers.
2396 920 2476 990 7.)
2504 942 2530 969 «
2564 921 2677 975 Rex
2700 926 2893 976 autem
2916 939 3050 977 cum
3082 924 3361 993 audisset,
3393 925 3575 981 iratus
3607 932 3751 983 est.»

2108 1004 2187 1059 De
2236 1022 2350 1076 quo
2400 1008 2622 1063 dictum
2668 1027 2848 1079 supra
2897 1011 3131 1066 fuerat:
3174 1012 3370 1068 Simile
3416 1017 3626 1085 factum
3675 1022 3752 1071 est.

2109 1110 2343 1165 regnum
2372 1098 2631 1152 cwlorum
2662 1099 2873 1153 homini
2900 1102 3035 1170 regi,
3068 1102 3301 1170 quando
3353 1102 3635 1159 invitabat
3681 1106 3751 1160 ad

2111 1183 2367 1256 nuptias,
2399 1191 2455 1240 et
2494 1188 2702 1257 agebat
2749 1205 2923 1260 opera
2971 1188 3313 1256 clementiae,
3343 1190 3597 1248 hominis
3650 1211 3750 1249 no-

2110 1288 2241 1327 men
2291 1276 2624 1346 appositum
2675 1282 2782 1342 est,
2842 1295 2997 1333 nunc
3045 1280 3278 1350 quando
3326 1281 3396 1335 ad
3450 1281 3749 1338 ultiomem

2108 1361 2282 1429 venit,
2319 1364 2493 1418 homo
2543 1365 2770 1434 siletur,
2832 1371 2887 1421 et
2942 1384 3041 1421 rex
3096 1372 3325 1423 tantum
3355 1369 3591 1425 dicitur.
3626 1395 3653 1421 ‹‹
3690 1375 3753 1427 Et

2110 1450 2308 1505 missis
2339 1453 2685 1508 exercitibus
2733 1454 2876 1519 suis,
2930 1456 3183 1527 perdidit
3228 1457 3551 1514 homicidas
3599 1460 3752 1526 illos,

2109 1544 2164 1593 et
2221 1540 2511 1596 civitatem
2570 1542 2802 1597 illorum
2853 1545 3174 1599 succendit.
3224 1567 3244 1593 η
3295 1546 3591 1603 Exercitus
3650 1566 3747 1603 seu

2110 1628 2328 1685 ultores
2362 1631 2620 1703 angelos,
2656 1634 2726 1686 de
2759 1633 2977 1704 quibus
3018 1634 3075 1688 in
3129 1633 3377 1690 Psalmis
3426 1636 3702 1691 scribitur
3734 1657 3746 1694 :

2108 1719 2473 1774 Immissiones
2523 1736 2623 1791 per
2667 1724 2885 1791 angelos
2920 1725 3178 1792 pessimos
3211 1722 3324 1791 [ΑΙ.
3357 1726 3549 1795 malos}
3580 1726 3749 1795 (Psat.

2111 1824 2316 1875 Lxxvn,
2346 1810 2463 1880 119);
2499 1826 2602 1864 seu
2638 1811 2926 1866 Romanos
2958 1812 3356 1883 intelligamus
3387 1814 3427 1881 ⁵,
3461 1815 3571 1869 sub
3607 1816 3752 1871 duce

2112 1896 2468 1968 Vespasiano
2521 1904 2577 1953 et
2619 1900 2769 1960 Tito.
2818 1900 2916 1969 qui
2966 1900 3177 1954 occisis
3223 1901 3434 1955 Judaezs
3497 1903 3751 1975 populis,

2111 1985 2627 2057 praevaricatricem
2662 1988 3073 2043 succenderint
3104 1989 3416 2045 civitatem.

2182 2078 2366 2145 (Vers.
2400 2077 2433 2128 8
2464 2078 2653 2147 seqq.)
2690 2100 2709 2125 α
2746 2078 2906 2131 Tunc
2955 2077 3036 2131 ait
3083 2078 3266 2133 servis
3316 2079 3439 2134 suis
3474 2097 3487 2134 :
3523 2081 3751 2153 Nuptiae

2112 2165 2349 2235 quidem
2383 2172 2592 2236 paratae
2624 2171 2795 2231 sunt;
2847 2167 2944 2220 sed
2997 2167 3094 2237 qui
3148 2166 3373 2223 invitati
3422 2176 3587 2225 erant
3639 2189 3751 2227 non

2113 2258 2351 2309 fuerunt
2378 2254 2559 2326 digni.
2593 2260 2676 2310 Ite
2707 2271 2842 2326 ergo
2874 2256 2945 2310 ad
2978 2256 3166 2311 exitus
3196 2257 3441 2325 viarum,
3485 2266 3542 2314 et
3578 2276 3752 2330 quos-

2112 2360 2343 2415 cunque
2395 2343 2755 2421 inveneritis,
2784 2349 2978 2400 vocate
3024 2346 3093 2400 ad
3148 2347 3403 2418 nuptias.
3438 2348 3507 2403 Et
3536 2351 3751 2420 egressi

2112 2432 2262 2487 servi
2290 2434 2418 2504 ejus
2448 2432 2507 2486 in
2549 2434 2691 2502 vias,
2724 2441 3223 2505 congregaverunt
3252 2453 3456 2492 omnes
3487 2454 3634 2509 quos
3664 2438 3754 2493 inv

2112 2528 2414 2591 venerunt,
2449 2522 2634 2576 malos
2666 2527 2723 2577 et
2754 2524 2959 2587 bonos,
2988 2530 3044 2579 et
3074 2524 3325 2595 impletis
3357 2531 3497 2581 sunt
3540 2528 3753 2598 nuptiae

2112 2610 2989 2667 discumbentium.iiGentilium
3009 2613 3259 2685 p0pulus
3280 2632 3392 2670 non
3412 2621 3533 2670 erat
3553 2617 3610 2671 in
3628 2616 3754 2681 viis,

2113 2700 2212 2753 sed
2248 2699 2306 2753 in
2337 2700 2588 2755 exitibus
2620 2701 2864 2756 viarum.
2901 2703 3186 2767 Qumritur
3232 2710 3426 2759 autem
3464 2707 3755 2776 quomodo

2113 2788 2170 2842 in
2203 2787 2296 2842 his
2329 2788 2428 2859 qui
2461 2788 2601 2843 foris
2632 2794 2818 2857 erant,
2853 2790 3005 2845 inter
3053 2791 3239 2846 malos
3287 2797 3344 2846 et
3390 2793 3525 2847 boni
3571 2793 3754 2864 aliqui

2114 2876 2230 2931 sint
2261 2877 2509 2949 reperti?
2536 2881 2702 2931 Hunc
2722 2878 2914 2933 locum
2943 2877 3174 2949 plenius
3207 2884 3411 2934 tractat
3442 2882 3757 2950 Apostolus

2115 2967 2185 3021 ad
2239 2967 2530 3020 Romanos
2559 2968 2579 2999 ⁶
2611 2967 2727 3035 [4L
2782 2966 3004 3020 additur
3048 2967 3270 3037 dicens]
3303 2968 3475 3037 (Rom.
3511 2986 3570 3022 ιι.
3608 2970 3692 3039 14)
3741 2986 3752 3024 :

2115 3055 2268 3126 quod
2301 3060 2501 3127 gentes
2533 3054 2875 3123 naturaliter
2899 3054 3174 3110 facientes
3195 3072 3261 3109 ea
3283 3073 3407 3127 quae
3430 3055 3576 3129 legis
3598 3066 3759 3127 sunt,

2116 3144 2508 3198 condemnent
2535 3143 2789 3207 Judaaos,
2823 3143 2919 3213 qui
2956 3143 3234 3214 scriptam
3283 3144 3470 3216 legem
3524 3163 3636 3201 non
3685 3148 3761 3200 Ic-

360 3236 552 3293 venite
584 3234 655 3291 ad
687 3234 945 3306 nuptias.
982 3233 1069 3288 Illi
1111 3238 1305 3288 autem
1353 3231 1750 3301 neglexerunt.
1787 3253 1815 3282 »
1846 3233 2004 3288 Servi
2036 3217 2078 3283 C
2118 3232 2321 3287 cerint.
2360 3232 2512 3286 Inter
2559 3232 2719 3303 ipsos
2769 3247 3003 3303 quoque
3037 3232 3303 3287 ethnicos
3335 3238 3425 3288 est
3454 3234 3762 3290 diversitas

357 3324 461 3397 qui
492 3323 749 3380 secundo
798 3321 965 3377 missi
1013 3325 1173 3385 sunt,
1223 3321 1435 3377 melius
1465 3326 1554 3376 est
1599 3325 1665 3376 ut
1710 3322 2003 3394 prOphctzs

358 3412 785 3485 intelligantur,
829 3426 1007 3483 quam
1059 3409 1304 3483 apostoli
1339 3428 1351 3464 :
1383 3410 1465 3465 ita
1506 3415 1701 3466 tamen
1735 3411 1781 3466 si
1827 3428 2008 3483 supra

358 3518 546 3557 servus
592 3500 849 3571 scriptus
894 3498 1091 3554 fuerit.
1142 3497 1242 3553 Sin
1292 3502 1485 3554 autem
1538 3516 1738 3565 servos,
1787 3498 2004 3554 ibidem

359 3590 543 3663 legas,
620 3589 714 3645 hic
787 3588 1028 3646 secundi
1096 3588 1266 3658 servi,
1334 3588 1581 3659 apostoli
1643 3587 2007 3661 intelligendi

361 3685 505 3735 sunt
533 3680 574 3733 ‘.
609 3678 924 3734 Prandium
956 3682 1250 3749 paratum,
1284 3681 1340 3731 et
1391 3677 1566 3743 tauri,
1601 3681 1657 3732 et
1683 3676 1868 3732 altilia
1911 3694 2005 3733 oc-

360 3770 502 3835 cisa,
534 3767 621 3824 vel
654 3784 757 3840 per
787 3767 1190 3839 metaphoram
1223 3766 1372 3822 I75
1417 3782 1555 3838 Opes
1586 3766 1761 3837 regiae
1788 3767 2004 3822 descri-

360 3858 604 3926 buntur,
636 3861 699 3911 ut
729 3871 797 3910 ex
827 3853 1160 3910 carnalibus
1191 3852 1590 3926 intelligantur
1635 3853 1965 3925 spiritualia
1992 3873 2005 3922 ;

362 3946 457 4000 vel
487 3950 639 4001 certe
682 3945 1023 4017 dogmatum
1073 3942 1437 4015 magnitudo,
1490 3948 1549 3998 et
1593 3943 1857 3998 doctrina
1905 3943 2008 3999 Dei

361 4034 493 4107 lege
520 4032 864 4105 plenissima
895 4033 1096 4088 sentiri
1130 4036 1340 4104 potest.

433 4121 619 4192 (Vers.
649 4122 727 4193 6.)
759 4145 786 4171 ‹‹
822 4121 889 4175 Et
929 4120 1218 4187 abierunt,
1264 4120 1415 4176 alius
1465 4121 1522 4176 in
1571 4120 1767 4176 villam
1814 4139 2007 4191 suam,

361 4211 517 4268 alius
558 4227 693 4267 vero
738 4211 809 4266 ad
856 4209 1308 4282 negotiationem
1357 4226 1545 4265 suam.
1597 4209 1823 4283 Reliqui
1873 4228 2007 4266 vero

359 4303 676 4357 tenuerunt
706 4316 903 4356 servos
933 4300 1082 4368 ejus,
1116 4304 1173 4354 et
1201 4297 1572 4354 contumeliis
1621 4299 1878 4370 affectos,
1920 4316 2009 4355 oc-

360 4388 651 4445 ciderunt.
688 4410 716 4438 ››
751 4388 907 4444 Inter
932 4404 1054 4456 eos,
1086 4386 1187 4458 qui
1236 4404 1353 4443 non
1384 4387 1674 4459 recipiunt
1712 4387 2008 4460 Evangelii

357 4476 685 4543 veritatem,
718 4476 906 4532 multa
933 4476 1239 4533 diversitas
1270 4481 1377 4531 est.
1413 4476 1653 4531 Minoris
1684 4476 1841 4532 enim
1891 4477 2007 4532 cri-

2116 3321 2375 3387 inﬁnita;
2408 3336 2541 3375 cum
2575 3321 2832 3375 sciamus
2865 3320 3010 3376 alios
3036 3337 3163 3376 esse
3194 3320 3477 3392 proclives
3508 3324 3578 3377 ad
3624 3325 3762 3379 vitia

2115 3415 2172 3465 et
2202 3410 2355 3464 I76
2400 3417 2636 3464 ruentes
2686 3410 2755 3464 ad
2809 3409 2964 3465 mala
3019 3428 3031 3465 :
3080 3410 3228 3466 alios
3274 3411 3347 3466 ob
3398 3411 3758 3468 honestatem

2117 3516 2348 3553 morum
2379 3499 2694 3553 virtutibus
2724 3499 2971 3554 deditos.

2186 3587 2681 3660 (Vers.tt,12.)«
2716 3588 2959 3643 Intravit
3016 3594 3214 3645 autem
3268 3607 3387 3655 rex,
3440 3596 3507 3646 ut
3542 3590 3762 3645 videret

2115 3677 2585 3744 discumbentes;
2620 3681 2676 3731 et
2705 3676 2848 3731 vidit
2877 3678 2957 3732 ibi
2991 3678 3293 3734 hominem
3340 3697 3455 3735 non
3486 3680 3759 3735 vestitum

2114 3771 2274 3820 veste
2306 3764 2572 3835 nuptiali,
2619 3771 2673 3820 et
2719 3766 2801 3820 ait
2847 3765 2930 3820 illi
2987 3785 2999 3820 :
3042 3768 3264 3833 Amice,
3317 3769 3609 3840 quomodo
3650 3769 3764 3823 huc

2116 3853 2347 3909 intrasti
2410 3871 2523 3909 non
2584 3853 2805 3909 habens
2864 3860 3083 3909 vestem
3140 3856 3501 3928 nuptialem?
3546 3862 3620 3911 At
3668 3858 3766 3912 illo

2117 3942 2430 3998 obmutuit.
2467 3966 2488 3994 ι
2530 3944 2592 3997 lli
2625 3943 2725 4014 qui
2753 3942 2976 3998 invitati
3012 3945 3239 3999 fuerant
3287 3946 3358 3999 ad
3402 3945 3660 4017 nuptias,
3695 3949 3765 4001 de

2118 4033 2357 4104 sepibus
2404 4038 2460 4087 et
2507 4032 2763 4103 angulis,
2814 4036 2870 4087 et
2924 4032 3151 4103 plateis,
3203 4037 3260 4088 et
3307 4034 3553 4089 diversis
3598 4034 3761 4099 locis,

2117 4137 2339 4175 coenam
2375 4120 2529 4193 regis
2559 4120 2959 4192 impleverant.
2988 4122 3097 4176 Sed
3130 4127 3327 4193 postea
3351 4138 3484 4177 cum
3510 4123 3769 4178 venisset

2118 4226 2234 4278 rex,
2270 4214 2334 4264 ut
2361 4209 2579 4264 videret
2606 4209 3044 4264 discumbentes
3092 4209 3149 4263 in
3201 4211 3464 4266 convivio
3493 4228 3601 4268 suo
3634 4212 3765 4282 (hoc

2116 4305 2226 4365 est,
2252 4300 2311 4353 in
2342 4316 2447 4354 sua
2474 4298 2639 4369 quasi
2666 4299 2777 4352 fide
2799 4298 3258 4369 requiescentes;
3286 4300 3425 4354 utin
3451 4301 3765 4372 disjudicii

2118 4386 2376 4442 visitaret
2392 4386 2659 4442 convivas
2677 4392 2732 4440 et
2746 4387 3103 4443 discerneret
3126 4391 3333 4444 merita
3354 4389 3763 4462 singulorum),

2119 4476 2337 4531 invenit
2368 4492 2548 4530 unum
2584 4476 2683 4548 qui
2714 4481 2870 4531 veste
2902 4476 3143 4533 indutus
3174 4496 3286 4533 non
3321 4485 3444 4534 erat
3490 4480 3758 4551 nuptiali.

358 4566 540 4622 minis
571 4571 712 4622 sunt
742 4565 843 4639 qui
873 4564 1138 4639 occupati
1169 4564 1301 4622 aliis
1333 4565 1509 4621 rebus
1559 4567 1754 4622 venire
1802 4566 2004 4622 nolue-
2039 4587 2087 4651 Ι)
2118 4566 2279 4621 Unus
2312 4566 2439 4633 iste,
2474 4582 2677 4620 omnes
2728 4566 2827 4637 qui
2877 4567 3082 4622 sociati
3115 4572 3254 4622 sunt
3294 4568 3517 4633 malitia
3546 4568 3764 4622 intelli-

359 4661 520 4727 runt,
550 4655 645 4713 his
677 4655 800 4727 qui,
830 4659 1163 4727 contempto
1214 4655 1521 4710 invitantis
1564 4655 1794 4721 atl‘ectu,
1826 4662 2007 4711 verte-

434 4783 449 4815 ¹
480 4778 699 4836 Vocem
730 4782 939 4851 impetu
968 4794 1111 4835 mss.
1148 4779 1333 4835 nostri
1363 4780 1683 4835 sufﬁciunt.
1720 4783 1897 4836 Antea
1926 4778 2009 4836 le-

360 4852 611 4925 gebatur
632 4854 1082 4925 diwrsommque
1112 4856 1392 4925 ventorum
1421 4852 1527 4925 huc
1557 4852 1814 4922 illucque.

430 4925 452 4957 ²
483 4924 783 4997 Origenes,
817 4945 845 4997 (ς
876 4922 1189 4985 Nimirum,
1223 4922 1430 4997 inquit,
1456 4924 1631 4978 homo
1664 4940 1763 4997 rex
1794 4922 2011 4994 tropice

360 4994 519 5052 Deus
547 4994 614 5051 ef
631 4995 844 5051 Christi
886 4999 1057 5049 Pater
1093 4994 1507 5066 resse‘dicitur,
1557 4995 1772 5066 nuptiae
1812 5000 2010 5049 autem

361 5066 465 5140 filii
519 5066 696 5140 regis,
730 5066 997 5140 Ecclesiae
1046 5063 1261 5121 Christi
1307 5063 1536 5140 sponsae
1568 5063 1784 5140 sponso
1824 5066 2011 5137 ipsius

361 5136 614 5193 Christo‘
651 5136 970 5203 restitutio;
1032 5140 1179 5193 servi
1234 5136 1366 5192 vero
1438 5137 1508 5191 ad
1568 5136 1858 5193 vocandos
1914 5153 2012 5192 eos

365 5209 554 5276 missi,
589 5210 687 5280 qui
722 5209 794 5263 ad
826 5209 1059 5280 nuptias
1091 5208 1320 5280 fuerant
1350 5208 1599 5279 invitati,
1633 5208 1672 5262 ii
1726 5214 1865 5264 sunt
1889 5225 2013 5279 pro-

362 5280 550 5352 phetas
581 5279 875 5353 vaticiniis
905 5279 1028 5333 suis
1058 5296 1178 5341 eos.
1212 5279 1311 5349 qui
1343 5297 1373 5334 e
1404 5280 1615 5353 populo
1650 5286 1791 5335 sunt
1819 5281 1891 5335 ad
1917 5280 2009 5334 lae-

363 5351 552 5435 titiam
584 5351 1380 5435 tempestive‘conve‘rtentes,
1408 5351 1519 5407 etc.

433 5422 455 5455 ³
486 5421 787 5505 Α’ίειηεὶῑει
817 5423 1048 5505 quidem
1100 5421 1382 5505 plurium”
1406 5439 1649 5504 numero
1693 5422 2011 5505 servos__Ve-

362 5493 633 5550 ronensis
662 5493 1025 5575 Evangelior,
1059 5493 1238 5548 cedes
1268 5493 1719 5620 antiq‘iliissimus
1758 5496 2008 5575 praefert.

436 5568 458 5599 ⁴
515 5566 697 5620 Secus
747 5564 1022 5620 Origenes
1074 5564 1277 5620 sensit.
1334 5586 1362 5615 «
1413 5602 1427 5620 .
1472 5564 1574 5620 issi
1624 5581 1771 5620 serVi
1820 5564 2008 5620 alteri.

436 5568 458 5599 ⁴
515 5566 697 5622 Secus
747 5564 1022 5638 Origenes
1074 5564 1277 5621 sensit.
1334 5586 1362 5615 «
1410 5564 1574 5621 Missi
1624 5564 1775 5620 servi
1820 5564 2009 5632 alteri,

363 5636 517 5710 alius
549 5643 639 5694 est
668 5636 1053 5710 praphta_rum
1084 5643 1283 5710 cestus.
1309 5660 1330 5690 ι

435 5710 459 5748 ⁸
486 5704 704 5768 Iterum
735 5704 805 5770 ei
834 5706 1099 5785 Origene.
1133 5731 1160 5764 «
1195 5708 1287 5769 Ira
1333 5707 1485 5787 regis
1528 5723 1597 5767 ea
1640 5704 2011 5783 intelligitur,

2121 4663 2341 4727 guntur
2380 4656 2421 4709 ⁷.
2461 4655 2645 4710 Vestis
2696 4661 2890 4711 autem
2941 4655 3244 4727 nuptialis,
3294 4659 3583 4726 praecepta
3627 4662 3765 4710 sunt

2121 4781 2290 4852 cujus
2342 4780 2413 4835 de
2457 4779 2678 4835 Judeeis
2723 4779 2989 4852 loquens,
3036 4779 3350 4850 Apostolus
3408 4782 3762 4836 mentionem

2122 4851 2278 4908 facit.
2329 4853 2579 4907 Pervenit
2608 4854 2787 4907 autem
2805 4851 2905 4906 ira
2931 4867 3096 4921 super
3127 4851 3249 4905 illos
3281 4867 3447 4921 usque
3476 4852 3545 4907 ad
3576 4852 3761 4921 ﬁnem.

2124 4925 2198 4979 Ad
2248 4924 2365 4978 haec
2423 4923 2642 4978 bellum
2695 4925 2972 4977 adversus
3018 4922 3253 4976 Judazos
3302 4924 3676 4991 movendum,
3711 4930 3766 4978 et

2123 4994 2712 5067 Hierosolymitanum
2734 4994 3033 5067 excidium
3057 4993 3375 5067 populique
3398 5000 3529 5065 post
3553 4995 3763 5050 Christi

2121 5064 2432 5122 adventum
2468 5066 2560 5120 his
2590 5066 2778 5120 verbis
2811 5064 3254 5136 praenuntiatum
3290 5088 3318 5113 »

2191 5139 2212 5172 δ
2259 5138 2643 5209 Continenter
2689 5134 3023 5209 Adamantii
3056 5136 3316 5209 vestigiis
3374 5134 3625 5209 insistit,
3661 5138 3759 5209 qui

2121 5215 2178 5264 et
2210 5210 2314 5264 hoc
2347 5210 2538 5280 ipsum
2575 5207 2786 5280 allegat
2837 5206 2997 5262 Pauli
3043 5208 3115 5262 ad
3167 5206 3459 5262 Romanos
3500 5206 3759 5263 testimo-

2124 5297 2307 5334 mum.

2193 5353 2211 5385 ⁷
2241 5351 2517 5423 Origenes
2552 5367 2564 5405 :
2600 5373 2626 5400 «
2661 5350 2852 5406 Unum
2904 5356 3095 5407 autem
3146 5356 3303 5407 veste
3333 5349 3595 5423 nuptiali
3646 5369 3759 5406 non

2124 5420 2393 5477 indutum
2423 5422 2586 5488 vidit,
2621 5426 2729 5477 sub
2763 5425 2932 5479 unico
2980 5440 3209 5495 genere,
3261 5420 3347 5476 vel
3397 5420 3587 5495 specie
3632 5426 3756 5478 uni-

2121 5511 2304 5567 versa,
2354 5495 2872 5567 comprehendens,
2925 5493 3024 5567 qui
3081 5494 3401 5567 nequitiam
3462 5493 3572 5549 sibi
3629 5502 3760 5550 ante

2124 5566 2298 5622 ﬁdem
2328 5566 2817 5623 adhaerescentem
2867 5566 3253 5636 retinuerunt,
3299 5580 3547 5639 eamque
3595 5567 3762 5624 mini-

2123 5654 2216 5695 me
2244 5643 2547 5695 exuerunt.
2583 5659 2613 5689 »
