4024 6196
305 370 414 434 16Ἳ

1543 371 1604 430 S.
1654 367 1967 431 EUSEBll
2014 357 2459 428 HIEHONYMI

3591 361 3706 426 168

303 503 552 572 Domini,
586 508 642 557 et
672 519 848 574 opera
877 520 1004 575 quae
1037 503 1404 575 complentur
1425 521 1492 559 ex
1522 503 1648 576 lege
1677 508 1735 558 et
1765 503 1948 556 Evan-
1980 503 2030 568 Α
2063 498 2502 582 comprehendit
2536 515 2548 554 :
2583 497 2736 570 quod
2770 503 2826 553 et
2855 495 2914 552 in
2947 512 3118 570 Opere
3145 492 3342 563 vinem,
3374 501 3430 552 et
3477 498 3533 552 in
3567 499 3704 554 aedi-

301 593 471 665 gelio,
513 593 761 664 novique
810 593 1065 648 hominis
1113 593 1374 648 efficiunt
1418 595 1852 647 vestimentum.
1887 591 1946 646 Si

302 681 435 753 quis
467 681 646 753 igitur
675 681 733 736 in
765 686 1025 753 tempore
1065 681 1270 752 judicii
1325 682 1596 737 inventus
1635 681 1808 736 fuerit
1837 681 1948 735 sub

300 770 536 826 nomine
575 770 905 825 Christiano
942 787 1055 826 non
1088 771 1300 826 habere
1333 776 1552 826 vestem
1603 769 1945 841 nuptialem,

298 858 409 914 hoc
439 864 546 926 est,
582 864 801 914 vestem
839 857 1266 929 supercmlestis
1300 860 1417 926 (ΑΙ.
1449 858 1722 922 caelestis)
1753 857 1946 913 homi-

300 948 428 1016 nis;
463 948 562 1003 sed
593 953 811 1002 vestem
861 947 1168 1019 pollutam,
1203 948 1260 1002 id
1293 953 1400 1015 est,
1435 948 1643 1002 veteris
1695 946 1948 1003 hominis

301 1037 554 1103 exuvias,
589 1036 683 1091 hic
714 1036 912 1091 statim
945 1036 1277 1108 corripitur,
1309 1042 1366 1091 et
1395 1037 1612 1092 dicitur
1631 1037 1682 1091 ei
1706 1052 1718 1090 ε
1744 1038 1947 1101 Amice,

299 1126 562 1197 quomodo
595 1127 704 1180 huc
731 1127 997 1180 intrasti."
1024 1126 1293 1180 Amicum
1338 1131 1523 1193 vocat,
1557 1125 1711 1196 quod
1743 1125 1948 1179 invita-

300 1221 396 1270 tus
422 1217 492 1271 ad
527 1215 761 1286 nuptias
787 1220 876 1270 est
909 1231 921 1269 :
958 1216 1149 1286 arguit
1179 1215 1573 1287 impudentiae,
1608 1215 1761 1285 quod
1795 1219 1950 1269 veste

298 1303 536 1359 sordida
584 1304 904 1359 munditias
956 1302 1225 1375 polluerit
1270 1303 1581 1375 nuptiales.
1614 1305 1696 1358 Ad
1729 1305 1827 1358 ille
1857 1303 1945 1359 ob-

299 1395 522 1448 mutuit.
557 1393 619 1448 In
654 1399 913 1465 tempore
945 1393 1099 1448 enim
1133 1392 1230 1448 illo
1265 1411 1377 1448 non
1421 1394 1530 1447 erit
1571 1393 1734 1448 locus
1765 1393 1947 1465 pceni-

296 1483 490 1537 tentias
524 1483 564 1552 ¹,
597 1499 700 1536 nec
734 1482 984 1554 negandi
1018 1481 1286 1547 facultas,
1337 1499 1471 1536 cum
1523 1497 1728 1536 omnes
1758 1481 1949 1552 angeli

298 1577 356 1626 et
387 1572 645 1626 mundus
676 1570 799 1642 ipse
832 1570 907 1624 sit
938 1570 1103 1625 testis
1135 1571 1212 1626 sit
1241 1574 1630 1640 peccatorum.

370 1660 554 1730 (Vers.
599 1661 698 1730 I3).
735 1682 762 1708 ‹‹
795 1659 956 1713 Tunc
1006 1658 1150 1712 dixit
1201 1676 1298 1713 rex
1346 1659 1680 1715 ministris:
1731 1659 1950 1730 Ligatis

297 1748 544 1810 pedibus
575 1753 631 1802 et
661 1747 937 1802 manibus
968 1748 1117 1818 ejus,
1148 1747 1360 1802 mittite
1392 1764 1525 1803 eum
1576 1749 1636 1802 in
1680 1749 1948 1803 tenebras

297 1837 641 1901 exteriores;
677 1837 757 1890 ibi
789 1837 898 1890 erit
928 1837 1101 1891 ﬂetus
1132 1841 1188 1891 et
1220 1836 1437 1892 stridor
1466 1837 1752 1892 dentium.
1781 1838 1944 1892 »Ma-
1979 1872 2025 1936 Β

299 1943 410 1980 nus
441 1924 656 1997 ligatus
691 1930 747 1980 et
776 1927 971 1996 pedes,
1019 1925 1337 1997 {letumque
1367 1925 1692 1995 oculorum,
1723 1931 1780 1981 et
1809 1926 1942 1980 stri-

297 2015 494 2070 dorem
528 2015 816 2082 dentium,
839 2015 924 2069 vel
953 2015 1023 2068 ad
1051 2015 1545 2086 comprobandam
1576 2016 1946 2071 resurrectio-

297 2105 390 2158 nis
437 2103 695 2174 intellige
754 2103 1075 2158 veritatem.
1136 2103 1236 2158 Vel
1298 2108 1450 2159 certe
1506 2104 1634 2157 ideo
1688 2104 1948 2176 ligantur

298 2208 510 2246 manus
541 2196 598 2246 et
630 2192 825 2262 pedes,
859 2198 923 2245 ut
953 2191 1103 2247 male
1137 2193 1382 2263 operari,
1419 2198 1474 2246 et
1513 2210 1742 2249 currere
1792 2193 1945 2248 desi-

303 2286 461 2334 stant
509 2281 579 2334 ad
634 2280 1050 2334 effundendum
1085 2280 1430 2351 sanguinem
1463 2282 1500 2331 ².
1537 2285 1601 2334 In
1633 2281 1765 2336 fletu
1801 2297 1945 2351 quo-

301 2385 414 2440 que
452 2367 774 2434 oculorum,
809 2373 864 2422 et
895 2369 1142 2424 stridore
1190 2369 1476 2438 dentium,
1512 2386 1612 2440 per
1644 2369 1942 2440 metapho-

299 2475 426 2512 ram
474 2458 874 2513 membrorum
922 2456 1335 2529 corporalium,
1371 2458 1714 2529 magnitudo
1746 2464 1944 2512 osten-

300 2547 458 2601 ditur
487 2551 933 2602 tormentorum.

372 2634 554 2706 (Vers.
592 2636 698 2703 14).
731 2657 758 2683 ‹‹
790 2634 953 2689 Multi
982 2639 1173 2690 autem
1209 2639 1348 2690 sunt
1378 2635 1581 2702 vocati,
1617 2636 1786 2706 pauci
1814 2651 1944 2692 vero

299 2723 483 2780 electi.
535 2746 562 2774 ›ι
620 2723 834 2779 Omnes
883 2723 1190 2795 parabolas
1243 2725 1396 2780 brevi
1445 2726 1735 2780 sententia
1791 2728 1940 2781 177

375 2884 694 2958 ‘Quinque
739 2901 880 2958 mss.
941 2883 1297 2955 impudentia
1343 2884 1580 2952 habent,
1615 2903 1717 2957 pro
1765 2889 1943 2958 prmi-

302 2959 513 3012 tentiae.
538 2956 633 3010 Sic
665 2955 807 3010 Rab.

371 3030 392 3061 ²
427 3052 447 3075 ι
486 3027 683 3098 Neque
714 3026 891 3097 enim,
938 3027 1017 3080 ait
1063 3026 1471 3097 Adamantius,
1523 3028 1604 3082 uti
1653 3030 1941 3094 decuerat,

303 3099 640 3162 ambulavit,
674 3114 861 3171 neque
891 3114 958 3152 ea
989 3114 1114 3168 quae
1145 3099 1416 3153 decuerat
1459 3101 1594 3171 egit.
1632 3123 1659 3150 »
1693 3100 1794 3156 Hic
1827 3107 1944 3156 tres

305 3186 446 3223 mss.
481 3184 702 3222 currere
729 3169 1003 3223 desinant.

2060 587 2325 643 ﬁcatione
2357 589 2586 653 domus,
2613 591 2668 640 et
2689 587 2746 640 in
2780 585 3038 640 convivio
3073 584 3341 656 nuptiali,
3367 602 3482 641 non
3515 586 3704 655 initia,

2058 677 2158 731 sed
2193 676 2327 732 finis
2359 680 2671 748 quaeratur.

2129 767 2315 836 (vers.
2391 766 2464 837 5.)
2525 788 2551 814 ‹‹
2604 766 2766 820 Tunc
2816 765 3096 820 abeuntes
3155 763 3450 835 Pharisaei,
3510 767 3705 822 consi-

2058 853 2204 909 lium
2253 854 2530 920 inierunt,
2581 859 2647 908 ut
2697 858 2968 925 caperent
3016 870 3149 908 eum
3199 853 3256 908 in
3311 870 3599 910 sermone.
3640 856 3708 912 Et

2059 943 2301 998 mittunt
2331 944 2380 998 ei
2416 942 2736 1014 discipulos
2769 960 2907 998 suos
2941 959 3072 997 cum
3106 942 3470 1013 Herodianis,
3504 944 3702 999 dicen-

2059 1036 2166 1088 tes.
2203 1055 2223 1081 »
2260 1033 2454 1104 Nuper
2484 1033 2504 1066 ³
2537 1034 2646 1087 sub
2679 1037 2895 1088 Caesare
2921 1035 3186 1102 Augusto
3209 1032 3413 1087 Judzea
3444 1033 3708 1104 subjecta

2061 1121 2364 1186 Romanis,
2397 1122 2629 1192 quando
2678 1121 2737 1175 in
2786 1125 2906 1175 toto
2946 1121 3084 1175 orbe
3127 1125 3216 1176 est
3265 1121 3554 1177 celebrata
3603 1123 3706 1178 de—

2059 1209 2295 1280 scriptio
2355 1212 2501 1280 (Luc.
2535 1227 2595 1273 11,
2628 1212 2676 1277 1,
2709 1210 2786 1280 2),
2848 1209 3256 1281 stipendiaria
3287 1213 3436 1265 facta
3493 1210 3705 1283 fuerat,

2058 1304 2115 1353 et
2143 1305 2267 1354 erat
2297 1299 2352 1353 in
2383 1299 2597 1370 populo
2648 1315 2862 1370 magna
2914 1298 3142 1366 seditio,
3194 1299 3522 1355 dicentibus
3573 1300 3708 1356 aliis

2059 1405 2161 1460 pro
2215 1389 2525 1444 securitate
2575 1392 2630 1443 et
2677 1388 2889 1460 quiete,
2945 1404 3062 1459 qua
3111 1388 3345 1456 [Rhabb.
3398 1389 3558 1460 quia]
3592 1390 3707 1446 Ro-

2060 1477 2216 1532 mani
2250 1495 2351 1548 pro
2384 1478 2659 1532 omnibus
2690 1477 3028 1544 militarent,
3065 1477 3273 1533 debere
3303 1478 3524 1534 tributa
3575 1496 3708 1552 per-

2059 1566 2202 1622 solvi
2237 1583 2249 1621 :
2286 1567 2590 1621 Pharisaeis
2619 1582 2772 1635 vero,
2797 1567 2896 1637 qui
2928 1565 3040 1621 sibi
3073 1567 3507 1637 applaudebant
3529 1568 3708 1640 deju-

2060 1655 2238 1725 stitia,
2262 1656 2589 1710 econtrario
2619 1656 2642 1688 ⁴
2672 1655 3022 1720 dicentibus,
3049 1671 3161 1710 non
3184 1656 3395 1712 debere
3420 1657 3705 1728 populum

2056 1744 2155 1800 Dei
2185 1745 2303 1816 (qui
2337 1745 2596 1800 decimas
2628 1743 2892 1810 solveret,
2913 1747 2968 1798 et
2999 1743 3291 1816 primitiva
3321 1745 3504 1813 daret,
3529 1751 3585 1801 et
3601 1763 3706 1801 ca:-

2058 1839 2181 1890 tera
2212 1851 2338 1905 quae
2371 1833 2430 1888 in
2458 1833 2581 1905 lege
2613 1834 2830 1905 scripta
2860 1837 3018 1900 sunt,
3053 1834 3286 1902 faceret)
3317 1833 3592 1890 humanis
3622 1835 3703 1891 le-

2056 1923 2229 1994 gibus
2259 1923 2578 1992 subjacere.
2610 1923 2798 1977 Caesar
2827 1926 3128 1994 Augustus
3165 1922 3449 1978 Herodem
3473 1923 3493 1956 "
3517 1923 3704 1980 tilium

2056 2011 2375 2083 Antipatris
2395 2011 2780 2083 alienigenam
2803 2017 2860 2067 et
2878 2010 3255 2083 proselytum,
3272 2028 3466 2083 regem
3483 2012 3703 2069 Judaeis

2055 2102 2455 2171 constituerat,
2481 2101 2578 2172 qui
2603 2099 2838 2156 tributis
2873 2105 3164 2172 praeesset,
3197 2105 3252 2155 et
3304 2101 3564 2157 Romano
3594 2119 3706 2174 pa-

2056 2195 2209 2246 reret
2237 2190 2499 2262 imperio.
2545 2191 2782 2245 Mittunt
2829 2189 3008 2262 igitur
3059 2189 3331 2245 Pharisaei
3381 2190 3704 2261 discipulos

2055 2297 2194 2335 suos
2238 2296 2372 2335 cum
2421 2278 2784 2345 Herodianis,
2837 2280 2893 2333 id
2943 2283 3051 2343 est,
3101 2277 3390 2334 militibus
3434 2279 3700 2348 Herodis,

2056 2386 2156 2423 seu
2192 2385 2337 2439 quos
2367 2367 2681 2422 illudentes
2731 2367 3010 2422 Pharisaei
3041 2369 3062 2400 δ
3092 2367 3232 2438 quia
3281 2367 3559 2423 Romanis
3600 2369 3703 2423 tri-

2055 2458 2198 2512 buta
2228 2456 2547 2525 solvebant,
2580 2457 2939 2512 Herodianos
2961 2457 3265 2523 vocabant,
3288 2462 3344 2511 et
3369 2473 3483 2512 non
3507 2457 3702 2512 divino

2057 2545 2238 2601 cultui
2270 2545 2518 2601 deditos.
2553 2546 2798 2610 Quidam
2843 2545 3176 2601 Latinorum
3228 2543 3473 2600 ridicule
3525 2545 3701 2601 Hero-

2057 2636 2262 2690 dianos
2293 2635 2445 2689 I78
2480 2639 2709 2706 putant,
2744 2634 2844 2706 qui
2893 2634 3176 2690 Herodem
3222 2633 3520 2690 Christum
3573 2650 3702 2691 esse

2055 2725 2367 2780 credebant
2395 2725 2438 2791 7,
2469 2724 2622 2794 quod
2661 2741 2953 2795 nusquam
2987 2722 3222 2779 omnino
3254 2721 3527 2794 legimus.

2054 2884 2248 2956 ctigali
2277 2901 2374 2956 per
2398 2884 2514 2938 vim
2537 2884 2818 2957 exigendo
2840 2887 3343 2957 promptosatque
3359 2883 3698 2957 expeditos;

2054 2955 2394 3028 quanquam
2427 2955 2691 3010 notatum
2720 2955 2926 3011 Huetio
2958 2955 3202 3028 Herodis
3228 2955 3468 3028 quidem
3503 2955 3699 3028 Magni

2054 3027 2436 3098 temperibus,
2469 3027 2568 3098 qui
2603 3028 2828 3099 primus
2860 3027 3182 3099 pendendis
3213 3027 3420 3099 Casari
3461 3027 3701 3082 tributis

2055 3116 2289 3171 operam
2316 3100 2582 3164 contulit,
2616 3098 2874 3171 milites,
2901 3098 3007 3171 qui
3055 3115 3156 3170 per
3200 3098 3467 3171 vimdilla
3514 3099 3701 3170 exige-

2055 3169 2201 3243 rent,
2234 3171 2550 3243 exstitisse,
2601 3187 2719 3243 non,
2767 3169 3115 3243 itemhisCe
3163 3169 3400 3243 Herodis
3450 3169 3698 3243 Antipaa,

371 3239 684 3314 8_Totidem
733 3240 923 3314 verbis
973 3239 1293 3314 Origenes;
1327 3263 1354 3289 ‹‹
1387 3240 1766 3313 Sospitatoris
1805 3248 1944 3298 tem-
1974 3243 2016 3308 C
2055 3239 2226 3314 cujus
2260 3242 2528 3313 potestati
2565 3241 2905 3314 neutiquam
2957 3241 3014 3296 id
3067 3242 3442 3314 permissum,
3493 3242 3593 3296 sed
3642 3246 3705 3296 ut

303 3310 564 3382 poribus,
589 3327 720 3365 cum
745 3310 1030 3365 tributum
1054 3310 1332 3366 Romanis
1353 3310 1604 3382 pendere
1625 3314 1779 3382 jussi
1803 3320 1944 3369 sunt

299 3383 506 3450 Judaei,
540 3384 610 3437 de
640 3399 706 3438 eo
737 3382 886 3437 inter
914 3399 1013 3438 eos
1045 3383 1408 3456 disputatum
1440 3383 1944 3456 deliberatumque

301 3459 390 3509 est
423 3460 613 3508 utrum
641 3459 1039 3508 consecratam
1073 3454 1184 3509 Deo
1207 3461 1460 3525 gentem,
1490 3472 1730 3579 quaeque
1755 3454 1941 3526 ipsius

301 3529 454 3579 esset
486 3526 689 3579 portio.
720 3527 1007 3579 tributum
1043 3526 1403 3579 principibus
1434 3543 1497 3579 so
1528 3542 1654 3579 vere
1698 3544 1940 3579 consen-

298 3529 454 3580 esset
485 3526 689 3596 portio,
720 3527 1007 3580 tributum
1040 3526 1403 3596 principibus
1434 3526 1654 3580 solvere
1698 3544 1940 3581 consen-

301 3601 537 3669 taneum
569 3598 663 3666 sit,
698 3615 769 3651 an
799 3614 900 3667 pro
933 3597 1197 3669 libertate
1242 3602 1480 3669 certare,
1527 3596 1575 3650 si
1617 3598 1790 3652 vitam
1841 3616 1942 3669 pro

301 3667 542 3723 arbitrio
589 3669 800 3723 ducere
849 3685 962 3722 non
1023 3667 1207 3737 liceat,
1260 3673 1316 3722 et
1367 3668 1649 3722 tributum
1701 3667 1944 3724 mini—me

300 3741 569 3810 pendere.
605 3761 632 3789 »
667 3740 879 3794 Notum
912 3738 1152 3805 scilicet,
1186 3745 1317 3810 post
1344 3739 1608 3793 Archelai
1653 3741 1827 3795 unius
1876 3758 1945 3796 ex

298 3809 604 3865 tetrarchis
622 3810 917 3873 exsilium,
944 3809 1235 3863 redactam
1260 3809 1314 3863 in
1344 3811 1647 3880 provinciae
1673 3813 1940 3877 formam,

300 3883 592 3954 Syriaeque
620 3882 819 3954 fuisse
835 3881 1235 3954 attribqtamd
1249 3882 1470 3954 udaaam
1497 3899 1509 3936 :
1538 3887 1711 3954 atque
1737 3885 1944 3939 exinde

300 3952 987 4026 lactamceleberrimam
1019 3952 1718 4026 descriptionemQuirini
1753 3955 1946 4026 prensi-

303 4025 392 4079 dis
422 4024 596 4095 Syriae
628 4024 726 4095 qui
758 4024 1094 4078 Judaeorum
1149 4023 1452 4079 facultates
1501 4023 1943 4081 censuit."l‘unc

303 4095 891 4168 aliquosrebellasse,
925 4096 1326 4168 praecipueque
1371 4095 1582 4168 Judam
1627 4099 1942 4168 quemdam

304 4166 646 4240 Gaulaniten
698 4166 998 4240 (Origenes
1028 4167 1327 4222 Galilwum
1359 4166 1520 4234 dicit,
1551 4166 1710 4240 cajas
1733 4171 1789 4222 in
1814 4186 1941 4240 apo-

301 4238 568 4312 stolqrarn
596 4239 744 4312 {lctis
772 4238 1102 4312 mentionem
1131 4239 1269 4312 facit
1298 4240 1493 4312 Lucas)
1544 4238 1943 4312 plurimosque

304 4308 370 4382 ad
406 4307 786 4382 defectionem
838 4327 868 4365 a
921 4307 1196 4366 Romanis
1241 4307 1569 4382 impulisse,
1611 4317 1811 4366 auctor
1851 4307 1946 4367 est

300 4379 613 4453 Jose_phus,
648 4379 1068 4453 lib._Antiqui(t.
1104 4399 1264 4449 xvm,
1297 4379 1422 4453 cap.
1460 4399 1497 4435 1.

372 4451 393 4484 ⁴
421 4450 562 4505 Tres
594 4450 838 4506 Palatini
874 4450 1014 4506 mss.
1047 4455 1352 4508 econtrarz'o
1372 4450 1683 4508 nitentibus
1711 4471 1820 4509 non
1847 4455 1940 4509 de-

305 4523 614 4597 bere,_etc.,
647 4523 747 4597 qui
778 4529 833 4597 et
865 4523 1036 4597 paulo
1067 4528 1198 4595 post
1227 4526 1487 4590 verbum,
1526 4527 1749 4595 faceret,
1801 4543 1942 4597 prae-

299 4595 652 4650 termittunt.
685 4596 775 4649 Sic
811 4595 952 4650 Hab.

372 4668 392 4700 ⁵
439 4667 650 4722 Eodem
713 4666 1085 4738 prosequitur
1130 4669 1305 4739 atque
1353 4666 1630 4739 Origenes
1679 4668 1864 4739 gradu
1931 4685 1944 4722 :

300 4759 328 4786 «
380 4739 488 4804 Qui
546 4744 684 4792 tunc
733 4737 971 4809 praeerat
1017 4737 1308 4810 tetrarcha
1355 4737 1629 4810 (Herodes
1679 4737 1948 4810 Antipas,

303 4825 478 4879 quem
509 4810 579 4865 de
611 4808 846 4864 nomine
897 4815 1062 4864 vocat
1114 4808 1517 4878 Hieronymus,
1554 4809 1740 4864 filium
1786 4808 1946 4864 Anti-

302 4880 486 4950 patris
517 4897 528 4934 :
565 4881 623 4934 in
656 4880 784 4935 aliis
816 4881 980 4935 libris
1009 4879 1320 4951 Antipatri)
1353 4881 1566 4950 populo
1600 4883 1949 4952 persuadere

301 4951 645 5019 conabatur,
681 4953 946 5022 praesenti
981 4967 1172 5006 rerum
1217 4952 1393 5005 statui
1438 4966 1564 5005 sese
1606 4951 1673 5005 ut
1720 4969 1944 5008 accom-

303 5023 583 5094 modaret,
616 5039 719 5076 nec
750 5022 1377 5094 voluntariumcontra
1424 5023 1775 5094 potentiores
1826 5023 1946 5079 bel-

303 5093 424 5148 lum
459 5093 803 5166 susciperet,
826 5100 882 5149 et
910 5093 1214 5166 vectigalia
1244 5093 1507 5166 solveret.
1543 5116 1571 5142 »

371 5167 391 5199 ⁸
425 5167 504 5220 Ita
535 5170 590 5220 et
619 5165 897 5236 Origenes
928 5165 1237 5237 colligebat
1265 5183 1276 5220 ε
1305 5190 1328 5214 ‹‹
1359 5165 1488 5220 Veri
1517 5165 1733 5237 quippe
1757 5166 1948 5222 simile

302 5241 408 5304 est,
443 5237 544 5306 qui
573 5237 860 5292 tributum
895 5238 1102 5292 Caesari
1136 5238 1193 5292 in
1228 5237 1440 5308 p0pulo
1494 5237 1662 5308 pendi
1714 5237 1943 5308 vellent,

301 5308 661 5363 Herodianos
691 5309 762 5363 ab
794 5309 880 5364 eis
913 5311 1093 5364 fuisse
1133 5308 1473 5380 appellatos,
1527 5310 1680 5380 quod
1735 5309 1792 5362 id
1847 5326 1944 5363 ne-

301 5395 598 5450 quaquam
633 5380 962 5435 faciendum
991 5398 1119 5436 esse
1151 5380 1630 5443 statuebant.Qui
1661 5385 1852 5434 autem
1878 5381 1941 5434 li-

301 5451 542 5533 bertatis
593 5452 785 5535 specie
821 5452 1012 5535 ndpcti,
1047 5469 1159 5535 quo
1219 5453 1413 5535 min‘us
1449 5451 1686 5534 vectigal
1737 5451 1945 5535 Caesari

301 5521 709 5596 pensitaretur,
744 5524 781 5577 ii
817 5523 995 5596 fuisse
1025 5521 1661 5596 videntuerarisrei,»
1693 5528 1800 5596 etc.
1834 5524 1944 5596 #SAed

301 5594 594 5668 necprior
618 5593 1022 5668 ineronymia
1052 5593 1439 5668 veroiabludit
1477 5595 1786 5668 sententia,
1839 5593 1944 5668 He-

301 5665 574 5740 rodianos
608 5667 786 5740 fugiese
818 5665 1137 5740 appellatos
1170 5666 1411 5722 Herodis
1443 5666 1680 5740 milites,
1710 5666 1827 5721 sive
1850 5667 1945 5721 do~

301 5739 573 5800 mesticos
628 5739 756 5816 ejus
804 5737 1158 5800 tributorum
1210 5742 1521 5812 coactores,
1554 5737 1823 5802 homines
1854 5755 1944 5802 ve-

2053 3312 2329 3386 precibua
2370 3317 2620 3376 tantum,
2654 3313 3014 3379 auctoritate,
3047 3318 3103 3368 et
3133 3312 3375 3368 consilio
3424 3328 3701 3385 procura-

2061 3391 2169 3440 ret.

2124 3459 2140 3490 Ἴ
2174 3456 2589 3527 Hieronymum
2622 3453 2900 3525 suggillat
2931 3455 3025 3510 hic
3059 3453 3316 3527 Scaliger
3345 3455 3404 3508 in
3438 3452 3707 3527 nusebiag-

2054 3530 2147 3582 nis
2193 3526 2818 3581 animadversionibus.
2856 3549 2882 3576 «
2919 3527 3103 3592 Quod,
3138 3525 3334 3592 ut‘ait,
3369 3542 3484 3581 non
3519 3525 3704 3580 Latini

2053 3598 2109 3652 id
2144 3597 2544 3669 prodiderunt,
2595 3597 2694 3669 sed
2746 3614 2814 3651 ex
2861 3598 3153 3653 veteribus
3185 3597 3400 3653 Graecis
3448 3597 3705 3669 Epipha-

2054 3668 2207 3738 nius,
2240 3669 2473 3723 Graecus
2505 3672 2560 3722 et
2591 3668 2714 3738 ipse
2764 3669 3033 3739 scriptor,
3064 3670 3121 3724 id
3159 3669 3373 3724 retulit.
3409 3690 3436 3718 ››
3466 3668 3706 3724 Temere

2053 3740 2207 3795 enim
2230 3756 2393 3806 vero;
2421 3739 2759 3794 Latinorum
2783 3741 2941 3794 enim
2967 3740 3150 3795 multo
3173 3741 3551 3796 vetustiorum
3580 3739 3709 3810 Epi-

2097 3812 2293 3876 hanio,
2329 3810 2482 3882 quod
2515 3811 2843 3866 rectissime
2890 3818 3086 3867 monet
3132 3816 3188 3867 S.
3225 3817 3408 3874 Pater,
3441 3810 3707 3882 opinatio

2098 3830 2293 3876 nanio,
2329 3830 2482 3882 quoa
2515 3830 2843 3866 recussune
2890 3830 3086 3867 monet
3132 3830 3188 3867 δ.
3225 3830 3408 3874 ναίετ’,
3441 3830 3472 3865 o
3521 3830 3706 3866 inauo

2054 3830 2173 3938 haec
2231 3882 2357 3938 fuit.
2419 3882 2656 3954 Latinus
2713 3882 2914 3954 utique
2975 3883 3222 3954 scriptor
3279 3830 3706 3949 Tertullianus,

2055 3955 2174 4010 sive
2195 3961 2395 4009 auctor
2415 3953 2655 4008 alterius
2675 3953 2856 4024 partis
2904 3954 3036 4008 libri
3058 3953 3122 4009 de
3145 3955 3457 4024 Praescript.
3481 3953 3706 4009 advers.

2055 4026 2322 4089 hiantia,
2379 4026 2628 4097 cap.45
2673 4042 2694 4097 :_
2723 4047 2749 4073 ‹‹
2782 4025 3182 4096 Praztermitto,
3234 4026 3448 4097 inquit,
3506 4024 3708 4079 Phari-

2054 4115 2264 4152 smos...
2299 4113 2431 4152 cum
2454 4095 2580 4169 ’his
2625 4095 2798 4150 etiam
2851 4097 3227 4164 Herodianos,
3260 4095 3361 4169 qui
3399 4096 3706 4169 Christum

2055 4170 2337 4223 Herodem
2371 4183 2500 4222 esse
2525 4167 2817 4222 dixerunt.
2853 4192 2872 4216 υ
2911 4169 3175 4230 Itemque
3201 4167 3460 4230 latinus
3507 4167 3704 4222 Phila-

2054 4245 2174 4294 ster
2225 4238 2558 4313 Brixiensis,
2620 4238 2745 4313 qui‘
2777 4238 2999 4313 aliquot
3052 4238 3464 4313 Hieronymum
3519 4253 3710 4313 annos

2056 4312 2370 4380 praecessit,
2432 4309 2653 4382 haeres;
2682 4309 2772 4382 28,
2821 4310 2892 4365 de
2937 4309 3302 4382 Herodianis,
3353 4332 3380 4360 ‹‹
3425 4310 3554 4376 Qui,
3604 4311 3707 4382 ait,

2056 4383 2360 4447 Herodem,
2390 4397 2586 4454 regem
2618 4381 2953 4438 Judazorum
2986 4380 3335 4454 percussum
3369 4382 3441 4437 ab
3473 4380 3706 4454 angelo,

2053 4454 2250 4524 ipsum
2281 4452 2670 4526 utChristum
2694 4451 3003 4526 sperantes
3025 4458 3395 4526 exspectant,
3422 4476 3459 4526 ιιΔ
3482 4451 3714 4526 lix—qui-

2053 4523 2162 4580 bus
2194 4527 2282 4595 (ut
2309 4525 2368 4596 id
2403 4539 2634 4595 quoque
2670 4523 2856 4579 obiter
2899 4525 2970 4596 de
2994 4523 3267 4596 ridicula
3306 4523 3579 4596 opinione
3600 4523 3714 4596 fad-

1977 4616 2023 4680 υ
2059 4594 2215 4680 dam)
2270 4594 2481 4680 videas
2517 4601 2788 4680 auctores.
2820 4595 2920 4676 qui
2971 4595 3071 4652 illa
3118 4594 3508 4680 scripserunt,
3530 4595 3711 4680 “alios

2062 4666 2404 4756 atqup'alios
2437 4665 2691 4756 Herodes
2723 4665 3332 4756 sibi—persuasissem
3366 4665 3712 4756 Herodia'nis

2064 4737 2166 4811 pro
2201 4739 2415 4793 Messia
2443 4737 2697 4793 habitos.
2724 4737 2879 4793 Nam
2901 4740 3056 4810 quod
3084 4740 3473 4812 Hieronymus
3503 4739 3575 4794 de
3601 4738 3712 4793 He-

2059 4811 2196 4884 rode
2229 4810 2440 4884 Antipa
2471 4812 2655 4884 notat,
2689 4809 2978 4884 Pbilaster
3007 4812 3076 4866 de
3110 4811 3366 4884 Agrippa
3387 4807 3714 4884 Aristobuli

2060 4882 2178 4962 {ilio
2210 4881 2585 4962 sentit,cu,jus
2619 4882 2951 4962 mentio,_est
2971 4880 3420 4962 _At;t0rfxﬁ,__22.
3449 4880 3714 4962 Epipha-

2060 4955 2193 5008 nius
2221 4958 2415 5008 autem
2449 4970 2482 5005 a
2514 4951 2803 5024 Scaligero
2853 4952 3145 5011 laudatus.
3200 4959 3257 5009 et
3305 4951 3524 5018 Niceta,
3557 4951 3659 5007 lib.
3694 4967 3713 5024 ξ

2060 5025 2339 5098 Thesauri,
2401 5040 2541 5098 cap._
2581 5022 2696 5088 34,’
2721 5025 2792 5078 de
2840 5025 3064 5098 Herode
3111 5026 3340 5098 Magno,
3392 5040 3577 5098 quem
3619 5022 3714 5078 sui

2058 5113 2160 5170 pro
2191 5095 2418 5170 Christo
2449 5095 2754 5170 baberent,
2777 5095 3003 5170 verius
3033 5095 3511 5170 interpretantur.
3557 5095 3714 5150 Inte-

2058 5165 2168 5240 rim
2215 5165 2332 5240 alio
2388 5165 2623 5221 nomine
2675 5166 3004 5240 insimulari
3063 5165 3715 5240 posseHieronymum

2057 5239 2302 5294 Huetius
2333 5244 2508 5307 retur,
2541 5237 2697 5308 quod
2731 5255 2864 5292 cum
2894 5239 2986 5294 hic
3017 5237 3192 5306 dicat,
3225 5238 3470 5294 ridicule
3510 5237 3712 5294 existi-

2057 5309 2203 5364 mari
2255 5326 2288 5363 a
2337 5308 2691 5375 quibusdam
2746 5311 3109 5375 Latinorum,
3154 5312 3510 5367 Herodianus
3560 5324 3713 5374 esse,

2058 5327 2203 5364 mari
2255 5326 2288 5363 a
2379 5326 2691 5364 uinusaam
2747 5326 3109 5375 Latinorum,
3154 5326 3510 5367 ueroaianos
3560 5326 3712 5374 esse,

2058 5326 2474 5454 qui_He_ro(dem
2509 5379 2806 5454 Christum
2833 5397 2959 5437 esse
2991 5384 3331 5444 censebant,
3355 5383 3480 5454 ipse
3513 5386 3712 5454 tamen

2054 5452 2112 5507 in
2166 5452 2405 5523 Dialogo
2436 5455 2639 5506 contra
2685 5453 3077 5508 Luciferianos
3127 5452 3718 5522 seribatflleradiani

2055 5523 2314 5596 Herodem
2365 5540 2540 5596 regem
2590 5539 2869 5596 suscepere
2914 5541 3011 5596 pro
3057 5525 3296 5581 Christo.
3333 5524 3548 5579 Verum
3598 5539 3715 5578 non

2057 5595 2139 5651 sic
2171 5595 2268 5669 ille
2295 5595 2795 5669 quemadmodum
2814 5597 3238 5669 AAbrinc.episc.
3264 5597 3459 5669 refert,
3485 5595 3595 5650 sub
3619 5611 3714 5650 as-

2058 5667 2884 5743 serentisjpersonascripsit,
2915 5669 3019 5743 sed
3072 5667 3242 5743 quasi
3293 5667 3445 5743 male
3477 5679 3714 5743 co_mpa-

2057 5744 2208 5806 ctam
2244 5737 2508 5798 fab—uiam
2556 5737 2848 5797 rhetorica
2902 5737 3106 5820 ﬁgura'
3139 5740 3497 5816 prateriens,
3528 5737 3715 5804 Taceo
