4024 6196
233 337 348 400 169

224 562 377 616 viam
411 558 512 615 Dei
546 560 606 614 in
647 559 886 614 veritate
938 561 1148 616 doces:
1185 565 1243 616 et
1293 577 1407 615 non
1455 565 1544 616 est
1586 560 1692 614 tibi
1738 578 1880 616 cura

225 651 297 706 de
327 648 547 720 aliquo.
569 649 695 703 Non
727 649 884 704 enim
915 649 1158 721 respicis
1186 665 1497 721 personam
1530 649 1876 704 hominum:

230 739 330 795 Dic
378 754 514 810 ergo
563 737 736 793 nobis
783 737 923 808 quid
975 737 1078 793 tibi
1134 739 1402 793 videtur:
1454 737 1589 793 licet
1635 754 1877 793 censum

229 828 353 884 dari
401 827 636 893 Caesari,
689 843 762 882 an
812 827 980 882 non?
1027 849 1055 877 »
1090 826 1350 882 Blanda‘
1393 831 1450 882 et
1506 826 1880 882 fraudulenta

229 915 632 988 interrogatio,
665 915 806 971 illuc
838 921 1111 986 provocat
1154 917 1624 988 respondentem,
1659 919 1723 970 ut
1751 932 1876 970 ma-

226 1005 318 1076 gis
346 1005 536 1060 Deum
568 1020 747 1076 quam
777 1003 1063 1060 Caesarem
1094 1004 1323 1069 timeat,
1359 1009 1415 1059 et
1445 1003 1600 1059 dicat
1630 1021 1745 1059 non
1779 1006 1876 1059 de-

225 1095 370 1150 bere
401 1093 617 1148 tributa
655 1092 821 1159 solvi,
855 1098 920 1147 ut
965 1092 1163 1148 statim
1205 1095 1512 1149 audientes
1543 1092 1878 1159 Herodiani,

230 1182 542 1239 seditionis
572 1187 774 1237 contra
804 1181 1097 1238 Romanos
1129 1182 1455 1254 principem
1490 1183 1783 1238 teneant’.

303 1273 494 1342 (Vers.
530 1271 639 1342 18.(
675 1293 702 1319 ‹‹
733 1271 980 1342 Cognita
1022 1275 1216 1325 autem
1267 1271 1441 1326 Jesus
1493 1270 1756 1342 nequitia
1785 1288 1878 1326 eo-

227 1377 383 1426 rum,
419 1359 537 1415 ait:
572 1359 718 1424 Quid
770 1375 862 1414 me
922 1359 1178 1426 tentatis,
1213 1359 1574 1432 hypocriten?
1607 1384 1634 1407 n
1685 1360 1880 1414 Prima

224 1450 414 1504 virtus
462 1452 554 1503 est
602 1447 1010 1520 respondentis
1076 1447 1560 1520 interrogantium
1625 1454 1878 1503 mentem

223 1540 665 1610 cognoscere,et
695 1552 808 1590 non
841 1535 1289 1608 discipulos,sed
1313 1539 1629 1592 tentatores
1653 1553 1876 1592 vocare.

226 1624 546 1697 Hypocrita
575 1640 709 1694 ergo
757 1624 1107 1696 appellatur,
1152 1625 1250 1696 qui
1305 1623 1462 1680 aliud
1495 1629 1603 1695 est,
1635 1629 1692 1679 et
1721 1625 1877 1680 aliud

221 1712 497 1784 simulat,
523 1712 579 1767 id
613 1716 722 1781 est,
747 1712 905 1768 aliud
937 1729 1112 1785 opere
1141 1713 1279 1785 agit,
1303 1719 1359 1768 et
1391 1713 1549 1769 aliud
1581 1730 1716 1769 voce
1742 1731 1882 1784 prae-

224 1802 440 1859 tendit.

299 1891 493 1964 (Vers.
528 1891 639 1962 19.)
675 1912 703 1940 ‹‹
750 1890 1053 1946 Ostendite
1100 1890 1242 1946 mihi
1295 1891 1596 1950 numisma
1641 1907 1874 1947 census.

227 1985 307 2036 At
332 1980 418 2034 illi
453 1979 792 2036 obtulerunt
822 1980 874 2034 ei
905 1979 1234 2036 denarium.
1270 2002 1298 2028 »
1323 1980 1618 2052 Sapientia
1649 1995 1880 2050 semper

224 2070 530 2141 sapienter
559 2068 697 2141 agit,
731 2073 796 2124 ut
833 2069 957 2124 suis
1004 2068 1378 2140 potissimum
1409 2073 1722 2124 tentatores
1755 2085 1877 2124 ser-

225 2159 510 2214 monibus
558 2157 953 2214 confutentur.
1005 2156 1299 2225 Ostendite,
1353 2157 1562 2228 inquit,
1595 2157 1738 2212 mihi
1784 2156 1876 2212 de-

219 2250 477 2314 narium,
508 2246 618 2302 hoc
647 2251 755 2315 est,
785 2261 972 2318 genus
1022 2246 1272 2311 nummi,
1323 2247 1476 2316 quod
1529 2263 1632 2318 pro
1675 2246 1874 2300 decem

216 2337 491 2392 nummis
513 2333 1258 2407 imputabatur,ethabebat
1278 2335 1594 2407 imaginem
1611 2334 1872 2390 Caesaris.

298 2426 490 2497 (Vers.
521 2427 631 2492 20.)
662 2424 814 2478 179
849 2447 875 2474 ‹‹
905 2425 974 2478 Et
1003 2423 1088 2479 ait
1144 2422 1265 2478 illis
1317 2423 1522 2478 Jesus:
1556 2424 1735 2493 Cujus
1789 2427 1879 2477 est

216 2517 429 2586 imago
458 2513 592 2580 hac,
625 2517 681 2568 et
726 2512 1142 2584 superscriptio
1165 2511 1192 2565 ?
1243 2535 1269 2559 ››
1301 2512 1409 2576 Qui
1458 2515 1668 2583 putant
1699 2512 1874 2566 inter-

220 2604 591 2674 rogationem
649 2601 965 2657 Salvatoris
1022 2601 1413 2672 ignorantiam
1473 2616 1619 2670 esse,
1653 2604 1710 2655 et
1759 2617 1873 2654 non

223 2691 754 2764 dipensationem,
804 2689 1033 2745 discant
1080 2707 1148 2744 ex
1195 2689 1466 2760 praesenti
1516 2688 1662 2756 loco,
1718 2688 1875 2760 quod

225 2781 435 2852 utique
465 2778 721 2853 potuerit
769 2779 914 2834 scire
943 2783 1112 2833 Jesus
1165 2779 1333 2847 cujus
1383 2777 1576 2849 imago
1632 2776 1874 2832 essetin

218 2885 509 2936 nummo;
542 2867 644 2923 sed
678 2868 1014 2938 interrogat,
1057 2871 1121 2922 ut
1177 2867 1248 2922 ad
1293 2882 1623 2922 sermonem
1673 2881 1876 2923 eorum

226 2962 634 3030 competenter
663 2956 1030 3027 respondeat.

303 3047 489 3119 (Vers.
519 3047 632 3117 21.)
666 3069 686 3094 ι
738 3045 948 3100 Dicunt
975 3043 1065 3100 ei:
1098 3043 1356 3100 Caesaris.
1409 3045 1572 3099 Tunc
1604 3044 1685 3099 ait
1714 3043 1831 3100 illis
1858 3061 1872 3099 :

222 3137 475 3193 Reddite
525 3151 661 3208 ergo
711 3151 837 3207 quae
887 3138 1028 3189 sunt
1075 3134 1318 3190 Caesaris
1375 3133 1605 3198 Caesari,
1638 3137 1693 3188 et
1746 3150 1873 3204 quae

225 3243 363 3282 sum
394 3225 493 3280 Dei
524 3225 658 3280 Deo.
695 3245 723 3274 »
754 3225 1036 3279 Caesarem
1070 3239 1183 3278 non
1219 3226 1494 3294 putemus
1525 3225 1879 3294 Augustum,
1909 3213 1952 3279 C

226 3317 327 3372 sed
361 3314 665 3370 Tiberium
698 3311 1014 3384 signiﬁcari
1048 3312 1382 3385 privignum
1415 3313 1564 3383 ejus,
1589 3311 1688 3383 qui
1719 3311 1778 3366 in
1803 3312 1880 3367 lo-

221 3421 363 3460 cum
394 3402 680 3458 successit
709 3400 897 3474 ipsius
915 3402 958 3468 3,
992 3402 1102 3456 sub
1155 3418 1270 3473 quo
1317 3419 1531 3474 passus
1560 3406 1648 3456 est
1677 3401 1879 3457 Domi-

221 3511 356 3550 nus.
397 3492 615 3548 Omnes
646 3497 843 3546 autem
876 3507 1040 3561 reges
1071 3491 1316 3546 Romani
1343 3508 1374 3546 a
1396 3491 1582 3562 primo
1617 3489 1748 3546 Caio
1769 3492 1882 3546 Cae-

222 3599 378 3648 sare,
415 3581 518 3652 qui
549 3580 865 3652 imperium
916 3578 1260 3651 arripuerat,
1303 3583 1556 3634 Caesares
1604 3578 1878 3651 appellati

222 3676 365 3726 sunt
419 3669 526 3743 [AL
576 3667 988 3740 appellantur].
1043 3667 1216 3723 Porro
1269 3669 1424 3739 quod
1474 3667 1604 3723 ait:
1656 3667 1882 3724 Reddite

223 3777 344 3831 qua:
365 3768 496 3814 sunt
517 3758 750 3815 Caesaris
775 3757 1067 3825 Caesariﬁd
1098 3761 1188 3812 est
1220 3773 1533 3812 nummum
1568 3757 1880 3822 tributum,

227 3855 285 3905 et
316 3847 630 3922 pecuniam
656 3856 870 3918 :etquae
889 3855 1018 3902 sunt
1049 3847 1144 3903 Dei
1174 3845 1882 3918 Deo,decimas,primilias

224 3943 284 3994 et
317 3937 666 4001 oblationes,
699 3953 765 3991 ac
793 3936 1062 3992 victimas
1111 3937 1470 3992 sentiamus:
1507 3936 1794 4005 quomodo
1826 3940 1882 3991 et

226 4029 363 4100 ipse
393 4024 644 4082 reddidit
679 4025 900 4081 tributa
929 4041 1034 4097 pro
1083 4043 1146 4080 se
1191 4030 1249 4081 et
1295 4026 1463 4080 Petro
1495 4025 1704 4096 (Matth.
1739 4043 1878 4090 xvu,

225 4119 359 4188 20);
396 4119 454 4171 et
491 4115 600 4171 Deo
629 4114 884 4171 reddidit
931 4131 1060 4186 quae
1104 4114 1206 4170 Dei
1256 4119 1413 4181 sunt,
1446 4115 1633 4170 Patris
1664 4114 1881 4170 faciens

225 4204 593 4261 voluntatem
624 4205 799 4275 (Joan.
832 4220 912 4269 v1,
943 4203 1061 4270 38).

296 4294 492 4363 (Vers.
523 4293 638 4362 22.)
673 4314 700 4342 ‹‹
730 4293 800 4347 Et
856 4290 1180 4356 audientes,
1215 4291 1410 4348 mirati
1470 4297 1628 4348 sunt.
1694 4315 1721 4341 »
1773 4292 1880 4357 Qui

229 4384 471 4439 credere
503 4382 826 4437 debuerant
882 4380 953 4435 ad
1005 4385 1226 4436 tantam
1282 4381 1653 4453 sapientiam,
1687 4381 1882 4436 mirati

227 4478 373 4528 sunt
405 4471 562 4543 quod
612 4469 902 4526 calliditas
949 4486 1151 4526 eorum
1201 4469 1520 4548 insidiandi
1573 4488 1688 4526 non
1719 4471 1883 4526 inve-

230 4562 420 4618 nisset
451 4559 644 4617 locum
667 4561 707 4615 ‘.

234 4812 444 4884 inquit,
481 4811 634 4884 quod
665 4809 974 4884 Herodiani
1028 4810 1312 4884 Ilerodem
1347 4826 1541 4883 regem
1576 4825 1885 4882 suscepere

236 4883 338 4956 pro
366 4883 617 4956 Christo.
651 4903 678 4934 ι
709 4883 970 4956 Denique
999 4883 1148 4938 addo
1181 4883 1240 4937 in
1273 4884 1490 4939 nostris
1525 4900 1666 4939 mss.
1703 4884 1887 4939 crede-

235 4954 355 5011 rent
385 4955 501 5026 legi
534 4971 638 5026 pro
667 4954 980 5010 credebant.

305 5030 318 5060 '
357 5024 634 5106 Rursum.
667 5025 986 5106 Origenes:
1049 5043 1071 5071 α
1125 5024 1422 5095 Ejusmodi
1473 5025 1885 5106 laudedehorf

235 5103 452 5164 tantur,
488 5115 560 5152 ne
592 5096 1049 5153 Herodianorum
1075 5113 1406 5169 _personam
1460 5099 1756 5169 respiciat,
1789 5102 1890 5153 aut

235 5170 694 5225 Caesarianorum
722 5186 734 5223 :
770 5174 834 5223 ut
857 5169 1025 5237 juxta
1075 5168 1501 5223 Pharisaeorum
1533 5168 1887 5225 sententiam

235 5242 527 5296 tributum
559 5239 774 5295 Caesari
824 5256 937 5294 non
987 5254 1116 5293 esse
1165 5239 1510 5295 solvendum
1562 5241 1888 5308 affirmans,

238 5312 588 5368 Herodianis
619 5313 690 5366 ab
741 5310 886 5383 ipsis
936 5310 1283 5366 traderetur.
1321 5334 1354 5383 n
1383 5311 1446 5365 Et
1491 5312 1664 5383 paulo
1717 5329 1888 5383 supe-

232 5384 392 5439 rius:
429 5407 457 5432 ‹‹
493 5388 580 5438 Ita
608 5381 962 5454 impediente
981 5397 1078 5454 eo,
1114 5398 1230 5452 quo
1280 5381 1743 5438 minus'census
1775 5381 1890 5438 Cae-

232 5456 351 5510 sari
383 5452 789 5526 daretur,eum
824 5452 991 5526 quasi
1024 5453 1366 5526 defectionis
1397 5458 1694 5509 auctorem
1719 5459 1892 5526 atque

232 5526 624 5610 impulsorem
675 5525 953 5580 Romanis
1000 5524 1272 5581 tradituri
1333 5526 1586 5580 fuissent
1621 5524 1892 5582 llerodia-

237 5616 322 5656 D1.
358 5622 386 5647 η

311 5671 332 5706 ⁷
367 5669 495 5726 Duo
555 5667 801 5724 Palatini
861 5683 1031 5734 mss.,
1077 5669 1390 5742 principem
1447 5685 1576 5727 eum
1632 5674 1896 5735 teneant;

533 5796 801 5860 ΡΑτιιοι..
845 5796 1056 5863 XXVI.

717 336 1236 400 COMMENTAR.
1282 337 1360 398 IN
1405 335 1920 402 EVANGELIUM
1967 338 2345 403 ΜΑΤΤΗΛΞῙ
2391 343 2542 403 LIB.
2589 343 2666 403 ll.
2712 343 2887 404 CAP.
2931 343 3116 405 XXII.

298 471 482 542 (Vers.
516 470 625 540 16.)
663 491 691 520 ι(
722 470 1018 543 Magister,
1065 470 1287 527 scimus
1335 471 1474 542 quia
1502 487 1672 526 verax
1703 487 1785 542 es,
1819 476 1876 527 et
1904 474 1955 538 Α

3516 349 3632 409 I70

2060 495 2087 521 «
2120 475 2187 528 Et
2242 473 2440 529 relicto
2497 492 2583 544 eo,
2641 475 2987 531 abierunt.»
3037 478 3440 536 Inﬁdelitatem
3495 498 3630 538 cum

1988 563 2268 619 miraculo
2300 564 2515 636 pariter
2546 570 2932 636 repurtantes.

2058 669 2241 742 (Vers.
2275 673 2389 739 23.)
2426 695 2444 718 «
2486 673 2546 726 In
2579 670 2678 726 illo
2709 671 2801 727 die
2829 679 3200 728 accesserunt
3231 675 3301 729 ad
3333 692 3466 732 eum
3489 678 3631 733 Sad-

1988 761 2190 828 ducaei,
2223 761 2321 831 qui
2355 761 2558 816 dicunt
2585 779 2700 816 non
2733 779 2862 817 esse
2896 763 3400 819 resurrectionem.
3436 788 3462 813 ››
3494 771 3628 822 Duae
3719 797 3722 802 -

1988 849 2236 904 haereses
2266 855 2430 905 erant
2453 851 2509 904 in
2540 851 2792 906 Judaeis:
2831 869 2946 905 una
2968 852 3415 923 Pharisaeorum,
3453 853 3635 910 altera

1989 939 2461 994 Sadducaeorum.
2497 938 2771 995 Pharisaei
2823 941 3209 1006 traditionum
3263 947 3320 996 et
3361 942 3637 1000 observa-

1987 1027 2236 1094 tionum,
2286 1044 2432 1098 quas
2503 1027 2587 1082 illi
2659 1023 3008 1101 δευτερώσεις
3074 1034 3300 1096 vocant,
3341 1031 3636 1100 justitiam

1989 1117 2406 1188 praeferebant;
2439 1117 2592 1172 unde
2623 1125 2674 1171 et
2723 1117 2889 1172 divisi
2933 1119 3292 1174 vocabantur
3337 1136 3370 1174 a
3401 1120 3635 1192 populo.

1990 1205 2290 1260 Sadducaei
2341 1209 2558 1273 autem,
2587 1205 2687 1276 qui
2740 1206 3201 1277 interpretantur
3243 1209 3409 1278 justi,
3443 1214 3498 1264 et
3526 1209 3637 1281 ipsi

1988 1295 2363 1350 vindicabant
2419 1295 2531 1350 sibi
2591 1295 2746 1366 quod
2807 1312 2920 1350 non
2975 1300 3178 1352 erant:
3243 1297 3537 1367 prioribus
3581 1301 3639 1354 et

1991 1385 2246 1455 corporis
2302 1388 2360 1439 et
2415 1385 2623 1439 animae
2683 1385 3169 1440 resurrectionem
3215 1387 3635 1457 _credentibus,

1990 1473 2544 1542 conﬁtentibusque,
2576 1477 2632 1526 et
2661 1472 2919 1542 angelos,
2953 1477 3008 1526 et
3037 1473 3310 1544 spiritum
3339 1489 3351 1527 :
3387 1490 3637 1544 sequen-

1989 1568 2077 1618 tes
2125 1561 2310 1632 {juxta
2353 1563 2488 1615 Acta
2546 1559 2968 1632 apostolorum)
3021 1561 3220 1616 omnia
3269 1561 3639 1633 denegabant

1990 1653 2124 1723 (Act.
2156 1668 2318 1716 xxm,
2349 1653 2423 1720 8).
2462 1651 2586 1705 Istae
2618 1653 2759 1704 sunt
2795 1650 2921 1703 dum
2977 1649 3250 1717 domus5,
3297 1649 3368 1704 de
3418 1650 3637 1721 quibus

1993 1741 2171 1795 Isaias
2212 1740 2583 1794 manifestius
2633 1740 2819 1804 docet,
2868 1740 3023 1809 quod
3073 1738 3379 1794 otfensurae
3427 1738 3547 1794 sint
3577 1739 3638 1793 in

1911 1845 1957 1910 B
1990 1829 2243 1900 lapidem
2274 1829 2534 1884 scandali
2569 1831 2696 1900 (Isa.
2728 1845 2850 1894 vm,
2886 1828 2992 1897 14).

2058 1935 2242 2007 (Vers.
2272 1937 2340 1989 24
2386 1936 2575 2007 seqq.)
2627 1957 2654 1984 ‹‹
2700 1936 2768 1990 Et
2814 1935 3318 2004 interrogaverunt
3369 1951 3502 1989 eum
3550 1934 3638 1990 di-

1987 2029 2221 2091 centes;
2255 2024 2550 2095 Magister,
2586 2025 2812 2096 Moyses
2859 2023 3042 2077 dixit:
3078 2022 3138 2077 Si
3187 2025 3320 2093 quis
3369 2028 3638 2078 mortuus

1987 2115 2163 2170 fuerit
2187 2114 2340 2168 180
2370 2129 2484 2168 non
2513 2113 2736 2167 habens
2768 2112 2974 2180 filium,
3001 2117 3066 2167 ut
3100 2112 3277 2166 ducat
3308 2113 3484 2167 frater
3509 2113 3638 2182 ejus

1988 2219 2226 2258 uxorem
2258 2201 2436 2268 illius,
2470 2207 2527 2256 et
2557 2200 2800 2257 suscitet
2839 2217 3038 2256 semen
3072 2201 3234 2255 fratri
3287 2217 3413 2256 suo.
3447 2201 3627 2256 Erant

1988 2297 2183 2347 autem
2215 2291 2366 2362 apud
2401 2307 2507 2346 nos
2539 2295 2761 2362 septem
2811 2291 3059 2344 fratres:
3091 2293 3147 2343 et
3173 2289 3420 2360 primus,
3457 2305 3632 2344 uxore

1987 2383 2181 2446 dueta,
2216 2380 2524 2435 defunctus
2553 2383 2661 2445 est,
2693 2383 2749 2434 et
2780 2396 2894 2433 non
2919 2378 3142 2433 habens
3170 2377 3635 2448 semen,reliquit

1989 2485 2224 2525 uxorem
2258 2486 2425 2524 suam
2462 2468 2624 2523 fratri
2655 2485 2780 2522 suo.
2811 2467 3088 2523 Similiter
3117 2467 3506 2533 secundus,et
3527 2471 3638 2522 ter-

1988 2561 2108 2615 tius
2139 2575 2326 2630 usque
2348 2559 2418 2612 ad
2453 2556 3128 2629 septimum.Novissime
3151 2562 3344 2612 autem
3365 2557 3633 2611 omnium

1986 2656 2040 2704 et
2057 2648 2264 2703 mulier
2283 2648 2556 2704 defuncta
2576 2652 2683 2701 est.
2719 2669 2745 2695 ››
2770 2648 2875 2713 Qui
2910 2646 3392 2701 resurrectionem
3427 2661 3632 2715 corpo-

1989 2754 2119 2793 rum
2152 2754 2266 2791 non
2299 2737 2631 2800 credebant,
2666 2739 2722 2789 et
2779 2736 3037 2789 animam
3086 2736 3370 2806 putabant
3399 2733 3634 2788 interire

1987 2842 2120 2882 cum
2145 2825 2507 2896 corporibus,
2541 2829 2694 2878 recte
2723 2823 3055 2878 istiusmodi
3089 2823 3320 2893 fingunt
3350 2820 3630 2889 fabulam,

1987 2932 2113 2986 quae
2144 2912 2508 2969 deliramenti
2565 2917 2773 2983 arguat
2827 2929 2946 2979 eos,
2982 2912 3080 2982 qui
3143 2909 3631 2965 resurrectionem

1987 3007 2253 3058 asserunt
2282 3006 2666 3056 mortuorum.
2700 3001 2892 3056 Potest
2921 3004 3118 3053 autem
3151 2998 3294 3061 fieri,
3330 3002 3394 3051 ut
3418 3012 3546 3053 vere
3567 2996 3629 3051 in

1985 3097 2156 3163 gente
2187 3106 2386 3145 eorum
2418 3087 2734 3160 aliquando
2765 3088 2873 3142 hoc
2905 3087 3198 3143 acciderit.

2060 3197 2244 3269 (Vers.
2270 3199 2389 3263 2.8.)
2421 3220 2446 3244 «
2477 3196 2539 3250 In
2573 3195 2995 3251 resurrectione
3042 3211 3180 3266 ergo
3213 3195 3386 3266 cujus
3417 3196 3527 3250 erit
3557 3196 3629 3250 de

1991 3291 2210 3359 septem
2246 3285 2436 3340 uxor?
2465 3285 2681 3341 Omnes
2699 3284 2853 3340 enim
2886 3285 3217 3339 habuerunt
3249 3301 3399 3339 eam.
3427 3308 3452 3333 ››
3477 3286 3627 3340 Tur-

1989 3375 2314 3449 pitudinem
2344 3373 2548 3430 fabulae
2591 3377 2912 3446 opponunt,
2948 3377 3012 3428 ut
3060 3372 3502 3430 resurrectionis
3533 3372 3630 3430 de-

1989 3469 2203 3538 negent
2231 3463 2556 3520 veritatem.

2059 3574 2245 3645 (Vers.
2274 3571 2389 3642 29.)
2427 3593 2452 3620 ‹‹
2479 3569 2854 3642 Respondens
2905 3573 3099 3624 autem
3143 3569 3337 3638 Jesus,
3370 3569 3451 3626 ait
3476 3569 3632 3626 illis:

1991 3660 2561 3731 Erratis,nescientes
2593 3658 3137 3730 Scripturas,neque
3164 3658 3438 3714 virtutem
3474 3659 3633 3715 Dei.»

1990 3753 2300 3822 Pr0ptcrea
2332 3753 2547 3815 errant,
2571 3748 2709 3818 quia
2740 3747 3072 3819 Scripturas
3102 3748 3374 3803 nerciunt
3401 3754 3477 3804 :et
3497 3748 3637 3820 quia

1991 3839 2326 3909 Scripturas
2357 3835 2648 3907 ignorant,
2681 3839 3102 3905 consequenter
3144 3836 3417 3890 nesciunt
3445 3836 3635 3890 virtu-

1987 3929 2105 3982 tem
2139 3925 2261 3992 Dei,
2292 3924 2399 3979 hoc
2431 3927 2519 3978 est
2565 3922 2880 3991 Christum,
2915 3925 3014 3994 qui
3063 3928 3152 3980 est
3202 3924 3297 3978 Dei
3340 3924 3546 3993 virtus,
3579 3928 3635 3978 et

1991 4014 2092 4070 Dei
2123 4013 2412 4086 sapientia
2443 4016 2487 4082 (Ι
2521 4012 2641 4067 Cor.
2676 4029 2713 4078 1,
2745 4013 2857 4079 24).

2062 4121 2248 4189 (Vers.
2282 4120 2397 4190 30.)
2435 4142 2454 4168 ε
2507 4120 2571 4174 In
2623 4117 3040 4174 resurrectione
3088 4117 3245 4172 enim
3294 4134 3482 4189 neque
3525 4135 3636 4172 nu-

1991 4209 2148 4276 bent,
2177 4225 2365 4280 neque
2397 4208 2730 4262 nubentur6
2757 4225 2769 4273 ;
2824 4207 2924 4261 sed
2957 4211 3094 4260 sunt
3131 4207 3283 4260 sicut
3313 4206 3504 4277 angeli
3537 4207 3637 4262 Dei

1991 4298 2050 4353 in
2084 4297 2246 4353 caelo.
2282 4319 2307 4345 ››
2345 4296 2550 4351 Latina
2579 4294 2938 4350 consuetudo
2988 4293 3184 4350 Graeco
3227 4294 3493 4350 idiomati
3521 4313 3637 4352 non

1994 4386 2323 4457 respondet.
2342 4385 2568 4440 Nubere
2599 4383 2754 4438 enim
2779 4383 3008 4454 proprie
3031 4383 3313 4439 dicuntur
3342 4385 3640 4454 mulieres,

1992 4480 2050 4530 et
2077 4475 2185 4529 viri
2217 4489 2425 4527 uxores
2457 4473 2666 4527 ducere
2693 4490 2705 4539 ;
2740 4472 2837 4527 sed
2887 4488 2993 4526 nos
3038 4472 3385 4544 simpliciter
3416 4475 3639 4529 dictum

1913 4581 1960 4646 D
1991 4563 2408 4634 intelligamus,
2442 4562 2596 4633 quod
2630 4562 2847 4617 nubere
2873 4562 2942 4617 de
2971 4561 3195 4630 viris,et
3222 4562 3364 4617 nubi
3395 4563 3466 4618 de
3498 4579 3636 4617 uxo-

1997 4815 2094 4872 alii
2155 4812 2354 4870 minus
2404 4812 2570 4882 bene,
2628 4815 2820 4871 contra
2874 4815 3177 4868 Romanum
3222 4813 3528 4883 principem
3569 4815 3644 4867 te-

1995 4890 2188 4956 neant,
2223 4892 2333 4941 etc.
3164 4911 3179 4927 .

2069 4960 2090 4991 ³
2119 4955 2353 5013 Rectius
2385 4958 2498 5012 duo
2531 4974 2561 5012 e
2593 4958 2809 5013 nostris
2841 4973 2980 5012 mss.
3005 4956 3243 5023 habent,
3271 4957 3328 5009 in
3361 4955 3538 5011 locum
3567 4955 3648 5011 vi-

2001 5031 2129 5086 trici
2158 5029 2257 5084 sub
2290 5045 2418 5101 quo,
2451 5034 2562 5084 etc.

2068 5104 2088 5134 ⁴
2119 5097 2396 5172 Origenes
2424 5101 2524 5168 ait,
2564 5123 2582 5147 «
2618 5098 2849 5172 Nullam
2880 5097 2992 5172 sibi
3046 5098 3352 5170 praebitam
3388 5097 3472 5153 illi
3503 5097 3645 5152 insi-

2001 5173 2199 5228 diandi
2227 5170 2589 5226 occasionem
2624 5170 2914 5224 demirati.
2953 5192 2978 5218 ››

2071 5245 2090 5277 δ
2121 5243 2328 5297 Confer
2357 5243 2414 5296 S.
2454 5245 2748 5296 Doctorem
2802 5243 2857 5294 in
2903 5239 3350 5295 Commentariis
3403 5239 3460 5294 in
3493 5240 3651 5294 hunc

2004 5315 2163 5370 Isaiae
2195 5313 2408 5379 locum,
2443 5318 2498 5368 et
2530 5313 2587 5366 in
2614 5311 2793 5382 Epist.
2828 5312 2899 5366 ad
2932 5311 3487 5383 Titum.Epistolam
3512 5327 3653 5383 quo-

2045 5403 2117 5441 ue
2149 5385 2218 5440 ad
2254 5385 2557 5454 .4lgasiam,
2583 5387 2787 5454 quaest.
2843 5385 2928 5450 10,
2970 5389 3027 5438 et
3083 5384 3376 5452 Dialogum
3432 5383 3650 5439 advers.

2050 5460 2400 5528 uciferianos.
2435 5471 2596 5528 num.
2630 5457 2684 5510 8.

2077 5531 2097 5563 δ
2122 5524 2231 5584 Pro
2259 5544 2433 5598 neque
2465 5527 2776 5598 rnubentur.
2818 5526 2885 5598 in
2910 5525 3252 5598 iVeronensi
3304 5524 3644 5597 Evangelio-

2014 5617 2145 5656 rum
2178 5597 2576 5656 vetustissimo
2607 5597 2943 5670 exemplari,
2970 5597 3157 5669 magis
3190 5597 3264 5670 ad
3317 5598 3506 5652 Latini
3537 5612 3654 5654 ser-

2008 5672 2200 5730 monis
2225 5671 2634 5746 proprietatem
2666 5675 2774 5740 est,
2806 5685 2980 5747 neque
3012 5685 3208 5734 uxores
3232 5669 3452 5726 ducent.

3341 5797 3380 5859 6
