4058 6190
401 332 507 391 171

1647 323 1711 381 S.
1759 314 2070 380 EUSEBII
2113 316 2563 380 HlERONYMI

3688 314 3803 375 172

397 462 562 519 ribus
601 456 884 528 scriptum
916 454 1080 511 sit.Si
1110 453 1169 508 in
1202 453 1624 509 resurrectione
1644 467 1761 507 non
1795 449 2037 516 nubent,
2074 454 2123 519 Α
2154 451 2497 515 viventium;
2526 453 2591 505 ut
2618 465 2752 505 cum
2785 446 3116 521 probaverit
3173 446 3402 503 animas
3456 462 3803 520 permanere

397 564 585 622 neque
612 546 907 602 nubentur
938 546 1245 615 resurgent
1276 559 1411 614 ergo
1452 558 1716 613 corpora,
1748 556 1875 611 quae
1908 555 2039 610 pos-

394 641 534 694 sunt
564 635 783 691 nubere
808 636 823 669 ί
848 637 905 689 et
934 631 1096 688 nubi.
1132 632 1311 686 Nemo
1343 630 1557 702 quippe
1578 629 1721 685 dicit
1751 628 1820 684 de
1850 626 2043 698 lapide

392 732 455 799 et
486 725 713 795 arbore,
746 727 804 779 et
833 722 927 778 his
952 723 1147 791 rebus,
1181 738 1307 792 quae
1364 736 1479 775 non
1529 719 1748 774 habent
1778 716 2043 772 membra

396 813 695 889 genitalia,
729 813 881 884 quod
916 828 1031 867 non
1065 811 1311 876 nubant,
1345 825 1531 879 neque
1561 807 1859 862 nubantur
1892 818 1915 873 ;‘
1938 804 2036 860 sed

398 906 470 962 de
499 903 593 960 his
625 919 751 975 quae
798 918 933 956 cum
985 902 1233 971 possunt
1281 899 1520 964 nubere,
1548 901 1749 951 tamen
1802 894 1918 949 alia
1947 910 2040 948 ra-

395 984 553 1052 tione
583 1010 698 1049 non
729 991 979 1047 nubunt.
1013 988 1175 1051 Quod
1226 990 1420 1041 autem
1470 986 1721 1041 infertur
1741 1003 1758 1037 :
1788 983 1893 1040 Sed
1916 991 2041 1038 sunt

395 1086 538 1141 sicut
564 1082 758 1150 angeli
788 1082 889 1137 Dei
937 1081 997 1133 in
1052 1077 1202 1142 aceto,
1239 1073 1564 1148 spiritualis
1616 1071 2043 1145 repromittitur

388 1170 775 1230 conservatio.

467 1260 653 1333 (Vers.
684 1260 749 1315 31
786 1256 975 1329 seqq.)
1006 1277 1035 1306 «
1085 1259 1165 1309 De
1205 1252 1627 1308 resurrectione
1649 1254 1845 1307 autem
1878 1266 2041 1305 mor-

394 1355 630 1407 tuorum
648 1364 763 1405 non
786 1345 1011 1419 legistis
1034 1344 1189 1416 quod
1210 1343 1432 1398 dictum
1464 1345 1554 1397 est
1578 1359 1611 1394 a
1640 1341 1777 1409 Deo,
1811 1338 2039 1394 dicente

396 1439 557 1496 vobis
585 1458 601 1494 :
625 1438 742 1511 Ego
766 1452 897 1493 sum
929 1440 1081 1489 Deus
1128 1431 1446 1496 Abraham,
1500 1435 1555 1484 et
1584 1430 1736 1484 Deus
1770 1429 1952 1493 Isaac,
1984 1430 2041 1481 et

394 1528 550 1585 Deus
577 1526 755 1583 Jacob
781 1542 793 1579 :
817 1523 941 1579 Non
985 1526 1074 1578 est
1106 1523 1255 1576 Deus
1278 1524 1673 1587 mortuorum,
1709 1517 1809 1571 sed
1842 1516 2037 1571 viven-

392 1618 562 1674 tium.
597 1617 666 1672 Et
692 1614 994 1671 audientes
1042 1610 1224 1665 turba:
1274 1608 1640 1663 mirabantur
1675 1606 1747 1661 de
1776 1605 2042 1660 doctrina

391 1708 543 1778 ejus.
569 1728 597 1755 n
629 1705 715 1759 Ad
744 1700 1240 1774 comprobandam
1263 1696 1707 1753 resurrectionis
1737 1694 2037 1750 veritatem

394 1794 581 1852 multo
612 1792 744 1850 aliis
774 1788 1273 1846 manifestioribus
1306 1786 1451 1840 181
1472 1784 1771 1855 exemplis
1821 1783 1904 1837 uti
1923 1799 2037 1885 'po-
2068 1828 2115 1893 B

393 1885 508 1939 tuit
528 1885 569 1951 ³,
602 1900 633 1939 e
663 1881 876 1953 quibus
922 1884 1010 1934 est
1039 1877 1221 1931 illud:
1256 1875 1673 1930 Suscitabuntur
1720 1874 1953 1939 mortui,
1986 1880 2039 1926 et

390 1980 679 2043 resurgent
709 1972 805 2042 qui
834 1971 894 2023 in
920 1967 1188 2036 sepulcris
1229 1973 1355 2019 sunt
1391 1966 1514 2034 (lsa.
1546 1981 1699 2033 xxvi,
1736 1962 1844 2033 19).
1876 1963 1946 2017 Et
1976 1961 2034 2016 in

391 2064 505 2120 alio
537 2063 691 2119 loco:
724 2059 880 2115 Multi
907 2057 1302 2113 dormientium
1345 2054 1408 2108 de
1454 2056 1613 2107 terra:
1660 2054 1887 2123 pulvere
1916 2066 2038 2105 con-

390 2160 662 2227 surgent:
695 2150 798 2205 alii
826 2150 886 2203 in
916 2148 1105 2211 vitam,
1139 2152 1191 2199 et
1220 2140 1324 2198 alii
1355 2145 1413 2197 in
1452 2143 1805 2213 opprobrium
1834 2145 1883 2195 et
1914 2156 2037 2194 ron-

390 2242 665 2316 fusionem
693 2246 955 2294 aeternam
1000 2234 1158 2306 (Dan.
1209 2250 1315 2299 x11,
1362 2233 1441 2302 2).
1502 2229 1791 2293 Quaeritur
1818 2229 2034 2300 itaque,

395 2331 535 2404 quid
569 2328 680 2385 sibi
711 2323 958 2382 voluerit
985 2321 1270 2379 Dominus
1300 2321 1410 2376 hoc
1459 2319 1728 2391 praeferre
1774 2318 2035 2373 testimo-

394 2418 583 2489 nium,
615 2416 773 2489 quod
812 2414 1044 2470 videtur
1090 2410 1456 2481 ambiguum,
1488 2408 1575 2463 vel
1628 2424 1741 2462 non
1791 2406 1935 2462 satis
1966 2406 2037 2461 ad

394 2501 842 2563 resurrectionis
871 2499 1168 2572 pertinens
1216 2496 1555 2551 veritatem:
1604 2496 1714 2564 Ego
1752 2511 1871 2549 sum
1900 2494 2041 2549 Deus

398 2592 697 2659 Abraham,
730 2598 780 2645 et
820 2594 964 2657 Deus
1023 2587 1266 2652 Isaac,ct
1317 2585 1455 2638 Deus
1484 2584 1693 2643 Iacob;
1742 2587 1797 2637 et
1848 2583 2041 2654 quasi,

402 2686 510 2742 hoc
537 2680 786 2755 prolato,
819 2672 1150 2750 probaverit
1179 2674 1335 2741 quod
1372 2672 1621 2738 volebat,
1655 2672 1853 2726 statim
1888 2671 2043 2726 intu-

401 2772 571 2829 lerit:
627 2772 745 2826 Non
817 2770 895 2822 est
952 2765 1088 2820 Deus
1145 2764 1507 2827 mortuorum,
1568 2760 1661 2814 sed
1725 2762 2041 2816 viventium.

400 2862 580 2933 Cujus
610 2858 692 2915 rei
724 2856 903 2913 turbae
937 2867 1169 2926 quoque
1201 2851 1666 2918 circumstantes,
1699 2850 2043 2918 mysterium

399 2951 836 3024 cognoscentes,
860 2942 1159 3002 admirata:
1178 2945 1319 2996 sunt
1339 2941 1409 2995 de
1436 2939 1701 2994 doctrina
1720 2942 1777 2993 et
1805 2955 2042 3011 respon-

401 3042 486 3098 sis
513 3040 674 3096 illius
694 3039 735 3093 ³.
769 3038 960 3108 Supra
1007 3032 1263 3088 diximus
1318 3030 1691 3095 Sadduczeos,
1727 3045 1831 3085 nec
1861 3045 2045 3101 ange-

401 3130 549 3200 lum,
576 3142 682 3182 nec
739 3124 1035 3196 spiritum,
1060 3138 1164 3177 nec
1212 3119 1697 3176 resurrectionem
1731 3135 2041 3190 corporum

2153 542 2285 610 post
2318 543 2563 595 mortem
2596 539 2809 611 (neque
2855 538 3013 610 enim
3064 540 3286 608 poterat
3328 535 3474 603 ﬁeri,
3506 539 3573 592 ut
3588 551 3806 592 eorum

2149 632 2305 683 esset
2334 628 2509 696 Deus,
2543 628 2643 700 qui
2688 641 3063 699 nequaquam
3114 624 3549 697 subsisterent),
3601 639 3806 681 conse-

2153 720 2397 787 quenter
2425 716 2893 772 introduceretur
2950 720 3008 770 et
3066 730 3376 785 corporum
3434 713 3805 779 resurrectio,

2150 821 2278 877 quae
2308 822 2442 860 cum
2474 805 2786 861 animabus
2818 806 2971 860 bona
3001 804 3223 859 malave
3268 807 3599 875 gesserunt.
3633 807 3804 860 Hunc

2150 894 2344 950 locum
2378 895 2606 967 plenius
2626 895 2687 950 in
2719 900 2977 950 extrema
3008 897 3172 966 parte
3193 893 3396 966 primas
3431 892 3703 966 Epistolis
3726 893 3801 950 ad

2149 983 2480 1039 Corinthios
2513 983 2729 1039 Paulus
2759 981 3061 1056 apostolus
3104 981 3443 1054 exsequitur
3467 981 3516 1054 (1
3545 982 3668 1038 Cor.
3703 1000 3798 1053 xv,

2148 1072 2220 1125 35
2247 1076 2441 1143 seqq.).

2222 1162 2406 1232 (Vers.
2439 1163 2505 1223 34
2566 1161 2757 1233 seqq.)
2814 1161 2967 1217 182
3029 1183 3056 1211 «
3108 1159 3386 1216 Pharisaei
3442 1164 3639 1216 autem
3688 1177 3800 1216 au-

2151 1252 2375 1306 dientes
2423 1251 2578 1323 quod
2628 1249 2971 1306 silentium‘
3002 1249 3387 1323 imposuisset
3440 1248 3800 1320 Sadducmis,

2149 1344 2542 1395 convenerunt
2572 1338 2631 1393 in
2663 1355 2886 1394 unum:
2920 1344 2978 1394 et
3027 1337 3407 1411 interrogavit
3462 1354 3599 1393 eum
3643 1354 3803 1394 unus

2149 1445 2217 1483 ex
2245 1428 2329 1484 eis
2359 1427 2504 1501 legis
2544 1429 2762 1496 doctor,
2792 1430 3028 1484 tentans
3075 1443 3251 1483 eum:
3298 1426 3591 1499 Magister,
3642 1428 3805 1500 quod

2148 1523 2239 1573 est
2269 1518 2616 1572 mandatum
2649 1532 2930 1587 magnum
2962 1517 3021 1572 in
3054 1516 3227 1589 lege?
3256 1516 3350 1572 Ait
3379 1515 3464 1572 illi
3491 1514 3665 1572 Jesus
3690 1518 3806 1572 :Di-

2150 1606 2294 1679 liges
2325 1607 2639 1662 Dominum
2672 1610 2853 1662 Deum
2903 1611 3196 1674 tuum,'ex
3222 1611 3343 1662 toto
3392 1606 3563 1662 corde
3592 1609 3715 1673 tuo,
3747 1609 3807 1662 et

2148 1696 2209 1749 in
2240 1699 2362 1750 tota
2391 1694 2589 1750 anima
2618 1699 2741 1766 tua,
2775 1699 2833 1750 et
2860 1696 2920 1750 in
2965 1700 3084 1751 tota
3141 1699 3337 1751 mente
3383 1699 3486 1751 tua
3506 1694 3665 1750 :‘hoc
3710 1698 3803 1751 est

2149 1785 2471 1839 maximum
2503 1789 2559 1840 et
2609 1784 2866 1855 primum
2916 1786 3283 1841 mandatum.
3324 1784 3656 1840 Secundum
3688 1800 3801 1839 au—

2146 1876 2264 1927 tem
2290 1871 2483 1927 simile
2512 1876 2603 1928 est
2631 1871 2766 1926 huic
2791 1891 2803 1928 :
2827 1870 3045 1945 Diliges
3077 1871 3410 1945 proximum
3441 1875 3608 1927 tuum
3636 1872 3797 1927 sicut

2146 1961 2421 2033 teipsum.
2480 1963 2539 2016 In
2590 1961 2682 2017 his
2746 1961 2975 2017 duobus
3037 1961 3334 2017 mandatis
3384 1961 3658 2017 universa
3700 1959 3796 2016 lex

2147 2049 2361 2122 pendet
2390 2054 2448 2105 et
2495 2050 2808 2123 pr0pbetac.
2863 2073 2892 2101 »
2924 2050 3086 2116 Quod
3120 2050 3191 2106 de
3251 2050 3474 2105 Herode
3498 2054 3556 2105 et
3586 2048 3791 2104 Pontio

2146 2137 2328 2193 Pilato
2358 2137 2629 2209 legimus,
2660 2139 2717 2193 in
2749 2138 2981 2194 Domini
3011 2155 3150 2195 nece
3174 2155 3272 2194 eos
3313 2136 3518 2195 fecisse
3548 2154 3795 2195 concor-

2148 2226 2326 2298 diam,
2358 2227 2467 2283 hoc
2511 2227 2685 2282 etiam
2734 2244 2890 2283 nunc
2919 2228 2991 2281 de
3049 2227 3356 2284 Phariseis
3407 2228 3704 2283 cernimus
3737 2229 3797 2283 et

2147 2316 2501 2385 Sadducaais,
2533 2317 2633 2387 qui
2662 2317 2814 2372 inter
2843 2332 2905 2371 se
2930 2315 3206 2372 contrarii
3245 2320 3404 2388 sunt,
3438 2317 3539 2371 sed
3572 2317 3644 2371 ad
3664 2320 3795 2371 ten-

2149 2406 2396 2461 tandum
2424 2406 2626 2461 Jesum
2658 2406 2783 2477 pari
2832 2409 3025 2462 mente
3072 2406 3468 2462 consentiunt.
3502 2405 3609 2469 Qui
3658 2421 3795 2477 ergo

2144 2496 2269 2566 jam
2301 2511 2481 2566 supra
2510 2494 2569 2549 in
2600 2495 2931 2550 ostensione
2971 2495 3195 2550 denarii
3223 2494 3458 2551 fuerant
3489 2494 3795 2562 confutati,

2153 2589 2210 2638 et
2253 2584 2507 2638 adversae
2558 2583 2738 2655 partis
2783 2584 3094 2638 factionem
3143 2583 3409 2639 viderant
3464 2583 3799 2650 subrutam,

2153 2673 2476 2728 debuerant
2503 2671 2766 2744 exemplo
2808 2672 3032 2728 moneri
3054 2674 3093 2744 ⁸,
3128 2690 3199 2728 ne
3248 2672 3403 2728 ultra
3452 2672 3802 2729 molirentur

2153 2760 2434 2818 insidias:
2468 2762 2568 2816 sed
2628 2760 3033 2817 malevolentia
3080 2765 3139 2817 et
3180 2761 3327 2817 livor
3370 2762 3556 2818 nutrit
3600 2760 3796 2833 impu-

2153 2850 2431 2906 dentiam.
2466 2851 2791 2923 Interrogat
2820 2867 2973 2906 unus
3018 2867 3086 2907 ex
3113 2849 3260 2921 legis
3290 2851 3644 2919 doctoribus,
3679 2866 3799 2906 non

2154 2941 2301 2995 scire
2330 2939 2691 3009 desiderans,
2727 2940 2826 2995 sed
2859 2944 3111 3009 tentans,
3145 2957 3218 2995 an
3250 2940 3638 3014 interrogatus
3668 2954 3804 2996 nos-

2154 3032 2242 3085 set
2271 3028 2426 3101 quod
2474 3028 2961 3101 interrogabatur,
2996 3029 3146 3101 quod
3199 3028 3275 3086 sit
3305 3030 3497 3101 majus
3547 3029 3798 3084 manda-

2153 3122 2319 3173 tum:
2354 3134 2470 3173 non
2501 3117 2571 3173 de
2617 3118 2912 3173 mandatis
2960 3117 3351 3191 interrogans,
3383 3118 3484 3174 sed
3536 3118 3689 3190 quod
3722 3117 3803 3173 sit

406 3212 1115 3281 conﬁtentes,animarum
1147 3225 1377 3280 quoque
1405 3206 1705 3262 interitum
1740 3207 2044 3279 praedicas-
2077 3200 2119 3266 C
2156 3207 2414 3279 primum
2446 3223 2846 3280 magnumque
2894 3207 3279 3277 mandatum;
3313 3212 3378 3263 ut
3424 3223 3559 3262 cum
3600 3206 3802 3263 omnia

405 3294 487 3365 se;
519 3305 588 3362 Hi
619 3302 877 3377 quinque
909 3302 1139 3353 tantum
1167 3298 1349 3352 libros
1398 3296 1613 3368 Moysis
1666 3295 2043 3368 recipiebant,

403 3388 822 3471 prophetarum
843 3387 1113 3444 vaticinia
1129 3384 1752 3455 respuentes.Stultum
1777 3400 1912 3455 ergo
1925 3388 2048 3439 erat

403 3487 542 3542 inde
570 3482 827 3557 proferre
874 3475 1233 3540 testimonia,
1268 3474 1435 3543 cujus
1485 3472 1891 3527 auctoritatem
1931 3489 2046 3529 non

405 3572 823 3645 sequebantur.
844 3570 1019 3622 Porro
1051 3564 1121 3618 ad
1145 3562 1529 3619 mternitatem
1562 3561 1890 3615 animarum
1916 3578 2047 3632 pro-

405 3660 662 3720 bandam
694 3658 766 3713 de
792 3661 986 3726 Moyse
1015 3653 1181 3725 ponit
1208 3650 1538 3723 exemplum
1566 3666 1578 3705 :
1612 3651 1719 3720 Ego
1748 3666 1870 3704 sum
1908 3654 2050 3706 Deus

408 3751 707 3821 Abraham,
739 3754 789 3803 et
812 3747 952 3801 Deus
1008 3745 1174 3808 Isaac,
1208 3745 1258 3795 et
1304 3745 1455 3795 Deus
1507 3740 1678 3795 Jacob
1732 3739 1928 3810 (Emod.
1961 3756 2047 3803 III,

406 3842 484 3916 6).
518 3840 836 3910 statimque
864 3834 1077 3890 infert:
1112 3831 1232 3887 Non
1278 3835 1356 3886 est
1398 3837 1741 3884 mortuorum
1769 3830 1927 3897 Deus,
1959 3827 2052 3883 sed

481 4022 498 4055 ί
532 4019 671 4074 Tres
698 4012 945 4071 Palatini
977 4027 1145 4077 mss.,
1177 4024 1405 4080 corpora
1451 4008 1670 4077 quicum
1694 4010 1912 4079 possint
1940 4024 2049 4064 nu-

408 4093 746 4217 bezeiﬂgdtm
778 4154 1044 4228 Origenis
1067 4152 1282 4228 nedum
1306 4150 1628 4222 responsio,
1647 4150 1748 4228 sed
1773 4150 1891 4205 fere
1911 4156 2052 4228 sunt

406 4232 619 4289 verba:
650 4254 678 4281 ‹‹
708 4230 792 4284 Ad
824 4222 1109 4283 id'autem
1150 4224 1435 4287 dicemus,
1468 4238 1602 4276 cum
1634 4222 1993 4293 depromptis
2021 4240 2051 4277 e

408 4302 710 4376 prophetis
739 4298 1029 4376 sexcentis
1059 4295 1414 4376 testimoniis
1444 4294 1690 4365 probare
1712 4293 1899 4376 possit
1920 4294 2049 4375 Ser-

409 4365 596 4440 vator,
627 4373 885 4427 futuram
915 4369 1094 4440 vitam
1126 4367 1382 4440 hominis
1430 4380 1691 4440 manere,
1719 4365 1773 4418 id
1807 4365 2052 4440 minime

411 4436 618 4503 fecisse
646 4461 659 4498 :
685 4442 841 4514 quod
871 4438 1092 4514 scilicet
1117 4455 1295 4494 unam
1325 4437 1542 4514 Moysis
1573 4436 1931 4514 Scripturam
1955 4437 2053 4491 ad-

409 4508 720 4575 mitterent
735 4510 1056 4571 Sadducazi,
1090 4526 1123 4563 a
1151 4525 1267 4579 qua
1309 4510 1558 4563 deducta
1587 4508 2045 4579 ratiocinatione,

406 4565 762 4647 (ἶ)δῦἶῇξέξᾷ
778 4565 937 4655 ipsos
974 4565 1186 4655 voluit?
1214 4580 1330 4655 _sic_
1350 4584 1543 4634 autem
1591 4578 1695 4655 illa
1744 4596 1814 4655 se
1837 4565 2049 4655 habere
2079 4565 2127 4629 D

404 4662 637 4718 videtur
669 4676 681 4715 :
714 4650 853 4711 Deus
879 4654 1023 4709 dixit
1051 4652 1259 4722 Moysi:
1289 4651 1394 4719 Ego
1427 4666 1551 4704 sum
1583 4651 1721 4722 Deus
1750 4650 2047 4722 Abraham,

406 4737 460 4789 et
489 4735 628 4788 Deus
657 4729 829 4793 Isaac,
860 4732 913 4781 et
945 4726 1085 4779 Deus
1113 4719 1295 4790 Iacob,
1329 4738 1459 4775 cum
1509 4719 1809 4793 oraculum
1844 4721 1954 4791 ipsi
1988 4722 2047 4775 in

405 4805 553 4860 rubo
583 4798 871 4865 reddidit;
895 4801 997 4852 aut
1026 4795 1204 4867 igitur
1232 4793 1615 4862 Deus,eorum
1648 4792 1801 4846 Deus
1834 4794 2048 4864 est,qui

2155 3312 2283 3367 quas
2323 3301 2476 3351 Deus
2515 3296 2878 3351 mandaverit
2923 3311 3139 3367 magna
3168 3295 3323 3352 sint:
3382 3295 3671 3368 quidquid
3702 3294 3803 3351 ille

2157 3384 2538 3455 responderit,
2572 3385 2936 3440 occasionem
2968 3384 3180 3440 habeat
3209 3382 3801 3454 calumniandi,aliud

2156 3488 2424 3529 asserens
2480 3489 2763 3545 magnum
2811 3489 2939 3529 esse
2995 3474 3067 3529 de
3114 3472 3401 3545 pluribus.
3459 3473 3805 3544 Quicunque

2157 3562 2340 3633 igitur
2368 3561 2525 3617 novit
2553 3566 2608 3617 et
2665 3562 2985 3634 interrogat
3031 3580 3147 3618 non
3193 3567 3322 3618 voto
3372 3562 3656 3631 discendi,
3698 3562 3804 3617 sed

2158 3651 2351 3706 studio
2384 3651 2789 3722 cognoscendi,
2813 3668 2887 3707 an
2905 3651 3127 3707 noverit
3155 3650 3251 3707 ille
3281 3651 3382 3722 qui
3412 3666 3805 3725 responsurus

2159 3743 2265 3809 est,
2299 3739 2358 3794 in
2389 3738 2836 3795 similitudinem
2886 3739 3314 3796 Pharismorum
3364 3756 3477 3796 non
3510 3739 3682 3810 quasi
3711 3739 3806 3794 di-

2158 3826 2443 3900 scipulus,
2472 3828 2573 3884 sed
2605 3828 2775 3900 quasi
2803 3832 3057 3885 tentator
3085 3829 3325 3886 accedit.

2159 4011 2426 4079 sunt,aut
2454 4023 2657 4080 eorum
2687 4008 2788 4080 qui
2821 4025 2935 4063 non
2953 4012 3110 4078 sunt,
3127 4008 3448 4065 absurdum
3470 4011 3561 4064 est
3582 4012 3803 4077 autem,

2160 4077 2365 4153 Deum,
2398 4077 2499 4151 qui
2530 4080 2673 4135 dixit
2696 4077 2721 4135 ξ
2741 4081 2850 4150 Ego
2877 4097 3000 4135 sum
3044 4077 3141 4153 qui
3167 4097 3311 4149 sum,
3346 4082 3571 4153 idrmihi
3604 4097 3807 4136 nomen

2157 4155 2258 4218 est,
2291 4150 2517 4224 horum
2532 4166 2664 4224 esse
2675 4155 2872 4224 _Deum
2905 4150 3307 4224 pronuntiare,
3327 4152 3430 4224 qui
3460 4153 3806 4224 neutiquam

2160 4227 2333 4296 sum:
2368 4222 2523 4292 quod
2550 4223 2601 4296 si
2630 4221 2775 4277 illud
2807 4221 3132 4279 absurdum
3171 4228 3278 4291 est,
3310 4221 3513 4280 eorum
3546 4221 3808 4296 profecto

2158 4293 2313 4349 Deus
2343 4298 2450 4359 est,
2483 4294 2581 4365 qui
2614 4298 2773 4361 sunt,
2806 4300 2864 4350 et
2937 4296 2994 4349 ui
3022 4296 3241 4365 vivunt,
3276 4299 3332 4350 et

2160 4365 2379 4421 auiaue
2409 4364 2753 4420 beneficium
2803 4383 2837 4421 a
2893 4312 3010 4421 Deo
3064 4367 3123 4421 in
3182 4383 3244 4421 se
3300 4382 3330 4421 c

2945 4382 2975 4421 Θ

3402 4296 3456 4350 ui
3488 4296 3807 4363 exsistunt,

2160 4365 2379 4436 quique
2409 4364 2753 4420 beneficium
2803 4383 2837 4421 a

2510 4365 2753 4448 [stici-um
2803 4383 2837 4421 a
2891 4365 3010 4448 Deo
3064 4367 3142 4448 in_
3182 4383 3244 4448 se
3300 4365 3579 4448 collatum
3612 4381 3810 4448 “agno-

2160 4440 2421 4491 scunt....
2454 4436 2671 4491 Vivunt
2700 4452 2857 4510 ergo,
2890 4438 3097 4503 Deum,
3128 4437 3241 4510 ipsi
3273 4454 3459 4510 usque
3489 4436 3809 4493 benficium

2160 4512 2542 4579 agnoscentes
2570 4508 2885 4579 Abraham,
2918 4513 2976 4564 et
3007 4508 3184 4580 Isaac,
3219 4513 3274 4564 et
3300 4508 3503 4576 Ja’cob,
3538 4531 3568 4559 »
3597 4514 3707 4565 etc.

2226 4597 2248 4670 ξ
2282 4594 2521 4670 Palatin.
2555 4596 2819 4670 mss.,qde
2846 4597 3108 4670 doctrina,
3122 4599 3493 4670 responsionis
3523 4599 3699 4654 illius.

2227 4668 2248 4741 ἔ
2278 4668 2437 4741 idem
2473 4683 2641 4741 mss,
2672 4668 2969 4741 Pharisaei,
3002 4668 3186 4725 audito
3216 4668 3358 4741 quod
3379 4670 3805 4739 sitentium,etc.

2228 4740 2247 4772 ⁵
2279 4739 2342 4793 ln
2375 4755 2491 4794 uno
2522 4739 2912 4807 Cisterciensi,
2943 4742 3188 4813 exemplo
3217 4739 3447 4811 moveri,
3474 4757 3564 4811 ne,
3587 4745 3701 4799 etc.

402 4949 3812 4981 ω

1502 5092 1899 5180 LIBER
1992 5092 2715 5205 QUARTUS.

468 5393 652 5467 (Vers.
686 5394 749 5447 41
785 5391 979 5464 seqq.)
1006 5390 1160 5446 183
1193 5410 1221 5439 ‹‹
1262 5385 1637 5462 Congrcgatis
1668 5390 1862 5443 autem
1894 5384 2040 5442 Pha-

397 5482 604 5551 risaeis,
635 5481 1012 5553 interrogavit
1040 5496 1137 5535 eos
1184 5482 1376 5541 Jesus,
1429 5474 1664 5533 dicens:
1703 5475 1848 5539 Quid
1878 5476 2041 5530 vobis

395 5573 625 5630 videtur
652 5572 723 5628 de
780 5570 1054 5627 Christo?
1111 5568 1282 5638 cujus
1333 5566 1489 5622 ﬁlius
1546 5565 1679 5622 est?
1714 5565 1921 5619 Dicunt
1951 5564 2036 5620 ei:

400 5662 604 5724 David.
637 5661 734 5721 Ait
760 5659 913 5719 illis:
957 5657 1255 5729 Quomodo
1303 5672 1437 5729 ergo
1488 5655 1667 5713 David
1716 5655 1777 5711 in
1818 5653 2037 5727 Spiritu

2150 5389 2316 5442 vocat
2381 5402 2516 5442 eum
2578 5385 2917 5454 Dominum,
2971 5385 3229 5443 dicens:
3302 5385 3458 5443 Dixit
3524 5385 3821 5447 Dominus

2153 5475 2399 5531 Domino
2432 5492 2579 5542 meo,
2610 5474 2760 5530 Sede
2792 5492 2825 5529 a
2865 5474 3092 5531 dextris
3149 5475 3319 5547 meis,
3350 5476 3533 5532 donec
3592 5492 3811 5548 ponam

2150 5563 2420 5619 inimicos
2449 5567 2581 5618 tuos
2604 5561 2925 5617 scabellum
2966 5563 3181 5635 pedum
3205 5569 3444 5620 tuorum
3475 5565 3649 5638 (Psat.
3687 5582 3810 5635 cu,

2150 5652 2245 5727 1)?
2272 5652 2331 5710 Si
2362 5667 2498 5727 ergo
2527 5651 2706 5709 David
2754 5655 2921 5709 vocat
2948 5667 3083 5711 eum
3132 5652 3468 5724 Dominum,
3501 5655 3802 5728 quomodo
