4058 6190
232 361 349 420 173

710 359 1225 421 COMMENTAR.
1270 361 1351 422 IN
1396 361 1907 423 EVANGELIUM
1956 360 2329 421 ΜΑΤΊἮᾸΞΙ
2379 361 2522 420 LIB.
2576 361 2670 420 IV.
2715 361 2886 420 CAP.
2932 359 3144 422 XXIII.

3512 355 3630 423 174

230 492 387 548 ﬁlius
415 491 545 564 ejus
576 491 715 547 est?
744 513 774 541 »
807 490 913 555 Qui
943 493 1016 546 ad
1045 492 1391 548 tentandum
1412 492 1614 550 Jesum
1647 491 1877 547 fuerant
1905 497 1960 563 Α
1988 496 2164 546 cutus
2193 495 2283 547 est
2312 491 2382 546 ad
2414 492 2615 546 turbas
2646 496 2703 545 et
2730 491 2803 546 ad
2837 489 3156 563 discipulos
3186 509 3346 559 suos,
3379 494 3582 551 dicens
3614 513 3629 552 :

229 580 588 653 congregati,
644 583 705 635 et
761 578 1060 635 veritatem
1125 581 1499 637 fraudulenta
1553 580 1876 652 interroga-

228 670 389 727 tione
416 684 624 741 capere
652 668 993 725 nitebantur
1024 670 1062 736 ί,
1095 670 1458 726 occasionem
1505 669 1882 741 prazbuerunt

230 757 654 816 contutationis
704 774 844 812 suae.
882 759 1437 830 Inberroganturque
1485 760 1590 827 [Αι.
1638 761 1880 813 Interro-

229 848 425 921 gatur)
459 846 533 902 de
561 846 795 903 Christo
823 846 996 916 cujus
1026 845 1186 902 ﬁlius
1207 846 1302 902 sit.
1335 846 1711 919 Interrogatio
1739 846 1881 902 Jesu

235 937 407 993 nobis
457 935 688 1009 proﬁcit
735 951 924 1006 usque
953 934 1126 991 hodie
1171 940 1374 991 contra
1419 936 1674 991 Judzeos.
1706 936 1776 990 Et
1823 933 1883 989 hi

234 1025 399 1081 enim
457 1024 556 1097 qui
600 1024 956 1080 conﬁtentur
1005 1023 1301 1080 Christum
1360 1040 1491 1080 esse
1549 1030 1885 1091 venturum,

235 1113 541 1170 hominem
570 1111 901 1185 simplicem
932 1116 990 1168 et
1018 1117 1287 1169 sanctum
1309 1113 1497 1168 virum
1516 1116 1787 1169 asserunt
1816 1113 1889 1167 de

235 1218 456 1275 genere
500 1201 701 1258 David.
738 1202 1171 1274 Interrogemus
1219 1217 1357 1273 ergo
1389 1217 1490 1257 eos
1538 1201 1692 1258 docti
1722 1218 1755 1255 a
1789 1202 1892 1256 Do-

236 1291 403 1347 mino
437 1307 451 1346 :
483 1289 536 1345 si
573 1288 823 1361 simplex
866 1288 1041 1345 homo
1070 1293 1181 1357 est,
1213 1294 1272 1345 et
1320 1290 1475 1346 ﬁlius
1523 1294 1753 1346 tantum
1788 1290 1892 1346 Da-

231 1380 331 1435 vid
368 1397 383 1435 :
415 1379 711 1451 quomodo
744 1376 918 1434 David
949 1383 1113 1434 vocet
1140 1392 1277 1435 eum
1309 1378 1625 1435 Dominum
1658 1395 1832 1435 suum
1868 1396 1881 1434 :

234 1485 357 1525 non
405 1468 624 1524 erroris
668 1468 909 1538 incerto,
940 1483 1046 1522 nec
1093 1468 1327 1540 propria
1372 1468 1672 1524 voluntate
1723 1484 1736 1523 :
1787 1467 1889 1523 sed

233 1558 294 1613 in
328 1558 434 1627 [ΑΙ.
469 1561 611 1612 tacet
658 1556 741 1625 in]
773 1555 995 1628 Spiritu
1050 1562 1276 1611 sancto.
1309 1556 1736 1612 Testimonium
1789 1574 1894 1612 au-

234 1653 357 1704 tem
389 1646 546 1718 quod
580 1645 799 1718 posuit,
832 1646 904 1701 de
936 1647 1259 1702 centesimo
1286 1662 1440 1702 nono
1471 1645 1701 1719 psalmo
1731 1662 1893 1702 sum-

237 1742 409 1809 ptum
441 1739 550 1791 est.
584 1734 870 1791 Dominus
916 1734 1097 1806 igitur
1134 1734 1316 1790 David
1367 1739 1626 1803 vocatur,
1661 1752 1775 1791 non
1810 1751 1894 1791 se.

1988 580 2175 651 Super
2204 580 2540 636 cathedram
2573 580 2755 652 Moysi
2785 580 3062 635 sederunt
3109 581 3319 637 Scriba:
3350 588 3408 638 et
3436 584 3637 640 Phari-

1990 669 2085 723 sani
2120 686 2132 723 :
2168 670 2366 724 omnia
2417 686 2555 741 ergo
2603 684 2967 741 quaecunque
3010 669 3261 724 dixerint
3299 672 3480 739 vobis,
3514 690 3635 729 ser-

1989 761 2115 814 vate
2141 762 2198 813 et
2229 758 2399 814 facite
2430 776 2445 815 :
2480 759 2807 813 secundum
2852 774 3026 829 opera
3054 774 3192 814 vero
3225 775 3424 815 eorum
3458 761 3637 819 nolite

1992 846 2198 902 facere.
2232 846 2443 901 Dicunt
2486 846 2666 914 enim,
2699 851 2755 902 et
2784 863 2899 902 non
2956 846 3197 902 faciunt.
3229 870 3257 897 »
3289 848 3437 912 Quid
3470 865 3638 906 man-

1992 935 2241 1006 suetius,
2291 935 2431 1006 quid
2498 935 2812 1006 benignius
2862 936 3111 991 Domino
3141 938 3163 970 ³
3200 936 3228 991 ?
3275 937 3562 1013 Tentatur
3607 955 3642 995 a

1994 1023 2322 1091 Pharismis,
2354 1024 2804 1097 confringantur
2836 1025 3060 1080 insidias
3112 1041 3314 1081 eorum
3346 1030 3404 1082 et
3432 1043 3642 1083 secun-

1996 1113 2139 1168 dum
2189 1112 2557 1169 Psalmistam
2591 1132 2604 1168 :
2640 1114 2869 1183 Sagitta:
2911 1115 3271 1185 parvulorum
3316 1118 3481 1184 [actae
3516 1119 3645 1173 sunt

1996 1203 2177 1274 plagae
2220 1218 2407 1258 eorum
2455 1203 2626 1273 (Psal.
2680 1220 2836 1271 LXIII,
2868 1205 2946 1269 8),
2975 1208 3034 1260 et
3075 1203 3462 1261 nihilominus
3515 1222 3644 1278 pro-

2000 1296 2127 1364 pter
2182 1291 2491 1347 sacerdotii
2540 1296 2595 1347 et
2644 1292 2903 1348 nominis
2951 1292 3318 1365 dignitatem,
3379 1294 3649 1351 hortatur

2001 1380 2247 1453 populos
2278 1385 2342 1435 ut
2368 1380 2760 1451 subjiciantur
2788 1381 2894 1450 eis,
2930 1398 3042 1437 non
3079 1398 3274 1454 opera,
3308 1383 3410 1439 sed
3433 1383 3646 1439 doctri-

2000 1484 2135 1523 nam
2183 1467 2643 1523 considerantes.
2677 1469 2838 1533 Quod
2871 1474 3068 1525 autem
3113 1470 3196 1525 ait
3227 1487 3240 1525 :
3272 1471 3446 1543 Super
3468 1473 3651 1529 cathe-

2000 1557 2161 1612 dram
2209 1557 2379 1629 Moysi
2419 1559 2673 1613 sederunt
2716 1560 2931 1615 Scriba:
2972 1563 3023 1613 et
3069 1559 3395 1615 Pharisaei:
3427 1576 3529 1632 per
3562 1577 3654 1616 ca-

2004 1646 2271 1701 thedram
2325 1647 2648 1702 doctrinam
2696 1646 2845 1719 legis
2894 1648 3169 1703 ostendit.
3222 1652 3369 1721 Ergo
3421 1655 3477 1705 et
3504 1646 3652 1704 illud

2005 1736 2158 1807 quod
2208 1736 2425 1791 dicitur
2462 1736 2520 1790 in
2554 1735 2785 1792 Psalmo
2840 1754 2852 1792 :
2913 1738 2973 1791 In
3020 1737 3285 1793 cathedra
3329 1739 3656 1810 pestilentiae

236 1823 503 1879 cundum
535 1823 592 1877 id
644 1823 801 1894 quod
849 1822 920 1879 de
966 1838 1034 1877 eo
1083 1828 1257 1878 natus
1307 1829 1417 1888 est,
1473 1823 1575 1879 sed
1619 1824 1790 1894 juxta
1836 1823 1893 1878 id
1927 1875 1974 1895 ἢ
2002 1839 2112 1879 non
2136 1823 2271 1879 sedit
2305 1823 2483 1895 (Psal.
2518 1841 2557 1889 ι,
2591 1825 2664 1892 1).
2698 1825 2765 1878 Et
2800 1840 2813 1878 :
2849 1824 3151 1881 Cathedras
3195 1826 3546 1883 vendentium
3575 1842 3657 1883 co-

236 1875 635 1984 saerata.
654 1875 799 1966 1.;
822 1875 1022 1967 pits
1055 1875 1288 1983 sese.
1314 1875 1899 1984 ’ἰᾶίιξᾞιιέεἶιὲὲιέρέιέ
1927 1875 1975 1940 Β
2005 1875 2482 1968 ὶὶλὴὶιᾶἆεὸὲιῐέὲῖ
2507 1875 3654 1987 ita;'...j'1é;"sig.;..:1:153:30};

240 2004 443 2074 ipsum
473 2001 667 2056 carnis
722 2017 840 2056 sua:
889 2004 1135 2072 patrem.
1166 2000 1351 2056 Judaei
1385 2002 1453 2057 ad
1506 2001 1897 2058 deludendam

240 2090 724 2162 interrogationis
753 2089 1057 2145 veritatem
1105 2089 1307 2145 frivola
1338 2091 1525 2145 multa
1575 2091 1896 2163 conﬁgunt,

239 2179 629 2237 vernaculum
662 2178 905 2234 Abrahze
951 2182 1302 2246 asserentes,
1335 2180 1508 2251 cujus
1539 2179 1715 2237 fuerit
1744 2179 1899 2235 ﬁlius

240 2270 573 2325 Damascus
619 2267 838 2325 Eliezer
883 2266 1036 2338 (Gen.
1076 2284 1168 2338 xv,
1200 2269 1252 2338 2)
1286 2285 1299 2323 :
1332 2272 1390 2324 et
1440 2284 1508 2324 ex
1556 2268 1745 2341 ipsius
1777 2285 1901 2341 per-

239 2375 400 2415 sona
430 2357 712 2429 scriptum
758 2356 1077 2428 psalmum,
1111 2354 1266 2429 quod
1302 2362 1435 2428 post
1482 2358 1699 2413 caedem
1731 2356 1901 2428 quin-

240 2463 370 2520 que
401 2461 601 2517 regum
629 2446 782 2515 (Gen.
832 2462 947 2512 XIV,
984 2446 1090 2513 15),
1125 2445 1414 2502 Dominus
1462 2446 1618 2502 Deus
1649 2445 1900 2502 Domino

239 2551 361 2592 suo
392 2533 600 2589 dixerit
639 2533 881 2589 Abrahae
914 2550 927 2589 :
962 2533 1094 2589 Sede
1121 2534 1192 2589 ad
1238 2534 1523 2591 dexteram
1573 2550 1773 2601 meam,
1802 2536 1900 2591 do-

242 2640 347 2680 nec
366 2639 574 2695 ponam
610 2623 864 2679 inimicos
908 2629 1035 2679 tuos
1064 2622 1373 2680 scabellum
1416 2624 1623 2696 pedum
1652 2630 1897 2680 tuorum.

241 2715 406 2780 Quos
437 2712 897 2784 interrogemus:
931 2713 1231 2777 Quomodo
1253 2712 1406 2770 Deus
1426 2713 1637 2769 dixerit
1656 2713 1902 2769 Abrahe

244 2818 321 2857 ea
348 2817 477 2872 quin
504 2804 837 2873 sequuntur
869 2817 882 2854 :
918 2800 1108 2855 Tecum
1132 2801 1471 2872 principium
1516 2803 1579 2856 in
1603 2801 1693 2857 die
1722 2803 1901 2857 virtu-

242 2893 323 2946 tis
339 2895 447 2946 tuae
468 2892 531 2945 in
549 2889 937 2962 splendoribus
956 2892 1289 2957 sanctorum,
1313 2906 1384 2946 ea:
1410 2894 1564 2947 utero
1588 2895 1721 2946 ante
1744 2890 1904 2946 Luci-

244 2982 434 3051 ferum
452 2980 621 3049 genui
639 2981 724 3040 te;
745 2983 804 3034 et
827 2995 841 3033 :
871 2980 1090 3035 Iuravit
1108 2980 1392 3046 Dominus,
1412 2984 1464 3034 et
1488 2996 1596 3035 non
1622 2981 1904 3050 paenitebit

248 3085 380 3125 eum
399 3085 422 3131 ;
452 3072 512 3123 tu
556 3084 610 3123 es
656 3068 910 3124 sacerdos
957 3067 1018 3123 in
1065 3071 1354 3134 aeternum,
1408 3068 1561 3124 184
1608 3067 1905 3124 secundum

249 3159 508 3216 ordinem
538 3156 915 3214 Melchisedech
968 3156 1153 3231 (Psal.
1198 3173 1310 3223 cxx,
1341 3158 1395 3227 3,
1429 3156 1530 3227 4)?
1570 3157 1641 3212 Et
1670 3171 1906 3227 respon-

2008 2002 2223 2057 trinam
2255 2002 2537 2057 debemus
2568 2001 2849 2073 accipere.

2080 2093 2264 2161 (Vers.
2299 2090 2375 2159 4.)
2410 2112 2432 2137 ι
2469 2089 2724 2161 Alligant
2769 2094 2964 2146 autem
2995 2107 3173 2147 onera
3201 2092 3402 2164 gravia
3449 2097 3508 2150 et
3537 2093 3648 2148 im-

2008 2178 2336 2252 portabilia,
2370 2183 2427 2234 et
2456 2179 2770 2251 imponunt
2800 2180 2857 2234 in
2889 2180 3167 2236 humeros
3196 2180 3504 2237 hominum
3530 2201 3543 2249 ;
3577 2183 3660 2239 di-

2008 2269 2127 2340 gito
2157 2271 2352 2323 autem
2400 2284 2509 2323 suo
2560 2268 2768 2323 nolunt
2796 2284 2864 2324 ea
2893 2285 3144 2325 movere.
3182 2292 3210 2318 »
3260 2270 3378 2327 Hoc
3416 2286 3659 2344 genera-

2008 2356 2141 2413 liter
2171 2358 2452 2413 adversus
2480 2373 2685 2413 omnes
2731 2359 3067 2431 magistros,
3100 2360 3200 2431 qui
3227 2360 3426 2432 gravia
3447 2360 3662 2433 jubent

2008 2449 2049 2511 ‘,
2081 2451 2135 2502 et
2165 2447 2394 2502 minora
2440 2462 2555 2501 non
2606 2445 2848 2501 faciunt.
2884 2446 3226 2503 Notandum
3258 2453 3454 2504 autem
3497 2449 3648 2507 185

2011 2535 2162 2607 quod
2214 2539 2274 2590 et
2318 2534 2569 2602 humeri,
2603 2540 2661 2590 et
2703 2534 2943 2607 digitus,
2977 2540 3034 2591 et
3082 2553 3281 2608 onera,
3316 2542 3374 2594 et
3401 2537 3657 2605 vincula,

2012 2624 2229 2696 quibus
2271 2623 2592 2696 alligantur
2633 2641 2831 2695 onera,
2866 2624 3250 2697 spiritualiter
3280 2627 3660 2700 intelligenda

2012 2716 2173 2768 sunt.
2376 2766 2379 2767 ν

2084 2802 2266 2873 (Vers.
2295 2801 2375 2873 5.)
2402 2825 2430 2852 ‹‹
2463 2802 2673 2857 Omnia
2700 2818 2876 2874 opera
2901 2819 3009 2858 sua
3042 2802 3284 2873 faciunt,
3330 2807 3394 2858 ut
3423 2804 3657 2860 videan-

2013 2891 2208 2947 turab
2262 2890 2623 2947 hominibus.
2676 2913 2704 2940 »
2760 2891 3103 2962 Quicunque
3156 2891 3337 2963 igitur
3383 2893 3464 2947 ita
3521 2893 3660 2948 facit

2013 2979 2334 3051 quodlibet,
2391 2984 2455 3033 ut
2502 2979 2766 3035 videatur
2818 2980 2889 3035 ab
2946 2978 3305 3046 hominibus,
3356 2979 3559 3036 Scriba
3603 2985 3661 3035 et

2015 3068 2345 3123 Pharisazus
2374 3075 2483 3123 est.
3732 3136 3737 3140 '

2085 3156 2269 3228 (Vers.
2300 3156 2377 3226 6.)
2413 3154 2668 3212 Dilatant
2696 3155 2853 3211 enim
2892 3155 3253 3229 phylacteria
3284 3174 3411 3225 sua,
3444 3162 3657 3215 etma-

246 3249 386 3305 dere
418 3262 721 3319 cogamus,
752 3247 1045 3318 quomodo
1075 3244 1372 3301 Abraham
1404 3250 1540 3301 ante
1571 3244 1901 3300 Luciferum
1932 3243 1974 3309 (Σ
2012 3245 2293 3318 gniﬁcant
2340 3244 2623 3300 ﬁmbrias.
2656 3245 2869 3300 Amant
2916 3251 3111 3301 autem
3159 3245 3381 3318 primos
3430 3247 3659 3303 recubi-

245 3337 489 3408 genitus
521 3335 639 3401 sit;
668 3339 726 3389 et
754 3334 1028 3390 sacerdos
1059 3334 1234 3389 fuerit
1278 3334 1603 3390 secundum
1635 3332 1898 3388 ordinem

244 3422 672 3479 Melchisedech
727 3440 740 3477 :
793 3438 896 3494 pro
944 3438 1060 3493 quo
1108 3421 1530 3478 Melchisedech
1562 3422 1583 3455 ²
1626 3420 1902 3476 obtulerit

241 3528 462 3584 panem
492 3515 550 3567 et
578 3510 804 3577 vinum,
837 3516 895 3567 et
921 3527 957 3566 a
984 3526 1100 3583 quo
1131 3510 1392 3566 decimas
1433 3510 1638 3582 praedae
1665 3524 1901 3581 accepe-

244 3602 321 3658 rit
352 3600 509 3672 (Gen.
541 3617 660 3666 x1v,
695 3600 779 3666 18,
812 3600 928 3670 20).

313 3690 508 3763 (Vers.
540 3690 657 3757 36.)
689 3712 717 3739 α
750 3690 819 3744 Et
849 3703 1021 3744 nemo
1051 3691 1280 3760 poterat
1308 3688 1358 3743 ei
1388 3689 1741 3761 respondere
1769 3703 1902 3743 ver-

240 3780 389 3836 bum
427 3796 441 3834 :
474 3794 665 3849 neque
696 3794 879 3834 ausus
909 3777 1019 3833 fuit
1048 3777 1366 3849 quisquam
1397 3794 1467 3833 ex
1513 3776 1615 3832 illa
1643 3776 1737 3832 die
1765 3792 1901 3832 eum

240 3867 509 3941 amplius
535 3867 916 3939 interrogare.
956 3887 976 3915 ι
1012 3864 1285 3921 Pharisaei
1316 3869 1373 3920 et
1402 3865 1707 3921 Sadducaai
1741 3881 1905 3936 quie-

243 3960 452 4012 rentes
497 3955 861 4012 occasionem
908 3953 1236 4023 calumniae,
1270 3958 1327 4010 et
1371 3954 1611 4010 verbum
1665 3953 1903 4025 aliquod

243 4044 537 4110 invenire,
567 4044 718 4116 quod
753 4046 977 4117 pateret
999 4042 1251 4109 insidiis,
1275 4043 1416 4114 quia
1444 4042 1504 4097 in
1533 4042 1905 4098 sermonibus

246 4132 536 4190 confutati
566 4140 722 4199 sunt,
756 4131 914 4188 ultra
943 4148 1060 4188 non
1091 4131 1477 4204 interrogant,
1511 4131 1614 4187 sed
1665 4130 1906 4202 apertis-

247 4225 400 4281 sime
448 4221 963 4295 comprehensum,
996 4220 1271 4276 Romana
1320 4220 1565 4275 tradunt
1610 4219 1904 4293 potestati.

247 4314 331 4369 Ex
361 4327 483 4383 quo
515 4309 907 4382 intelligimus
936 4326 1160 4365 venena
1188 4309 1417 4364 invidia:
1465 4324 1637 4381 posse
1666 4308 1904 4380 quidem

252 4399 544 4473 superari,
577 4399 680 4455 sed
712 4397 951 4454 difﬁcile
980 4396 1415 4470 conquiescere.

323 4488 493 4561 (Cap.
522 4487 717 4544 XXIII.
749 4518 819 4528 —-
847 4486 1010 4543 Vers.
1046 4489 1071 4541 1
1124 4487 1318 4558 seqq.)
1352 4507 1380 4536 κ
1410 4485 1576 4542 Tunc
1622 4485 1794 4540 Jesus
1826 4484 1908 4541 lo-

324 4619 343 4652 ¹
379 4614 567 4669 Penes
595 4611 939 4682 Victoriam,
969 4626 1195 4683 carpere
1223 4611 1572 4676 nitebantur,
1606 4615 1714 4666 etc.

323 4688 347 4722 ²
378 4685 550 4748 Rab.,
584 4687 680 4756 qui
704 4683 1125 4756 Melchisedech.

327 4760 351 4793 ³
385 4752 633 4812 Variant
675 4771 877 4811 secum
923 4754 1173 4810 invicem
1225 4754 1408 4810 nostri
1460 4770 1602 4809 mss.
1648 4754 1707 4807 In
1759 4752 1910 4823 aliis,

262 4829 395 4901 quid
428 4829 765 4901 benignius?
792 4827 1030 4882 Domino
1078 4830 1286 4881 tentato
1334 4843 1368 4881 (ι
1415 4825 1743 4890 Phariswis,
1777 4830 1912 4895 etc.,

264 4899 323 4955 in
351 4901 507 4965 aliis,
539 4899 802 4953 Dominus
825 4901 1087 4962 tentatur,
1121 4902 1232 4953 etc.

332 4974 354 5005 ‘
385 4971 656 5026 Fortasse
684 4968 879 5024 verius
911 4968 1096 5023 nostri
1128 4984 1297 5033 mss.,
1320 4968 1417 5038 qui
1444 4966 1679 5037 grandia
1700 4966 1916 5037 jubent.

2010 3339 2108 3390 tus
2140 3334 2196 3388 in
2230 3333 2432 3401 omnis,
2465 3338 2522 3388 et
2552 3333 2795 3405 primas,
2818 3334 3127 3389 cathedras
3155 3334 3214 3388 in
3248 3334 3579 3408 synagogis,
3603 3339 3661 3391 et

2012 3422 2395 3478 salutationes
2427 3421 2485 3477 in
2538 3422 2681 3489 foro,
2711 3426 2767 3477 et
2795 3423 2988 3477 vocari
3024 3424 3095 3477 ab
3135 3423 3474 3478 hominibus
3506 3423 3657 3479 Rab-

2012 3511 2090 3567 bi.
2118 3532 2145 3561 »
2180 3511 2271 3566 Va)
2301 3511 2470 3566 nobis
2508 3510 2757 3582 miseris,
2781 3511 2853 3567 ad
2886 3519 3032 3582 Quos
3062 3511 3486 3569 Pharisaeorum
3518 3513 3660 3569 vitia

2009 3601 2391 3657 transierunt.
2425 3601 2708 3655 Dominus
2737 3616 2870 3655 cum
2893 3600 3154 3656 dedisset
3180 3601 3459 3657 mandata
3488 3600 3659 3675 Legis

2012 3705 2115 3762 per
2164 3690 2418 3761 Moysen,
2450 3690 2521 3744 ad
2577 3693 2901 3744 extremum
2952 3688 3150 3744 intulit
3181 3706 3194 3745 :
3231 3691 3456 3763 cigabis
3492 3708 3558 3746 ea
3597 3693 3659 3746 in

2010 3794 2183 3833 manu
2209 3782 2326 3844 tua,
2359 3781 2410 3832 et
2438 3787 2601 3833 erunt
2630 3780 2862 3834 immota
2893 3779 2914 3813 δ
2945 3782 3079 3835 ante
3123 3780 3304 3835 oculos
3335 3789 3453 3836 tuos
3481 3780 3658 3850 (Deut.

2010 3884 2086 3936 v1,
2119 3868 2195 3937 8).
2228 3866 2298 3921 Et
2324 3871 2413 3922 est
2442 3883 2651 3921 sensus
2686 3883 2699 3922 :
2734 3871 3025 3938 Praacepta
3083 3884 3214 3923 mea
3244 3869 3363 3923 sint
3392 3870 3449 3923 in
3483 3886 3663 3924 manu

2013 3961 2136 4021 tua,
2168 3959 2233 4009 ut
2262 3971 2434 4026 opere
2475 3954 2882 4026 compleantur
2912 3973 2926 4011 :
2960 3955 3082 4011 sint
3114 3960 3247 4011 ante
3277 3955 3477 4012 oculos
3507 3961 3665 4026 tuos,

2014 4050 2080 4099 ut
2123 4044 2218 4099 die
2274 4059 2341 4098 ac
2389 4047 2556 4098 nocte
2603 4043 2904 4099 mediteris
2952 4044 3011 4098 in
3069 4044 3171 4100 eis.
3220 4044 3337 4099 Hoc
3398 4040 3687 4099 Pharisaei

2015 4131 2169 4187 male
2212 4131 2681 4202 interpretantes,
2716 4130 3053 4186 scribebant
3101 4130 3159 4184 in
3192 4130 3619 4186 membranulis
3648 4131 3670 4166 ⁵

2016 4219 2369 4291 Decalogum
2400 4219 2605 4291 Moysi,
2638 4220 2696 4274 id
2728 4224 2818 4274 est
2868 4219 3068 4274 decem
3099 4218 3280 4274 verba
3310 4218 3479 4291 legis,
3510 4235 3669 4275 com-

2017 4308 2300 4381 plicantes
2329 4323 2417 4377 ea,
2446 4312 2504 4361 et
2550 4305 2800 4377 ligentes
2848 4306 2907 4360 in
2940 4307 3150 4377 fronte,
3194 4312 3251 4363 et
3304 4308 3475 4380 quasi
3508 4324 3673 4365 coro-

2018 4413 2155 4453 nam
2187 4396 2395 4467 capitis
2436 4395 2730 4461 facientes,
2778 4399 2844 4451 ut
2873 4411 3107 4468 semper
3153 4401 3288 4453 ante
3317 4397 3519 4453 oculos
3551 4414 3676 4453 Πιο-

2018 4489 2293 4542 verentur
2343 4500 2355 4537 :
2407 4483 2564 4555 quod
2619 4499 2807 4555 usque
2860 4483 3034 4540 hodie
3084 4485 3234 4552 Indi,
3287 4485 3472 4543 Perses
3521 4488 3567 4553 ⁷,
3618 4489 3677 4540 et

1942 4612 1987 4677 D
2021 4627 2147 4682 quas
2181 4607 2357 4682 habet
2388 4608 2444 4662 S.
2475 4610 2643 4662 Pater
2668 4608 2739 4682 ad
2763 4607 3101 4682 Ezechielis,
3134 4626 3264 4678 cap.
3296 4626 3431 4664 xxxv
3464 4625 3477 4663 :
3510 4609 3681 4663 Aiun-

2022 4679 2240 4737 liebrwi
2285 4679 2559 4750 hucusque
2606 4680 2943 4751 Babylonios
2991 4683 3285 4749 magistros
3340 4682 3496 4748 Legis
3539 4686 3686 4750 praet

2022 4757 2177 4823 cepta
2206 4759 2506 4823 servantes.
2550 4751 2871 4821 Decalogum
2917 4754 3180 4823 scriptum
3230 4752 3289 4805 in
3328 4751 3683 4823 membranu-

2027 4822 2118 4889 lis,
2150 4822 2496 4879 circumdare
2534 4823 2709 4891 capiti
2738 4828 2917 4891 suo,et
2950 4822 3067 4878 haec
3104 4838 3234 4886 esse,
3268 4837 3394 4891 quae
3415 4822 3686 4893 jubentur

2027 4904 2152 4951 ante
2181 4894 2381 4964 oculos,
2416 4897 2465 4948 et
2494 4894 2552 4947 in
2599 4894 2785 4963 fronte
2825 4894 3083 4964 pendere,
3116 4902 3176 4947 ut
3221 4909 3435 4964 semper
3462 4893 3684 4950 videant

2029 4980 2155 5037 qua?
2180 4969 2457 5037 praecepta
2499 4967 2644 5018 sunt.
2693 4965 2931 5037 Verum,
2967 4969 3030 5037 ut
3061 4964 3130 5018 ad
3165 4981 3302 5018 eum
3331 4964 3544 5037 locum
3582 4966 3685 5020 ob-

333 5044 356 5077 ⁸
388 5042 666 5097 Hebraeus
716 5039 893 5095 habet
931 5052 1146 5105 nsum,
1194 5034 1486 5110 frontalia,
1538 5034 1923 5110 Septuaginta
2033 5034 2373 5110 servamus,
2400 5035 2494 5089 hic
2524 5051 2756 5106 quoque
2805 5034 3103 5110 fatendum
3153 5040 3263 5103 est,
3296 5034 3344 5090 si
3379 5052 3497 5110 qua
3529 5037 3685 5110 Rabj

268 5129 421 5183 vero,
453 5114 528 5168 ad
556 5127 808 5183 quorum
837 5110 930 5166 hic
953 5128 1015 5166 se
1046 5111 1105 5166 S.
1128 5110 1293 5166 Pater
1314 5110 1597 5183 rationem
1618 5110 1921 5183 etI‘ormat,

269 5181 748 5255 imitantia—quod
779 5187 887 5255 est,
924 5184 1158 5238 immota
1201 5200 1217 5255 ς
1261 5186 1473 5255 contra
1505 5181 1712 5255 Latina
1743 5181 1923 5235 inter-

270 5256 541 5327 pretatio,
572 5252 628 5309 ei
652 5253 1035 5327 movebantur,
1068 5253 1222 5325 quod
1258 5252 1506 5327 ipsemet
1534 5252 1923 5327 Hieron._ver-

268 5322 404 5382 terit
430 5343 503 5382 ex
524 5322 799 5381 'Hebraici
829 5324 992 5381 verbi
1020 5322 1156 5411 1151:
1188 5322 1564 5396 proprietate,
1584 5339 1714 5411 qua
1743 5322 1926 5394 signi-

244 5417 497 5497 ‘ﬁcatin
535 5414 859 5469 incedendo
890 5410 1123 5485 corpus,
1157 5418 1258 5496 aut
1288 5411 1512 5497 aliquid
1544 5410 1703 5465 aliud
1738 5411 1929 5497 agita-

2034 5108 2190 5163 hinis
2224 5124 2317 5163 res
2378 5123 2519 5161 suas
2570 5106 2947 5160 narrantibus
2996 5106 3142 5160 ﬁdes
3195 5110 3303 5179 est,
3335 5106 3411 5163 eti
3440 5108 3489 5163 si
3539 5106 3690 5179 quid

2035 5179 2319 5235 hodierna
2349 5193 2579 5250 quoque
2601 5178 2753 5250 apud
2789 5193 2887 5250 eos
2901 5178 3282 5250 consuetudo
3312 5179 3537 5250 probat,
3560 5178 3691 5250 non

2041 5247 2391 5320 Decalogum
2439 5247 2639 5319 Moysi,
2689 5248 2844 5318 quod
2899 5247 3539 5320 Hieronymus—tradit,
3590 5249 3694 5305 sed

2040 5323 2325 5413 quosdam
2358 5321 2644 5413 duntassat
2690 5320 3003 5413 Scriptura?
3035 5324 3258 5413 textusﬁ
3286 5321 3436 5376 duos
3461 5336 3695 5413 ‘nempe

2040 5390 2238 5461 Exodi,
2268 5391 2532 5461 duosque
2567 5391 2999 5445 Deuteronomii
3031 5391 3364 5447 describere
3393 5391 3597 5448 solitos
3628 5390 3694 5446 in

273 5504 357 5555 re,
389 5492 448 5544 et
478 5501 710 5543 movere
748 5502 761 5539 :
797 5501 912 5556 quo
939 5462 1137 5556 stansu
1170 5485 1229 5556 in
1279 5462 1544 5556 subjncxa
1571 5462 1895 5556 exposition

2042 5462 2928 5556 membranulis,quas‘fronti,
2980 5462 3139 5517 vittis
3195 5463 3536 5536 utriumque
3585 5462 3696 5518 dif-

274 5553 707 5615 Pharisazorum
740 5553 1016 5611 frontalia
1043 5555 1347 5611 describit.
1381 5555 1588 5609 Confer
1617 5554 1759 5609 adeo
1790 5553 1932 5609 sub-

278 5633 629 5704 sequentem
661 5627 1121 5704 adnotationem.

350 5695 381 5745 ί
401 5706 595 5761 Antea
621 5703 770 5773 erat,
802 5699 1155 5761 membranis.
1180 5697 1282 5755 His
1312 5713 1482 5773 porro
1505 5695 1744 5773 gemina
1774 5700 1934 5771 sunt,

2046 5535 2386 5601 fluentibus,
2417 5532 2743 5604 alligarent.

2114 5609 2132 5647 τ
2164 5606 2388 5663 Nomen
2420 5610 2608 5663 Persae
2636 5604 2817 5662 nostri
2850 5621 2992 5662 mss.
3024 5605 3315 5679 ignorant.
3349 5606 3443 5663 Sic
3478 5605 3621 5662 Rab.
