4058 6190
420 364 532 425 175

1664 364 1728 423 S.
1776 361 2086 423 EUSEBII
2130 362 2579 423 HlERONYMI

3710 363 3825 424 176

416 492 714 567 Babylonii
745 492 970 549 faciunt
1001 511 1013 549 :
1046 497 1105 548 et
1133 494 1233 565 qui
1260 493 1369 549 hoc
1400 493 1689 562 habuerit,
1723 494 1892 566 quasi
1923 493 2063 549 reli-
2091 506 2145 570 Α
2176 510 2280 565 per
2320 494 2815 569 dispensationem
2864 493 3058 549 carnis
3104 493 3251 564 ejus,
3285 491 3436 551 185
3496 509 3702 549 omnes
3732 511 3823 551 re-

414 585 615 656 giosus
638 581 699 637 in
730 581 961 654 populis
985 582 1306 652 judicatur.
1340 587 1607 639 Jusserat
1637 600 1868 656 quoque
1899 582 2058 639 aliud

414 674 641 745 Moyses
688 672 880 742 (Nam.
922 688 1015 737 xv,
1050 673 1140 740 38,
1174 673 1262 738 40)
1313 676 1379 727 ut
1420 673 1478 726 in
1531 677 1782 743 quatuor
1828 671 2060 744 angulis

314 786 323 789 -
415 761 729 834 palliorum
754 760 1165 832 hyacinthinas
1189 761 1453 816 ﬁmbrias
1476 762 1749 829 facerent,
1782 762 1855 817 ad
1878 762 2060 816 Israe-

413 849 488 904 lis
518 848 802 921 populum
833 848 1318 921 dignoscendum,
1345 854 1411 905 ut
1442 850 1735 921 quomodo
1767 850 1825 903 in
1858 865 2060 920 corpo-

414 938 580 993 ribus
609 936 975 992 circumcisio
1008 954 1244 1009 SIgnum
1263 937 1521 992 Judaiczn
1550 938 1741 1010 gentis
1774 938 1957 1004 daret,
1980 936 2062 992 ita

414 1030 472 1082 ct
504 1026 682 1082 vestis
730 1026 972 1081 haberet
1018 1026 1274 1097 aliquam
1324 1027 1732 1082 differentiam.
1766 1026 2059 1099 Supersti-

412 1114 547 1171 tiosi
591 1114 857 1187 magistri
889 1120 1188 1186 captantes
1233 1132 1441 1171 auram
1487 1115 1851 1188 popularem,
1886 1119 2060 1187 atque

412 1221 482 1260 ex
523 1203 886 1260 mulierculis
934 1208 1222 1260 sectantes
1251 1205 1436 1271 lucra,
1470 1205 1760 1261 faciebant
1807 1206 2059 1277 grandes

413 1293 707 1360 ﬁmbrias,
737 1297 793 1348 et
824 1293 1196 1349 acutissimas
1242 1294 1301 1349 in
1335 1295 1418 1349 eis
1449 1295 1651 1365 spinas
1681 1293 1962 1365 ligabant,
1995 1298 2060 1348 ut

411 1381 680 1438 videlicet
708 1382 1078 1438 ambulantes
1110 1388 1165 1438 et
1195 1384 1463 1439 sedentes
1506 1383 1803 1439 interdum
1837 1397 2059 1454 punge-

412 1474 634 1539 rentur,
668 1475 726 1526 et
748 1472 915 1542 quasi
945 1472 1053 1527 hac
1086 1472 1483 1528 admonitione
1514 1472 1951 1527 retraherentur
1984 1471 2056 1526 ad

413 1559 605 1615 ofﬁcia
642 1560 895 1623 Domini,
929 1564 985 1615 et
1029 1561 1357 1616 ministeria
1388 1561 1684 1616 servitutis
1733 1561 1881 1630 ejus.
1916 1559 2063 1625 Quia

411 1665 547 1721 ergo
581 1649 805 1704 dixerat
852 1649 1138 1704 Dominus
1172 1668 1184 1703 :
1221 1650 1418 1705 Omnia
1476 1666 1640 1721 opera
1686 1667 1787 1705 sua
1817 1651 2058 1718 faciant,

411 1741 471 1792 ut
514 1737 776 1791 vidantur
822 1737 977 1791 186
1026 1738 1093 1793 ab
1142 1740 1479 1809 hominibus,
1514 1740 1668 1810 quod
1716 1737 2062 1811 generaliter

412 1830 737 1891 accusarat,
770 1842 927 1880 nunc
959 1842 1062 1897 per
1091 1831 1283 1897 partes
1315 1827 1541 1882 dividit.
1575 1825 1877 1882 Pictatiola
1911 1830 1925 1862 ¹
1959 1825 2060 1881 illa

412 1913 703 1986 Decalogi,
760 1912 1115 1985 phylacteria
1163 1917 1448 1970 vocabant
1480 1933 1492 1971 :
1524 1917 1678 1987 quod
1724 1915 2060 1987 quicunque

412 2001 717 2059 habuisset
739 2019 825 2068 ea,
859 2002 1025 2072 quasi
1059 2003 1131 2057 ob
1163 2004 1485 2059 custodiam
1517 2008 1575 2059 et
1604 2008 2057 2060 monumentum

412 2090 506 2147 sui
539 2090 780 2145 haberet
814 2107 826 2144 :
862 2106 976 2144 non
1031 2089 1494 2164 intelligentibus
1540 2092 1869 2161 Pharisreis,
1903 2093 2056 2163 quod

416 2178 539 2233 haac
570 2179 629 2233 in
660 2180 831 2233 corde
862 2179 1149 2250 portanda
1180 2180 1317 2245 sint,
1350 2198 1463 2236 non
1497 2181 1554 2235 in
1586 2198 1826 2254 corpore
1858 2200 1871 2237 :
1907 2180 2056 2236 alio-

416 2267 560 2339 quin
590 2272 646 2322 et
676 2268 948 2338 armaria,
972 2272 1029 2322 et
1059 2284 1204 2322 arcae
1231 2268 1449 2323 habent
1470 2269 1672 2335 libros,
1700 2275 1756 2324 et
1786 2269 2053 2325 notitiam

407 2355 501 2410 Dei
535 2371 651 2410 non
681 2355 915 2410 habent.
950 2356 1067 2410 Hoc
1113 2358 1268 2428 apud
1301 2373 1406 2412 nos
1454 2357 1872 2429 superstitiosa
1923 2375 2052 2413 mu-

406 2443 681 2511 lierculae,
712 2444 772 2498 in
812 2444 1066 2515 parvulis
1109 2445 1437 2517 Evangeliis
1467 2447 1507 2516 9,
1541 2451 1599 2501 et
1629 2447 1687 2501 in
1720 2448 1910 2519 crucjs
1940 2446 2053 2518 lig-

404 2549 539 2606 gno,
573 2538 630 2589 et
675 2532 1009 2589 istiusmodi
1055 2535 1231 2588 rebus
1261 2537 1409 2605 (quae
1438 2534 1659 2591 habent
1700 2536 1936 2607 quidem
1966 2553 2053 2591 ze-

402 2621 526 2677 lum
559 2621 682 2687 Dei,
728 2622 829 2676 sed
873 2638 989 2677 non
1012 2622 1186 2691 juxta
1231 2623 1534 2678 scientiam
1587 2624 1756 2695 (Rom.
1792 2643 1845 2691 x,
1872 2626 1927 2695 2)
1960 2641 2053 2680 us-

406 2726 519 2782 que
567 2709 736 2765 hodie
785 2710 1071 2779 factitant,
1117 2710 1362 2766 culicem
1406 2711 1719 2783 liquantes,
1754 2718 1808 2767 et
1858 2731 2050 2769 came-

405 2797 531 2854 lum
562 2797 876 2872 glutientes
904 2800 1101 2869 (Infra,
1128 2801 1355 2872 eodem).
1401 2801 1735 2857 Istiusmodi
1766 2806 1888 2857 erat
1920 2803 2049 2857 ﬁm-

406 2887 536 2943 bria
563 2904 740 2960 parva
788 2892 846 2941 et
889 2888 1081 2943 brevis
1131 2905 1197 2943 ex
1227 2888 1351 2961 lege
1400 2895 1683 2961 praecepta
1711 2892 1751 2958 ³,
1787 2907 1964 2963 quam
1996 2896 2053 2947 et

407 2975 623 3033 mulier
650 2976 750 3031 illa
789 2993 916 3049 quae
964 2978 1250 3049 sanguine
1284 2979 1518 3047 ﬂuebat,
1553 2979 1741 3052 tetigit
1785 2981 1843 3035 in
1874 2980 2049 3053 pallio

408 3065 639 3121 Domini
690 3066 900 3137 (Matth.
953 3084 1029 3130 rx,
1081 3068 1189 3135 ‘20;
1241 3070 1369 3123 Luc.
1400 3085 1523 3139 vm,
1573 3070 1663 3140 44)
1711 3087 1723 3125 :
1775 3070 1877 3126 sed
1934 3087 2048 3126 non

408 3158 499 3210 est
555 3159 903 3225 compuncta
966 3156 1388 3225 superstitiosis
1454 3159 1717 3214 sentibus
1774 3162 1796 3193 ⁴
1851 3160 2048 3215 Phari-

2090 1870 2137 1935 B

2171 582 2464 639 conciliati
2494 600 2701 639 sumus
2754 583 2870 639 Deo
2901 582 3075 653 (Rom.
3106 600 3161 650 v,
3192 583 3272 654 8).
3306 582 3597 648 Quaeritur
3641 599 3825 655 quare

2169 673 2477 728 adversum
2512 673 2623 727 hoc
2651 675 3023 744 praeceptum,
3057 672 3352 727 doctorem
3389 671 3655 744 gentium
3675 674 3825 745 Apo-

2172 761 2365 817 stulus
2395 777 2456 817 se
2485 777 2616 816 esse
2665 760 2876 816 dixerit
2906 762 2954 832 (I
2986 761 3120 815 Tim.
3157 777 3217 827 ιι,
3256 761 3312 831 7)
3343 778 3356 827 ;
3398 764 3501 815 aut
3530 762 3827 831 quomodo

2170 848 2401 921 vulgato
2450 864 2740 915 sermone,
2771 847 3025 903 maxime
3057 847 3116 902 in
3169 846 3481 902 Palazstina
3508 852 3565 903 et
3593 848 3825 921 Egypti

2171 937 2542 993 monasteriis
2593 953 2655 992 se
2704 937 2953 992 invicem
3003 938 3202 992 Patres
3249 937 3504 992 vocent?
3547 938 3707 1003 Quod
3741 937 3828 993 sic

2170 1026 2442 1081 solvitur:
2465 1026 2635 1081 Aliud
2667 1043 2794 1081 esse
2824 1030 3033 1081 natura
3051 1030 3274 1098 patrem
3324 1024 3409 1081 vel
3444 1027 3820 1098 magistrum,

2170 1114 2326 1169 aliud
2359 1113 2745 1186 indulgentia.
2778 1115 2895 1170 Nos
2926 1114 2974 1169 si
3009 1113 3309 1169 hominem
3337 1117 3562 1186 patrem
3591 1114 3829 1172 invoca-

2172 1220 2327 1267 mus,
2360 1203 2639 1259 honorem
2672 1203 2826 1258 zetati
2860 1203 3198 1268 deferimus,
3225 1218 3338 1258 non
3363 1207 3661 1259 auctorem
3696 1220 3829 1260 nos-

2170 1296 2270 1346 trae
2301 1292 2670 1347 ostendimus
2715 1291 2865 1346 vita).
2900 1291 3175 1362 Magister
3223 1306 3457 1363 quoque
3500 1292 3722 1347 dicitur
3751 1308 3823 1347 ex

2171 1380 2462 1436 consortio
2508 1381 2623 1435 veri
2675 1379 2961 1453 magistri.
2998 1381 3068 1435 Et
3115 1397 3187 1435 ne
3235 1380 3466 1436 infinita
3518 1381 3821 1453 replieem,

2171 1469 2462 1541 quomodo
2493 1486 2649 1524 unus
2678 1485 2781 1541 per
2827 1474 3102 1525 naturam
3134 1469 3287 1525 Deus
3332 1473 3391 1525 et
3418 1486 3574 1525 unus
3613 1469 3820 1541 Filius,

2173 1574 2286 1612 non
2319 1557 2660 1628 przejudicat
2693 1556 2915 1612 caeteris
2946 1573 3017 1612 ne
3048 1572 3152 1629 per
3180 1557 3551 1629 adoptionem
3592 1558 3671 1613 dii
3707 1559 3822 1627 [Αι.

2170 1646 2283 1715 dei]
2314 1651 2612 1712 vocentur,
2643 1650 2699 1701 et
2727 1646 2829 1701 filii
2864 1665 2877 1702 :
2912 1646 2996 1702 ita
3024 1652 3083 1702 et
3125 1663 3280 1701 unus
3309 1651 3367 1701 et
3410 1652 3575 1720 pater
3603 1651 3661 1703 et
3692 1663 3825 1702 ma-

2170 1735 2371 1806 gister,
2406 1752 2519 1790 non
2570 1736 2913 1806 praejudicat
2940 1735 3099 1803 aliis,
3129 1740 3193 1789 ut
3237 1735 3482 1806 abusive
3522 1734 3826 1807 appellen-

2172 1827 2270 1878 tur
2299 1828 2494 1895 patres
2526 1828 2582 1878 et
2612 1824 2900 1896 magistri.

2243 1913 2427 1983 (Vers.
2483 1914 2569 1981 13,
2631 1914 2741 1984 14.)
2790 1935 2819 1963 ‹‹
2860 1914 2953 1967 Vze
3003 1917 3197 1969 autem
3250 1914 3438 1985 vobis,
3488 1912 3702 1969 Scribae
3759 1917 3826 1969 et

2168 2001 2441 2057 Pharisaei
2491 2001 2821 2074 hypocritze,
2853 2003 2994 2074 quia
3041 2001 3316 2058 clauditis
3348 2018 3594 2074 regnum
3635 2001 3823 2057 ccelo-

2167 2106 2298 2144 rum
2325 2094 2458 2145 ante
2511 2090 2799 2146 homines.
2838 2090 2948 2146 Vos
2981 2091 3085 2159 [Αἱ.
3115 2090 3250 2161 ipsi]
3299 2091 3457 2146 enim
3489 2107 3604 2146 non
3637 2091 3822 2146 intra-

2164 2179 2261 2247 tis,
2295 2195 2400 2234 nec
2429 2179 2790 2235 introeuntes
2820 2179 3013 2235 sinitis
3039 2180 3279 2235 intrare.
3306 2180 3399 2234 Vae
3429 2180 3616 2250 vobis,
3643 2179 3814 2236 Scri-

2166 2267 2250 2321 bae
2280 2272 2338 2322 et
2379 2267 2653 2323 Pharisaei
2704 2267 3042 2340 bypocritae,
3074 2269 3214 2340 quia
3261 2268 3569 2324 comeditis
3597 2270 3818 2325 domus

2160 2356 2492 2426 viduarum,
2534 2356 2827 2412 orationes
2877 2356 3081 2430 longas
3124 2362 3377 2426 orantes,
3411 2358 3647 2429 propter
3703 2358 3818 2413 hoc

2162 2443 2418 2516 amplius
2448 2444 2744 2516 accipietis
2777 2445 3093 2515 judicium.
3130 2468 3156 2495 »
3189 2445 3479 2502 Habentes
3508 2445 3721 2501 Scribze
3752 2449 3819 2502 et

2162 2533 2434 2588 Pharisaei
2484 2533 2630 2605 legis
2682 2533 3219 2606 prophetarumque
3271 2534 3564 2600 notitiam,
3613 2535 3819 2590 sciunt

2161 2621 2455 2677 Christum
2506 2638 2636 2678 esse
2685 2622 2892 2677 Filium
2931 2624 3025 2679 Dei
3062 2640 3074 2680 :
3109 2640 3223 2679 non
3275 2624 3550 2697 ignorant
3597 2628 3816 2679 natum

2160 2727 2287 2767 esse
2317 2712 2388 2766 de
2404 2711 2643 2784 Virgine
2670 2729 2683 2779 ;
2719 2711 2820 2767 sed
2851 2712 2993 2767 dum
3020 2715 3275 2785 praedam
3297 2712 3369 2767 de
3398 2712 3665 2783 subjecta
3691 2712 3816 2768 sibi

2159 2798 2326 2871 plebe
2355 2804 2656 2872 appetunt,
2692 2816 2798 2855 nec
2825 2800 2938 2872 ipsi
2970 2801 3269 2857 introeunt
3297 2816 3477 2872 regna
3496 2799 3809 2865 cceiorurn,

2159 2904 2265 2943 nec
2293 2905 2392 2944 eos
2423 2890 2523 2960 qui
2571 2893 2857 2961 poterant,
2890 2889 3107 2945 intrare
3151 2890 3519 2962 permittunt.
3550 2888 3666 2945 Hoc
3715 2894 3819 2945 est

2159 2978 2314 3048 quod
2345 2978 2405 3032 in
2448 2978 2593 3033 Osee
2641 2978 2924 3051 propheta
2970 2979 3164 3051 arguit
3214 2996 3226 3034 :
3279 2979 3691 3035 Abscondsrunt
3718 2995 3818 3034 sa-

2156 3066 2389 3123 cerdotes
2416 3069 2584 3136 viam,
2617 3069 3016 3139 interfecerunt
3048 3068 3310 3124 Sicimam
3340 3068 3493 3140 (Osee
3519 3084 3598 3135 v1,
3627 3067 3705 3138 9).
3735 3067 3818 3122 Et

2159 3172 2396 3213 rursum
2430 3175 2443 3212 :
2476 3157 2785 3213 Sacerdotes
2831 3173 2938 3213 non
2970 3156 3252 3224 dixerunt,
3286 3158 3382 3213 ubi
3430 3163 3509 3213 est
3537 3157 3817 3211 Dominus

388 3250 657 3298 ’szsorum
683 3258 695 3309 ;
730 3241 1034 3313 magisque
1080 3249 1287 3298 sanata
1334 3246 1406 3299 ad
1438 3250 1658 3301 tactum
1689 3248 1836 3317 ejus.
1869 3250 2048 3304 Cum-
2081 3237 2123 3304 C
2161 3253 2311 3325 (Osee
2337 3271 2413 3325 ιν,
2448 3255 2500 3326 4)
2522 3254 2549 3310 ?
2579 3253 2681 3309 Vel
2710 3259 2864 3311 certe
2894 3255 3089 3311 omnis
3118 3255 3398 3327 magister
3427 3254 3525 3327 qui
3557 3253 3815 3311 scanda-

406 3346 519 3404 que
548 3334 840 3402 superﬂue
890 3328 1138 3385 dilatant
1172 3330 1551 3401 phylacteria,
1586 3338 1640 3389 et
1684 3352 1929 3408 magnas
1959 3338 2042 3392 ta-

405 3419 562 3475 ciant
602 3418 888 3488 ﬁmbrias,
922 3416 1165 3489 gloriam
1217 3423 1519 3489 captantes
1568 3421 1640 3475 ab
1684 3421 2046 3492 hominibus,

404 3512 739 3580 arguuntur
767 3507 824 3560 in
881 3506 1143 3577 reliquis,
1177 3523 1281 3561 cur
1310 3512 1574 3578 quaerant
1625 3509 1846 3581 primos
1877 3528 2046 3568 accu-

405 3597 564 3651 bitus
595 3595 654 3650 in
686 3596 886 3664 omnis,
918 3600 975 3650 et
1008 3596 1228 3667 primas
1272 3597 1576 3654 cathedras
1608 3599 1667 3654 in
1700 3602 2044 3673 synagogis;

405 3691 464 3741 et
493 3685 553 3739 in
582 3683 814 3756 publico
842 3683 1040 3756 gulam
1088 3690 1383 3741 sectentur
1412 3691 1467 3742 et
1512 3687 1755 3759 gloriam
1794 3706 1806 3743 :
1841 3701 1896 3745 et
1948 3708 2045 3747 vo-

405 3778 613 3829 centur
638 3774 709 3829 ab
756 3774 1097 3830 hominibus
1126 3774 1314 3842 Itabbi,
1348 3777 1502 3847 quod
1545 3778 1747 3834 Latino
1778 3796 2046 3837 sermone

402 3864 671 3934 magister
698 3861 929 3918 dicitur.
962 3862 1223 3934 Denique
1253 3865 1521 3935 sequitur
1554 3884 1566 3922 :

475 3951 663 4024 (Vers.
696 3952 730 4005 8
761 3956 909 4024 seq.)
944 3974 971 4001 ‹‹
1004 3952 1118 4008 Vos
1148 3957 1343 4017 autem
1378 3954 1556 4010 nolite
1584 3958 1774 4012 vocari
1807 3959 1992 4015 Rabbi
2026 3978 2040 4016 :

403 4041 565 4098 Unus
594 4044 683 4097 est
711 4040 867 4097 enim
899 4042 1179 4113 magister
1221 4046 1410 4097 vester
1436 4060 1449 4097 :
1484 4060 1688 4101 omnes
1719 4052 1912 4103 autem
1943 4066 2045 4105 vos

400 4130 771 4207 fratres‘estis
795 4132 835 4185 ⁵.
868 4131 939 4186 Et
968 4136 1192 4203 patrem
1216 4131 1416 4202 nolite,
1439 4149 1642 4189 vocare
1670 4135 1837 4190 vobis
1867 4154 2042 4210 super

396 4225 617 4275 terram
652 4238 665 4276 :
700 4219 863 4276 Unus
892 4226 981 4276 est
1016 4221 1174 4276 enim
1207 4225 1379 4276 Pater
1420 4227 1627 4292 vester,
1660 4223 1759 4295 qui
1790 4224 1849 4279 in
1881 4227 2039 4282 cmlis

397 4311 504 4363 est.
534 4308 649 4362 Nec
692 4309 976 4363 vocemini
1010 4310 1274 4381 magistri
1311 4327 1323 4366 :
1358 4311 1497 4382 quia
1546 4312 1823 4384 magister
1852 4320 2043 4371 vester

397 4412 552 4451 unus
603 4384 719 4464 est,
761 4396 1051 4452 Christus.
1086 4400 1191 4461 Qui
1245 4400 1433 4470 major
1480 4405 1570 4455 est
1617 4407 1893 4474 vestrum,
1927 4405 2040 4460 erit

394 4484 665 4540 minister
693 4488 899 4538 vester.
935 4484 1044 4549 Qui
1086 4490 1281 4540 autem
1335 4504 1396 4543 se
1449 4487 1805 4557 exaltaverit,
1840 4491 2036 4547 humi-

2159 3340 2296 3396 lizat
2326 3341 2497 3397 malis
2536 3342 2810 3414 operibus
2852 3343 3173 3416 discipulos
3204 3360 3365 3415 suos,
3397 3342 3618 3399 claudit
3668 3346 3814 3398 ante

2158 3446 2257 3485 eos
2290 3446 2533 3503 regnum
2566 3418 2865 3490 caelorum.

2229 3518 2415 3589 (Vers.
2451 3520 2561 3591 15.)
2607 3543 2628 3570 α
2662 3520 2757 3575 Vae
2800 3520 2985 3589 vobis,
3018 3522 3233 3578 Scriba:
3278 3527 3335 3577 et
3384 3520 3658 3578 Pharisaei
3698 3522 3813 3595 hy-

2158 3608 2411 3678 pocritaa,
2446 3608 2585 3680 quia
2612 3609 2871 3665 circuitis
2903 3627 3063 3667 mare
3092 3615 3149 3667 et
3199 3611 3450 3678 aridam,
3481 3616 3545 3667 ut
3575 3611 3811 3669 faciatis

2160 3712 2334 3751 usum
2366 3696 2723 3769 proselytum
2750 3703 2841 3754 :et
2869 3716 3003 3755 cum
3037 3700 3209 3755 fuerit
3229 3700 3643 3769 factus,facitis
3664 3717 3809 3756 eum

2158 3784 2343 3840 {ilium
2376 3787 2651 3858 gehennae
2681 3788 2860 3859 duplo
2891 3803 3070 3859 quam
3109 3806 3231 3845 vos.
3262 3811 3291 3840 »
3327 3790 3449 3845 Non
3503 3804 3570 3844 eo
3601 3791 3809 3846 studio

2155 3889 2458 3931 servamus
2478 3876 2742 3947 quaesita,
2771 3893 2886 3949 quo
2912 3879 3249 3949 quaerimus.
3281 3877 3491 3934 Scribis
3514 3882 3573 3933 et
3602 3877 3811 3935 Phari-

2155 3965 2254 4018 saai
2285 3967 2471 4020 totum
2495 3964 2813 4022 lustrantes
2844 3967 3067 4038 orbem,
3091 3973 3330 4041 propter
3350 3966 3805 4041 negotiationes,

2153 4051 2242 4107 vel
2274 4053 2497 4110 diversa
2529 4054 2690 4111 lucra
2721 4060 2841 4110 tam
2875 4072 2906 4111 a
2933 4055 3241 4129 discipulis
3271 4057 3583 4129 captanda,
3616 4072 3803 4127 quam

2154 4158 2256 4213 per
2302 4143 2617 4215 imaginem
2668 4145 2998 4202 sanctitatis
3039 4147 3082 4214 ⁸,
3132 4146 3397 4202 studium
3454 4146 3558 4213 [Αι.
3594 4146 3805 4218 studii]

2152 4230 2446 4288 habebant
2493 4234 2564 4289 de
2611 4233 2886 4305 gentibus
2930 4235 3118 4291 facere
3167 4234 3548 4308 proselytum,
3580 4234 3640 4290 id
3686 4240 3799 4302 est,

2152 4320 2456 4387 advenam,
2507 4327 2564 4378 et
2622 4322 3037 4379 incircucisum
3096 4324 3341 4380 miscere
3398 4322 3615 4395 populo
3674 4323 3798 4379 Dei.

2149 4409 2257 4463 Sed
2292 4409 2389 4479 qui
2433 4413 2587 4478 ante,
2621 4411 2763 4466 dum
2794 4417 2947 4468 esset
2994 4412 3287 4481 ethnicus,
3323 4411 3673 4484 simpliciter
3700 4428 3802 4467 er-

2149 4498 2333 4563 rabat,
2367 4503 2422 4553 et
2450 4504 2573 4555 erat
2623 4500 2803 4556 semel
2849 4501 3007 4558 filius
3053 4501 3351 4575 gehennae,
3383 4501 3589 4558 videns
3640 4501 3798 4557 180

392 4573 651 4671 liabitur,
686 4576 741 4627 et
771 4571 866 4643 qui
905 4588 967 4671 se
998 4571 1413 4671 humiliaverit,
1454 4577 1897 4671 exaltabitur._a
1921 4581 2038 4639 Nec
2068 4606 2114 4671 D
2149 4586 2565 4657 magistrorum
2613 4589 2774 4659 vitia,
2827 4595 2884 4646 et
2939 4571 3279 4663 intelligens
3336 4592 3640 4647 destruere
3695 4606 3800 4647 eos

392 4664 689 4736 magister,
719 4677 823 4717 nec
856 4666 1021 4732 pater
1065 4663 1359 4718 vocandus
1399 4670 1487 4721 cst
1534 4667 1704 4734 alius,
1740 4668 1851 4723 nisi
1883 4670 2038 4726 Deus
2068 4663 2108 4671 ”
2147 4691 2338 4747 opere,
2371 4677 2524 4747 quod
2556 4678 2748 4734 verbis
2800 4678 3106 4746 docebant,
3140 4679 3447 4736 revertitur
3492 4680 3565 4735 ad
3615 4678 3799 4734 vomi-

390 4757 561 4809 Pater
609 4757 667 4807 et
714 4750 996 4835 Dominus
1047 4755 1244 4806 noster
1286 4756 1459 4808 Jesus
1510 4752 1794 4811 Christus.
1846 4757 2033 4829 Pater,

391 4842 528 4912 quia
555 4858 624 4896 ex
663 4840 791 4911 ipso
840 4844 979 4895 sunt
1023 4840 1221 4895 omnia
1250 4842 1297 4911 il
1326 4841 1443 4896 Cor.
1478 4861 1600 4914 vm,
1631 4846 1707 4915 6).
1740 4846 2031 4919 Magister,

389 4929 529 5000 quia
559 4945 661 5001 per
690 4928 884 5001 ipsum
918 4928 1116 4983 omnia
1147 4929 1375 5001 (Coloss.
1412 4947 1451 4995 1,
1478 4932 1603 4999 tu):
1636 4931 1724 4987 vel
1756 4934 2034 5004 quoniam

462 5038 477 5071 ί
514 5037 571 5090 Id
603 5038 710 5097 est,
740 5051 941 5104 parvas
970 5036 1277 5104 schedulas,
1307 5038 1461 5107 quod
1495 5042 1553 5093 et
1582 5038 1833 5095 Victoria
1864 5046 2030 5098 nota-

384 5111 545 5180 tum,
579 5124 613 5161 a
639 5107 854 5180 Δ(ᾆιεῖιξαο
885 5108 1197 5180 remanet),
1248 5109 1403 5179 quod
1452 5114 1541 5165 est
1584 5111 1824 5180 )ibellus,
1858 5129 2030 5180 parva

383 5176 604 5254 tabella,
638 5176 849 5254 hisque
891 5177 1127 5254 similia.
1161 5176 1341 5254 Paulo
1369 5186 1522 5254 post
1553 5176 1655 5254 pro
1685 5176 1822 5239 voce
1849 5176 2029 5242 inani-

382 5253 649 5323 mentum,
685 5251 900 5304 rectius
932 5250 1174 5323 fortasse
1204 5250 1413 5323 legeris
1442 5250 1865 5311 muaimentum.

338 5324 343 5331 “
455 5322 468 5356 ¹
501 5321 669 5386 Rab.,
702 5322 762 5375 in
788 5322 1069 5390 parabolis
1100 5321 1405 5390 Evangiclii.

378 5391 625 5521 R3bDuo
681 5408 711 5447 c
772 5392 987 5447 nostris
1036 5407 1202 5461 mss.,
1253 5410 1323 5448 cro
1378 5396 1531 5465 chis
1586 5408 1879 5468 praecepto.
1932 5400 2028 5456 Sic

432 5482 464 5520 a
512 5506 525 5518 .

432 5469 525 5520 ab.

447 5534 719 5613 ‘Vitiose
771 5532 989 5604 legerat
1050 5534 1437 5613 Martianmus,
1488 5540 1751 5596 sensibus.
1821 5542 2029 5613 Liquet

2146 4768 2271 4819 tum
2304 4781 2479 4820 suum
2516 4782 2530 4821 :
2563 4769 2621 4821 et
2647 4766 2883 4838 gentilis
2912 4767 3122 4833 factus,
3154 4767 3322 4839 quasi
3367 4768 3794 4839 prevaricator,

2144 4869 2316 4925 poena
2367 4855 2569 4926 majori
2617 4855 2831 4927 dignus
2889 4858 3018 4912 erit.
3061 4856 3246 4912 Filius
3304 4861 3497 4912 autem
3556 4860 3798 4913 vocatur

2143 4940 2442 5012 gehennae,
2472 4943 2761 5013 quomodo
2792 4942 2949 5000 ﬁlius
2976 4942 3339 5015 perditionis,
3361 4948 3418 4999 et
3433 4942 3593 4999 filius
3613 4941 3795 5015 hujus

2143 5047 2326 5101 fuisse
2354 5048 2535 5102 tradit
2565 5049 2622 5103 S.
2658 5053 2845 5105 Pater.
3680 5096 3691 5105 .

2212 5117 2453 5193 ⁵ΛΝρεῐιιί
2512 5135 2671 5193 [ηδε.
2713 5122 2908 5193 verba,
2967 5138 3155 5178 omnes
3203 5125 3387 5178 autem
3446 5137 3536 5178 vos
3590 5126 3795 5193 fratres

2140 5191 2293 5266 estis,
2328 5190 2619 5266 ignorant.
2655 5191 2717 5247 In
2766 5192 2961 5266 Graeco
3008 5210 3241 5266 quoque
3293 5195 3422 5266 ipso
3464 5190 3699 5266 desunt,
3731 5194 3790 5249 in

2140 5263 2311 5332 cujus
2362 5279 2478 5336 uno
2532 5262 2782 5319 alterove
2829 5262 3070 5336 antiquo
3116 5262 3436 5336 ekemplari
3484 5266 3555 5322 ad
3607 5265 3788 5321 ﬁnem

2138 5332 2439 5459 fsquentis
2468 5350 2672 5391 versus
2703 5340 2835 5408 post
2860 5332 3052 5405 verba,
3086 5338 3146 5391 in
3185 5332 3336 5392 caelis
3365 5345 3460 5405 est,
3494 5336 3787 5408 adjiciun-

2164 5421 2253 5459 ur.

2164 5421 2253 5460 ιη’.

2210 5477 2231 5551 Ῡ
2265 5474 2551 5551 Victorius
2582 5478 2663 5533 ait
2690 5494 2703 5533 :
2736 5479 2879 5551 Tres
2912 5477 3232 5536 Florentini
3260 5479 3429 5551 codd.
3452 5478 3537 5534 ita
3564 5477 3788 5551 legunt,

2138 5547 2223 5602 vel
2250 5547 2473 5603 diversa
2502 5550 2655 5624 (acra
2684 5565 2718 5604 a
2746 5550 3032 5624 dissipatis
3051 5549 3318 5624 captanda
3349 5552 3512 5624 quasi
3523 5547 3791 5622 ρετ-’ἰηπα-

377 5606 1224 5695 vero,sentibusﬂrcpon‘endum
1258 5624 1498 5695 ei‘mss.
1519 5617 1576 5665 et
1606 5606 2025 5695 contestufubi
2135 5634 2332 5695 giaeia
2366 5621 2699 5695 sanctitatis.
2751 5606 2891 5677 Nos.
2916 5622 3060 5677 nihil
3095 5606 3457 5679 mutavimus
3490 5606 3801 5695 :‘utraque‘

376 5680 728 5741 acutissimas
762 5678 954 5755 spinas
998 5677 1255 5750 ﬁmbriis.
1287 5678 1713 5740 Pharisaaorum
1755 5677 2025 5760 alligatas
2135 5677 2292 5747 Enim
2319 5689 2490 5748 lectio
2519 5691 2694 5749 bona.
