4058 6190
262 361 376 424 177
728 360 1250 425 COMMENTAR.
1293 363 1373 425 IN
1421 364 1938 431 EVANGELIUM
1982 364 2361 429 MATTH/El
2408 368 2554 431 LIB.
2601 368 2706 431 IV.
2755 370 2925 431 CAP.
2974 368 3194 432 XXIII.
3552 368 3669 429 1⁸18

255 494 471 553 saeculi.
503 494 926 568 Unusquisque
972 498 1131 553 enim
1178 500 1350 569 cujus
1392 516 1567 572 Opera
1596 500 1737 572 agit,
1769 501 1899 571 ejus
1928 502 1983 568 Α
2010 502 2154 558 bant
2183 503 2385 571 studii,
2407 507 2471 557 ut
2492 520 2619 575 quae
2641 504 2814 573 jussa
2840 504 3089 567 fuerant,
3123 507 3663 575 comportat-antur:

256 585 416 641 filius
444 582 799 657 appellatur.
2016 599 2255 647 caelerea
2285 609 2409 663 quae
2442 596 2607 647 erant
2638 593 2881 661 majora,
2917 596 3111 646 utrum
3146 593 3280 663 quis
3320 594 3553 659 faceret,
3590 611 3666 650 an

224 696 232 704 ·
327 675 515 747 (Vera.
546 674 662 745 16.)
697 695 727 724 ‹‹
753 673 848 729 Vae
889 675 1075 745 vobis,
1108 677 1286 732 duces
1316 678 1469 743 caeci,
1503 677 1641 750 quia
1670 677 1905 743 dicitis;
2018 697 2155 746 non,
2184 680 2699 753 parvipendebant.
2733 682 2803 736 Et
2834 697 2901 735 ex
2930 680 3039 735 hoc
3070 680 3266 752 itaque
3286 682 3539 753 capitulo
3570 700 3664 739 ar-

258 766 598 838 quicunque
622 764 911 834 juraverit
939 781 1043 836 per
1070 765 1379 838 templum,
1413 767 1554 822 nihil
1602 772 1691 822 est
1744 783 1757 823 :
1807 766 1907 839 qui
2018 770 2147 842 guit
2175 786 2274 825 eos
2305 769 2580 840 avaritiae,
2615 770 2767 841 quod
2802 770 3063 825 studiose
3084 769 3257 825 etiam
3291 770 3494 826 vilium
3516 771 3664 828 oleo-

254 858 454 910 autem
523 852 815 923 juraverit
875 852 935 907 in
1002 871 1143 910 auro
1210 855 1432 927 templi,
1497 856 1726 912 debitor
1796 860 1905 911 est.
2019 876 2150 914 rum
2178 859 2437 915 decimas
2468 859 2724 931 oxigant,
2754 863 2811 914 et
2834 859 3124 930 judicium
3154 859 3213 914 in
3246 859 3664 932 disceptatione

255 941 433 999 Stulti
474 946 531 997 et
573 940 728 1010 caeci,
787 941 931 1014 quid
986 943 1142 998 enim
1204 945 1396 1016 majus
1426 950 1535 1013 est,
1569 962 1802 1015 aurum,
1834 964 1908 1002 an
2018 948 2407 1021 negotiorum,
2442 949 3022 1019 misericordiamque
3053 948 3111 1003 in
3147 965 3453 1020 pauperes,
3478 950 3666 1021 pupil-

252 1031 548 1103 templum
592 1031 747 1102 quod
799 1032 1127 1087 sanctiﬁcat
1173 1033 1425 1089 aurum?
1463 1034 1532 1089 Et
1572 1035 1908 1107 quicunque
2015 1037 2104 1094 los
2135 1042 2191 1093 et
2219 1038 2447 1103 viduas,
2477 1041 2533 1093 et
2565 1038 2737 1093 ﬁdem
2767 1038 2826 1092 in
2861 1042 3063 1105 Deum,
3098 1054 3225 1108 quae
3259 1055 3473 1111 magna
3502 1042 3661 1107 sunt,

244 1119 539 1193 juraverit
567 1120 623 1174 in
655 1118 849 1185 altari,
883 1120 1029 1176 nihil
1058 1127 1147 1177 est
1180 1139 1193 1177 :
1226 1123 1561 1195 quicunque
1590 1128 1785 1179 autem
1807 1126 1907 1196 ju-
2018 1128 2484 1199 praetermittam.

253 1209 473 1265 raverit
499 1208 556 1263 in
587 1209 763 1275 dono,
796 1210 952 1281 quod
987 1215 1077 1266 est
1118 1227 1294 1283 super
1322 1210 1489 1278 illud,
1520 1212 1709 1268 debet.
1742 1213 1904 1281 Caeci,
2087 1215 2271 1287 (Vers.
2323 1217 2437 1284 24).
2492 1238 2519 1264 ‹‹
2570 1216 2757 1272 Duces
2813 1216 2967 1282 caeci,
3017 1216 3346 1273 excolantes
3393 1217 3661 1288 culicem,

250 1299 396 1371 quid
428 1297 586 1354 enim
604 1300 808 1369 majus
838 1303 946 1366 est,
974 1300 1219 1369 donum,
1252 1316 1324 1354 an
1352 1299 1533 1357 altare
1563 1302 1717 1373 quod
1744 1319 1908 1358 881111-
2017 1304 2306 1361 camelum
2380 1309 2576 1359 autem
2643 1304 2980 1376 glutientes.
3059 1327 3088 1353 ››
3156 1305 3454 1362 Camelum
3523 1312 3663 1379 puto

248 1388 439 1443 tiﬁcat
467 1387 734 1443 donum?
766 1388 875 1453 Qui
906 1403 1044 1460 ergo
1067 1390 1232 1459 jurat
1253 1389 1310 1444 in
1333 1389 1523 1457 altari,
1548 1391 1790 1461 juratin
1818 1408 1903 1461 eo,
2017 1410 2165 1461 esse,
2194 1395 2519 1449 secundum
2549 1410 2789 1449 sensum
2824 1394 3128 1465 praesentis
3164 1393 3294 1462 loci,
3336 1400 3395 1451 et
3438 1396 3666 1469 magni-

251 1482 311 1533 et
341 1476 400 1531 in
429 1476 709 1532 omnibus
739 1493 867 1548 quae
899 1494 1075 1549 super
1102 1477 1249 1533 illud
1282 1483 1438 1534 sunt.
1476 1482 1544 1533 Et
1572 1479 1907 1551 quicunque
2015 1483 2281 1538 tudinem
2344 1487 2788 1554 praeceptorum,
2840 1483 3155 1552 judicium,
3224 1489 3281 1539 et
3336 1485 3667 1541 misericor-

126 1632 133 1637 1
241 1565 537 1636 juraverit
568 1566 628 1621 in
660 1565 898 1638 templo,
920 1568 1088 1637 jurat
1111 1566 1172 1621 in
1195 1566 1317 1631 illo,
1340 1575 1397 1622 et
1426 1567 1486 1622 in
1516 1584 1583 1623 eo
1614 1570 1714 1640 qui
1741 1568 1904 1623 habi-
2017 1572 2197 1636 diam,
2230 1576 2290 1627 et
2320 1572 2514 1627 fidem.
2559 1571 2813 1627 Culicem
2844 1576 3037 1626 autem
3088 1572 3346 1629 decimas
3391 1574 3663 1643 menthae,

250 1659 339 1711 tat
362 1654 424 1709 in
456 1654 606 1726 ipso.
642 1654 712 1709 Et
738 1654 838 1724 qui
861 1656 1027 1726 jurat
1078 1655 1137 1709 in
1192 1657 1354 1721 ccelo,
1379 1658 1544 1727 jurat
1586 1657 1645 1711 in
1693 1657 1904 1712 throno
2017 1659 2237 1725 anethi’,
2269 1660 2509 1730 cymini,
2541 1665 2597 1714 et
2628 1660 2989 1731 reliquorum
3021 1660 3224 1716 vilium
3255 1661 3501 1717 olerum.
3535 1662 3668 1717 Haec

253 1742 374 1812 Dei,
407 1747 467 1798 et
496 1743 556 1797 in
587 1759 657 1799 eo
677 1742 780 1814 qui
810 1744 973 1799 sedet
1000 1760 1178 1816 super
1204 1761 1360 1801 eum.
1396 1767 1424 1794 »
1456 1747 1665 1818 Supra,
1698 1751 1762 1801 ut
1800 1763 1906 1801 no-
2016 1754 2221 1803 contra
2244 1753 2594 1820 praeceptum
2636 1749 2759 1815 Dei,
2793 1766 2921 1821 quae
2972 1766 3187 1821 magna
3234 1756 3393 1821 sunt,
3425 1752 3665 1808 devora-

248 1831 346 1888 bis
366 1832 564 1887 visum
597 1831 1092 1903 est,exposuimus
1113 1832 1253 1903 quid
1284 1833 1641 1906 signiﬁcaret
1671 1835 1906 1891 traditio
1938 1871 1986 1936 B
2017 1855 2151 1893 mus
2178 1841 2354 1909 atque
2385 1837 2758 1909 negligimus,
2802 1842 2860 1893 et
2907 1837 3237 1909 opinionem
3270 1840 3571 1913 religionis
3603 1841 3664 1896 in

246 1919 707 1987 Pharisaeorum,
757 1920 1074 1977 dicentium
1129 1940 1141 1977 :
1192 1923 1405 1977 Donum
1441 1924 1801 1996 quodcunque
1827 1928 1908 1979 est
1938 1919 1986 1936 ”
2014 1926 2231 1999 parvis,
2276 1942 2402 1997 quae
2454 1926 2685 1982 lucrum
2726 1926 2965 1994 habent,
2999 1926 3362 1999 diligentiam
3388 1930 3665 1987 demons-

244 2026 323 2065 δε
352 2025 459 2079 me,
489 2010 598 2065 tibi
622 2009 866 2079 proderit
892 2010 1107 2081 (Matth.
1141 2025 1235 2079 xv,
1266 2011 1322 2083 5)
1349 2029 1363 2079 ;
1396 2028 1551 2067 nunc
1581 2012 1816 2084 duplex,
1849 2016 1907 2067 et
2014 2019 2266 2070 tramus.

246 2099 323 2154 ad
356 2115 538 2154 unam
584 2098 839 2153 avaritiae
882 2098 1248 2155 occasionem
1291 2100 1552 2171 trahens,
1587 2101 1903 2157 Pbarisaeo-
2087 2104 2271 2174 (Vers.
2305 2105 2393 2172 25,
2425 2103 2541 2173 26.)
2575 2124 2601 2151 ‹‹
2648 2102 2742 2157 Vae
2790 2102 2975 2166 vobis,
3024 2102 3234 2158 Scribae
3283 2107 3339 2159 et
3384 2103 3661 2160 Pharisaei

247 2205 382 2243 rum
402 2186 639 2243 traditio
671 2187 1115 2255 condemnatur,
1136 2192 1201 2243 ut
1220 2194 1546 2261 arguantur
1570 2194 1780 2246 cuncta
1801 2207 1906 2262 pro
2016 2191 2347 2263 hypocritae,
2374 2191 2511 2261 quia
2542 2190 2842 2246 mundatis
2864 2192 3017 2261 quod
3042 2192 3257 2248 deforis
3278 2196 3368 2249 est
3390 2191 3587 2249 calicis
3608 2196 3668 2249 et

246 2276 420 2333 lucro
450 2278 656 2343 lacere,
685 2280 742 2331 et
767 2293 883 2332 non
916 2294 1019 2349 pro
1049 2277 1260 2333 timore
1290 2278 1409 2333 Dei.
1448 2278 1611 2334 Sicut
1657 2280 1811 2334 enim
1847 2279 1905 2333 in
2018 2279 2373 2351 paropsidis,
2405 2279 2567 2334 intus
2600 2285 2793 2334 autem
2828 2279 2978 2350 pleni
3013 2280 3156 2335 estis
3202 2281 3405 2353 rapina
3447 2286 3504 2337 et
3551 2282 3667 2337 im-

245 2365 630 2439 pbylacteriis
671 2369 730 2420 et
766 2365 1018 2421 ﬁmbriis
1070 2364 1330 2423 dilatatis
1386 2366 1581 2438 opinio
1638 2367 1911 2423 sanctita—
2017 2366 2328 2422 munditia.
2361 2367 2649 2422 Pharisaee
2680 2384 2852 2432 caece,
2884 2368 3109 2423 munda
3160 2370 3322 2440 prius
3370 2370 3524 2441 quod
3574 2370 3665 2424 in-

242 2454 337 2511 tis
389 2455 654 2525 captabat
698 2454 973 2527 gloriam,
1023 2459 1081 2510 et
1130 2472 1235 2527 per
1290 2456 1654 2512 occasionem
1710 2455 1907 2528 gloriae
2015 2458 2114 2510 tus
2144 2459 2234 2510 est
2258 2454 2461 2511 calicis
2506 2460 2563 2510 et
2592 2456 2945 2528 paropsidis,
2979 2462 3042 2511 ut
3075 2458 3178 2511 fiat
3209 2462 3264 2513 et
3292 2459 3348 2513 id
3380 2458 3532 2530 quod
3566 2458 3668 2515 de-

245 2544 556 2615 quaerebat
575 2542 871 2599 lucra:sic
891 2543 1007 2598 alia
1027 2543 1359 2600 traditionis
1384 2544 1621 2600 inventa
1643 2545 1906 2617 stropha,
2016 2544 2158 2599 foris
2194 2530 2283 2599 ést
2312 2546 2619 2600 mundum.
2656 2568 2682 2593 ››
2714 2546 2968 2601 Diversis
2998 2546 3210 2611 verbis,
3242 2548 3445 2603 eodem
3489 2563 3668 2604 sensu

245 2631 578 2704 impietatis
608 2632 805 2704 arguit
825 2636 1225 2704 praeceptores.
1248 2632 1465 2704 Siquis
1496 2633 1554 2687 in
1585 2634 1908 2689 contentio-
2019 2650 2135 2705 quo
2186 2651 2385 2705 supra,
2440 2633 2633 2705 arguit
2693 2635 3011 2691 Pharisaeos
3056 2636 3449 2693 simulationis
3492 2641 3669 2709 atque

248 2738 346 2787 ne,
380 2736 483 2776 seu
516 2720 576 2775 in
606 2719 803 2792 aliquo
826 2720 1047 2793 jurgio,
1068 2720 1158 2777 vel
1188 2722 1249 2776 in
1281 2737 1471 2777 causa:
1500 2722 1911 2794 ambiguo,ju-
2016 2722 2325 2793 mendacii,
2357 2724 2513 2794 quod
2544 2722 2703 2778 aliud
2736 2728 3029 2779 ostentent
3057 2726 3079 2759 ²
3110 2725 3452 2782 hominibus
3500 2726 3661 2794 foris,

246 2814 446 2865 rasset
475 2809 534 2864 in
567 2809 809 2881 templo,
839 2814 898 2865 et
940 2814 1143 2882 postea
1189 2810 1489 2866 convictus
1542 2816 1696 2866 esset
1743 2828 1906 2867 men-
2016 2810 2175 2866 aliud
2209 2811 2365 2866 domi
2397 2815 2593 2883 agant.
2626 2813 2751 2866 Non
2783 2814 2938 2884 quod
2970 2812 3027 2867 in
3059 2813 3237 2868 calice
3267 2818 3324 2868 et
3353 2815 3666 2886 paropside

164 2934 169 2939 ι
247 2899 432 2967 dacii,
483 2915 599 2954 non
654 2899 964 2954 tenebatur
991 2898 1256 2955 criminis
1286 2916 1420 2955 reus
1454 2900 1565 2966 [Αι.
1596 2901 1771 2971 ejus].
1806 2900 1908 2956 Sin
2018 2915 2219 2955 eorum
2252 2900 2593 2971 superstitio
2620 2907 2979 2968 moraretur;
3014 2903 3114 2955 sed
3147 2902 3299 2957 188
3333 2902 3485 2973 quod
3522 2902 3664 2957 foris

244 2992 447 3043 autem
474 2987 747 3058 jurasset
774 2988 834 3042 in
866 3004 1009 3043 auro
1039 2992 1097 3043 et
1125 2988 1395 3059 pecunia,
1429 3005 1558 3060 qua:
1589 2988 1649 3043 in
1690 2987 1911 3059 templo
2018 2987 2363 3043 hominibus
2406 2989 2779 3044 ostenderent
2823 2990 3216 3060 sanctitatem,
3249 2989 3309 3043 in
3341 2988 3569 3057 habitu,
3604 2990 3663 3044 in

242 3076 663 3132 sacerdotibus
693 3076 1063 3145 offerebatur,
1099 3076 1297 3132 statim
1328 3076 1387 3132 id
1428 3077 1487 3131 in
1528 3094 1642 3149 quo
1677 3078 1910 3149 jurave-
2021 3093 2311 3147 sermone,
2343 3076 2401 3131 in
2432 3076 2910 3148 phylacteriis,in
2944 3077 3213 3147 ﬁmbriis,
3242 3077 3298 3132 in
3334 3078 3665 3134 orationum

243 3171 361 3235 rat,
395 3165 714 3238 cogebatur
742 3165 1054 3221 exsolvere.
1090 3167 1344 3222 Rursum
1380 3182 1393 3220 :
1426 3166 1485 3221 Si
1539 3166 1672 3237 quis
1716 3168 1916 3238 juras_
2022 3163 2410 3237 longitudine,
2442 3169 2499 3219 et
2528 3165 2752 3219 caeteris
2781 3164 3146 3235 hujusmodi,
3178 3166 3531 3222 intrinsecus
3562 3183 3665 3223 au-

240 3259 337 3310 set
366 3254 428 3309 in
459 3252 652 3321 altari,
684 3253 922 3327 periurii
952 3271 1118 3310 reum
1149 3270 1319 3310 nemo
1350 3255 1585 3311 tenebat
1616 3257 1721 3323 [Αι.
1756 3254 1896 3310 reti-
1947 3240 1989 3306 C
2026 3257 2142 3309 tem
2175 3257 2372 3309 essent
2400 3254 2673 3308 vitiorum
2706 3253 2980 3309 sordibus
3010 3253 3189 3326 pleni.

245 3345 444 3411 nebat]
485 3361 501 3398 :
532 3343 624 3399 sin
655 3348 850 3398 autem
882 3344 1242 3415 perjurasset
1264 3343 1323 3398 in
1355 3344 1530 3411 dono,
1562 3343 1726 3399 velin
1750 3343 1905 3398 obla-
2086 3343 2273 3413 (Vers.
2305 3344 2396 3408 27,
2428 3344 2542 3414 28.)
2584 3364 2610 3395 a
2641 3342 2735 3397 Vae
2781 3343 2968 3409 vobis,
3020 3343 3235 3398 Scribae
3283 3348 3341 3398 et
3388 3344 3667 3401 Pharisaei

245 3432 537 3501 tionibus,
587 3431 697 3487 hoc
744 3435 833 3487 est
880 3432 940 3486 in
991 3432 1221 3500 hostiis,
1255 3433 1312 3487 in
1342 3431 1615 3497 victimis,
1648 3437 1703 3487 et
1734 3432 1793 3487 in
1824 3432 1904 3487 si-
2016 3430 2351 3503 hypocritae,
2387 3431 2526 3501 quia
2556 3430 2780 3485 similes
2827 3432 2972 3487 estis
3021 3431 3309 3503 sepulcris
3356 3432 3667 3505 dealbatis,

248 3520 395 3576 mila
417 3525 476 3577 et
503 3521 728 3577 caeteris
773 3537 901 3593 quae
946 3521 1274 3577 offeruntur
1318 3521 1436 3577 Deo
1480 3538 1657 3593 super
1700 3520 1901 3577 altare.
2014 3536 2142 3589 quae
2175 3536 2210 3575 a
2240 3518 2380 3574 foris
2412 3524 2617 3591 parent
2648 3519 2987 3576 hominibus
3019 3520 3301 3592 speciosa,
3335 3522 3498 3578 intus
3535 3539 3667 3579 vero

248 3610 371 3665 haec
403 3608 810 3665 studiosisime
839 3609 1770 3682 repetebuntur[ALrepetebant].
1794 3615 1902 3664 Ar-
2014 3608 2189 3680 plena
2218 3612 2357 3664 sunt
2386 3609 2619 3663 ossibus
2651 3613 3039 3679 mortuorum,
3071 3614 3129 3664 et
3160 3611 3321 3665 omni
3361 3611 3663 3682 spurcitia.

244 3698 379 3770 guit
407 3714 545 3771 ergo
576 3714 676 3754 eos
706 3699 1013 3769 Dominus,
1032 3703 1090 3754 et
1110 3698 1371 3754 stultitiae
1393 3703 1450 3754 et
1475 3698 1901 3769 fraudulentiaz,
2013 3698 2108 3752 Sic
2141 3702 2200 3753 et
2228 3714 2330 3753 vos
2362 3715 2395 3752 a
2426 3697 2566 3753 foris
2597 3697 2836 3768 quidem
2869 3699 3087 3769 paretis
3116 3698 3620 3771 hominibusjusti
3650 3716 3663 3755 :

245 3788 407 3859 quod
431 3786 622 3843 multo
642 3788 838 3859 majus
860 3787 939 3843 sit
960 3787 1247 3860 templum
1270 3804 1447 3859 quam
1480 3804 1714 3856 aurum,
1746 3788 1900 3858 quod
2012 3786 2172 3841 intus
2215 3790 2411 3841 autem
2462 3785 2615 3855 pleni
2664 3786 2806 3841 estis
2855 3786 3147 3859 hypocrisi
3179 3791 3234 3843 et
3266 3788 3597 3860 iniquitate.
3636 3810 3665 3839 »

247 3875 660 3932 sanctiﬁcatur
689 3893 724 3931 a
754 3875 993 3948 templo,
1025 3882 1083 3931 et
1110 3876 1294 3932 altare
1317 3892 1496 3948 quam
1528 3876 1732 3931 hostiae
1775 3892 1901 3946 quae
2010 3874 2174 3937 Quod
2206 3874 2266 3928 in
2298 3874 2473 3929 calice
2505 3881 2560 3928 et
2592 3875 2897 3946 paropside
2928 3876 3379 3945 demonstrarat,
3411 3893 3477 3933 eo
3504 3878 3659 3949 quod

248 3966 405 4021 187
463 3965 902 4021 sanctificantur
930 3966 1003 4020 ab
1033 3964 1221 4020 altari.
1255 3966 1465 4020 Totum
1500 3969 1694 4019 autem
1729 3964 1901 4020 facie-
2013 3963 2153 4019 foris
2185 3962 2287 4019 loti
2316 3967 2533 4028 essent,
2566 3968 2625 4018 et
2655 3963 3007 4019 intrinsecus
3053 3965 3296 4030 sordidi,
3345 3965 3455 4020 hoc
3503 3982 3659 4020 nunc

244 4055 417 4117 bant,
451 4069 566 4108 non
596 4054 669 4109 ob
699 4054 799 4110 Dei
831 4054 1124 4122 timorem,
1176 4054 1276 4110 sed
1327 4055 1400 4109 ob
1430 4052 1767 4108 divitiarum
1799 4069 1900 4108 cu-
2011 4068 2115 4123 per
2136 4051 2465 4123 exemplum
2487 4052 2889 4124 sepulcrorum
2909 4052 3175 4124 replicat;
3199 4054 3353 4125 quod
3368 4054 3660 4125 quomodo

245 4141 583 4215 piditatem.
2012 4141 2284 4213 sepulcra
2316 4140 2642 4198 forinsecus
2673 4140 2777 4196 lita
2807 4145 2945 4195 sunt
2975 4141 3153 4206 calce,
3180 4148 3238 4197 et
3269 4145 3474 4198 ornata
3504 4158 3662 4198 mar-

318 4231 508 4302 (Vers.
540 4231 656 4303 23.)
686 4254 715 4281 «
748 4231 844 4287 Vae
883 4231 1067 4302 vobis,
1116 4231 1329 4287 Scribae
1372 4234 1430 4287 et
1474 4230 1750 4287 Pharisaei
1798 4230 1902 4303 hy-
2012 4230 2278 4285 moribus
2337 4233 2394 4285 et
2450 4247 2613 4294 auro,
2681 4228 3089 4299 coloribusque
3146 4230 3439 4301 distincta,
3501 4231 3663 4287 intus

247 4321 512 4393 pocritae,
543 4319 683 4392 quia
710 4319 1017 4376 decimatis
1059 4319 1361 4377 mentham
1409 4323 1469 4375 et
1515 4320 1797 4376 anethum
1846 4324 1904 4376 et
2011 4323 2208 4375 autem
2243 4318 2418 4391 plena
2448 4322 2589 4373 sunt
2615 4318 2851 4373 ossibus
2883 4323 3284 4388 mortuorum;
3318 4320 3402 4375 sic
3429 4324 3488 4376 et
3531 4336 3663 4393 per-

246 4408 578 4481 cyminum,
609 4415 665 4464 et
698 4407 1017 4480 reliquistis
1069 4425 1195 4480 quae
1240 4408 1506 4481 graviora
1535 4412 1675 4464 sunt
1705 4409 1898 4481 Legis,
2008 4407 2163 4463 versi
2212 4406 2502 4479 magistri,
2552 4406 2652 4476 qui
2706 4404 2822 4460 alia
2867 4406 3097 4473 docent,
3146 4412 3201 4462 et
3253 4407 3368 4464 alia
3418 4409 3662 4478 faciunt,

241 4497 564 4569 judicium,
608 4502 665 4553 et
711 4497 1195 4567 misericordiam,
1241 4501 1297 4553 et
1347 4497 1543 4553 fidem.
1578 4498 1705 4552 llaec
1739 4515 1904 4568 opor-
2013 4494 2367 4551 munditiam
2396 4494 2601 4550 habitu
2633 4494 2834 4560 vestis,
2879 4499 2937 4549 et
2984 4497 3296 4553 verborum
3327 4497 3664 4554 humilitate

245 4588 359 4643 tuit
389 4587 604 4656 facere,
644 4591 703 4643 et
748 4585 849 4642 illa
878 4603 995 4642 non
1033 4586 1321 4642 omittere.
1370 4606 1399 4635 ››
1444 4586 1632 4642 Multa
1661 4587 1720 4641 in
1758 4592 1902 4659 Lege
1932 4612 1981 4676 D
2014 4586 2423 4641 demonstrant
2459 4601 2471 4638 :
2506 4583 2667 4639 intus
2698 4588 2895 4639 autem
2927 4584 3082 4656 pleni
3114 4591 3252 4641 sunt
3293 4586 3453 4641 omni
3492 4603 3665 4658 spur-

247 4680 544 4749 praeeepta
584 4680 744 4742 sunt,
801 4693 927 4748 quae
976 4680 1145 4748 typos
1195 4675 1511 4748 praeferunt
1553 4676 1904 4731 futurorum.
1935 4672 1969 4676 ’
2022 4673 2178 4735 citia,
2213 4676 2272 4728 et
2298 4672 2562 4728 libidine.
2610 4673 2868 4743 Denique
2914 4673 3281 4729 manifestius
3326 4674 3435 4730 hoc
3464 4674 3662 4746 ipsum

247 4763 378 4821 Alia
409 4781 546 4821 vero
592 4768 791 4837 aperta
839 4768 979 4821 sunt
1012 4765 1181 4835 juxta
1230 4763 1603 4820 Psalmistam
1635 4766 1674 4830 ί,
1706 4765 1907 4820 diecn-
2017 4762 2307 4835 exprimit,
2346 4761 2599 4817 inferens
2633 4778 2644 4815 :
2681 4762 2769 4817 Sic
2790 4771 2839 4817 et
2872 4779 2959 4817 vos
2987 4780 3018 4817 a
3055 4763 3199 4834 foris
3243 4762 3463 4834 quidem
3506 4778 3665 4833 rare-

246 4856 367 4909 tem
401 4871 415 4909 :
451 4853 783 4909 Mandatum
810 4854 1039 4909 Domini
1080 4851 1349 4916 tucidum,
1397 4853 1729 4907 ittuminans
1777 4869 1905 4906 ocu-
2017 4853 2087 4906 tis
2119 4851 2433 4907 hominibus
2460 4853 2605 4922 iusti
2631 4870 2651 4906 :
2681 4853 2830 4905 intus
2852 4855 3036 4905 autem
3058 4852 3211 4922 pleni
3233 4852 3359 4906 estis
3388 4852 3667 4923 hypocrisi

249 4943 329 4998 ιω
358 4941 541 5014 (Ρεαι.
575 4956 735 5009 xvm,
783 4942 861 5012 9),
902 4958 1028 5012 quae
1077 4942 1278 4995 statim
1330 4957 1505 5012 opera
1550 4940 1906 5003 desiderant.
2015 4949 2066 4995 et
2098 4942 2403 5011 iniquitate.

246 5031 425 5087 Verbi
456 5029 649 5105 gratia
681 5047 695 5085 :
728 5030 852 5085 Non
880 5029 1269 5085 adulterabis:
1296 5046 1411 5085 non
1438 5029 1661 5085 furtum
1687 5030 1863 5085 facies
1894 5038 1908 5076 ε
2090 5028 2275 5095 (Vers.
2308 5030 2376 5082 29
2408 5030 2595 5099 seqq.)
2628 5051 2653 5076 «
2689 5026 2782 5080 Vae
2814 5026 2997 5094 vobis,
3030 5027 3241 5082 Scriba":
3281 5033 3340 5083 et
3385 5028 3663 5085 Pharisaei

249 5138 364 5177 nan
388 5118 799 5177 testimonium
821 5118 1034 5175 falsum
1055 5118 1214 5175 dices
1237 5119 1765 5191 (Emod.xx,13-13),
1794 5124 1903 5174 etc.
2017 5115 2497 5190 hypocritac,quia
2529 5115 2828 5169 aedificetis
2857 5116 3123 5186 sepulcra
3154 5116 3664 5189 prophetarum,et

250 5209 527 5268 Pbarismi
563 5212 760 5264 autem
791 5207 931 5280 quia
959 5212 1308 5279 praeceperat
1338 5208 1620 5265 Dominus
1646 5211 1735 5280 (ut
1764 5208 1906 5264 inte-
2015 5206 2238 5262 ornatis
2271 5208 2651 5261 monumenta
2672 5205 2994 5273 justorum,
3021 5206 3288 5263 etdicitis
3318 5225 3332 5262 :
3366 5208 3425 5263 Si
3456 5208 3663 5264 fuisse-

249 5296 1007 5369 rimintelleetusmysticos
1031 5296 1427 5365 dimittamus)
1450 5301 1685 5369 propter
1705 5296 1906 5353 alimo-
2016 5312 2150 5351 mus
2182 5295 2238 5349 in
2270 5293 2477 5349 diebus
2510 5297 2741 5364 patrum
2774 5299 3130 5363 nostrorum,
3178 5313 3292 5351 non
3342 5297 3662 5353 fuissemus

250 5387 413 5444 niam
448 5385 822 5444 sacerdotum
856 5389 914 5440 et
943 5385 1272 5441 Levitarum
1323 5401 1573 5456 quorum
1618 5401 1752 5457 pars
1782 5389 1909 5441 erat
2015 5382 2155 5439 socii
2205 5398 2404 5437 eorum
2456 5381 2512 5435 in
2562 5380 2848 5452 sanguine
2881 5384 3319 5454 prophetarum.
3349 5386 3553 5458 Itaque
3578 5389 3661 5440 te-

248 5476 543 5534 Dominus
573 5477 763 5548 (Num.
814 5491 973 5541 xxm,
1020 5475 1113 5546 20)
1158 5474 1427 5530 omnium
1473 5491 1666 5530 rerum
1712 5474 1905 5531 offerri
2014 5471 2290 5527 stimonio
2312 5468 2453 5525 estis
2483 5469 2918 5542 vobismetipsis
2945 5488 2958 5525 :
2990 5472 3129 5542 quia
3159 5472 3261 5527 filii
3293 5473 3434 5529 estis
3457 5489 3660 5529 eorum

247 5566 310 5623 in
333 5564 556 5637 templo
577 5563 835 5620 decimas
855 5562 1046 5635 (Exod.
1069 5580 1207 5632 111111,
1238 5563 1329 5635 29)
1354 5579 1367 5619 :
1394 5563 1502 5619 hoc
1526 5579 1711 5619 unum
1732 5563 1904 5620 habe—
1974 5632 1979 5637 1
2015 5560 2115 5633 qui
2144 5559 2459 5634 prophetas
2492 5559 2849 5615 occiderunt.
2897 5582 2924 5608 »
2974 5562 3440 5619 Prudentissimo
3488 5562 3663 5635 syllo-

324 5711 341 5747 ι
378 5705 686 5765 Interserit
713 5704 883 5772 Rab.,
912 5709 966 5764 et
993 5705 1319 5763 illuminant
1345 5707 1546 5765 oculos.
2084 5705 2106 5740 ²
2128 5705 2316 5763 Antea
2344 5705 2487 5776 erat,
2519 5701 2693 5761 Aliud
2722 5703 3034 5772 ostendant.
