4058 6190
375 333 494 396 179

373 559 488 631 ipsi
519 556 796 630 opinione
825 557 1106 615 bonitatis
1136 563 1193 615 et
1221 558 1415 633 glorias
1445 560 1504 616 in
1538 562 1785 634 populos
1825 562 2020 635 sepul-

374 664 474 703 cra
513 646 805 702 aediﬁcant
834 647 1273 720 prophetarum,
1315 667 1462 722 quos
1520 652 1773 721 majores
1818 669 2021 708 eorum

376 735 819 808 interfecerunt,
871 741 927 793 et
977 737 1183 793 dicunt
1228 755 1241 794 :
1289 739 1348 794 Si
1398 740 1719 796 fuissemus
1762 745 2024 813 tempore

376 823 498 892 illo,
531 841 649 880 non
681 825 1027 882 fecissemus
1057 843 1123 882 ea
1154 844 1281 899 quae
1314 828 1786 900 feceruntpatres
1816 829 2020 885 nostri.

377 912 497 971 Hoc
520 918 719 970 autem
750 915 984 971 etiamsi
1024 932 1292 972 sermone
1323 934 1436 973 non
1454 917 1683 985 ‘dicant,
1725 934 1897 990 opere
1937 917 2021 974 lo-

379 1007 662 1078 quuntur,
698 1020 767 1060 ex
797 1020 863 1059 eo
894 1005 1048 1077 quod
1076 1005 1384 1061 ambitiose
1413 1010 1470 1061 et
1499 1006 1808 1078 magniﬁce
1838 1006 2020 1061 aediﬁ-

378 1098 511 1150 cent
539 1093 855 1150 memorias
886 1094 1237 1161 occisorum,
1256 1111 1405 1166 quos
1431 1112 1464 1150 a
1491 1095 1754 1167 patribus
1785 1096 1910 1152 suis
1940 1113 2025 1152 es-

378 1199 441 1239 se
468 1180 768 1254 jugulatos
800 1198 916 1237 non
948 1187 1182 1255 negant.

455 1290 477 1320 ι
509 1272 576 1327 Et
603 1287 706 1326 vos
738 1269 974 1342 implete
1008 1288 1343 1327 mensuram
1372 1276 1607 1345 patrum
1635 1277 2018 1329 vestrorum.»

379 1361 625 1417 Probato
655 1360 1056 1432 superioribus
1098 1360 1291 1431 dictis,
1327 1362 1480 1432 quod
1531 1361 1633 1416 ﬁlii
1677 1368 1874 1418 essent
1921 1363 2023 1419 ho-

380 1448 746 1519 micidarum,
796 1453 854 1505 et
900 1466 1101 1505 eorum
1153 1449 1255 1521 qui
1305 1450 1620 1523 prophetas
1649 1451 2022 1522 occidissent,

380 1555 534 1594 nunc
564 1537 862 1594 concludit
904 1540 1060 1610 quod
1099 1538 1380 1610 voluerat,
1412 1544 1470 1594 et
1508 1540 1677 1612 quasi
1707 1545 2023 1597 extremam

379 1627 702 1702 syllogismi
753 1631 978 1699 partem
1031 1628 1213 1700 ponit.
1242 1631 1307 1683 Et
1334 1646 1423 1684 vos
1452 1631 1673 1701 implete
1712 1646 2028 1686 mensuram

377 1722 604 1787 patrum
632 1723 950 1773 vestrorum.
972 1717 1122 1772 189
1155 1717 1315 1782 Quod
1346 1718 1466 1774 illis
1490 1718 1692 1787 defuit,
1711 1736 1812 1776 vos
1846 1718 2028 1775 adim-

1627 335 1691 397 S.
1739 334 2050 400 EUSEBIl
2098 335 2540 401 HIERONYMI

373 470 565 543 gismo
613 466 880 540 coarguit
908 483 1009 525 eos
1037 467 1190 526 ﬁlios
1219 484 1344 526 esse
1385 469 1835 542 homicidarum,
1880 473 2021 528 dum
2052 471 2107 538 Α
2138 471 2537 543 apostolorum
2583 471 2859 547 discipuli
2907 473 3042 545 (Act.
3092 491 3147 540 ν,
3199 472 3288 546 40)

3663 340 3775 404 180

3329 489 3343 530 :
3388 475 3446 531 et
3492 473 3779 546 persecuti

2132 576 2231 616 eos
2263 564 2412 616 sunt
2440 561 2512 617 de
2542 563 2771 618 civitate
2809 563 2868 619 in
2900 563 3195 619 civitatem
3246 581 3261 620 :
3309 562 3666 636 expellentes
3710 562 3782 619 de

2134 649 2340 706 Judaao
2375 668 2388 705 :
2420 656 2485 706 ut
2515 653 2586 707 ad
2614 653 2878 725 gentium
2911 652 3193 725 populum
3222 652 3729 725 transmigrarent.

2203 738 2392 811 (Vers.
2444 741 2533 807 35,
2585 741 2699 813 36.)
2751 762 2780 791 «
2839 741 2911 797 Ut
2965 741 3159 797 veniat
3205 758 3382 814 super
3433 757 3537 796 vos
3589 740 3782 797 omnis

2133 828 2379 901 sanguis
2421 828 2650 900 justus,
2701 829 2800 901 qui
2852 830 3074 887 effusus
3119 835 3209 886 est
3253 846 3432 902 super
3476 834 3714 901 terram,
3749 847 3785 886 a

2133 916 2419 988 sanguine
2452 917 2591 973 Abel
2610 917 2759 989 justi
2793 935 2982 990 usque
3010 919 3080 974 ad
3110 920 3460 991 sanguinem
3489 918 3781 975 Zacharias

2131 1003 2237 1059 ﬁlii
2268 1005 2583 1076 Barachiae,
2618 1023 2790 1078 quem
2840 1006 3138 1063 occidistis
3189 1007 3342 1062 inter
3387 1005 3676 1078 templum
3723 1011 3785 1062 et

2131 1091 2335 1149 altare.
2368 1101 2552 1150 Amen
2591 1095 2721 1151 dico
2752 1095 2940 1162 vobis,
2962 1095 3194 1152 venient
3222 1095 3344 1153 haec
3376 1094 3576 1152 omnia
3604 1110 3786 1168 super

2132 1183 2567 1255 generationem
2618 1183 2813 1240 istam.
2862 1208 2891 1236 ››
2946 1186 3100 1241 ιθθ
3156 1186 3236 1242 De
3287 1184 3431 1241 Abel
3482 1184 3646 1241 nulla
3693 1188 3787 1241 est

2133 1271 2514 1344 ambiguitas,
2571 1272 2715 1344 quin
2764 1273 2815 1330 is
2868 1272 2945 1329 sit
2994 1290 3169 1345 quem
3227 1272 3368 1329 Cain
3397 1274 3628 1330 2frater
3650 1274 3787 1345 ejus

2133 1361 2411 1418 occiderit
2439 1361 2591 1432 (Gen.
2626 1380 2699 1432 1v,
2731 1363 2808 1435 8).
2839 1364 3044 1419 Justus
3072 1365 3269 1418 autem
3315 1378 3431 1418 non
3479 1361 3673 1418 solum
3716 1378 3788 1418 ex

2133 1450 2367 1507 Domini
2391 1467 2547 1507 nunc
2576 1451 2886 1519 sententia,
2922 1452 3022 1508 sed
3055 1467 3125 1507 ex
3153 1451 3398 1507 Genesis
3446 1450 3788 1507 testimonio

2134 1539 2568 1611 comprobatur,
2602 1539 2702 1595 ubi
2752 1545 2990 1612 accepta
3036 1541 3163 1611 ejus
3214 1556 3248 1595 a
3304 1545 3419 1596 Deo
3467 1545 3792 1596 narrantur

2135 1644 2384 1684 munera
2413 1628 2577 1699 (Ibid.
2611 1626 3047 1700 5).‘Qurerimus
3090 1629 3223 1701 quis
3272 1629 3385 1685 iste
3433 1628 3515 1685 sit
3568 1629 3791 1686 Zacha-

2134 1717 2273 1785 rias,
2306 1717 2463 1772 ﬁlius
2489 1717 2801 1788 Barachise,
2838 1718 2978 1790 quia
3007 1719 3226 1774 multos
3272 1717 3525 1790 legimus
3565 1718 3789 1774 Zacha-

380 1802 552 1877 plete.
586 1803 678 1860 Illi
706 1804 1119 1861 interfecerunt
1149 1823 1344 1863 servos
1380 1823 1393 1862 :
1425 1823 1527 1864 vos
1556 1807 1869 1865 Dominum
1901 1826 2028 1864 cru-
2058 1842 2104 1908 Β
2139 1807 2275 1863 rias.
2306 1807 2375 1862 Et
2407 1823 2479 1862 ne
2503 1806 2687 1862 libera
2707 1807 2878 1863 nobis
2899 1807 3256 1864 tribueretur
3278 1805 3491 1863 erroris
3513 1806 3789 1877 facultas,

379 1892 616 1966 ciﬁgite.
651 1892 737 1949 Illi
777 1895 1122 1967 prophetas:
1150 1912 1254 1952 vos
1297 1912 1433 1952 eum
1476 1897 1577 1969 qui
1632 1914 1666 1953 a
1722 1897 2026 1971 prophetis

380 1981 729 2055 praedicatus
758 1986 865 2038 est.

455 2070 640 2142 (Vers.
673 2072 788 2143 33.)
819 2094 848 2121 «
880 2073 1211 2145 Serpentes,
1244 2073 1355 2145 (Al.
1388 2075 1626 2131 additur
1680 2076 1750 2146 et)
1779 2075 2025 2147 genimi-

381 2177 458 2216 na
483 2159 837 2233 viperarum,
870 2162 1161 2232 quomodo
1190 2162 1426 2236 fugietis
1469 2181 1499 2219 a
1538 2164 1764 2235 judicio
1805 2165 2026 2238 gehen-

381 2250 512 2305 naa?
535 2270 563 2300 »
590 2250 705 2305 Hoc
735 2249 932 2321 ipsum
964 2254 1020 2305 et
1047 2250 1303 2307 Joannes
1334 2248 1599 2325 Baptista
1626 2253 1852 2309 dixerat
1872 2258 2023 2322 (Luc.

379 2354 467 2407 ιιι,
497 2338 573 2409 7).
599 2338 765 2394 Sicut
784 2354 922 2410 ergo
948 2339 1018 2394 de
1038 2338 1251 2412 viperis
1275 2345 1601 2397 nascuntur
1621 2342 1939 2414 vipermzsic
1956 2343 2027 2399 de

382 2425 696 2482 bomicidis
730 2427 1144 2498 patribus,vos,
1170 2427 1379 2499 inquit,
1397 2429 1514 2484 nati
1538 2429 1679 2485 estis
1699 2429 2023 2485 homicidae.

453 2513 641 2585 (Vers.
659 2514 808 2585 34.)‹‹
828 2515 959 2570 Ideo
988 2532 1120 2571 ecce
1150 2532 1255 2589 ego
1279 2517 1445 2572 mitto
1472 2518 1543 2572 ad
1567 2534 1667 2573 vos
1689 2511 2026 2590 prophetas,

381 2606 441 2658 et
470 2602 785 2674 sapientes,
819 2608 876 2659 et
896 2604 1140 2677 scribas,
1173 2610 1231 2660 et
1259 2624 1327 2662 ex
1356 2605 1475 2663 illis
1505 2607 1780 2663 occidetis
1801 2612 1858 2663 et
1895 2624 2025 2663 cru-

381 2690 650 2764 ciﬁgetis,
685 2695 744 2747 et
769 2708 838 2748 ex
865 2692 949 2748 eis
972 2693 1347 2766 ﬂagellabitis
1375 2694 1432 2749 in
1464 2695 1776 2768 synagogis
1820 2694 2028 2752 vestris

382 2783 441 2838 et
477 2781 907 2853 persequemini
958 2783 1030 2838 de
1077 2782 1308 2838 civitate
1359 2784 1418 2839 in
1466 2783 1778 2840 civitatem.
1827 2807 1855 2836 »
1908 2784 2027 2841 Hoc

383 2870 535 2941 quod
567 2875 739 2927 antea
769 2870 1125 2942 dixeramus,
1174 2873 1395 2944 Implete
1440 2889 1761 2930 mensuram
1802 2878 2028 2946 patrum

379 2963 702 3027 uestrorum,
726 2959 797 3015 ad
821 2976 1130 3032 personam
1163 2960 1395 3017 Domini
1426 2962 1733 3034 pertinere,
1765 2980 1832 3019 eo
1868 2964 2026 3035 quod

384 3049 741 3105 occidendus
767 3052 923 3105 esset
952 3050 1024 3106 ab
1055 3050 1360 3122 eis,potest
1378 3056 1435 3106 et
1455 3052 1525 3107 ad
1555 3052 1875 3124 discipulos
1897 3053 2026 3125 ejus

383 3138 607 3204 referri,
640 3137 711 3192 de
740 3137 956 3207 quibus
988 3156 1144 3195 nunc
1174 3140 1352 3195 dicit:
1378 3144 1510 3197 Ecce
1536 3156 1638 3214 ego
1667 3143 1828 3198 mitto
1848 3141 1917 3196 ad
1934 3157 2026 3197 vos

2136 1896 2403 1952 additum
2434 1899 2523 1951 est
2556 1912 2569 1951 :
2604 1897 2773 1964 Quem
2795 1896 3068 1953 occidistis
3098 1899 3244 1952 inter
3272 1896 3533 1968 templum
3559 1898 3610 1952 et
3637 1896 3790 1951 atta-

2136 2002 2213 2041 re.
2249 1985 2311 2041 In
2342 1983 2588 2041 diversis
2619 1984 2848 2041 diversa
2889 1984 3026 2057 legi,
3075 1990 3133 2041 et
3181 1985 3364 2041 debeo
3412 1984 3792 2058 singulorum

2137 2073 2442 2146 Opiniones
2473 2089 2707 2145 ponere.
2742 2072 2856 2128 Alii
2896 2073 3240 2130 Zachariam
3271 2073 3460 2130 ﬁlium
3490 2072 3794 2129 Baracbiaa

2136 2163 2361 2232 dicunt,
2396 2162 2494 2233 qui
2523 2162 2585 2217 in
2619 2161 2927 2218 duodecim
2958 2161 3257 2234 prophetis
3295 2161 3646 2218 undecimus
3673 2168 3792 2230 est,

2135 2252 2437 2325 patrisque
2467 2251 2526 2305 in
2560 2266 2626 2306 eo
2656 2266 2869 2308 nomen
2910 2250 3241 2307 consentiat
3286 2252 3394 2323 [Αι.
3435 2250 3792 2321 consentit];

2135 2341 2237 2397 sed
2269 2340 2368 2396 ubi
2400 2340 2632 2396 occisus
2662 2340 2739 2396 sit
2768 2339 2923 2395 inter
2949 2341 3238 2412 tempulm
3285 2346 3345 2397 et
3387 2339 3594 2406 altare,
3641 2339 3797 2396 Scri-

2108 2433 2308 2501 ptura
2337 2446 2453 2485 non
2484 2427 2776 2500 loquitur;
2810 2428 3065 2485 maxime
3096 2446 3231 2485 cum
3261 2427 3630 2500 temporibus
3660 2428 3797 2498 ejus

2133 2517 2229 2572 vix
2257 2516 2440 2572 ruina:
2488 2516 2691 2589 templi
2744 2516 2979 2572 fuerint.
3025 2516 3140 2573 Alii
3187 2515 3525 2572 Zachariam
3559 2519 3796 2589 patrem

2134 2605 2376 2661 Joannis
2407 2604 2655 2678 intelligi
2691 2603 2915 2674 volunt,
2949 2621 3014 2661 ex
3047 2604 3406 2677 quibusdam
3427 2603 3798 2677 apocrypha-

2135 2712 2265 2751 rum
2298 2693 2543 2750 somniis
2573 2693 2990 2766 approbantes,
3021 2695 3178 2766 quod
3211 2698 3518 2767 propterea
3555 2691 3800 2751 occisus

2135 2784 2233 2851 sit,
2287 2782 2423 2855 quia
2482 2782 2795 2839 Salvatoris
2851 2782 3184 2855 praedicarit
3247 2783 3354 2855 [AL
3423 2783 3798 2855 praedicaret]

2134 2874 2470 2930 adventum.
2491 2876 2611 2928 Hoc
2637 2872 2775 2944 quia
2793 2872 2864 2928 de
2884 2871 3203 2944 Scripturis
3223 2889 3339 2928 non
3356 2871 3575 2929 habent
3593 2875 3802 2928 aucto-

2134 2961 2386 3027 ritatem,
2419 2961 2623 3021 eadem
2664 2960 2942 3017 facilitate
2979 2960 3394 3030 contemnitur,
3426 2977 3545 3033 qua
3573 2961 3801 3033 proba-

2133 3056 2249 3107 tur.
2282 3050 2393 3106 Alii
2425 3051 2608 3106 istum
2639 3049 2843 3105 volunt
2867 3050 3229 3121 Zachariam,
3281 3050 3383 3122 qui
3429 3049 3660 3106 occisus
3700 3054 3803 3106 est

2143 3157 2178 3195 a
2205 3140 2343 3196 Joas
2394 3154 2531 3211 rege
2576 3138 2744 3194 Judaa
2774 3139 2929 3195 inter
2955 3137 3243 3211 templum
3274 3141 3331 3194 et
3359 3137 3541 3194 altare
3570 3150 3611 3207 ³,
3640 3138 3806 3194 sicut

385 3224 698 3296 prophetas,
730 3206 786 3279 et
808 3225 1103 3295 sapientes,
1134 3232 1186 3282 et
1213 3230 1441 3296 scribas,
1462 3234 1513 3284 et
1528 3206 1598 3285 ed:
1618 3231 1734 3286 illis
1754 3230 2033 3297 occidetis,
2064 3206 2107 3274 α
2146 3229 2370 3303 Regum
2427 3206 2645 3293 narrat
2671 3225 2937 3284 historia.
2988 3206 3101 3283 Sed
3152 3206 3603 3298 observandum,
3636 3227 3805 3299 quod

383 3321 437 3369 et
463 3313 819 3384 eruciﬁgetis,
852 3315 907 3367 et
947 3314 1312 3383 ﬂagellabitis
1358 3318 1420 3372 in
1469 3322 1771 3391 synagogis
1816 3322 2032 3389 vestris,
2144 3318 2242 3374 ille
2269 3316 2580 3373 Zacharias
2627 3332 2745 3372 non
2791 3316 2870 3372 sit
2915 3315 3075 3373 ﬁlius
3114 3315 3438 3395 ‘Baracbim,
3489 3317 3592 3373 sed
3640 3315 3811 3371 ﬁlius

384 3410 436 3458 et
478 3404 829 3475 persequemi
867 3401 932 3458 de
971 3404 1289 3469 civitate,in
1320 3406 1614 3473 civitatem,
1651 3411 1714 3461 ut
1744 3406 2038 3478 impleatis
2142 3406 2361 3464 Joiada:
2410 3404 2752 3461 sacerdotis.
2808 3405 2973 3461 Unde
3021 3409 3079 3461 et
3118 3406 3422 3478 Scriptura
3451 3406 3652 3473 refert;
3684 3406 3813 3461 Non

2148 3499 2264 3569 fuit
2292 3495 2614 3551 recordatus
2650 3500 2783 3552 Joas
2828 3498 3011 3567 patris
3058 3496 3178 3566 ejus
3220 3496 3466 3564 Joaidse,
3490 3497 3621 3568 quia
3646 3495 3761 3551 sibi
3795 3496 3819 3530 ‘

2150 3586 2370 3661 fecisset
2403 3584 2547 3639 bona
2572 3584 2651 3655 (II
2679 3584 2870 3649 Paral,
2901 3600 3058 3651 xx1v,
3100 3585 3218 3655 22),
3256 3584 3403 3639 Cum
3453 3599 3592 3657 ergo
3619 3588 3677 3639 et
3704 3587 3817 3639 Za-

2148 3672 2409 3730 chariam
2456 3675 2783 3739 teneamus,
2819 3676 2877 3728 et
2920 3672 3233 3729 occisionis
3262 3672 3594 3730 consentiat
3619 3671 3817 3741 locus,

2150 3761 2472 3833 quaerimus
2494 3777 2675 3833 quare
2691 3760 2989 3817 Barachiaa
3007 3761 3238 3817 dicatur
3259 3760 3500 3827 ﬁlius,et
3519 3777 3637 3817 non
3657 3760 3819 3817 Joia-

2151 3849 2277 3905 dsa?
2308 3850 2586 3905 Barachia
2614 3847 2818 3922 lingua
2848 3853 3052 3906 nostra
3076 3850 3383 3911 benedictus
3409 3850 3632 3905 Domini
3661 3849 3816 3905 dici-

386 3507 727 3547 mensuram
774 3495 1009 3562 patrum
1054 3497 1402 3548 vestrorum.
1447 3494 1751 3566 Simulque
1794 3497 2039 3552 observa

378 3581 548 3651 juxta
565 3578 910 3650 Apostolum
936 3579 1287 3636 scribentem
1311 3582 1379 3636 ad
1406 3582 1791 3657 Corinthios(l
1808 3584 2034 3653 Comm,

387 3670 451 3739 1,,
472 3668 505 3722 8
536 3672 593 3723 et
622 3669 968 3739 seq.),varia
997 3684 1125 3725 esse
1156 3671 1310 3726 dona
1338 3670 1762 3744 discipulorum
1794 3672 2036 3741 Christi;

387 3756 537 3815 alios
567 3756 902 3828 prophetas,
947 3757 1044 3829 qui
1077 3763 1321 3815 ventura
1349 3761 1667 3832 pradicant
1693 3763 1745 3830 3;
1781 3762 1925 3819 alios
1955 3780 2043 3819 sa-

304 3848 321 4002 t
390 3844 639 3917 pientes,
674 3844 775 3916 qui
810 3846 1077 3901 noverint
1108 3849 1342 3918 quando
1371 3849 1621 3906 debeant
1649 3852 1904 3923 proferre
1926 3868 2044 3908 ser-

392 3951 661 4002 monem;
696 3933 843 3990 alios
876 3935 1102 3991 scribas
1132 3935 1192 3990 in
1224 3935 1349 4002 lege
1397 3938 1791 4002 doctissimos,
1822 3956 1890 3996 ex
1919 3940 2044 4002 qui-

392 3951 661 4011 m_onem;
696 3933 843 3990 alios
876 3935 1102 3991 scribas
1132 3935 1192 3990 in
1224 3935 1349 4009 lege
1397 3938 1791 4005 doctissimos,
1822 3956 1890 3996 ex
1919 3940 2047 4011 qui-
2150 3942 2333 3995 turzet
2353 3938 2672 3999 sacerdotis
2691 3937 3413 4011 Joiadaajustitia,Hebrteo
3427 3952 3697 3995 sermone
3713 3938 3818 3995 de-

392 4023 505 4080 bus
536 4022 833 4096 lapidatus
886 4028 975 4079 est
1027 4024 1356 4095 Stephanus
1382 4026 1519 4097 (Act.
1552 4044 1653 4095 vn,
1685 4030 1799 4101 58),
1834 4028 2047 4084 Paulus
2157 4031 2520 4087 monstratur
2547 4028 2589 4083 ⁸.
2622 4027 2684 4083 In
2718 4027 3030 4101 Evangelio
3061 4044 3177 4099 quo
3208 4030 3460 4083 utuntur
3485 4027 3817 4094 Nazareni,

394 4111 644 4178 occisus,
704 4112 1019 4168 cruciﬁxus
1075 4111 1301 4182 Petrus,
1358 4114 1629 4187 ﬂagellati
1689 4116 1747 4171 in
1806 4117 2049 4173 Actibus
2158 4134 2262 4190 pro
2291 4118 2407 4188 ﬁlio
2436 4118 2744 4182 Barachiae,
2795 4118 2978 4188 ﬁlium
3022 4116 3235 4175 Joiadz
3283 4115 3608 4189 reperimus
3654 4116 3811 4172 191

474 4219 488 4253 ¹
522 4217 620 4273 llic
651 4235 885 4295 quoque
913 4223 1039 4295 erat
1068 4220 1264 4275 minus
1313 4224 1467 4295 recte
1511 4225 1702 4290 antea,
1732 4226 2049 4295 pra’dicent,

400 4305 504 4361 pro
526 4291 847 4361 praedicant,
873 4292 1027 4362 quod
1062 4308 1205 4348 mss.
1239 4293 1606 4349 substituunt
1639 4310 1650 4349 :
1687 4291 1752 4350 ut
1789 4302 1846 4350 et
1891 4291 2053 4353 nove;

402 4367 672 4441 runtnpro
702 4362 1228 4441 n‘ov_erin_t,_aliaque
1260 4364 1313 4418 id
1340 4382 1526 4441 genus
1557 4365 1770 4424 leviora
1808 4369 2053 4441 passim.

474 4432 496 4506 ξ
528 4431 671 4506 Rab.
706 4432 849 4499 Quin
876 4434 947 4487 sit
966 4431 1166 4504 justus,
1201 4431 1369 4505 queui
1390 4437 1549 4506 Cain,
1580 4441 1689 4494 etc.

475 4503 499 4538 ³
557 4503 683 4583 ῌωο
751 4520 941 4583 porro,
982 4503 1220 4583 hquam‘
1248 4512 1336 4583 et‘
1370 4503 1788 4583 Hieronymus
1825 4512 2052 4583 probat,

2162 4223 2545 4280 occidentem.
2579 4223 2685 4277 Hic
2714 4237 2849 4277 vero
2880 4238 2950 4277 ex
2973 4221 3183 4278 Joiada
3229 4225 3469 4293 parente
3503 4225 3712 4293 gnatus,
3754 4221 3819 4293 in

2163 4296 2307 4351 atrio
2349 4293 2843 4366 domusgDomini,
2879 4294 3037 4365 quod
3085 4292 3416 4366 signiﬁcare
3460 4292 3712 4366 videtur,
3756 4292 3821 4366 in

2165 4338 2313 4422 atrio
2371 4364 2594 4436 populi.
2657 4338 3172 4436 Paralipbmenono
3201 4364 3351 4436 libro
3385 4368 3576 4436 teste,
3641 4338 3824 4436 fu’erit

2166 4434 2414 4509 occisus.
2446 4434 3166 4509 Nihilominus—perplacet
3196 4435 3295 4493 illa
3325 4434 3664 4507 Hieronymi
3692 4449 3824 4491 sen-

2168 4508 2370 4580 tentia,
2405 4508 2464 4580 in
2495 4522 2682 4580 eaque
2711 4508 2873 4563 sisto.

407 4574 642 4702 progior
725 4575 797 4629 ad
878 4575 1178 4630 veritatem
1245 4578 1475 4634 videtur
1541 4574 1851 4649 sententia,
1928 4574 2056 4654 quae
2086 4574 2133 4639 D
2235 4580 2256 4614 ⁴
2287 4574 2521 4634 Rectius
2552 4574 2624 4635 ad
2655 4579 2920 4635 Grmcum
2950 4582 3172 4634 textum
3207 4577 3389 4634 nostri
3421 4594 3565 4634 mss.
3599 4593 3721 4649 quae
3750 4578 3826 4632 si-

407 4652 514 4702 Zac
562 4662 744 4701 ariam
778 4646 1068 4701 Barachiae
1104 4647 1311 4702 ﬁlium.
1359 4650 1429 4702 de
1476 4667 1592 4702 auo
1641 4652 1846 4702 Matth-
1892 4671 2054 4702 xxm-
2168 4653 2243 4702 bi.
2276 4656 2407 4702 etc-.
2443 4666 2545 4702 nro
2575 4651 2727 4702 auia.

406 4646 744 4722 Zachariam
778 4646 1068 4722 Barachiae
1104 4647 1311 4713 ﬁlium,
1354 4650 1429 4722 de
1465 4667 1592 4722 quo
1640 4646 1846 4708 Matth;
1892 4646 2055 4722 xiiii,
2168 4653 2243 4716 bi,
2276 4656 2413 4722 etc,,_
2443 4666 2545 4722 pro
2575 4651 2727 4722 quia.

411 4720 501 4786 35,
535 4719 821 4795 eumdem
860 4718 965 4772 fuci
1013 4734 1140 4795 esse
1191 4736 1320 4795 cum
1350 4718 1628 4795 Zach'aria
1662 4724 1893 4780 Joaadae
1916 4718 2054 4795 ﬁlio,
2239 4724 2261 4795 εἶ
2290 4718 2376 4777 Ita
2401 4718 2543 4795 legit
2574 4718 2918 4795 ms._Codex
2944 4719 3248 4795 Beccengsis
3281 4736 3295 4795 ξ
3324 4719 3425 4795 alii
3456 4735 3591 4776 cum
3621 4718 3821 4795 editis,

412 4806 529 4863 non
558 4788 667 4844 levi
707 4790 1065 4863 suﬁragante
1112 4791 1376 4863 Hebraici
1399 4791 1842 4850 Nazaraznorum
1900 4788 2058 4850 codii
2167 4794 2391 4851 Hebraao
2421 4788 2650 4849 nbmine
2677 4792 3104 4849 demonstratur.
3137 4791 3330 4848 Joiada
3362 4790 3562 4863 itaque
3592 4788 3823 4863 signiﬁ-

409 4861 492 4936 cis
525 4862 980 4936 auctoritate,_in
1013 4878 1131 4936 quo
1161 4862 1586 4936 pro_Bar_achize
1618 4866 1873 4933 nomine,
1904 4868 2058 4922 Joia-
2169 4871 2262 4921 cat
2301 4865 2525 4921 Domini
2582 4866 2975 4936 cognitionem,
3019 4879 3136 4936 non
3170 4861 3601 4936 justz'tiamfnut
3653 4861 3826 4917 testis

2169 4941 2257 4993 est
2300 4934 2685 5007 Hieronymus
2708 4935 2791 5007 fin
2839 4935 2989 5007 libro
3038 4934 3427 5007 Hebraicorum
3473 4935 3774 4991 Nominum
3805 4951 3825 4985 :

2170 5009 2272 5064 sed
2322 5005 2641 5063 sacerdotis
2697 5006 2913 5063 Joiadte
2962 5005 3199 5076 justitia
3254 5005 3493 5061 Hebrum
3549 5019 3825 5076 sermone

2170 5080 2624 5145 demonstratur,
2658 5078 2798 5148 quia
2826 5075 2979 5150 apud
3013 5078 3282 5150 Ilebrazos
3312 5078 3559 5150 scientia
3597 5075 3831 5150 Domini

2169 5150 2456 5222 accipitur
2502 5166 2606 5222 pro
2648 5146 2882 5222 iustitia'
2912 5165 2980 5203 ac
3011 5148 3260 5222 pietate.
3310 5147 3468 5204 Isaiaa
3518 5166 3575 5203 x1
3630 5164 3643 5204 :
3707 5146 3824 5203 Non

2169 5220 2453 5287 nocebunt,
2486 5220 2672 5276 etnon
2710 5220 2952 5276 occident
2996 5221 3058 5275 in
3104 5221 3360 5276 universo
3404 5224 3591 5275 monte
3637 5226 3829 5274 sancto

409 4932 495 4986 da:
528 4948 740 4986 nomen
771 4933 828 4988 S.
883 4932 1051 4988 Pater
1095 4933 1337 4988 invenit.
1385 4934 1732 4992 Concessere
1780 4943 1973 4993 autem
2001 4939 2059 4993 in

408 5003 561 5080 hanc
592 5003 782 5080 ipsam
811 5003 1913 5080 sententiamjampridem‘interpretes
1944 5027 2061 5065 ma.

452 5074 516 5148 ni_
564 5073 818 5148 nominis
856 5091 1007 5145 quos
1051 5073 1373 5148 _sigillatifn
1425 5075 1665 5134 laudare
1706 5073 1820 5135 rion
1849 5087 2058 5148 vacat.

452 5091 509 5129 ni
564 5091 818 5129 nominis
856 5091 1007 5145 quos
1073 5091 1373 5148 Sigillaum
1426 5091 1665 5134 laudare
1706 5096 1820 5135 non
1870 5091 2058 5138 vacat.

412 5091 683 5230 διήγετο
715 5144 910 5230 aliam
944 5148 1016 5202 ab
1048 5146 1154 5202 hac
1191 5153 1579 5230 propugnant,
1614 5146 2060 5230 preter_‘vetus-

418 5216 783 5272 tissimorum
816 5216 1051 5273 Patrum
1094 5216 1523 5286 auctoritatem,
1568 5216 1669 5286 qui
1722 5222 2059 5280 Zachariam

415 5288 661 5367 Joannis
692 5288 964 5367 Baptistae
998 5295 1221 5361 patrem
1248 5291 1339 5346 hic
1371 5309 1404 5346 a
1441 5288 1717 5367 Mattbazo
1740 5296 2059 5367 signiﬁcari

418 5359 850 5436 vulgoputant,
875 5359 929 5415 id
963 5359 1194 5436 quoque
1214 5368 1535 5436 opponunt,
1571 5366 1725 5436 quod
1752 5359 2061 5424 Zacharias

417 5429 546 5519 iste,
579 5429 649 5486 de
680 5447 794 5512 quo
824 5429 1395 5519 loqui—lurphrist'us,
1429 5429 1729 5519 summum
1766 5440 2061 5519 pontiﬁca-

416 5505 1019 5576 tum_gessisse_gnun
1080 5505 1327 5576 dicatur,
1387 5522 1560 5576 quem
1618 5505 1805 5563 tenuit
1865 5526 2061 5565 revera

411 5573 523 5629 iste
552 5573 770 5649 Joiada;
803 5573 1075 5649 ﬁlius.Ad
1108 5575 1227 5631 haac
1257 5576 1353 5649 illc
1385 5573 1509 5632 neci
1538 5580 1786 5637 traditus
1809 5580 2057 5649 dicatur,

428 5645 852 5718 ntcrtemptum
883 5653 937 5703 et
968 5648 1165 5713 altare,
1197 5646 1351 5718 quod
1378 5653 1489 5717 est,
1523 5650 1673 5705 inter
1702 5645 2058 5708 vestibulum

426 5715 707 5789 empli,et‘
729 5715 913 5775 altare
943 5715 1578 5791 holocaustorumﬁive
1598 5722 1668 5777 ad
1693 5724 1822 5794 ejus
1852 5724 2056 5781 altaris

2168 5310 2328 5359 meo;
2358 5293 2489 5364 quia
2518 5294 2727 5364 repleta
2766 5300 2843 5347 est
2893 5299 3064 5364 terra,
3117 5291 3364 5364 scientia
3400 5289 3656 5356 Domini,
3682 5292 3832 5364 sicut

2168 5382 2323 5436 aqua:
2356 5360 2525 5419 inuris
2555 5360 2883 5436 aperientes.
2912 5363 3017 5436 Hic
3046 5365 3102 5418 et
3132 5361 3292 5436 alibi,
3340 5364 3577 5436 scientia
3607 5360 3824 5436 accipi-

2168 5432 2265 5492 tur
2296 5452 2397 5507 pro
2418 5432 2665 5507 justitia,
2697 5434 2855 5491 cultu
2907 5434 3007 5489 Dei
3056 5450 3124 5489 ac
3163 5434 3396 5507 pietate.
3435 5433 3623 5507 MART.
3655 5432 3823 5507 ‘-—’l_n

2168 5502 2533 5563 Cisterciensi
2570 5502 2704 5573 ms.,
2739 5506 3098 5561 Hebraeorum
3116 5502 3345 5577 nomine
3366 5504 3546 5577 :Aolim
3575 5502 3822 5577 vulgati,

2170 5579 2401 5635 Hebraeo
2476 5580 2716 5648 nomine.
2772 5577 3053 5648 Equidem
3112 5576 3255 5644 scio,
3310 5575 3568 5648 Joiadab,
3612 5575 3826 5648 sonare

2168 5651 2430 5706 Dominus
2467 5650 2636 5705 novit.
2672 5647 2847 5720 Unde
2881 5653 2937 5704 et
2983 5647 3372 5720 Hieronymus
3397 5647 3464 5720 in
3494 5647 3615 5704 Lib.
3644 5647 3814 5720 Nom.

2168 5722 2395 5780 Domini
2421 5721 2789 5791 cognitibnem
2819 5717 3257 5792 interpretatur.
3300 5717 3409 5784 Qui
3446 5733 3580 5777 vero
3630 5717 3851 5793 possis.
