4058 6190
286 352 395 415 l8!

765 349 1283 415 COMMENTAR.
1330 351 1410 412 IN
1457 349 1969 414 EVANGELIUM
2014 350 2394 414 MATTHIEI
2438 353 2583 414 LIB.
2632 353 2731 415 IV.
2780 353 2950 416 CAP.
2996 354 3212 418 XXIV.

3568 356 3683 419 189

284 483 589 558 scriptum.
623 482 1025 557 Simpliciores
1053 484 1260 541 fratres
1291 484 1444 540 inter
1492 485 1694 541 ruinas
1725 482 1930 556 templi
1960 485 2011 553 Α
2046 485 2341 542 Desertam
2365 487 2397 542 J
2406 488 2703 542 uda‘orum
2717 488 2981 551 domum,
3009 487 3066 543 id
3088 490 3490 563 est,templum
3510 490 3686 559 illud;

285 578 340 628 et
368 572 589 643 altaris,
624 571 747 627 sive
799 573 857 627 in
888 578 1193 643 portarum
1224 572 1495 643 exitibus,
1528 590 1655 645 quae
1712 572 1930 629 Siloam

285 662 529 733 ducunt,
546 662 727 718 rubra
747 679 889 718 saxa
917 662 1623 733 monstrantes,Zachariaa
1647 662 1933 735 sanguine

285 754 495 825 putant
522 767 655 807 esse
685 750 928 823 polluta.
962 750 1088 806 Non
1138 752 1598 808 condemnemus
1655 767 1929 821 errorem,

284 840 387 913 qui
418 841 488 895 de
514 840 648 896 odio
676 840 1035 908 Judaeorum,
1068 844 1125 895 et
1153 840 1287 896 fidei
1342 842 1555 913 pietate
1609 841 1928 896 descendit.

284 928 568 985 Dicamus
596 928 869 995 breviter,
901 946 1084 1002 quare
1114 930 1357 1002 sanguis
1376 930 1519 986 Abel
1542 914 1712 1002 justi,
1745 946 1934 1001 usque

282 1018 360 1074 ad
390 1017 728 1074 Zachariam
758 1016 946 1073 filium
981 1017 1270 1074 Barachize
1301 1019 1373 1074 ab
1403 1018 1503 1076 illa
1558 1018 1933 1091 generatione

289 1106 645 1178 requiratur,
676 1123 813 1162 cum
844 1111 1120 1164 neutrum
1151 1123 1351 1164 eorum
1383 1108 1676 1164 occiderit.
1711 1106 1933 1179 Regula

285 1194 723 1266 Scripturarum
772 1200 884 1263 est,
943 1197 1092 1252 duas
1158 1196 1559 1269 generationes
1617 1213 1829 1268 ponere
1889 1198 1931 1265 ί,

282 1284 574 1340 bonorum
606 1283 693 1340 vel
725 1283 1043 1355 malorum,
1073 1284 1181 1341 hoc
1212 1286 1697 1357 est,singulorum
1728 1285 1929 1356 singu-

278 1370 391 1428 las.
424 1377 505 1429 De
533 1374 707 1429 bonis
738 1391 1029 1431 sumanus
1060 1374 1330 1447 exempla
1361 1392 1375 1430 :
1409 1377 1541 1443 Quis
1588 1376 1841 1431 ascendet
1873 1377 1932 1430 in

278 1471 527 1519 montem
552 1464 778 1519 Domini
808 1467 837 1519 ?
861 1469 959 1520 aut
982 1467 1105 1536 quis
1132 1465 1430 1535 requiescet
1458 1467 1518 1519 in
1536 1469 1719 1520 monte
1746 1468 1932 1519 sancto

279 1553 404 1623 ejus
432 1552 610 1622 (Psal.
643 1568 805 1624 mu,
838 1554 944 1625 3)?
972 1554 1237 1625 Cumque
1267 1553 1464 1626 plures
1496 1554 1597 1625 qui
1630 1552 1933 1609 ascensuri

278 1643 425 1695 sunt
445 1641 505 1695 in
537 1646 796 1697 montem
827 1641 1522 1712 Domini,descripsisset,
1555 1641 1656 1713 qui
1686 1640 1932 1696 diversis

275 1729 445 1785 fuere
486 1731 779 1800 aetatibus,
831 1735 1035 1802 postea
1088 1730 1304 1786 infert:
1338 1732 1468 1787 Haec
1520 1739 1598 1785 est
1651 1731 1932 1800 generatio

2044 574 2198 645 quod
2235 574 2492 647 fulgebat
2522 576 2834 648 augustius
2865 578 2903 643 ⁵,
2940 575 3123 631 oculis
3177 580 3631 651 comprobemus
3663 597 3682 636 ι

2042 662 2180 733 quia
2210 662 2600 720 habitatorem
2632 664 2929 720 Christum
2961 665 3233 735 perdidit.
3265 671 3322 721 et
3374 668 3681 726 hereditao

2039 756 2158 807 tem
2192 752 2499 824 praeripere
2529 754 2805 825 gestiens,
2846 754 3057 811 occidit
3087 754 3394 812 heredem.

2113 842 2127 911 (
2162 840 2328 897 Vers.
2358 842 2475 910 30.)
2512 866 2531 890 ε
2568 843 2707 898 Dico
2735 844 2896 899 enim
2925 844 3108 901 vobis:
3143 861 3258 900 non
3289 861 3383 901 me
3411 846 3681 904 videbitis

2041 930 2270 996 amodo,
2306 930 2487 985 donec
2518 931 2727 987 dicatis
2761 950 2774 999 ;
2809 932 3158 988 Benedictus
3189 934 3285 1002 qui
3313 934 3470 990 venit
3498 935 3557 991 in
3583 952 3684 992 no-

2041 1017 2199 1073 mine
2235 1018 2460 1074 Domini
2492 1022 2532 1075 ⁶.
2568 1043 2595 1069 ››
2625 1022 2710 1075 Ad
2734 1020 3060 1077 Jerusalem
3090 1021 3372 1095 loquitur,
3400 1028 3457 1079 et
3485 1024 3556 1081 ad
3588 1041 3688 1097 po-

2042 1108 2246 1179 pulum
2279 1108 2635 1164 Judaorum.
2672 1109 3039 1166 Versiculum
3079 1117 3274 1168 autem
3331 1112 3534 1181 istum,
3567 1130 3685 1186 quo

2041 1200 2097 1250 et
2126 1195 2354 1268 parvuli
2387 1201 2561 1269 atque
2591 1198 2872 1255 lactentes
2910 1199 2971 1254 in
3030 1201 3297 1272 ingressu
3356 1203 3683 1261 Jerusalem

2042 1284 2273 1340 Domini
2302 1286 2617 1343 Salvatoris
2648 1288 2737 1343 usi
2768 1293 2926 1344 sunt.
2962 1292 3196 1361 quando
3236 1291 3507 1348 dixerunt
3541 1309 3555 1349 :
3585 1296 3687 1349 Be-

2039 1375 2285 1430 nedictus
2344 1378 2439 1447 qui
2489 1380 2639 1432 venit
2692 1381 2753 1431 in
2810 1380 3032 1434 nomine
3085 1381 3327 1447 Domini,
3377 1398 3596 1440 osanna
3625 1384 3687 1438 in

2040 1468 2264 1519 excelsis
2288 1466 2496 1535 (Matth.
2529 1483 2643 1535 xxi,
2677 1469 2751 1537 9),
2796 1469 3052 1539 sumpsit
3106 1469 3177 1523 de
3232 1469 3549 1527 centesimo
3584 1472 3685 1527 de-

2042 1551 2194 1608 cimo
2227 1554 2476 1625 septimo
2509 1554 2737 1625 psalmo
2771 1558 2928 1626 (vers.
2971 1558 3082 1627 ‘26),
3114 1557 3215 1628 qui
3272 1559 3583 1615 manifeste
3611 1560 3685 1615 de

2041 1643 2292 1697 adventu
2321 1644 2547 1699 Domini
2576 1645 2832 1716 scriptus
2884 1647 3091 1701 est..Et
3150 1648 3305 1718 quod
3364 1647 3524 1715 dicit,
3574 1647 3686 1704 hoc

2039 1729 2163 1784 vult
2192 1730 2437 1804 intelligi
2475 1749 2488 1788 :
2517 1733 2639 1788 Nisi
2672 1734 3075 1805 paenitentiam
3109 1735 3343 1806 egeritis
3374 1738 3523 1807 (Luc.
3553 1754 3684 1805 XIII,

278 1821 650 1891 quaerentium
677 1821 991 1891 Dominum,
1022 1822 1390 1891 quaerentium
1444 1821 1646 1890 faciem
1700 1820 1798 1875 Dei
1823 1824 1928 1875 Ja-
1961 1856 2009 1920 B
2044 1819 2121 1891 3),
2152 1823 2211 1875 et
2241 1820 2492 1877 confessi
2525 1822 2751 1876 fueritis
2781 1822 2977 1893 ipsum
3010 1839 3103 1879 me
3131 1840 3279 1891 esse,
3312 1825 3383 1880 de
3412 1841 3528 1896 quo
3558 1841 3689 1897 pro-

277 1908 397 1964 cob.
423 1908 493 1963 Et
522 1908 580 1963 in
613 1907 729 1964 alio
761 1908 884 1964 loco
914 1909 986 1964 de
1016 1908 1292 1965 omnibus
1346 1911 1565 1966 sanctis
1599 1926 1611 1964 :
1640 1909 1933 1966 Generatio

277 1998 558 2066 iustorum
589 1997 938 2054 benedicetur
965 1998 1135 2070 (Psal.
1168 2016 1276 2065 exn,
1309 1999 1384 2066 2).
1444 2002 1521 2053 De
1550 1997 1722 2054 malis
1774 2014 1930 2067 vero,

284 2092 356 2141 ut
384 2086 447 2150 in
476 2086 752 2158 praesenti
782 2086 906 2142 loco
939 2105 952 2142 :
978 2086 1266 2144 Generatio
1288 2089 1606 2159 viperarum
1625 2089 1793 2158 (Vers.
1819 2087 1930 2157 33).

277 2176 354 2231 Et
376 2194 390 2232 :
426 2176 793 2247 Requirentur
818 2178 1010 2231 omnia
1031 2193 1066 2231 a
1090 2178 1448 2247 generatione
1470 2178 1594 2233 ista.
1609 2178 1679 2231 Et
1707 2177 1765 2230 in
1788 2178 1933 2231 [ze—

275 2263 460 2333 ohiel,
490 2281 626 2320 cum
657 2270 896 2338 peccata
925 2270 1091 2321 terra
1122 2266 1552 2338 descripsisset,
1578 2282 1769 2322 sermo
1800 2283 1933 2337 pro-

279 2352 557 2425 pheticus
585 2353 836 2423 adjecit:
869 2354 934 2410 Si
958 2357 1093 2420 Noe,
1124 2360 1177 2411 et
1205 2356 1323 2423 Job,
1355 2363 1409 2411 et
1438 2356 1656 2426 Daniel,
1688 2358 1769 2410 ibi
1811 2359 1931 2426 [ue-

278 2443 419 2498 rint
447 2444 673 2512 inventi,
704 2460 823 2507 non,
844 2443 1129 2500 dimittam
1159 2452 1387 2516 peccata
1411 2448 1574 2502 terra;
1602 2446 1691 2500 illi
1720 2444 1930 2515 (Ezech.

280 2548 403 2601 xxv,
440 2532 526 2602 14)
558 2549 572 2598 ;
614 2531 830 2588 Omnes
851 2532 1049 2603 justos
1080 2532 1180 2605 qui
1212 2532 1436 2589 similes
1491 2531 1680 2589 forent
1710 2533 1936 2589 virtuti-

284 2622 400 2676 bus
432 2636 635 2677 eorum
658 2623 785 2692 per’
808 2620 925 2679 Noe
955 2627 1012 2677 et
1037 2622 1149 2678 Job
1179 2626 1235 2678 et
1264 2622 1464 2679 Daniel
1499 2621 1695 2679 volens
1722 2622 1934 2677 intelli-

278 2709 367 2781 gi.
399 2709 549 2781 Ergo
580 2714 639 2765 et
666 2711 767 2766 isti
800 2710 901 2782 qui
921 2710 1141 2767 similia
1160 2710 1300 2768 Cain
1331 2716 1388 2767 et
1418 2711 1556 2767 Joas
1577 2716 1778 2768 contra
1797 2728 1935 2784 apo-

282 2797 470 2854 stolos
500 2799 896 2871 gesserint,de
926 2816 1043 2854 una
1061 2800 1437 2872 generatione
1458 2816 1587 2856 esse
1604 2802 1938 2857 referuntur

357 2886 522 2942 Vers.
552 2888 671 2959 37.)
708 2908 731 2937 ι
758 2887 1104 2957 Jerusalem,
1137 2888 1486 2957 Jerusalem,
1537 2906 1665 2961 quae
1722 2890 1939 2945 occidis

279 2976 630 3048 praphetas,
662 2982 720 3032 et
746 2976 977 3049 lapidas
1008 2994 1108 3033 eos
1140 2978 1240 3049 qui
1270 2979 1343 3033 ad
1403 2984 1460 3033 te
1527 2978 1693 3035 missi
1748 2983 1889 3034 sunt
1921 2995 1933 3033 :

284 3064 519 3137 quoties
546 3064 704 3122 volui
735 3080 1087 3139 congregare
1144 3066 1296 3123 filios
1344 3069 1496 3137 tuos,
1558 3068 1937 3137 quemadmo-

281 3154 432 3209 dum
463 3154 688 3227 gallina
716 3159 1031 3228 congregat
1057 3154 1251 3227 pullos
1282 3173 1421 3213 suos
1451 3156 1564 3212 sub
1594 3155 1739 3220 alas,
1771 3160 1941 3211 etno-

2042 1906 2226 1979 pheta:
2281 1909 2637 1980 cecinerunt,
2710 1910 2919 1966 Filium
3000 1911 3417 1984 omnipotentis
3470 1914 3683 1982 Patris,

2042 2013 2233 2052 meam
2269 1998 2473 2053 faciem
2506 2016 2621 2053 non
2649 1999 2937 2054 videbitis.
2987 2000 3211 2056 [labent
3262 2000 3449 2057 Judaei
3480 2003 3684 2060 datum

2048 2086 2160 2141 sibi
2180 2091 2416 2158 tempus
2446 2087 2793 2159 poenitentiae
2829 2105 2840 2143 :
2876 2089 3266 2144 confiteantur
3311 2090 3685 2147 benedictum

2043 2175 2143 2247 qui
2170 2176 2328 2231 venit
2356 2177 2412 2230 in
2446 2176 2679 2232 nomine
2701 2177 2956 2245 Domini,
2988 2182 3044 2232 et
3078 2178 3295 2235 Christi
3326 2196 3428 2235 ora
3457 2180 3688 2254 conspi-

2043 2266 2216 2321 cient.
2430 2270 2443 2277 '

2114 2355 2252 2426 Cap.
2287 2354 2478 2409 XXIV.
2513 2386 2580 2393 —
2611 2354 2774 2409 Vers.
2811 2356 2860 2421 1,
2894 2356 2971 2424 2.)
3006 2380 3033 2404 ‹‹
3067 2357 3135 2410 Et
3189 2372 3461 2429 egressus
3517 2357 3691 2415 Jesus

2043 2445 2114 2500 de
2144 2443 2383 2516 templo,
2420 2444 2560 2498 ibat.
2596 2444 2661 2498 Et
2692 2448 3066 2499 accesserunt
3113 2445 3388 2517 discipuli
3442 2447 3593 2518 ejus,
3627 2451 3692 2505 ut

2044 2527 2423 2590 osten‘derent
2452 2533 2504 2587 ei
2536 2533 2953 2588 aediﬁcationes
2986 2533 3347 2607 templi.lpse
3376 2539 3571 2593 autem
3601 2553 3690 2593 re-

2045 2624 2364 2694 spondens,
2400 2622 2545 2677 dixit
2574 2621 2692 2676 illis
2728 2641 2740 2689 ;
2771 2622 2998 2677 Videtis
3057 2623 3176 2678 haec
3212 2624 3482 2682 omnia?
3512 2628 3691 2683 Amen

2045 2712 2175 2767 dico
2207 2711 2372 2766 vobis
2412 2730 2426 2779 ;
2459 2728 2575 2766 non
2608 2710 2976 2781 relinquetur
3008 2710 3103 2765 hic
3131 2711 3284 2784 lapis
3342 2729 3519 2786 super
3546 2714 3691 2787 lapi-

2047 2802 2202 2871 dem,
2235 2801 2333 2872 qui
2366 2817 2481 2854 non
2515 2801 2869 2854 destruatur.
2906 2823 2932 2848 »
2964 2800 3141 2855 Juxta
3197 2801 3503 2857 historiam
3560 2819 3693 2859 ma-

2046 2890 2297 2946 nifestus
2327 2894 2415 2944 est
2444 2906 2673 2945 sensus.
2712 2888 3036 2944 Recedente
3093 2892 3286 2944 autem
3346 2892 3592 2947 Domino
3621 2891 3693 2947 de

2047 2978 2493 3050 templo,omnia
2522 2976 2666 3047 legis
2697 2976 2964 3043 aediﬁcia,
2985 2982 3042 3031 et
3072 2977 3415 3048 compositio
3445 2980 3691 3035 manda-

2046 3073 2240 3124 torum
2273 3067 2353 3121 ita
2383 3067 2683 3121 destructa
2712 3068 2820 3129 est,
2856 3070 2918 3117 ut
2966 3063 3112 3118 nihil
3145 3082 3178 3119 a
3231 3064 3451 3122 Judaais
3507 3068 3695 3138 possit

2048 3156 2281 3228 impleri
2315 3173 2327 3210 :
2365 3160 2422 3209 et
2452 3154 2641 3224 capite
2662 3152 2916 3221 sublato,
2952 3153 3224 3209 universa
3253 3154 3406 3210 inter
3424 3172 3488 3211 se
3517 3171 3699 3212 mem-

288 3220 510 3299 luisti-l
545 3265 574 3292 ››
603 3220 963 3311 Jerusalem:
984 3220 1101 3300 non
1130 3261 1272 3300 saxa
1299 3248 1358 3300 et
1399 3244 1640 3299 aediﬁcia
1666 3244 1935 3312 civitatis,
1970 3220 2012 3286 (ἶ
2053 3220 2158 3300 bra
2188 3220 2605 3315 compugnent.

282 3332 394 3387 sed
427 3331 794 3389 habitatores
821 3337 1005 3399 vocat,
1037 3350 1215 3404 quam
1245 3332 1470 3406 plangit
1497 3332 1679 3405 patris
1709 3333 1940 3401 affectu,

284 3420 445 3476 sicut
474 3425 531 3476 et
551 3421 611 3476 in
643 3422 757 3477 alio
791 3422 917 3478 loco
946 3421 1222 3494 legimus,
1256 3423 1411 3494 quod
1442 3423 1646 3478 videns
1676 3438 1807 3478 eam
1842 3423 1943 3477 ﬂe-

283 3510 435 3565 verit
462 3510 615 3581 (Luc.
645 3528 763 3581 xxv,
797 3512 903 3583 41).
946 3512 1009 3566 In
1040 3528 1109 3567 eo
1135 3516 1332 3567 autem
1364 3512 1518 3582 quod
1572 3510 1716 3567 dicit
1747 3527 1760 3566 :
1800 3512 1940 3579 Quo-

282 3600 388 3654 ties
416 3599 568 3654 volui
588 3614 922 3671 congregare
950 3598 1093 3669 ﬁlios
1136 3605 1278 3664 tuos,
1339 3616 1543 3655 omnes
1599 3602 1750 3655 retro
1805 3615 1941 3671 pro-

272 3687 497 3759 phetas
524 3705 561 3744 a
589 3704 653 3743 se
675 3688 892 3744 missos
921 3704 1051 3745 esse
1080 3692 1346 3744 testatur.
1408 3686 1648 3743 Gallinae
1708 3703 1941 3759 quoque

267 3776 735 3833 similitudinem
764 3778 1176 3851 congregantis
1208 3777 1319 3833 sub
1368 3776 1492 3833 alas
1524 3775 1716 3847 pullos
1775 3793 1936 3846 suos,

270 3864 334 3919 in
367 3865 596 3921 cantico
622 3864 1066 3921 Deuteronomii
1099 3864 1352 3938 legimus
1379 3881 1393 3919 :
1429 3865 1579 3920 Sicut
1607 3865 1802 3936 aquila
1816 3880 1941 3936 pro—

271 3955 417 4021 tegit
448 3954 640 4009 nidum
668 3971 855 4022 suum,
886 3958 952 4010 at
981 3970 1149 4026 super
1172 3954 1354 4025 pullos
1384 3970 1512 4010 suos
1538 3954 1867 4009 desideravit
1894 3954 1936 4023 ³,

278 4043 606 4114 expandens
633 4044 756 4099 alas
784 4060 918 4100 suas
944 4046 1183 4116 suscepit
1229 4045 1280 4099 et
1328 4042 1466 4098 tulit
1513 4058 1679 4114 super
1725 4059 1937 4114 pennas

262 4148 291 4186 ε
306 4148 410 4187 uas
437 4134 618 4205 (Deut.
656 4150 833 4201 xxxn,
866 4134 922 4189 tl
937 4135 975 4204 ).

344 4222 502 4278 192
533 4226 555 4291 (
584 4222 749 4279 Vers.
786 4224 903 4293 30.)
937 4246 965 4273 ‹‹
998 4227 1140 4279 Ecce
1198 4221 1563 4293 relinquetur
1616 4221 1777 4277 vobis
1830 4222 1930 4276 do~

266 4327 403 4366 mus
430 4314 638 4367 vestra
670 4311 907 4368 desera.
946 4333 975 4360 n
1006 4315 1126 4367 Hoc
1156 4310 1351 4382 ipsum
1370 4327 1441 4365 ex
1463 4310 1932 4382 personnaJere-

270 4399 403 4455 mia
426 4400 555 4470 jam
585 4404 721 4456 ante
759 4400 1024 4456 dixerat:
1064 4400 1282 4472 Reliqui
1334 4400 1555 4455 domum
1608 4417 1807 4467 meam,
1838 4400 1928 4455 di-

265 4490 401 4545 misi
426 4489 815 4546 hzreditatem
856 4506 1040 4545 meam
1068 4508 1086 4543 :
1116 4491 1267 4560 facta
1315 4493 1397 4545 est
1450 4490 1592 4544 mihi
1638 4490 1930 4546 haereditas

2127 3334 2313 3405 (Vers.
2344 3335 2401 3399 3,
2433 3334 2511 3399 4.)
2542 3354 2568 3381 ‹‹
2604 3332 2850 3386 Sedente
2882 3334 3077 3386 autem
3109 3348 3176 3387 eo
3232 3349 3411 3404 super
3438 3337 3699 3390 montem

2054 3423 2284 3492 Oliveti,
2316 3425 2689 3476 accesserunt
2719 3421 2789 3475 ad
2821 3437 2953 3475 eum
3004 3420 3277 3493 discipuli
3333 3427 3575 3491 secreto,
3610 3423 3701 3479 di-

2055 3517 2251 3568 centes
2283 3529 2294 3566 :
2329 3510 2429 3564 Dic
2455 3510 2623 3564 nobis
2656 3510 2891 3580 quando
2924 3509 3044 3564 haec
3069 3515 3264 3580 erunt,
3296 3514 3353 3565 et
3410 3512 3564 3583 quod
3616 3512 3698 3568 si-

2051 3618 2233 3674 gnum
2264 3600 2550 3655 adventus
2576 3599 2684 3664 tui,
2707 3604 2765 3654 et
2794 3600 3323 3655 consummationis
3353 3600 3550 3656 saeculi
3581 3601 3609 3655 ‘?
3630 3602 3700 3658 Et

2053 3690 2414 3761 respondens
2460 3690 2653 3754 Jesus,
2711 3686 2855 3741 dixit
2895 3687 2979 3743 eis
3013 3706 3025 3744 :
3060 3688 3261 3743 Videte
3309 3705 3381 3744 ne
3437 3689 3539 3760 qui
3594 3705 3697 3746 vos

2051 3780 2319 3835 seducet.
2360 3800 2385 3825 ››
2414 3777 2585 3831 Sedet
2614 3776 2674 3830 in
2736 3780 2932 3832 monte
2961 3776 3189 3843 Oliveti,
3246 3778 3347 3832 ubi
3376 3794 3579 3834 verum
3605 3777 3694 3834 lu-

2049 3885 2184 3923 men
2242 3867 2496 3922 scientize
2556 3866 2925 3932 nascebatur,
2972 3871 3028 3921 et
3085 3867 3369 3921 accedunt
3430 3867 3503 3923 ad
3561 3883 3697 3923 eum

2049 3958 2204 4013 193
2235 3954 2508 4026 discipuli
2542 3959 2784 4020 secreto,
2815 3955 2915 4025 qui
2948 3956 3227 4026 mysteria
3254 3959 3312 4010 et
3359 3956 3694 4011 futurorum

2047 4045 2459 4101 revelationem
2491 4060 2661 4098 nosse
2690 4043 3020 4114 cupiebant,
3053 4047 3110 4098 ct
3136 4044 3505 4115 interrogant
3532 4043 3645 4099 tria
3677 4061 3691 4111 ;

2046 4136 2168 4199 Quo
2200 4140 2461 4205 tempore
2489 4131 2817 4187 Jerusalem
2851 4132 3205 4187 destruenda
3261 4132 3337 4186 sit
3369 4149 3382 4199 ;
3410 4148 3527 4204 quo
3555 4148 3694 4188 ven-

2047 4229 2216 4279 turus
2246 4222 2517 4278 Christus
2552 4239 2564 4288 ;
2600 4238 2713 4291 quo
2758 4219 3187 4275 consummatio
3244 4220 3437 4276 saeculi
3498 4222 3692 4277 futura

2041 4314 2137 4370 sit.

2112 4402 2298 4471 (Vers.
2330 4402 2410 4467 5.)
2462 4421 2486 4450 α
2519 4398 2681 4452 Multi
2712 4399 2867 4453 enim
2922 4397 3156 4453 venient
3183 4398 3239 4452 in
3291 4398 3527 4455 nomine
3558 4415 3686 4455 meo

2038 4492 2298 4547 dicentes
2332 4507 2344 4544 :
2380 4490 2497 4559 Ego
2529 4504 2661 4543 sum
2694 4487 2983 4554 Christus,
3028 4492 3086 4542 et
3132 4487 3351 4544 multos
3379 4489 3680 4545 seducent.

267 4595 387 4635 mea
445 4581 620 4651 quasi
654 4580 916 4652 spelunca
980 4578 1195 4651 hyaenae
1256 4579 1277 4612 ‘
1343 4579 1561 4649 (Jerem.
1630 4596 1731 4647 x11,
1799 4581 2284 4653 7,8DQuorum
2343 4595 2496 4639 unus
2556 4581 2642 4633 est
2689 4577 2889 4634 Simon
2930 4576 3353 4644 Samaritanus,
3385 4592 3560 4648 quem
3618 4576 3680 4631 in

267 4703 606 4777 signiﬁcare
621 4704 922 4777 justitiam,
981 4707 1114 4759 ante
1170 4702 1568 4759 Martianaaum
1625 4702 1916 4777 Victorius

269 4776 573 4848 utcunque
601 4776 909 4848 ostendere
952 4779 1198 4831 conatus
1253 4778 1342 4830 est
1397 4791 1487 4848 ex
1522 4790 1609 4844 eo,
1667 4776 1821 4848 quod
1855 4776 1914 4830 in

266 4847 589 4928 Scripturis
617 4848 847 4928 scientia
872 4847 1114 4928 Domini,
1157 4863 1260 4928 pro
1296 4847 1524 4928 justitia
1582 4862 1647 4901 ac
1680 4847 1918 4928 veritate

267 4917 612 4991 accipiatur.
648 4923 783 4973 Late
812 4918 991 4991 enim,
1025 4917 1236 4988 inquit,
1286 4917 1534 4988 justitite
1594 4935 1697 4972 vox
1737 4923 1915 4991 patet,

265 4989 422 5046 unde
445 4989 719 5045 Psalmus
748 5006 884 5045 xvm
918 5005 929 5043 :
964 4990 1201 5045 Iustitiae
1234 4991 1455 5045 Domini
1512 4994 1688 5057 recla’,
1741 4990 1919 5059 Leti/i-

263 5071 446 5120 cante:
474 5062 694 5133 corda:
726 5066 1069 5133 Praeceptum
1083 5062 1305 5133 Domini
1331 5060 1920 5133 lucidumilluminans

264 5134 468 5201 oculos,
501 5131 759 5188 similem
792 5131 969 5188 habet
998 5131 1484 5205 significationem
1542 5131 1778 5205 voxque
1808 5133 1915 5188 He-

267 5205 465 5261 braice
489 5205 575 5260 ibi
605 5220 722 5260 non
756 5208 845 5260 est
876 5214 1043 5290 ip'ut,
1068 5204 1169 5259 sed
1199 5213 1392 5290 ἽἾΊΡΞ.
1426 5204 1589 5259 Sicut
1620 5204 1918 5274 Psal.xvn,

267 5297 616 5367 Etjustitias
645 5297 767 5367 ejus
792 5311 903 5367 non
932 5296 1117 5366 repuli
1143 5312 1178 5349 a
1206 5311 1323 5361 me;
1355 5310 1459 5365 pro
1482 5294 1746 5365 justitias
1768 5295 1916 5366 ejus,

265 5366 473 5455 13mph
508 5366 722 5441 legitur
752 5366 811 5421 in
842 5366 1096 5422 Hebrzno.

339 5459 355 5491 ¹
388 5454 537 5513 Tres
568 5456 753 5511 Palat.
792 5472 960 5525 mss.,
996 5456 1197 5524 Regula
1229 5454 1646 5525 Scripturarum
1671 5461 1766 5519 est,
1784 5455 1921 5509 duas

268 5530 653 5601 generationes
683 5524 952 5583 bonorum
976 5531 1030 5583 et
1058 5528 1334 5583 malorum
1354 5524 1645 5595 nosse,hoc
1680 5534 1775 5592 est,
1810 5529 1918 5581 etc.

342 5619 366 5653 ²
389 5615 674 5675 Voculam
699 5633 824 5690 per,
851 5617 1123 5689 ignorant
1152 5615 1398 5672 Palatini
1429 5631 1573 5672 mss.

340 5708 365 5741 ³
394 5706 581 5765 Iidem
614 5722 786 5779 mss.,
816 5706 1084 5764 desirerat
1115 5705 1370 5774 ;rectius
1398 5719 1534 5762 vero
1555 5702 1629 5761 ad
1660 5702 1922 5761 Graecum

2027 4709 2275 4771 textum,
2309 4720 2445 4774 cum
2465 4702 2616 4774 olim
2647 4702 2926 4774 vulgatis,
2956 4701 3132 4757 verbo
3161 4702 3419 4773 suscepit,
3452 4700 3681 4756 addunt

2028 4795 2113 4835 eos
2138 4796 2155 4831 .·
2187 4770 2398 4842 Greece,
2432 4770 2643 4841 ἐδέξατο
2668 4770 2880 4833 αὖτᾎύς.

2100 4851 2119 4883 ⁵
2152 4850 2213 4901 In
2245 4840 2581 4902 vetustioris
2613 4846 2794 4900 Palat.
2829 4843 3047 4899 codicis
3079 4842 3298 4915 alboin
3332 4842 3489 4898 calce
3518 4840 3678 4915 pagi-

2027 4939 2113 4975 na:
2145 4920 2258 4974 huc
2292 4919 2611 4973 revocanda
2642 4916 2699 4970 in
2733 4919 2949 4970 textum
2984 4915 3104 4969 haec
3149 4914 3484 4970 subduntur
3513 4913 3670 4986 glos-

2030 4990 2240 5047 satoris
2267 4991 2441 5044 verba
2474 5007 2485 5043 :
2527 5012 2546 5037 «
2583 4994 2680 5042 Est
2738 4986 2952 5041 animal
3014 4987 3165 5057 quod
3225 4990 3419 5041 Graece
3457 4986 3673 5041 dicitur

2028 5065 2251 5135 hyzena,
2286 5062 2485 5116 Latine
2519 5059 2729 5124 bellua,
2764 5059 2834 5111 de
2867 5058 3111 5135 qualex
3151 5057 3338 5135 dicit;
3371 5059 3485 5113 Non
3517 5075 3672 5135 man-

2028 5128 2255 5189 durabis
2271 5135 2561 5211 bymnam,
2595 5146 2769 5211 neque
2798 5128 2937 5211 quod
2958 5130 3140 5211 simile
3164 5137 3241 5185 est
3270 5129 3379 5211 illi,
3413 5132 3675 5211 quoniam

2030 5199 2375 5260 immundum
2405 5202 2619 5257 animal
2660 5205 2756 5255 est.
2819 5199 3199 5271 Physiologus
3258 5199 3527 5255 dicit—de
3582 5216 3670 5267 eo,

2030 5277 2309 5363 qupniam
2342 5276 2490 5363 duas
2522 5277 2761 5363 natpraps
2792 5271 3671 5363 habetquodaliquandoumas:

2030 5342 2198 5403 culus
2226 5351 2332 5412 est,
2367 5344 2681 5415 aliquando
2716 5342 2949 5397 femina.
2982 5342 3339 5415 Cuisimiles
3396 5342 3670 5415 aestimati

2031 5426 2169 5475 sunt
2202 5418 2303 5471 lilii
2340 5414 2534 5481 Israel,
2569 5416 2846 5485 quoniam
2876 5415 2947 5468 ab
2980 5414 3142 5470 initio
3194 5414 3431 5486 quidem
3465 5414 3671 5470 servie-

2031 5496 2169 5545 runt
2200 5495 2310 5543 Deo
2341 5489 2489 5549 vivo,
2526 5492 2725 5558 postea
2754 5504 2886 5541 vero
2916 5486 3138 5542 deliciis
3169 5492 3226 5542 et
3275 5486 3523 5542 luxuriis
3570 5487 3669 5541 de-

2031 5563 2157 5626 diti,
2190 5560 2344 5616 idola
2375 5559 2676 5614 coluerint.
2715 5581 2735 5605 ι»

2103 5636 2123 5668 ⁵
2155 5635 2219 5689 In
2252 5631 2433 5687 Palat.
2467 5648 2636 5697 mss.,
2669 5629 2818 5698 Quod
2846 5637 2974 5685 ante
3002 5629 3259 5700 fulgebat
3286 5635 3596 5701 augustum.

2102 5708 2123 5743 θ
2150 5705 2275 5762 Duo
2306 5720 2473 5773 mss.,
2507 5706 2603 5774 qui
2630 5709 2890 5758 venturus
2917 5706 3019 5757 cst.
