4058 6190
359 346 477 412 183

1608 350 1675 414 S.
1719 348 2036 416 EUSEBII
2078 348 2524 417 HIERONYMI

3646 342 3758 409 184

358 481 599 540 Actibus
627 479 1023 553 apostolorum
1056 481 1326 561 legimus,
1359 482 1460 557 qui
1490 500 1553 541 se
1604 500 1879 557 magnam
1911 482 2005 537 di-
2033 486 2089 553 Α
2118 483 2280 557 regni
2312 484 2371 540 in
2402 485 2669 541 uoiverso
2700 484 2861 552 orbe,
2893 482 2955 540 in
3012 477 3418 539 testimonium
3475 477 3755 537 omnibus

365 572 531 628 cebat
559 586 688 627 esse
716 571 817 627 Dei
847 572 1124 630 virtutem
1163 576 1301 644 (Act.
1356 592 1478 642 VIII,
1540 575 1648 645 10),
1709 573 1832 629 haec
1861 589 2005 645 quo-

371 676 486 733 que
540 658 694 715 inter
749 662 855 730 [Αἰ.
906 661 985 736 et]
1042 666 1247 720 caetera
1304 664 1362 719 in
1421 662 1547 719 suis
1606 661 2007 718 voluminibus

366 748 590 821 scripta
619 750 969 807 dimittens:
1003 754 1111 824 Ego
1164 769 1285 808 sum
1339 769 1514 808 sermo
1572 754 1689 819 Dei,
1742 765 1836 823 ego
1885 768 2007 807 sum

359 840 638 912 speciosus
667 856 761 911 ego
787 843 1119 913 paracletus,
1152 859 1254 916 ego
1280 844 1639 914 omnipotens,
1698 857 1796 913 ego
1822 843 2008 897 omnia

360 928 477 984 Dei.
513 928 625 983 Sed
661 934 717 984 et
747 929 1004 985 Joannes
1035 931 1336 1004 apostolus
1368 932 1427 986 in
1480 930 1729 1003 epistola
1777 946 1885 986 sua
1928 929 2009 986 lo-

361 1017 615 1089 quitur:
676 1018 921 1074 Audistis
972 1022 1105 1090 quia
1161 1021 1531 1077 Antichristus
1586 1028 1849 1075 venturus
1904 1027 2005 1086 est,

364 1122 515 1162 nunc
544 1114 728 1163 autem
758 1108 1077 1164 Antichristi
1106 1110 1272 1165 multi
1316 1112 1443 1165 sunt
1500 1111 1544 1180 (ι
1573 1111 1738 1165 Joan.
1801 1126 1862 1176 ιι,
1897 1108 2007 1179 18).

365 1195 481 1268 Ego
530 1213 663 1252 reor
713 1214 915 1253 omnes
971 1197 1387 1255 haeresiarchas
1419 1198 1808 1254 Antichristos
1857 1213 2007 1253 esse.

366 1287 424 1339 et
453 1285 562 1340 sub
593 1286 829 1341 nomine
859 1285 1073 1341 Christi
1123 1304 1192 1343 ea
1251 1288 1479 1353 docere,
1537 1303 1663 1358 qua
1721 1286 2013 1342 contraria

366 1377 507 1429 sunt
526 1373 775 1431 Christo.
803 1377 919 1431 Nec
945 1377 1161 1431 mirum
1195 1376 1245 1432 si
1276 1376 1504 1449 aliquos
1560 1376 1631 1431 ab
1689 1375 1782 1430 bis
1812 1373 2010 1431 videa-

368 1478 503 1518 mus
532 1463 752 1535 seduci,
777 1480 913 1520 cum
947 1466 1232 1521 Dominus
1264 1465 1513 1522 dixerit:
1547 1467 1611 1522 Et
1629 1466 1829 1521 mullos
1856 1465 2013 1520 sedu-

366 1555 505 1607 cent.

439 1641 622 1713 (Vers.
655 1642 733 1713 6.)
769 1661 796 1693 α
827 1642 1103 1697 Audituri
1130 1643 1287 1698 enim
1345 1643 1488 1700 estis
1524 1642 1741 1716 prmlia,
1802 1646 1860 1699 et
1889 1642 2012 1714 opi-

367 1729 571 1785 niones
594 1729 928 1802 praeliorum
962 1731 1193 1787 :videte
1252 1749 1323 1787 ne
1384 1731 1723 1787 turbemini.
1778 1732 2017 1805 Oportet

366 1817 525 1873 enim
557 1818 679 1873 haec
710 1818 835 1873 ﬁeri
870 1837 883 1887 ;
918 1820 1019 1875 sed
1046 1821 1309 1876 nondum
1340 1826 1428 1877 est
1461 1821 1618 1878 ﬁnis.
1656 1843 1678 1870 ι
1714 1820 1861 1876 Cum
1893 1820 2014 1875 haec

368 1905 551 1979 igitur
579 1908 703 1965 fieri
734 1907 1075 1977 viderimus,
1109 1926 1224 1965 non
1278 1915 1554 1982 putemus
1610 1910 1765 1967 diem
1796 1910 2016 1966 instare

365 1995 601 2067 judicii,
633 1998 737 2052 sed
766 1994 829 2051 in
889 2001 1123 2071 tempus
1180 1998 1325 2055 illud
1384 2000 1686 2066 reservari,
1737 1999 1906 2071 cujus
1938 1999 2015 2054 si-

374 2100 557 2158 gnum
588 2087 896 2159 perspicue
928 2087 985 2141 in
1012 2088 1513 2160 consequentibus
1544 2089 1801 2160 ponitur.

446 2173 627 2246 (Vers.
648 2177 703 2241 7,
731 2178 811 2245 8.)
844 2197 871 2226 ‹‹
904 2176 1234 2249 Consurget
1261 2178 1417 2233 enim
1476 2193 1620 2251 gens
1648 2183 1852 2233 contra
1878 2192 2019 2249 gen-

372 2266 515 2330 tem,
546 2267 604 2319 et
632 2279 879 2337 regnum
910 2270 1113 2320 contra
1144 2282 1411 2338 regnum,
1444 2271 1502 2322 et
1531 2270 1700 2323 erunt
1740 2266 2017 2337 pestilen-

373 2351 467 2407 tiae
498 2357 555 2408 et
584 2352 790 2421 fames,
824 2358 880 2409 et
908 2358 1072 2410 terrae
1106 2359 1302 2410 motus
1332 2372 1434 2427 per
1490 2354 1635 2410 loca.
1670 2378 1697 2405 ‹‹
1732 2354 1861 2409 Haec
1917 2370 2019 2408 au-

373 2444 494 2497 tem
527 2442 727 2496 omnia
753 2441 924 2497 initia
954 2444 1094 2499 sunt
1136 2442 1424 2498 dolorum.
1460 2464 1488 2492 »
1519 2443 1645 2499 Non
1704 2441 1936 2515 ambigo
1966 2445 2024 2497 et

380 2529 504 2584 hac
546 2530 785 2601 quidem
834 2531 1007 2601 juxta
1058 2531 1311 2587 litteram
1368 2532 1563 2587 futura
1620 2548 1747 2604 quae
1807 2516 2025 2602 scripta

374 2622 516 2674 sunt
549 2635 562 2673 :
596 2619 697 2673 sed
731 2618 875 2673 mihi
905 2620 1137 2675 videtur
1164 2636 1410 2692 regnum
1444 2625 1647 2676 contra
1668 2626 1934 2692 regnum,
1967 2623 2025 2675 et

374 2706 711 2780 pestilentia
740 2723 966 2775 eorum,
999 2724 1250 2779 quorum
1283 2702 1475 2765 ser'mo
1507 2710 1691 2781 serpit
1721 2713 1787 2764 ut
1815 2724 2024 2765 cancer

374 2795 451 2868 (II
484 2796 619 2851 Tim.
654 2813 716 2865 ιι,
752 2796 863 2868 17),
923 2800 982 2851 et
1033 2796 1217 2853 fames
1276 2797 1550 2853 audiendi
1606 2797 1850 2853 verbum
1899 2796 2022 2862 Dei,

376 2887 435 2940 et
464 2884 777 2941 commotio
811 2884 1094 2941 universae
1124 2889 1312 2950 terrae,
1346 2891 1404 2941 ct
1435 2904 1469 2941 a
1524 2902 1659 2942 vera
1714 2886 1827 2941 fide
1850 2902 2020 2958 sepa-

378 2973 554 3037 ratio,
587 2973 647 3029 in
680 2972 968 3030 haereticis
1015 2974 1205 3047 magis
1262 2973 1529 3047 intelligi,
1586 2968 1932 3047 qui'contra
1962 2990 2025 3029 se

386 3062 636 3118 invicem
666 3063 1039 3131 dimicantes,
1092 3062 1360 3119 Ecclesiae
1419 3063 1723 3120 victoriam
1780 3063 2021 3119 faciunt.

2116 574 2392 646 gentibus
2430 592 2443 642 ;
2474 578 2533 631 et
2559 578 2699 630 tunc
2729 572 2920 630 veniet
2962 569 3413 628 consummatio.
3446 588 3474 621 υ
3515 569 3759 642 Signum

2117 663 2403 719 Dominici
2435 665 2721 720 adventus
2750 667 2858 729 est,
2894 660 3271 734 Evangelium
3329 659 3387 714 in
3442 661 3564 715 toto
3623 658 3760 714 orbe

2117 752 2417 824 praedicari
2444 756 2509 807 ut
2537 751 2736 808 nullus
2766 752 2845 807 sit
2876 748 3222 806 excusabilis
3255 766 3269 816 ;
3304 748 3458 820 quod
3510 750 3615 802 aut
3635 747 3762 818 jam

2118 840 2493 914 completum,
2521 844 2623 897 aut
2652 841 2710 896 in
2742 840 2901 896 brevi
2931 838 3228 895 cernimus
3286 853 3415 894 esse
3464 836 3764 908 complen-

2117 930 2280 985 dum.
2314 931 2439 986 Non
2472 930 2630 987 enim
2662 934 2803 1002 puto
2835 928 3092 1000 aliquam
3120 925 3474 984 remansisse
3502 929 3760 998 gentem,

2118 1036 2247 1091 quae
2278 1019 2493 1075 Christi
2552 1035 2766 1075 nomen
2824 1019 3072 1091 ignoret.
3132 1020 3200 1091 Et
3254 1030 3596 1089 quanquam
3647 1030 3766 1071 non

2119 1109 2389 1165 habuerit
2418 1109 2879 1182 praedicatorem,
2910 1113 3106 1163 tamen
3138 1123 3207 1163 ex
3260 1105 3471 1162 vicinis
3512 1103 3768 1161 nationi-

2120 1199 2231 1254 bus
2263 1198 2595 1271 opinionem
2630 1197 2765 1254 ﬁdei
2792 1214 2905 1253 non
2941 1200 3132 1270 potest
3163 1196 3452 1269 ignorare.

2192 1288 2378 1356 (Vers.
2413 1289 2527 1358 15.)
2560 1310 2587 1337 ››
2618 1290 2760 1343 Cum
2793 1302 2932 1359 ergo
2961 1284 3223 1341 videritis
3272 1283 3771 1340 abominationem

2120 1376 2523 1446 desolationis,
2555 1392 2681 1447 qua:
2737 1374 2895 1431 dicta
2943 1378 3033 1430 est
3089 1390 3123 1429 a
3173 1372 3404 1429 Daniele
3462 1371 3773 1445 propheta,

2120 1469 2373 1522 stantem
2429 1465 2489 1519 in
2538 1464 2664 1520 loco
2714 1468 2936 1531 sancto,
2993 1462 3094 1535 qui
3150 1461 3312 1535 legit,
3364 1460 3677 1535 intelligat.
3741 1481 3774 1511 η

2121 1555 2363 1619 Quando
2397 1554 2469 1610 ad
2501 1553 2947 1626 intelligentiam
2996 1568 3400 1625 provocamur,
3452 1550 3773 1623 mysticum

2123 1647 2491 1699 monstratur
2519 1659 2647 1699 esse
2677 1643 2834 1715 quod
2860 1642 3086 1698 dictum
3117 1645 3224 1697 est.
3267 1639 3543 1714 Legimus
3574 1647 3773 1696 autem

2122 1733 2182 1788 in
2212 1731 2452 1789 Daniele
2481 1732 2591 1788 hoc
2649 1732 2822 1787 modo
2852 1748 2865 1786 :
2898 1733 2974 1787 Et
3005 1733 3063 1786 in
3120 1730 3369 1787 dimidio
3424 1728 3778 1785 hebdomadis

2123 1822 2409 1898 auferetur
2436 1821 2774 1877 sacriﬁcium
2800 1827 2851 1876 et
2880 1814 3181 1888 libamina,
3215 1823 3266 1875 et
3312 1820 3375 1874 in
3420 1818 3620 1891 templo
3647 1819 3781 1874 abo-

2123 1912 2358 1968 minatio
2378 1911 2780 1967 desolationum
2833 1911 2939 1965 erit
2989 1925 3162 1981 usque
3215 1909 3286 1964 ad
3341 1909 3778 1965 consummatio-

2123 2016 2252 2057 nem
2279 2002 2561 2072 temporis,
2584 2004 2637 2054 et
2666 2000 3066 2055 consummatio
3121 1997 3347 2053 dabitur
3385 2013 3554 2070 super
3579 1997 3783 2053 solitu-

2125 2090 2316 2146 dinem
2337 2089 2503 2160 (Dan.
2537 2105 2615 2156 1x,
2644 2089 2724 2157 7).
2757 2087 2838 2143 De
2862 2087 2973 2143 hoc
3022 2090 3079 2142 et
3122 2085 3434 2159 Apostolus
3479 2084 3771 2157 loquitur.

2128 2179 2285 2251 quod
2316 2177 2489 2233 homo
2520 2176 2851 2249 iniquitatis
2879 2180 2937 2232 et
2965 2175 3337 2234 adversarius
3360 2173 3675 2231 elevandus
3698 2172 3784 2229 sit

2129 2271 2334 2323 contra
2363 2280 2536 2323 omne
2566 2265 2721 2338 quod
2754 2264 2976 2321 dicitur
3004 2268 3174 2331 Deus,
3224 2267 3282 2320 et
3309 2262 3522 2319 colitur
3553 2279 3567 2330 ;
3600 2262 3682 2318 ita
3713 2265 3788 2318 ut

2131 2355 2343 2412 audeat
2371 2358 2525 2410 stare
2579 2354 2637 2409 in
2669 2352 2886 2426 templo
2943 2353 3068 2419 Dei,
3126 2357 3184 2408 et
3235 2352 3540 2409 ostendere
3568 2352 3590 2386 ³
3618 2349 3783 2423 quod

2130 2444 2256 2517 ipse
2287 2444 2365 2500 sit
2393 2443 2547 2500 Deus
2575 2444 2653 2515 (II
2706 2442 2880 2498 Thess.
2946 2458 3009 2509 ιι,
3057 2442 3112 2511 3,
3143 2441 3220 2513 Δ),
3277 2440 3447 2511 cujus
3493 2439 3783 2495 adventus

2132 2534 2458 2590 secundum
2490 2532 2887 2604 operationem
2940 2530 3166 2586 Satanae
3204 2530 3472 2586 destruat
3525 2544 3647 2594 eos,
3711 2530 3780 2583 et

2132 2622 2205 2677 ad
2240 2621 2335 2677 Dei
2392 2619 2774 2676 solitudinem
2828 2617 3074 2691 redigat,
3138 2616 3240 2689 qui
3284 2632 3347 2672 se
3404 2616 3787 2689 susceperint

2132 2709 2291 2782 (Ibid.
2318 2710 2371 2777 8,
2404 2708 2481 2781 9).
2516 2708 2706 2765 Potest
2734 2710 2930 2764 autem
2963 2705 3309 2778 simpliciter
3363 2708 3466 2761 aut
3519 2705 3591 2761 de
3619 2703 3786 2760 Anti-

2134 2796 2620 2869 cbristosaccipi,
2680 2800 2782 2851 aut
2838 2796 2910 2852 de
2965 2795 3221 2869 imagine
3269 2794 3532 2865 Caesaris,
3590 2809 3785 2866 quam

2135 2887 2360 2943 Pilatus
2389 2886 2587 2959 posuit
2613 2886 2673 2940 in
2714 2884 2934 2958 templo
2969 2902 2984 2953 ;
3017 2887 3119 2940 aut
3173 2884 3245 2939 de
3303 2881 3547 2939 Adriani
3602 2898 3788 2954 eque-

2134 2976 2241 3032 stri
2272 2979 2483 3044 statua,
2517 2991 2644 3047 quae
2674 2974 2736 3029 in
2784 2974 2935 3031 195
2996 2972 3126 3045 ipso
3181 2976 3382 3029 sancto
3438 2975 3787 3028 sanctorum

2134 3064 2260 3122 loco
2290 3079 2478 3136 usque
2506 3063 2567 3119 in
2598 3067 2945 3136 praesentem
2976 3061 3131 3118 diem
3173 3060 3352 3118 stetit.
3400 3060 3783 3117 Abominatio

377 3150 541 3215 Quod
581 3156 777 3206 autem
824 3152 964 3205 dirit
994 3168 1007 3206 :
1043 3154 1162 3208 Hmc
1219 3161 1403 3208 autem
1456 3155 1649 3209 omnia
1704 3154 1871 3208 initia
1899 3160 2027 3208 sunt
2063 3224 2081 3227 _
2136 3171 2388 3227 quoque,
2421 3152 2744 3210 secundum
2795 3156 3051 3208 veterem
3108 3150 3496 3223 Scripturam,
3554 3148 3786 3206 idolum

384 3237 656 3306 dolorum,
719 3236 933 3293 melius
989 3242 1360 3311 transfertur,
1411 3243 1853 3312 parturitionum
1885 3256 1899 3297 :
1956 3245 2021 3296 ut
2048 3224 2092 3292 (ἶ
2130 3224 2509 3315 nuncupatur
2540 3257 2553 3297 :
2585 3244 2645 3297 et
2673 3240 2890 3296 idcirco
2920 3238 3179 3306 additur,
3197 3239 3589 3306 desolationis;
3621 3237 3787 3309 quod

375 3325 546 3399 quasi
578 3330 894 3397 conceptus
924 3326 1166 3398 quidam
1198 3328 1482 3383 adventus
1511 3329 1874 3400 Antichristi,
1908 3345 2022 3384 non

374 3420 579 3488 partus
610 3415 991 3487 intelligatur.

447 3506 635 3576 (Vers.
666 3504 746 3576 9.)
779 3526 807 3554 ‹‹
840 3505 1005 3559 Tunc
1032 3504 1266 3559 tradent
1301 3520 1403 3560 vos
1451 3505 1509 3559 in
1560 3504 2023 3576 tribulationem,

375 3597 432 3649 et
460 3592 729 3648 occident
755 3608 858 3647 vos
893 3610 905 3660 ;
938 3598 996 3648 et
1031 3592 1192 3649 eritis
1244 3592 1378 3648 odio
1435 3592 1712 3649 omnibus
1751 3593 2027 3666 gentibus

382 3682 539 3737 194
570 3685 807 3753 pr0pter
835 3697 1048 3736 nomen
1082 3697 1301 3737 meum.
1336 3704 1365 3732 «
1400 3683 1505 3737 Per
1550 3681 1848 3755 apostolos
1897 3698 2026 3737 om-

383 3770 550 3825 nium
581 3770 945 3825 credentium
994 3786 1246 3842 persona
1294 3770 1580 3842 signatur,
1641 3789 1756 3828 non
1814 3756 1930 3843 quo
1961 3787 2027 3827 eo

378 3866 643 3930 tempore
673 3858 920 3931 apostoli
952 3859 1012 3914 in
1044 3876 1283 3931 corpore
1314 3860 1639 3932 reperiendi
1662 3861 1801 3916 sint.

454 3948 641 4019 (Vers.
675 3948 763 4018 12,
797 3948 908 4019 l3.)
942 3971 969 3997 ς(
1003 3949 1073 4003 Et
1096 3947 1372 4019 quoniam
1432 3949 1756 4006 abundabit
1811 3949 2028 4022 iniqui-

383 4040 496 4103 tas,
530 4036 865 4109 refrigescet
894 4036 1149 4092 charitas
1181 4036 1634 4101 multorum.Qui
1667 4043 1862 4094 autem
1897 4055 2030 4111 per-

385 4126 735 4182 severaverit
792 4142 983 4197 usque
1040 4126 1113 4181 ad
1171 4126 1371 4192 ﬁnem,
1440 4125 1534 4181 hic
1586 4127 1782 4183 salvus
1838 4127 1966 4182 erit.
2003 4149 2024 4176 ιι

384 4214 515 4271 Non
547 4214 811 4270 omnium
840 4215 1073 4286 negavit
1100 4215 1294 4283 fidem,
1338 4216 1438 4272 sed
1488 4215 1831 4272 multorum.
1864 4215 2032 4271 Multi

386 4302 543 4358 enim
578 4303 783 4370 vocati,
817 4304 986 4375 pauci
1018 4321 1150 4360 vero
1182 4303 1372 4361 electi.
1433 4305 1609 4360 Nam‘
1636 4305 1694 4360 in
1754 4305 2031 4378 apostolis

388 4394 448 4447 et
479 4390 774 4447 similibus
805 4407 1009 4447 eorum
1047 4410 1435 4466 permansura
1488 4399 1576 4451 ost
1629 4394 1904 4462 charitas,
1961 4396 2033 4453 de

388 4496 506 4552 qua
527 4480 813 4554 scriptum
845 4486 935 4537 est
966 4498 978 4535 :
1008 4483 1173 4554 Aquae
1226 4484 1413 4539 multae
1466 4500 1578 4540 non
1632 4490 1888 4553 poterunt
1940 4500 2034 4541 ex-

389 4572 673 4643 stinguere
703 4571 724 4605 ²
751 4570 1077 4627 charitatem
1105 4571 1284 4638 (Cant.
1316 4589 1435 4638 vm,
1474 4573 1551 4643 7).
1584 4573 1652 4627 Et
1708 4573 1833 4644 ipse
1892 4574 2032 4630 Pau-

386 4657 481 4715 lus
514 4677 528 4716 :
562 4659 705 4732 Quis
738 4675 837 4715 nos
864 4660 1149 4730 separabit
1174 4674 1209 4713 a
1260 4658 1522 4715 charitate
1571 4660 1777 4715 Christi
1805 4663 1830 4714 .9
1856 4662 2030 4715 tribu-

389 4750 541 4819 latio,
574 4766 648 4805 an
678 4750 959 4819 angustia,
993 4766 1069 4804 an
1122 4749 1297 4818 [ames
1357 4749 1535 4819 (Rom.
1594 4766 1717 4817 VIII,
1774 4750 1890 4821 35.)
1920 4750 1948 4805 ?
1978 4754 2035 4807 et

388 4836 634 4908 reliqua.

460 4925 644 4995 (Vers.
678 4927 790 4998 14.)
820 4948 849 4976 ‹‹
886 4927 954 4981 Et
1010 4923 1428 4998 przedicabitur
1485 4926 1595 4982 hoc
1654 4927 2031 5000 Evangelium

466 5104 730 5158 iAuctor
778 5103 1237 5159 Constitutionum
1299 5104 1581 5229 Agnostom.
1638 5100 1870 5177 Οἴδαμεν
1930 5107 2032 5181 γὰρ

466 5174 558 5226 tot
589 5173 711 5229 περὶ
746 5172 983 5229 Σίμωνά
1024 5174 1113 5228 καὶ
1172 5173 1309 5229 Κλεό
1355 5197 1432 5229 ιον
1491 5171 1627 5229 ἷώδη
1688 5175 2031 5229 συντάξαντες

392 5169 558 5247 ὅτι-οξ
589 5173 711 5247 περὶ
740 5172 983 5247 Σίμωνα
1024 5174 1113 5228 καὶ
1172 5169 1432 5247 Κλεόϐιρν
1491 5171 1627 5244 ἷώδη
1688 5169 2031 5247 συνῖτάξανίεεξ

396 5242 587 5335 βιὲλία
618 5242 699 5299 air
730 5242 957 5335 ᾆνόμπιτι
1014 5250 1265 5333 ξρισςτοξ,
1317 5246 1406 5301 καί
1454 5250 1562 5300 τῶν
1596 5242 1879 5335 “gallinam
1940 5248 2031 5302 αὖ·

391 5316 939 5393 λεοῧλπεριφὲροῡσιν
1000 5316 1075 5393 eis
1127 5316 1365 5393 ditatem,
1424 5323 1533 5375 etc.
1588 5316 1807 5375 Seimus
1862 5324 2030 5389 enim,

393 5389 535 5462 quod
559 5390 654 5460 qui
680 5389 962 5445 Simonem
992 5390 1378 5461 Cleobiumque
1420 5395 1716 5457 sectantur,
1750 5396 2034 5447 venenatos

393 5461 765 5535 componentes
795 5462 965 5517 libros
994 5462 1093 5516 sub
1128 5461 1335 5535 Christi
1361 5468 1415 5517 et
1452 5463 1869 5535 discipulorum
1914 5464 2033 5535 ejus

400 5535 626 5587 nomine
652 5533 1048 5604 circumferunt
1076 5534 1147 5588 ad
1183 5534 1521 5606 decipiendos
1578 5550 1688 5590 vos.
1753 5533 2036 5606 Memorat

396 5619 630 5690 quoque
648 5603 874 5690 Auctor
899 5606 1213 5690 de‘D'ivinis
1236 5603 1706 5690 nomzlzibusmap.
1737 5603 2033 5690 65.2mm:-

396 5672 489 5737 ἱος
520 5672 923 5752 οἱντιρῥητικνῦς
972 5672 1193 5751 λόγους.
1252 5681 1317 5733 In
1375 5672 1601 5735 Praefat.
1648 5672 1923 5736 'Arabica
1958 5678 2030 5735 ad

2133 3333 2191 3387 in
2223 3330 2484 3388 desolato
2513 3329 2731 3402 templo
2780 3334 2956 3401 atque
3013 3329 3311 3385 destructo
3366 3326 3591 3383 idolum
3622 3325 3786 3400 posi-

2132 3424 2259 3476 tum
2286 3419 2384 3475 sit.

2208 3508 2391 3580 (Vers.
2431 3510 2495 3564 16
2524 3508 2671 3579 seq.)
2727 3529 2749 3557 α
2794 3507 2959 3562 Tunc
3016 3506 3116 3579 qui
3147 3505 3209 3561 in
3264 3505 3468 3562 Judaa
3495 3508 3654 3573 sunt,
3688 3503 3787 3559 fu-

2137 3598 2301 3671 giant
2330 3597 2401 3651 ad
2434 3600 2665 3652 montes
2697 3613 2711 3665 ;
2743 3599 2801 3651 et
2826 3595 2925 3668 qui
2973 3594 3032 3650 in
3080 3598 3252 3665 tecto,
3303 3610 3419 3650 non
3467 3592 3791 3649 descendat

2137 3685 2340 3742 tollere
2368 3684 2590 3758 aliquid
2621 3685 2694 3741 de
2730 3685 2902 3740 domo
2934 3700 3043 3740 sua
3075 3700 3089 3754 ;
3121 3687 3178 3739 et
3207 3683 3309 3756 qui
3351 3683 3411 3738 in
3468 3698 3633 3756 agro,
3663 3697 3789 3737 non

2138 3777 2462 3830 revertatur
2490 3772 2699 3829 tollere
2754 3772 3019 3828 tunicam
3077 3787 3267 3828 suam.
3331 3793 3359 3821 ››
3415 3768 3789 3827 Abominatio

2138 3860 2515 3919 desolationis
2546 3860 2795 3934 intelligi
2827 3864 3037 3933 potest,
3091 3864 3150 3916 et
3175 3876 3349 3916 omne
3404 3858 3617 3931 dogma
3646 3875 3793 3931 per-

2143 3968 2410 4008 versum:
2436 3951 2592 4023 quod
2624 3967 2758 4006 cum
2780 3948 3103 4005 viderimus
3130 3953 3287 4005 stare
3319 3949 3379 4003 in
3411 3946 3536 4003 loco
3557 3951 3788 4018 sancto,

2140 4043 2250 4097 hoc
2281 4045 2390 4111 est,
2423 4040 2482 4095 in
2515 4038 2791 4109 Ecclesia,
2824 4043 2883 4094 et
2911 4053 2974 4095 se
3003 4038 3311 4094 ostendam
3368 4036 3574 4102 Deum,
3601 4035 3791 4105 (debe-

2142 4146 2275 4185 mus
2307 4129 2506 4201 fugere
2528 4129 2599 4184 de
2630 4127 2833 4184 Judaaa
2863 4127 2935 4184 ad
2967 4130 3217 4193 montes,
3258 4125 3369 4181 hoc
3393 4129 3504 4193 est,
3537 4124 3791 4180 dimissa

2140 4217 2439 4274 occidente
2467 4215 2665 4272 littera
2704 4220 2764 4272 et
2818 4215 3067 4272 Judaica
3114 4214 3418 4288 pravitate,
3464 4211 3787 4286 appropin-

2142 4322 2322 4377 quare
2352 4305 2654 4362 montibus
2684 4304 3016 4372 aeteruis,de
3046 4303 3262 4376 quibus
3290 4301 3590 4358 illuminat
3615 4301 3791 4357 mira-

2142 4394 2337 4450 biliter
2371 4396 2523 4451 Deus
2554 4395 2727 4467 (Psal.
2764 4411 2925 4466 Lxxv,
2955 4395 3013 4463 5)
3048 4411 3062 4462 ;
3092 4396 3149 4449 et
3176 4408 3301 4449 esse
3346 4391 3405 4448 in
3456 4394 3608 4448 tecto
3638 4393 3697 4447 et
3724 4390 3789 4447 in

2142 4485 2399 4553 domate,
2440 4500 2557 4556 quo
2613 4500 2729 4540 non
2788 4481 3020 4555 possint
3076 4481 3262 4561 ignita
3316 4479 3531 4537 diaboli
3582 4478 3791 4552 jacula

2062 4596 2112 4660 ι)
2141 4573 2491 4646 pervenire;
2539 4588 2644 4628 nec
2690 4571 3042 4660 descendere
3095 4575 3155 4626 et
3208 4568 3410 4626 tollere
3465 4567 3687 4639 aliquid
3716 4568 3794 4624 de

2141 4664 2315 4719 domo
2346 4660 2806 4718 conversationis
2854 4659 3109 4734 pristinae
3144 4676 3157 4715 :
3191 4674 3296 4714 nec
3347 4671 3605 4731 quaerere
3659 4673 3791 4729 qua

2142 4757 2465 4809 retrorsum
2496 4754 2636 4807 sunt
2668 4768 2682 4818 ;
2717 4750 2817 4806 scd
2851 4747 3038 4820 magis
3098 4763 3290 4803 serere
3329 4746 3388 4802 in
3446 4761 3588 4819 agro
3617 4744 3793 4817 spiri-

2141 4841 2391 4897 tualium
2426 4838 2884 4911 Scripturarum,
2918 4842 2983 4894 ut
3012 4837 3239 4893 fructus
3267 4836 3570 4909 capiamus
3600 4851 3671 4891 ex
3699 4850 3790 4890 eo.

2141 4930 2255 4987 Nec
2284 4928 2486 4986 tollere
2515 4928 2760 4985 alteram
2793 4926 3262 4998 tunicam,quam
3293 4923 3543 4998 apostoli
3574 4924 3791 4981 habere

2141 5104 2462 5162 Concilium
2520 5103 2819 5175 Niczenum
2853 5119 2865 5159 :
2901 5125 2961 5175 «ﬂ
2990 5102 3113 5159 Sibi
3171 5100 3632 5175 autemiperﬂdi
3687 5100 3787 5158 isti

2142 5176 2437 5235 Simonitae
2470 5174 2845 5249 Evangelium
2876 5173 3504 5249 el‘ﬁnxerunt,quo_d‘in
3535 5176 3789 5246 quatuor

2142 5254 2333 5305 tomos
2363 5244 2659 5319 secantes;
2682 5247 2899 5319 librum
2930 5250 3183 5317 quatuor
3211 5244 3572 5318 angulorum
3594 5249 3653 5302 et
3668 5261 3792 5301 car-

2141 5321 2347 5392 dinum
2381 5319 2587 5392 mundi
2618 5318 3005 5392 appellarunt.
3036 5340 3065 5392 _»

2212 5393 2234 5424 ²
2262 5389 2531 5462 Plerique
2561 5388 2729 5461 mssf,
2762 5406 2905 5463 aqua
2932 5390 3109 5445 multa
3163 5404 3274 5444 non
3324 5390 3533 5460 poterit
3584 5388 3791 5444 exstin-

2141 5478 2428 5616 it-‘f’lflnus
2460 5534 2731 5616 Palatia”
2764 5532 2904 5616 quod
2931 5534 3050 5616 ipse
3078 5534 3153 5589 sit
3183 5529 3460 5616 Citristus,
3478 5546 3598 5616 _pro
3625 5530 3787 5616 Dens,

2143 5604 2212 5679 Et
2242 5605 2415 5679 paulo
2444 5609 2595 5679 post,
2611 5603 2706 5679 _ad_
2717 5602 3095 5662 solitudinem
3152 5602 3387 5673 redigat,
3440 5602 3661 5674 absque
3689 5602 3787 5659 Dei

2142 5674 2769 5748 intérjectofvooabulo.
2788 5732 2793 5736 .
2954 5706 2959 5709 -
