4058 6190
289 355 406 420 185

779 357 1295 424 COMMENTAR.
1344 359 1424 422 IN
1468 357 1984 424 EVANGELIUM
2029 357 2408 422 MATTHEI
2451 361 2596 423 LlB.
2643 361 2748 424 1V.
2786 361 2958 423 CAP.
3003 362 3221 426 XXIV.

3588 363 3703 428 186

291 489 700 564 prohibentur.
735 495 811 547 De
841 492 949 548 hoc
977 492 1124 563 loco,
1156 493 1210 548 id
1245 497 1356 562 est,
1407 496 1476 550 de
1509 494 1942 550 abominatione
1972 493 2027 560 Α
2057 498 2302 573 pliciter,
2337 502 2402 554 ut
2439 504 2572 554 ante
2617 499 2736 568 jam
2786 497 2922 567 dixi,
2973 496 3135 553 locus
3181 497 3276 553 hic
3321 496 3700 556 disserendus

293 579 694 646 desolationis,
747 597 873 652 quae
931 581 1090 638 dicta
1143 587 1231 638 est
1289 600 1324 638 a
1364 583 1598 639 Daniele
1639 583 1940 655 propheta,

293 673 483 725 stante
529 669 589 724 in
649 668 776 725 loco
836 676 1066 738 sancto,
1127 671 1313 728 multa
1359 672 1716 745 Porphyrius
1773 671 1944 727 tertio

292 758 517 814 decimo
567 758 760 831 operis
794 759 883 815 sui
922 760 1218 816 volumine
1261 767 1463 816 contra
1510 778 1614 817 nos
1665 761 1942 832 blasphe-

289 847 490 915 mavit,
545 847 640 903 cui
689 848 978 904 Eusebius
1009 850 1381 906 Caesariensis
1415 851 1726 923 episcopus
1754 849 1944 906 tribus

289 937 594 1009 respondit
645 937 1065 1009 voluminibus,
1127 939 1354 996 decimo
1411 944 1630 1007 octavo,
1719 940 1944 995 decimo

288 1043 470 1096 nono,
519 1030 574 1081 et
623 1025 921 1084 vicesimo.
967 1027 1321 1100 Apollinaris
1380 1030 1488 1101 [Αἰ.
1521 1027 1942 1102 Apollinarius]

291 1131 530 1187 quoque
561 1115 796 1187 scripsit
823 1115 1197 1188 plenissime:
1241 1118 1649 1190 superﬂueque
1703 1121 1945 1173 conatus

289 1208 383 1260 est
413 1221 529 1259 uno
561 1203 817 1276 capitulo
843 1204 992 1260 velle
1021 1205 1330 1274 disserere,
1363 1207 1434 1262 de
1466 1223 1580 1278 quo
1606 1207 1787 1262 tantis
1817 1223 1942 1262 ver-

285 1309 463 1349 suum
496 1292 762 1349 millibus
794 1293 1160 1366 disputatum
1193 1299 1300 1350 est.

358 1391 546 1459 (Vers.
606 1393 716 1462 19.)
771 1413 796 1443 α
844 1393 942 1447 Vae
987 1397 1185 1449 autem
1239 1393 1678 1466 praegnantibus
1727 1399 1784 1449 et
1831 1412 1943 1450 nu-

282 1480 606 1536 trientibus
630 1479 689 1535 in
721 1479 841 1536 illis
871 1481 1100 1536 diebus.
1136 1504 1164 1530 »
1197 1483 1289 1536 Vae
1321 1481 1437 1537 illis
1467 1482 1799 1548 animabus,
1816 1500 1943 1555 quis

281 1585 402 1624 non
431 1567 492 1622 in
527 1569 852 1640 perfectum
901 1569 1090 1625 virum
1152 1587 1260 1626 sua
1313 1570 1613 1642 genimina
1660 1573 1940 1643 perduxe-

281 1662 443 1724 runt,
487 1657 588 1713 sed
640 1657 810 1712 initia
854 1658 1073 1714 habent
1118 1659 1274 1727 ﬁdei,
1306 1664 1374 1714 ut
1404 1660 1758 1716 enutritiono
1786 1661 1940 1717 indi-

281 1749 460 1820 geant
491 1746 932 1819 magistrorum.
964 1747 1082 1803 Hoc
1113 1765 1343 1820 quoque
1391 1749 1507 1804 dici
1539 1754 1750 1821 potest,
1783 1751 1940 1820 quod

279 1835 343 1891 in
374 1836 783 1908 persecutione
820 1836 1186 1906 Antichristi,
1221 1855 1322 1893 seu
1374 1839 1648 1894 Romanae
1697 1839 1938 1911 captivi-
1969 1868 2018 1934 B

279 1924 421 1979 tatis
479 1928 848 1998 praegnantes
892 1929 949 1981 et
990 1925 1337 1998 nutrientes,
1383 1928 1532 1983 uteri
1580 1932 1636 1983 et
1682 1929 1937 1984 ﬁliorum

276 2013 514 2070 sarcina
545 2015 910 2086 praegravati,
940 2016 1271 2087 expeditam
1318 2017 1514 2088 fugam
1568 2017 1781 2074 habere
1821 2035 1935 2074 non

277 2101 598 2174 quiverint.

351 2189 538 2260 (Vers.
587 2191 702 2262 20.)
753 2213 781 2241 (ι
841 2191 1014 2247 Orate
1062 2195 1280 2258 autem,
1332 2197 1398 2248 ut
1463 2210 1577 2248 non
1641 2194 1742 2250 fiat
1801 2195 1939 2268 fuga

273 2283 476 2334 vestra
518 2279 729 2350 hieme,
781 2280 868 2335 vel
923 2281 1196 2336 Sabbato.
1251 2304 1278 2330 »
1341 2280 1394 2335 Si
1469 2283 1540 2337 de
1605 2283 1939 2355 captivitate

275 2368 608 2425 Jerusalem
637 2367 1001 2426 voluerimus
1046 2369 1326 2441 accipere,
1380 2372 1614 2442 quando
1647 2389 1680 2426 a
1712 2373 1838 2428 Tito
1881 2377 1939 2428 et

278 2457 642 2529 Vespasiano
697 2461 866 2530 capta
920 2463 1028 2525 est,
1098 2475 1262 2514 orare
1337 2459 1570 2526 debent,
1656 2477 1728 2516 ne
1799 2461 1938 2533 fuga

277 2561 487 2602 eorum
534 2546 746 2614 hieme,
797 2546 885 2602 vel
939 2547 1194 2603 Sabbato
1247 2548 1388 2616 fiat;
1441 2548 1698 2616 quia-in
1755 2549 1935 2605 altero

277 2635 501 2690 duritia
532 2635 766 2708 frigoris
817 2635 1088 2708 prohibet
1139 2637 1210 2692 ad
1272 2635 1618 2692 solitudines
1676 2655 1935 2710 pergere,

279 2725 435 2780 196
467 2727 525 2779 et
553 2724 613 2778 in
645 2724 946 2780 montibus
999 2725 1366 2798 desertisque
1414 2725 1686 2781 latitare:
1742 2728 1801 2781 in
1847 2727 1935 2782 al-

277 2816 424 2879 tero,
456 2818 561 2868 aut
616 2814 1005 2885 transgressio
1037 2815 1206 2887 Legis
1237 2819 1344 2884 est,
1391 2814 1441 2870 si
1491 2815 1690 2888 fugere
1739 2817 1936 2872 volue-

276 2903 416 2968 rint,
449 2905 553 2957 aut
583 2919 745 2958 mors
776 2903 1116 2970 imminens,
1141 2903 1192 2959 si
1218 2904 1627 2960 remanserint.
1650 2907 1707 2959 Si
1739 2911 1933 2962 autem

277 2991 352 3047 de
381 2992 890 3048 consummatione
922 2993 1127 3048 mundi
1157 2992 1524 3065 intelligitur,
1576 2994 1686 3050 hoc
1732 2999 1931 3066 praeci-

273 3081 382 3153 pit,
409 3087 475 3136 ut
506 3097 623 3136 non
655 3079 994 3152 refrigescat
1024 3081 1169 3137 ﬁdes
1200 3086 1402 3137 nostra
1427 3087 1484 3137 et
1525 3082 1586 3137 in
1635 3083 1933 3138 Christum

2055 594 2179 658 est;
2213 593 2314 646 aut
2345 591 2415 645 de
2445 593 2706 662 tempore
2754 587 3078 644 obsidionis
3123 589 3430 655 Romanae;
3484 592 3584 643 aut
3631 589 3702 644 de

2054 680 2557 736 consummatione
2587 679 2831 746 mundi;
2868 683 2968 733 aut
3007 678 3076 732 de
3117 677 3519 733 hereticorum
3561 693 3698 734 con-

2053 772 2144 825 tra
2191 767 2504 824 Ecclesiam
2553 784 2770 841 pugna,
2815 772 2872 824 et
2920 766 3252 822 istiusmodi
3316 767 3696 834 antichristis,

2055 858 2156 930 qui
2186 859 2296 913 sub
2329 858 2601 930 opinione
2633 857 2789 914 falsa:
2847 856 3100 912 scientia:
3145 858 3348 911 contra
3403 856 3697 912 Christum

2056 948 2356 1002 dimicant.

2126 1037 2310 1107 (Vers.
2344 1038 2434 1105 25,
2465 1037 2580 1108 26.)
2619 1058 2641 1086 ‹‹
2673 1037 2731 1093 Si
2759 1053 2893 1108 ergo
2925 1035 3177 1092 dixerint
3221 1035 3408 1102 vobis,
3461 1050 3592 1090 ecce
3639 1035 3698 1090 in

2053 1127 2283 1182 deserto
2327 1130 2434 1193 est,
2485 1126 2662 1182 nolite
2709 1126 2900 1192 exire;
2956 1141 3085 1181 ecce
3149 1125 3207 1179 in
3282 1124 3699 1196 penetralibus,

2054 1216 2233 1272 nolite
2262 1217 2515 1272 credere.
2552 1239 2579 1266 ››
2612 1215 2672 1271 Si
2703 1215 2835 1286 quis
2882 1213 3217 1286 promiserit
3257 1214 3421 1268 vobis
3453 1214 3607 1285 quod
3639 1215 3698 1268 in

2052 1306 2280 1361 deserto
2310 1305 2616 1378 gentilium
2649 1309 2705 1360 et
2728 1304 3211 1377 philosophorum
3242 1303 3516 1375 dogmate
3537 1303 3700 1358 Chri-

2055 1400 2180 1451 stus
2227 1399 2518 1462 moretur;
2571 1399 2673 1451 aut
2719 1396 2777 1449 in
2821 1394 3225 1449 haereticorum
3275 1392 3698 1464 penetralibus,

2053 1485 2150 1556 qui
2201 1485 2297 1540 Dei
2352 1485 2704 1558 pollicentur
2753 1501 2985 1551 arcana,
3039 1483 3218 1538 nolite
3277 1481 3450 1548 exire,
3524 1481 3700 1537 nolite

2053 1575 2328 1635 credere;
2376 1575 2496 1630 sive
2546 1574 2706 1646 (quia
2753 1573 3174 1646 persecutionis
3205 1576 3260 1627 et
3290 1571 3696 1643 angustiarum

2051 1667 2312 1736 tempore
2362 1681 2592 1736 semper
2644 1663 3164 1736 pseudoprophetze
3217 1660 3544 1733 decipiendi
3610 1660 3698 1715 in-

2049 1753 2294 1808 veniunt
2351 1753 2592 1824 locum)
2653 1753 2703 1808 si
2783 1753 2917 1825 quis
2992 1752 3102 1807 sub
3173 1751 3409 1806 nomine
3485 1748 3698 1805 Christi

2049 1858 2111 1898 se
2160 1843 2386 1913 jactare
2455 1842 2721 1907 voluerit,
2785 1859 2901 1898 non
2973 1843 3169 1896 statim
3245 1839 3699 1896 accommodetis

2048 1930 2243 1987 ﬁdem.

2119 2021 2302 2092 (Vers.
2335 2022 2451 2092 27.)
2488 2041 2510 2068 ε
2560 2021 2724 2076 Sicut
2770 2020 2928 2076 enim
2976 2018 3172 2092 fulgur
3199 2019 3313 2074 exit
3340 2018 3414 2073 ab
3443 2017 3695 2084 Oriente,

2049 2114 2106 2166 et
2137 2115 2301 2183 paret
2331 2127 2517 2181 usque
2546 2110 2603 2164 in
2635 2109 3044 2174 Occidentem,
3098 2107 3180 2162 ita
3225 2107 3335 2161 erit
3379 2111 3437 2162 et
3483 2107 3694 2162 adven-

2046 2205 2145 2254 tus
2183 2198 2312 2254 Filii
2361 2198 2640 2254 hominis.
2696 2221 2716 2250 ι
2777 2197 2966 2253 Nolite
3025 2196 3199 2265 exire,
3233 2195 3410 2252 nolite
3440 2196 3694 2260 credere,

2048 2289 2202 2362 quod
2234 2288 2415 2344 Filius
2445 2287 2705 2342 hominis
2735 2286 2825 2342 vel
2855 2289 3004 2343 197
3040 2287 3098 2340 in
3149 2287 3374 2341 deserto
3433 2285 3691 2355 gentium

2048 2377 2142 2447 sit,
2175 2376 2261 2432 vel
2321 2376 2380 2431 in
2439 2375 2836 2448 penetralibus
2893 2375 3339 2441 haereticorum;
3387 2374 3485 2429 sed
3537 2373 3693 2444 quod

2046 2468 2118 2522 ab
2150 2466 2380 2522 Oriente
2412 2483 2600 2537 usque
2629 2465 2689 2520 in
2722 2466 3115 2531 Occidentem,
3175 2464 3320 2519 ﬁdes
3351 2463 3478 2532 ejus
3509 2462 3568 2517 in
3600 2479 3695 2518 ca-

2043 2555 2276 2612 tholicis
2324 2555 2597 2611 Ecclesiis
2650 2555 2886 2628 fulgeat.
2931 2555 3049 2610 Hoc
3093 2569 3327 2625 quoque
3357 2551 3693 2619 dicendum,

2047 2646 2201 2716 quod
2236 2647 2530 2701 secundus
2560 2644 2880 2700 Salvatoris
2910 2644 3193 2700 adventus
3223 2660 3340 2698 non
3391 2641 3450 2696 in
3498 2641 3694 2697 humi-

2044 2732 2210 2790 litate
2257 2738 2322 2789 ut
2370 2735 2553 2806 prius,
2604 2735 2705 2790 sed
2755 2735 2815 2789 in
2855 2733 3041 2805 gloria
3071 2732 3565 2789 demonstrandus
3596 2731 3691 2786 sit.

2048 2823 2301 2880 Stultum
2333 2828 2422 2880 est
2450 2823 2647 2894 itaque
2678 2839 2810 2878 eum
2842 2823 2902 2877 in
2932 2839 3109 2894 parvo
3140 2821 3265 2876 loco
3312 2819 3399 2876 vel
3448 2820 3692 2875 abscon-

2046 2912 2166 2967 dito
2190 2929 2465 2983 quaerere,
2500 2912 2599 2983 qui
2629 2912 2809 2966 totius
2842 2911 3045 2966 mundi
3079 2911 3274 2965 lumen
3309 2907 3402 2963 sit.

2115 3000 2298 3070 (Vers.
2348 3000 2466 3069 28.)
2517 3021 2546 3050 «
2597 3000 2937 3070 Ubicunque
3011 2997 3186 3052 fuerit
3249 3012 3481 3066 corpus,
3549 2994 3691 3049 illuc

2043 3089 2557 3161 congregabuntur
2600 3092 2658 3142 et
2703 3086 2931 3159 aquilae.
2982 3109 3009 3135 »
3041 3091 3115 3142 De
3147 3084 3408 3156 exemplo
3439 3084 3690 3139 naturali

272 3169 556 3236 charitas,
592 3185 783 3242 neque
805 3175 870 3225 ut
899 3169 1070 3226 otiosi
1121 3171 1179 3225 in
1231 3186 1402 3242 opere
1446 3171 1546 3226 Dei
1595 3174 1932 3243 torpeamus
1974 3240 2005 3247 ﬂ
2045 3178 2200 3247 quod
2245 3176 2504 3247 quotidie
2536 3176 2852 3245 cernimus,
2885 3175 3095 3230 Christi
3124 3173 3474 3230 instruimur
3505 3189 3694 3230 sacra-

271 3257 564 3314 virtutum
595 3259 870 3314 Sabbato.

344 3351 536 3416 (Vers.
567 3347 686 3418 22.)
726 3368 753 3401 «ι
800 3349 870 3402 Et
918 3347 1031 3404 nisi
1064 3347 1302 3404 breviati
1372 3347 1622 3405 fuissent
1660 3349 1784 3405 dies
1828 3349 1933 3418 illi,

273 3453 393 3493 non
426 3437 594 3492 ﬁeret
622 3435 782 3492 salva
828 3437 1021 3492 omnis
1072 3453 1247 3505 caro;
1297 3438 1397 3493 sed
1447 3441 1681 3511 propter
1723 3438 1935 3494 electos

273 3524 703 3581 breviabuntur
731 3525 858 3581 dies
885 3525 993 3581 illi.
1028 3546 1056 3575 ››
1089 3525 1466 3582 Abbreviatos
1517 3527 1662 3595 dies,
1695 3545 1809 3583 non
1844 3545 1932 3583 se-

271 3615 534 3670 cundum
612 3613 1000 3672 deliramenta
1073 3615 1466 3686 quorumdam
1544 3617 1667 3688 (qui
1726 3621 1936 3689 putant

1963 3240 2006 3307 α
2047 3240 2279 3320 mento:
2325 3265 2546 3337 Aquila:
2621 3269 2677 3320 et
2732 3240 2996 3319 vultures
3063 3263 3237 3318 etiam
3294 3267 3460 3318 trans
3509 3263 3696 3318 maria

2047 3354 2323 3410 dicuntur
2350 3354 2566 3410 sentire
2597 3355 2896 3417 cadavera,
2943 3356 3000 3409 et
3047 3354 3118 3407 ad
3167 3368 3360 3408 escam
3419 3351 3692 3422 hujusce-

2045 3443 2204 3498 modi
2253 3443 2614 3515 congregari.
2660 3443 2718 3498 Si
2764 3459 2899 3516 ergo
2948 3439 3379 3497 irrationabiles
3427 3439 3694 3496 volucres

2045 3531 2298 3587 naturali
2348 3549 2522 3588 sensu
2571 3531 2753 3587 tantis
2800 3535 3091 3586 terrarum
3119 3529 3345 3601 spatiis,
3397 3533 3451 3584 et
3512 3529 3693 3585 maris

2045 3620 2320 3676 fluctibus
2347 3625 2647 3692 separatae,
2697 3637 2943 3692 parvum
2994 3620 3238 3676 cadaver
3286 3618 3550 3675 sentiunt
3590 3618 3691 3674 ubi

273 3707 612 3776 temporum
688 3707 986 3760 momenta
1050 3703 1308 3773 mutari;
1374 3720 1481 3760 nec
1550 3706 1934 3761 recordantur
2035 3709 2265 3779 jaceat:
2319 3715 2535 3781 quanto
2581 3710 2770 3781 magis
2819 3727 2927 3766 nos
2985 3714 3042 3764 et
3097 3708 3289 3766 omnis
3373 3708 3692 3764 multitudo

271 3790 436 3848 illius
467 3791 672 3864 scripti
702 3810 714 3848 :
752 3793 1108 3849 Ordinatione
1137 3802 1235 3849 tua
1259 3802 1546 3866 permanet
1587 3795 1701 3850 dies
1761 3796 1929 3863 [Psal.

272 3897 470 3948 cxvm,
513 3881 626 3951 91],
681 3882 782 3938 sed
829 3884 998 3953 juxta
1041 3888 1373 3954 temporum
1426 3882 1766 3954 qualitatem
1799 3900 1930 3940 sen-

276 3968 390 4024 tire
437 3969 736 4036 debemus,
787 3971 844 4026 id
894 3975 1007 4038 est,
1055 3972 1424 4027 abbreviatos
1474 3989 1588 4028 non
1630 3989 1927 4043 mensura,

273 4058 376 4114 sed
429 4075 710 4127 numero;
764 4064 829 4115 ut
873 4061 1164 4131 quomodo
1216 4061 1275 4116 in
1339 4060 1744 4117 benedictione
1793 4062 1932 4117 dici-

272 4152 411 4203 tur:
471 4148 836 4219 Longitudine
881 4149 1092 4206 dierum
1143 4151 1358 4222 replebo
1408 4167 1534 4206 eum
1595 4151 1765 4222 (Psal.
1835 4168 1928 4218 xc,

273 4235 402 4306 16);
466 4236 554 4293 sic
599 4241 658 4292 et
704 4254 861 4293 nunc
917 4237 1235 4294 abbreviati
1285 4238 1412 4295 dies
1482 4238 1924 4312 intelligantur:

271 4341 344 4380 ne
391 4329 728 4398 temporum
797 4343 980 4397 mora,
1032 4327 1178 4382 fides
1249 4328 1617 4384 concutiatur
1687 4329 1928 4384 creden-

268 4413 446 4469 tium.

343 4503 526 4572 (Vers.
553 4503 667 4573 23.)
699 4525 728 4554 «
763 4505 925 4559 Tunc
979 4505 1028 4560 si
1087 4505 1220 4578 quis
1280 4505 1444 4562 vobis
1498 4505 1744 4563 dixerit:
1797 4523 1926 4564 ecce

270 4591 365 4647 hic
413 4592 709 4662 Christus,
758 4597 860 4648 aut
907 4593 1066 4661 illic;
1118 4593 1296 4650 nolite
1357 4595 1608 4650 credere.
1676 4617 1704 4645 »

271 4680 626 4752 captivitatis
674 4681 932 4738 Judaicae
981 4687 1241 4755 tempore
1291 4683 1585 4754 principes
1636 4685 1926 4756 exstitere,

273 4769 370 4840 qui
439 4769 701 4826 Christos
768 4786 896 4827 esse
973 4788 1036 4827 se
1105 4772 1403 4828 dicerent:
1496 4774 1790 4830 intentum
1863 4780 1928 4830 ut

273 4858 684 4916 obsidentibus
732 4861 1031 4928 Romanis,
1077 4865 1196 4918 tres
1249 4861 1412 4918 intus
1463 4863 1679 4918 fuerint
1725 4864 1925 4919 factio-

273 4962 395 5002 nes.
425 4948 540 5005 Sed
573 4948 782 5006 melius
811 4950 883 5005 de
914 4951 1416 5008 consummatione
1460 4952 1662 5008 mundi
1714 4952 1927 5009 intelli-

270 5035 446 5107 gﬁun

341 5125 525 5195 (Vers.
577 5125 692 5198 24.)
763 5150 792 5178 ‹‹
855 5132 1107 5202 Surgent
1175 5129 1331 5185 enim
1399 5130 1830 5202 pseudochristi
1872 5135 1928 5187 et

272 5214 815 5287 pseudoprophetae,
848 5221 908 5273 et
936 5217 1160 5273 dabunt
1206 5217 1376 5290 signa
1424 5232 1639 5292 magna
1686 5223 1743 5274 et
1789 5236 1927 5292 pro-

277 5300 467 5373 digia;
528 5304 609 5359 ita
665 5309 732 5360 ut
789 5305 849 5360 in
907 5322 1161 5363 errorem
1222 5306 1598 5375 inducantur,
1683 5308 1732 5364 si
1799 5309 1926 5364 ﬁeri

271 5392 482 5460 potest,
535 5392 712 5449 etiam
755 5393 941 5450 electi.
990 5396 1134 5452 Ecce
1183 5395 1432 5467 praedexi
1490 5396 1673 5452 vobis.
1729 5419 1756 5446 ››
1805 5397 1927 5452 Tri-

347 5551 650 5628 {Sanctus
683 5570 981 5628 quoque
1017 5555 1272 5628 Hilarius
1342 5554 1419 5628 in,
1458 5555 1614 5628 hunc
1685 5555 1876 5612 locum
1909 5575 1921 5612 :

270 5622 604 5703 «Sa-potos,
680 5622 893 5703 inquit,
955 5627 1024 5683 de
1087 5626 1282 5684 volatu
1334 5627 1924 5703 spiritaliscorporis

268 5693 501 5768 aquilas
545 5693 922 5772 nuncupavit,
973 5714 1224 5770 quorum
1273 5693 1784 5775 congregantibus.
1812 5719 1922 5763 an-

2042 3799 2408 3853 credentium
2441 3798 2610 3853 debet
2642 3799 2915 3855 festinare
2944 3799 3016 3855 ad
3066 3815 3222 3870 eum,
3273 3799 3441 3869 cujus
3497 3796 3694 3869 fulgur

2041 3886 2156 3941 exit
2205 3887 2278 3942 ab
2325 3886 2577 3953 Oriente,
2635 3892 2691 3942 et
2740 3892 2906 3960 paret
2953 3904 3142 3958 usque
3182 3888 3252 3942 ad
3279 3886 3688 3943 Occidentem!

2043 3976 2362 4030 Possumus
2389 3980 2586 4031 autem
2619 3993 2851 4047 corpus,
2884 3977 2940 4030 id
2974 3982 3062 4032 est
3111 3976 3331 4046 πτῶμα,
3365 3975 3519 4046 quod
3571 3975 3687 4045 sig-

2041 4064 2379 4120 niﬁcantius
2414 4065 2609 4120 Latine
2639 4064 2853 4120 dicitur
2879 4067 3128 4130 cadaver,
3162 4065 3233 4119 ab
3263 4080 3329 4118 eo
3379 4063 3534 4134 quod
3588 4079 3691 4133 per

2041 4157 2288 4209 mortem
2354 4154 2578 4221 cadat',
2647 4153 2981 4225 passionem
3045 4152 3258 4206 Christi
3344 4149 3685 4222 intelligere,

2039 4243 2111 4297 ad
2163 4259 2342 4314 quam
2391 4259 2813 4314 provocamur;
2861 4246 2928 4296 ut
2965 4240 3302 4312 ubicunque
3331 4239 3392 4294 in
3425 4238 3688 4310 Scriptu-

2038 4330 2122 4386 ris
2169 4330 2406 4402 legitur,
2467 4345 2908 4402 congregemur,
2961 4333 3018 4385 et
3083 4345 3185 4401 per
3259 4328 3420 4384 illam
3493 4327 3690 4384 venire

2038 4419 2339 4490 possimus
2371 4419 2442 4473 ad
2475 4418 2732 4473 Verbum
2767 4418 2887 4488 Dei,
2936 4421 3001 4474 ut
3049 4423 3138 4474 est
3180 4417 3364 4473 illud:
3420 4417 3688 4474 Foderunt

2037 4524 2235 4563 manus
2277 4523 2425 4563 mea:
2475 4513 2527 4562 et
2567 4507 2728 4579 pedes
2774 4523 2919 4563 meos
2979 4508 3151 4575 (Psal.
3197 4525 3312 4573 xx1,
3361 4507 3469 4579 17).
3519 4509 3586 4561 Et
3626 4506 3684 4560 in

1762 4596 1926 4652 Multi
1958 4612 2004 4677 D
2037 4596 2226 4652 Isaia:
2264 4596 2412 4652 Sicut
2440 4597 2552 4652 ovis
2579 4596 2648 4651 ad
2676 4598 2955 4652 victimam
3004 4598 3200 4652 ductus
3249 4599 3379 4667 (15a.
3426 4609 3546 4664 Lm,
3588 4596 3683 4660 7);

2039 4689 2097 4740 et
2146 4687 2353 4740 caetera
2395 4684 2490 4740 his
2535 4684 2770 4740 similia.
2821 4683 3044 4756 Aquilae
3089 4689 3284 4740 autem
3318 4681 3689 4756 appellantur

2041 4774 2249 4842 sancti,
2283 4768 2498 4844 quibus
2527 4773 2801 4829 innovata
2830 4777 2919 4829 est
2941 4774 3219 4841 juventus
3250 4777 3313 4827 ut
3352 4769 3558 4842 aquila:
3586 4787 3598 4837 ;
3634 4773 3692 4824 et

2039 4863 2140 4935 qui
2191 4864 2362 4932 juxta
2400 4863 2608 4918 lsaiam
2658 4863 3050 4935 plumescunt,
3101 4867 3158 4917 et
3214 4863 3527 4916 assumunt
3563 4859 3688 4914 alas

2041 4953 2192 5024 (15a.
2256 4971 2344 5022 xc,
2394 4953 2510 5024 31)
2577 4954 2644 5007 ut
2717 4952 2788 5006 ad
2855 4951 3068 5006 Christi
3140 4949 3379 5006 veniant
3457 4948 3685 5020 passio-

2037 5057 2193 5098 nem.

2109 5129 2294 5201 (Vers.
2328 5131 2444 5200 29.)
2496 5151 2524 5181 ‹‹
2583 5130 2789 5184 Statim
2839 5132 3033 5184 autem
3082 5132 3216 5200 post
3245 5127 3684 5185 tribulationem

2037 5219 2266 5274 dierum
2321 5218 2554 5273 illorum
2625 5217 2708 5272 sol
2758 5217 3188 5288 obscurabitur,
3258 5222 3314 5272 et
3363 5216 3504 5272 luna
3571 5231 3686 5270 non

2035 5308 2196 5363 dabit
2244 5309 2442 5362 lumen
2489 5324 2686 5377 suum,
2745 5311 2802 5362 et
2858 5307 3038 5362 stellze
3096 5308 3304 5363 cadent
3333 5307 3404 5362 de
3435 5305 3599 5372 caelo,
3633 5308 3690 5360 et

2035 5397 2279 5452 virtutes
2312 5395 2590 5453 caelorum
2621 5397 3158 5452 commovebuntur.
3223 5418 3251 5447 »
3303 5394 3400 5450 Sol
3448 5398 3505 5450 et
3549 5393 3690 5448 luna

2035 5556 2204 5630 gelis,
2255 5562 2608 5630 conventum
2659 5557 2964 5630 facturum,
3011 5556 3236 5630 inloco
3281 5552 3690 5630 passionis‘os-

2035 5624 2242 5760 tendit.
2281 5650 2308 5679 ››
2339 5629 2487 5688 Illud
2516 5645 2651 5687 vero
2681 5629 2882 5702 πτῶμα
2938 5628 3232 5702 Originem
3281 5624 3461 5702 sapit.
3521 5624 3682 5695 Vide,

2034 5717 2064 5760 e
2095 5717 2144 5760 c.
