4058 6190
349 339 461 401 187

347 566 551 617 caetera
609 565 767 617 astra
815 562 1025 618 cadent
1079 563 1150 618 de
1197 563 1359 635 ccelo,
1406 563 1765 635 virtutesque
1830 563 1991 618 coelo-

347 668 477 706 rum
524 651 1066 721 commovebuntur,
1117 669 1232 708 non
1294 653 1682 708 diminutione
1751 653 1992 709 luminis

345 740 651 811 (alioquin
711 740 963 813 legimus
1019 742 1199 797 solem
1279 741 1573 814 septulum
1652 741 1990 798 habiturum

346 829 589 884 luminis
622 830 777 900 (Ibid.
814 848 943 895 xxx,
988 831 1100 901 ‘26),
1149 832 1247 888 sed
1299 833 1453 903 quod
1505 833 1573 887 ad
1606 833 1990 903 comparatio-

347 936 477 974 nem
539 936 682 974 verce
740 918 887 975 lucis
945 921 1142 975 omnia
1196 921 1346 976 visui
1399 922 1706 976 tenebrosa
1760 927 1899 977 smt.
1933 921 1991 976 Si

343 1007 543 1079 itaque
574 1008 682 1063 iste
713 1008 819 1074 sol,
856 1010 954 1080 qui
988 1026 1142 1064 nunc
1182 1027 1282 1081 per
1311 1014 1498 1065 totum
1533 1012 1734 1067 urbem
1771 1011 1990 1076 rutilat,

347 1102 403 1152 et
460 1097 601 1152 luna
658 1115 783 1168 quae
834 1099 1159 1153 secundum
1207 1107 1292 1154 est
1341 1099 1649 1170 luminare,
1700 1105 1755 1155 et
1812 1100 1991 1176 stellae

354 1203 481 1256 quae
531 1187 602 1240 ad
659 1185 929 1242 solatium
971 1188 1158 1242 noctis
1205 1205 1458 1243 accensae
1493 1193 1649 1255 sunt,
1674 1205 1995 1259 omnesque

347 1274 589 1329 virtutes
664 1277 864 1346 (quas
939 1275 1279 1347 angelorum
1359 1278 1767 1334 multitudines
1841 1278 1994 1333 I98

347 1362 757 1435 intelligimus)
815 1365 872 1419 in
933 1365 1180 1421 adventu
1230 1367 1441 1422 Christi
1490 1367 1550 1422 in
1599 1368 1868 1422 tenebras
1907 1383 1993 1421 re-

350 1452 747 1522 putabuntur:
799 1454 1127 1510 dccutiatur
1184 1455 1562 1526 supercilium
1622 1473 1843 1522 eorum,
1894 1455 1995 1526 qui

350 1557 411 1596 se
469 1547 704 1597 sanctos
777 1544 1128 1600 arbitrantes
1188 1545 1554 1616 praesentiam
1606 1545 1828 1616 judicis
1881 1561 1994 1598 non

347 1629 682 1686 formidant.

421 1719 603 1790 (Vers.
637 1721 751 1791 30.)
786 1744 812 1771 ‹‹
846 1723 916 1778 Et
956 1727 1096 1778 tunc
1127 1724 1352 1795 parebit
1381 1724 1616 1795 signum
1651 1725 1775 1779 Filii
1807 1724 1996 1779 homi-

1595 339 1658 399 S.
1709 337 2018 401 EUSEBII
2063 337 2505 400 HIERONYMI

347 472 836 542 obscurabuntur,
895 476 947 528 et
994 487 1108 528 non
1161 473 1386 529 dabunt
1437 472 1635 529 lumen
1687 491 1902 542 suum;
1935 470 2076 538 etA

3633 337 3749 402 188

2179 472 2363 543 (Vers.
2398 472 2510 543 34.)
2539 495 2567 523 ‹‹
2599 474 2780 530 Amen
2821 472 2949 529 dico
3005 473 3193 541 vobis,
3243 473 3383 544 quia
3435 489 3551 529 non
3609 490 3750 546 pra:-

2098 561 2296 617 teribit
2343 561 2638 632 generatio
2688 562 2828 633 haec,
2881 563 3061 618 donec
3111 563 3308 618 omnia
3356 563 3470 619 ista
3519 564 3683 618 fiant.
3716 585 3745 614 η

2099 652 2288 723 Supra
2320 651 2572 706 diximus
2603 651 3006 723 generationes
3049 653 3359 719 honorum,
3399 656 3458 707 et
3484 658 3746 708 econtra-

2102 742 2185 794 rio
2231 740 2519 796 malorum
2570 758 2697 797 esse
2741 741 3005 813 singulas
3057 741 3216 813 (vers.
3266 742 3377 812 36).
3414 742 3598 813 Igitur
3649 740 3752 796 aut

2101 845 2273 886 omne
2303 845 2488 900 genus
2536 830 2841 885 hominum
2891 830 3206 902 signiﬁcat,
3266 833 3367 885 aut
3420 829 3753 901 specialiter

2099 918 2451 973 Iudaeorum.

2173 1008 2356 1078 (Vers.
2392 1009 2506 1077 35.)
2539 1030 2566 1057 ‹‹
2616 1008 2833 1063 Ccelum
2884 1013 2940 1064 et
2984 991 3136 1064 tarra
3184 1009 3540 1079 transibunt,
3574 1009 3754 1064 verba

2104 1100 2297 1151 autem
2359 1113 2490 1152 mea
2541 1113 2655 1151 non
2709 1097 3106 1168 praeteribunt.
3172 1120 3193 1146 ι»
3246 1096 3468 1153 Οωιυη]
3513 1102 3568 1152 et
3601 1102 3756 1152 terra

2102 1186 2441 1241 transibunt
2473 1185 2903 1255 immutatione,
2937 1202 3052 1241 non
3087 1186 3398 1242 abolitione
3427 1185 3555 1241 sui:
3608 1185 3755 1241 alio-

2105 1275 2246 1345 quin
2280 1275 2570 1345 quomodo
2619 1274 2704 1331 sol
2738 1277 2888 1330 I99
2922 1275 3350 1343 obscurabitur,
3381 1279 3437 1330 et
3468 1275 3605 1330 luna
3635 1291 3754 1330 non

2104 1364 2266 1419 dabit
2295 1364 2493 1419 lumen
2528 1381 2723 1432 suum,
2757 1370 2814 1419 et
2845 1364 3020 1420 stellae
3082 1365 3308 1434 cadent,
3342 1363 3392 1420 si
3423 1364 3632 1420 coelum
3690 1364 3752 1418 in

2104 1469 2220 1523 quo
2251 1453 2360 1508 ista
2392 1459 2531 1508 sunt
2559 1458 2830 1525 terraque
2855 1471 2968 1508 non
3001 1454 3222 1510 fuerit?

2176 1544 2362 1614 (Vers.
2395 1544 2509 1614 36.)
2551 1566 2576 1592 ‹‹
2617 1545 2692 1598 De
2747 1544 2839 1599 die
2893 1548 3089 1598 autem
3149 1542 3248 1599 illa
3289 1547 3346 1598 et
3373 1543 3552 1598 hora3
3582 1558 3756 1598 nemo

2108 1633 2236 1698 scit,
2272 1649 2457 1704 neque
2488 1633 2680 1705 angeli
2711 1632 3011 1699 cmlorum,
3043 1632 3156 1687 nisi
3195 1631 3355 1688 solus
3388 1632 3572 1686 Pater.
3608 1653 3636 1679 »
3692 1631 3757 1685 In

2110 1722 2464 1792 quibusdam
2496 1723 2716 1778 Latinis
2757 1721 3055 1777 codicibus
3087 1721 3353 1777 additum
3405 1725 3517 1786 est,
3584 1736 3759 1790 neque

349 1809 440 1863 nis
469 1809 529 1863 in
553 1809 712 1866 caelo.
753 1833 780 1860 »
821 1811 1061 1884 Signum
1095 1813 1207 1880 hic,
1244 1819 1346 1868 aut
1376 1815 1566 1869 crucis
1598 1815 1999 1887 intelligamus
2031 1848 2077 1912 B
2107 1813 2314 1868 Filius‘
2361 1829 2494 1867 cum
2551 1812 2612 1866 in
2663 1812 2894 1879 Graecis,
2955 1817 3011 1867 et
3056 1811 3310 1866 maxime
3340 1809 3672 1865 Adamantii
3703 1811 3762 1863 et

351 1903 416 1953 ut
446 1900 678 1955 videant
699 1901 867 1970 juxta
895 1901 1231 1957 Zachariam
1263 1904 1450 1970 (Zach.
1489 1922 1589 1971 x11,
1623 1905 1712 1974 37)
1742 1909 1797 1958 et
1825 1909 1998 1960 Joan-

353 1995 484 2043 nem
526 1991 707 2058 (Joan.
742 2006 857 2056 XIX,
907 1992 992 2062 10)
1021 1992 1206 2046 Judaei
1260 2009 1436 2063 quem
1494 1997 1997 2064 compunxerunt;

355 2082 456 2131 aut
482 2077 757 2132 vexillum
787 2079 1036 2133 victoriae
1068 2080 1507 2152 triumphantis.

426 2189 452 2214 ‹‹
489 2167 555 2220 Et
594 2171 733 2222 tunc
757 2167 1034 2239 plangant
1063 2185 1266 2225 omnes
1296 2170 1485 2226 tribus
1515 2175 1704 2236 terrae,
1757 2175 1815 2227 et
1843 2170 2000 2226 vide-

355 2257 504 2310 bunt
561 2256 773 2312 Filium
831 2257 1090 2314 hominis
1144 2259 1470 2316 venientem
1499 2261 1555 2314 in
1585 2261 1843 2316 nubibus
1875 2259 2000 2316 coeli

355 2362 488 2400 cum
531 2346 744 2400 virtute
776 2347 963 2402 multa
993 2353 1048 2402 et
1080 2350 1402 2419 majestate.
1435 2372 1462 2400 ››
1500 2350 1784 2422 Plangent
1812 2350 1870 2404 hi
1903 2349 2001 2421 qui

360 2436 788 2508 municipatum
820 2455 934 2493 non
979 2439 1235 2494 habuere
1288 2439 1348 2494 in
1406 2439 1586 2508 coelis,
1647 2441 1746 2496 sed
1804 2439 2003 2511 scripti

355 2529 494 2580 sunt
523 2524 581 2579 in
613 2530 787 2582 terra.

430 2617 612 2688 (Vers.
647 2615 760 2686 31.)
800 2619 913 2670 «Et
943 2615 1135 2672 mittet
1193 2619 1430 2690 angelos
1478 2635 1616 2674 suos
1673 2636 1806 2674 cum
1865 2619 2006 2674 tuba

355 2709 411 2760 et
466 2721 603 2760 voce
660 2721 912 2777 magna;
975 2710 1032 2760 et
1088 2709 1525 2780 congregabunt
1572 2708 1784 2764 electos
1815 2709 2007 2780 ejusa

357 2799 608 2865 quatuor
635 2795 848 2865 ventis,
882 2810 916 2850 a
958 2796 1208 2852 summis
1239 2797 1516 2852 caelorum
1548 2814 1734 2868 usque
1766 2798 1837 2853 ad
1888 2802 2002 2852 ter-

359 2883 551 2938 minos
601 2900 823 2939 corum.
880 2905 907 2932 »
956 2885 1036 2939 De
1075 2885 1181 2940 hac
1212 2887 1353 2941 tuba
1383 2892 1440 2942 et
1469 2887 1786 2958 Apostolus
1818 2886 2004 2957 loqui-

357 2977 454 3027 tur
484 2973 533 3044 (I
561 2974 678 3029 Cor.
713 2991 802 3042 xv,
835 2976 907 3029 52
931 2983 953 3041 ;’
979 2976 1003 3029 I
1030 2975 1205 3031 Thess.
1240 2993 1314 3040 1v,
1350 2976 1459 3048 15),
1482 2981 1538 3030 et
1567 2976 1626 3030 in
1658 2975 2006 3048 Apocalypsi

360 3061 608 3116 Joannis
639 3062 890 3134 legimus
933 3065 1117 3136 (Apoc.
1151 3082 1271 3131 vm,
1318 3067 1411 3137 5):
1463 3070 1520 3119 et
1561 3065 1621 3120 in
1649 3065 1835 3120 Veteri
1867 3066 2004 3119 Tes-

360 3154 616 3204 tamento
647 3151 830 3220 (Nam.
874 3170 929 3221 x,
958 3153 1034 3222 2),
1070 3154 1257 3210 turbae
1305 3155 1550 3210 ductiles
1609 3172 1677 3210 ex
1735 3172 1898 3220 auro,
1953 3158 2009 3209 et

364 3252 474 3292 aere
527 3242 884 3309 argentoque
930 3240 1050 3294 fieri
1110 3243 1548 3314 praecipiuntur,
1610 3248 1674 3299 ut
1730 3215 2080 3300 sublimiaC

359 3325 758 3382 doctrinarum
793 3334 1066 3384 resonent
1095 3335 1479 3386 sacramenta.

429 3415 615 3484 (Vers.
649 3417 738 3487 32,
771 3417 884 3488 33.)
946 3439 974 3466 ‹‹
1032 3418 1116 3472 Ab
1171 3418 1376 3472 arbore
1434 3422 1629 3473 autem
1680 3420 1772 3474 fici
1804 3420 2010 3474 discite

360 3504 738 3575 parabolam:
774 3521 909 3560 cum
941 3507 1067 3576 jam
1091 3523 1291 3562 ramus
1330 3506 1457 3576 ejus
1489 3511 1654 3562 tener
1699 3508 1893 3576 fuerit,
1957 3513 2011 3563 et

361 3592 498 3648 folia
528 3597 683 3661 nata,
717 3592 878 3650 scitis
909 3593 1046 3665 quia
1075 3611 1286 3666 propre
1317 3599 1405 3650 est
1435 3600 1626 3650 aestas.
1662 3597 1748 3651 Ita
1799 3600 1855 3652 et
1910 3613 2012 3651 vos

363 3697 496 3736 cum
529 3681 787 3736 videritis
819 3681 940 3737 haec
971 3683 1187 3754 omnia,
1242 3684 1445 3740 scitote
1496 3685 1635 3756 quia
1691 3702 1869 3757 prope
1926 3688 2014 3740 est

361 3768 421 3823 in
445 3768 668 3840 januis.
706 3792 727 3819 ιι
761 3769 880 3825 Sub
912 3770 1175 3842 exemplo
1220 3771 1465 3839 arboris,
1509 3771 1707 3827 docuit
1736 3789 2010 3827 consum-

361 3857 639 3914 mationis
699 3858 1029 3914 adventum.
1091 3859 1411 3930 Quomodo,
1475 3861 1688 3931 inquit,
1779 3862 2013 3933 quando

367 3947 545 4003 teneri
580 3947 795 4003 fuerint
825 3947 883 4003 in
918 3948 1123 4002 arbore
1157 3949 1300 4004 ﬁcus
1331 3948 1656 4017 cauliculi‘,
1699 3953 1755 4004 et
1783 3967 2015 4022 gemma

339 4037 622 4110 [erumpit
655 4038 710 4092 in
745 4037 967 4105 ﬂorem,
1003 4023 1311 4108 cortexque
1342 4036 1481 4093 folia
1529 4037 1798 4109 parturit,
1843 4037 2014 4094 intel-

362 4126 544 4200 ligitis
601 4127 822 4183 aestatis
903 4128 1238 4195 adventum,
1317 4131 1373 4182 et
1441 4127 1650 4183 favonii
1727 4145 1793 4183 ac
1865 4127 2015 4182 veris

362 4216 670 4272 introitum
700 4234 712 4272 :
764 4217 845 4272 ita
894 4233 1028 4272 cum
1074 4216 1194 4271 haec
1224 4216 1422 4272 omnia
1448 4233 1574 4288 quae
1608 4217 1824 4288 scripta
1853 4222 2012 4284 sunt,

361 4304 642 4375 videritis,
687 4305 861 4360 nolite
893 4310 1095 4376 putare
1119 4307 1246 4377 jam
1306 4306 1510 4362 adesse
1557 4307 2013 4362 consummatio-

363 4409 498 4448 nem
525 4393 753 4464 mundi,
803 4394 905 4449 sed
941 4395 1107 4465 quasi
1143 4395 1424 4467 prooemio
1482 4399 1539 4451 et
1595 4397 2018 4467 przecursores2

363 4482 651 4553 quosdam
683 4481 874 4537 venire
900 4499 912 4549 ;
948 4486 1013 4536 ut
1041 4484 1350 4538 ostendant
1377 4485 1532 4555 quod
1564 4501 1742 4557 prope
1773 4484 1849 4541 sit
1874 4489 1931 4540 et
1959 4484 2016 4540 in

357 4588 578 4643 Januis.

438 4701 454 4734 ί
490 4697 710 4753 Vitiose
742 4697 1115 4752 Martianaans
1145 4697 1542 4770 caliculilegit
1581 4701 1657 4770 ;et
1687 4698 2019 4765 Erasmum,

365 4770 458 4842 cui
517 4770 758 4842 placuit,
820 4777 1101 4842 teneres...
1155 4768 1435 4834 claviculi,
1467 4768 1762 4842 'castigat.
1817 4770 2019 4842 Veram

366 4839 694 4910 lectionem,
729 4845 861 4912 post
889 4839 1234 4906 Victorium,
1263 4855 1405 4894 mss.
1442 4841 1622 4896 nostri
1651 4839 2021 4896 substituunt

367 4912 468 4985 qui
523 4917 578 4966 et
635 4913 857 4985 legunt,
901 4915 954 4985 et
1001 4928 1217 4982 gemma
1278 4927 1466 4985 eorum
1520 4914 1724 4983 erupit,
1785 4916 1889 4968 etc.
1953 4943 2021 4954 —-

367 4983 492 5038 Non
527 4983 871 5054 rectevlegit
899 4983 1202 5053 Erasmus,
1258 4983 1471 5052 quando
1529 4992 1737 5038 teneres
1793 4985 2020 5053 fuerunt

367 5058 426 5108 in
456 5054 649 5109 arbore
677 5055 811 5123 licus
840 5055 1122 5110 cauliculi.
1156 5055 1451 5110 Marianus
1511 5055 1770 5109 restituit
1822 5072 2016 5109 veram

362 5125 717 5253 Iﬁctionem;
777 5141 954 5196 quam
1025 5127 1277 5183 retinent
1347 5125 1730 5197 manuscripti
1809 5127 2014 5183 nostri.

421 5214 550 5253 ΛΒΤ.

421 5214 550 5253 ΛΒΤ.

434 5269 650 5352 ’nUrlus
681 5268 949 5338 Palatin.,
979 5272 1139 5352 quasi
1159 5271 1390 5352 prmuia,
1416 5275 1488 5352 ‘et
1505 5284 1872 5352 prwp'wsores
1903 5271 2011 5350 etc.

365 5373 431 5379 —
463 5337 761 5412 Optimum
795 5337 1091 5412 exemplar
1138 5337 1245 5396 ms.
1303 5337 1566 5397 Ecclesiae
1619 5339 2014 5397 Narbonensis

363 5413 576 5468 retinet
605 5412 756 5468 hanc
785 5412 1115 5477 lectionem,
1147 5415 1306 5485 quasi
1332 5416 1568 5484 praevias
1597 5421 1646 5468 et
1701 5427 2010 5484 praecurso-

361 5501 468 5551 res.
501 5489 609 5540 etc.
641 5488 824 5539 MART.

432 5557 454 5588 ³
488 5555 684 5619 Voces,
741 5561 792 5611 ct
849 5555 1003 5626 hora,
1065 5571 1188 5624 quae
1254 5559 1311 5610 et
1367 5555 1423 5626 in
1465 5554 1762 5610 nonnullis
1794 5554 2008 5610 Graecis

364 5628 531 5682 codd.
576 5625 998 5699 desiderantur,
1031 5626 1126 5681 hic
1156 5627 1270 5699 duo
1298 5625 1543 5683 Palatini
1573 5627 1863 5683 nesciunt.

2110 1900 2278 1956 Pierii
2310 1900 2762 1972 exemplaribus,
2794 1901 2902 1956 hoc
2923 1917 3037 1956 non
3060 1900 3388 1955 habeantur
3411 1899 3758 1970 ascriptum:

2110 1991 2211 2045 sed
2242 1990 2380 2061 quia
2408 1990 2466 2044 in
2499 1989 2778 2044 nonnulis
2808 1988 3040 2061 legitur,
3073 1988 3479 2044 disserendum
3509 1987 3759 2042 videtur.

2111 2079 2380 2136 Gaudent
2403 2079 2581 2134 Arius
2613 2078 3045 2144 etEunomius,
3079 2077 3248 2149 quasi
3278 2076 3610 2149 ignorantia
3641 2092 3763 2131 mo-

2112 2167 2300 2240 gistri,
2333 2167 2518 2239 glaria
2547 2165 2964 2238 discipulorum
2997 2167 3095 2235 sit,
3124 2171 3182 2222 et
3213 2166 3450 2221 dicunt:
3502 2165 3626 2220 Non
3659 2181 3761 2236 po-

2113 2260 2227 2313 test
2257 2256 2496 2328 aequalis
2526 2271 2654 2310 esse
2681 2255 2782 2326 qui
2814 2256 2991 2321 novit,
3024 2258 3081 2310 et
3111 2255 3210 2325 qui
3241 2254 3489 2327 ignorat.
3549 2253 3763 2308 Contra

2114 2362 2261 2417 quos
2291 2344 2540 2401 breviter
2569 2345 2682 2400 ista
2714 2344 2959 2400 dicenda
2989 2351 3160 2399 sunt:
3193 2347 3336 2398 Cum
3384 2343 3583 2398 omnia
3612 2347 3760 2398 tem-

2115 2452 2257 2508 pora
2288 2435 2487 2490 fecerit
2515 2426 2708 2500 JeSus,
2740 2433 2850 2489 hoc
2881 2438 2990 2503 est,
3047 2433 3305 2489 Verbum
3363 2432 3462 2488 Dei
3492 2448 3504 2487 :
3565 2433 3764 2487 Omnia

2113 2526 2265 2579 enim
2301 2540 2401 2594 per
2456 2525 2635 2595 ipsum
2680 2525 2830 2594 facta
2871 2531 3014 2588 sunt,
3063 2530 3112 2577 et
3158 2523 3277 2577 sine
3307 2523 3425 2589 ipso
3453 2522 3666 2591 factum
3689 2529 3766 2576 est

2113 2614 2258 2669 nihil
2304 2615 2479 2684 (Joan.
2534 2630 2572 2683 ι,
2625 2611 2702 2683 3),
2747 2612 2807 2667 in
2842 2610 3116 2668 omnibus
3145 2614 3343 2666 autem
3373 2610 3762 2680 temporibus,

2115 2703 2291 2759 etiam
2341 2702 2465 2757 dies
2512 2700 2725 2772 judicii
2783 2700 2893 2756 sit:
2934 2717 3049 2772 qua
3101 2700 3520 2771 consequentia
3575 2703 3768 2770 potest

2115 2792 2242 2862 ejus
2277 2792 2546 2863 ignorare
2595 2794 2842 2862 partem,
2884 2791 3054 2862 cujus
3095 2794 3283 2845 totum
3331 2789 3597 2844 noverit?
3647 2789 3766 2844 Hoc

2115 2897 2344 2952 quoque
2375 2879 2686 2935 dicendum
2718 2883 2848 2935 est:
2881 2879 3030 2945 Quid
3061 2883 3150 2934 est
3179 2879 3395 2949 majus,
3428 2877 3633 2933 notitia
3665 2881 3769 2931 Pa-

2116 2970 2243 3040 tris,
2278 2987 2349 3024 an
2400 2969 2609 3039 judicii
2636 2969 2662 3023 ?
2694 2968 2753 3024 Si
2785 2969 2977 3039 majus
3009 2967 3185 3034 novit,
3214 2968 3506 3039 quomodo
3534 2966 3770 3038 ignorat

2117 3060 2272 3131 quod
2307 3059 2506 3114 minus
2537 3059 2671 3114 est?
2717 3056 3005 3129 Scriptum
3058 3056 3346 3129 legimus:
3397 3056 3598 3111 Omnia
3641 3070 3770 3126 qua?

2116 3151 2302 3204 Patris
2325 3153 2475 3214 sunt,
2507 3147 2650 3202 mihi
2675 3146 2881 3201 tradita
2909 3154 3038 3201 sunt
3066 3147 3218 3218 (Luc.
3262 3163 3319 3215 χ,
3367 3145 3479 3214 22).
3531 3143 3590 3198 Si
3641 3161 3767 3199 orn-

2118 3239 2217 3293 nia
2248 3237 2434 3293 Patris
2467 3235 2594 3291 Filii
2623 3239 2780 3307 sunt,
2814 3251 2931 3306 qua
2978 3235 3205 3290 ratione
3243 3234 3420 3290 unius
3476 3233 3587 3288 sibi
3652 3233 3766 3288 diei

2119 3327 2386 3383 notitiam
2447 3325 2782 3389 reservavit,
2840 3328 2896 3378 et
2942 3323 3130 3378 noluit
3166 3339 3294 3378 eam
3334 3321 3769 3378 communicare

2119 3432 2252 3471 cum
2288 3415 2428 3470 Filio
2450 3414 2478 3467 ‘l
2499 3414 2609 3469 Sed
2639 3417 2695 3468 et
2728 3412 2836 3468 hoc
2857 3411 3226 3468 inferendum
3253 3428 3265 3465 :
3289 3412 3350 3467 Si
3380 3410 3765 3467 novissimum

2119 3505 2272 3560 diem
2305 3508 2636 3574 temporum
2665 3501 2915 3572 ignorat,
2948 3501 3179 3573 ignorat
3209 3506 3266 3556 et
3291 3516 3438 3572 pene
3468 3499 3765 3566 ultimum,

2121 3598 2177 3650 et
2207 3597 2524 3648 retrorsum
2556 3607 2780 3646 omnes.
2813 3590 2940 3644 Non
2971 3589 3128 3645 enim
3158 3593 3351 3660 potest
3396 3589 3540 3655 fieri,
3575 3592 3638 3643 ut
3666 3587 3770 3658 qui

2123 3682 2378 3754 primum
2411 3680 2660 3752 ignorat,
2693 3678 2841 3734 sciat
2871 3678 3010 3750 quid
3042 3679 3365 3734 secundum
3425 3677 3522 3733 sit.
3581 3677 3772 3750 Igitur

2122 3771 2262 3842 quia
2289 3768 2662 3842 probavimus
2692 3785 2806 3823 non
2839 3768 3107 3840 ignorare
3137 3766 3346 3822 Filium
3387 3767 3490 3834 [AL
3537 3765 3775 3822 additur

2123 3861 2244 3928 Dei]
2295 3856 2820 3914 consummationis
2869 3855 3058 3912 diem:
3109 3871 3289 3912 causa
3345 3854 3639 3910 reddenda
3686 3859 3780 3909 est

2123 3967 2228 4004 cur
2275 3948 2542 4020 ignorare
2593 3946 2840 4000 dicatur.
2889 3944 3204 4016 Apostolus
3264 3959 3442 4016 super
3487 3943 3783 3998 Salvatore

2125 4037 2360 4093 scribit:
2410 4039 2472 4091 In
2522 4052 2622 4108 quo
2676 4039 2807 4090 sunt
2855 4050 3043 4089 omnes
3092 4033 3336 4090 thesauri
3399 4033 3693 4104 sapientiae
3733 4039 3785 4087 et

2124 4127 2368 4182 scientia:
2413 4124 2718 4180 absconditi
2767 4123 2994 4194 (Coloss.
3029 4141 3090 4193 ιι,
3122 4123 3196 4190 3).
3230 4123 3382 4178 Sunt
3419 4138 3554 4194 ergo
3581 4137 3786 4176 omnes

2126 4214 2386 4271 thesauri
2421 4214 2478 4268 in
2512 4213 2741 4270 Christo
2774 4213 3084 4284 sapientia:
3127 4217 3184 4267 et
3209 4210 3486 4282 scientiae,
3519 4210 3617 4267 sed
3651 4210 3786 4264 abs-

2125 4305 2341 4361 conditi
2375 4307 2530 4358 sunt.
2565 4305 2754 4368 Quare
2784 4300 3112 4356 absconditi
3161 4302 3344 4356 sunt?
3391 4300 3528 4356 Post
3586 4315 3788 4354 resur-

2128 4393 2442 4449 rectionem
2493 4392 2886 4463 interrogatus
2929 4391 3001 4446 ab
3045 4389 3343 4463 apostolis,
3376 4390 3448 4444 de
3479 4388 3570 4444 die
3600 4388 3787 4444 mani-

2128 4482 2334 4539 festius
2393 4481 2731 4553 respondit:
2779 4480 2897 4536 Non
2947 4488 3023 4535 est
3068 4483 3308 4534 vestrum
3348 4479 3490 4534 scire
3540 4482 3783 4549 tempora

2046 4583 2092 4647 Ι)
2121 4574 2206 4628 vel
2234 4580 2528 4638 momenta,
2560 4585 2681 4640 quae
2722 4573 2884 4624 Pater
2929 4569 3117 4639 posuit
3143 4569 3201 4624 in
3225 4584 3327 4623 sua
3350 4569 3610 4639 potestate
3640 4567 3776 4638 (Act.

2131 4695 2544 4767 antiquissimo
2565 4691 3348 4767 VeronensiEvangeliorum
3371 4689 3781 4767 exemplari.In

2130 4786 2196 4824 eo
2229 4763 2382 4840 quod
2414 4766 2786 4840 Martianaaus
2815 4764 3016 4840 edidit,
3068 4763 3296 4840 Italicis,
3350 4766 3414 4818 ut
3439 4765 3784 4840 vocatLver-

2129 4835 2313 4897 sionis
2337 4839 2606 4904 habetur,
2637 4838 2727 4893 sed
2763 4853 2862 4892 nec
2889 4837 3083 4892 Filius.
3112 4837 3197 4891 Ad
3230 4835 3386 4890 hunc
3430 4850 3566 4891 vero
3609 4837 3779 4889 Com-

2131 4909 2399 4967 mentarii
2431 4907 2866 4982 Hieronymiani
2884 4907 3073 4963 locum
3097 4905 3401 4982 Beccensis
3416 4921 3780 4982 _peneseurn-_

2129 4984 2261 5058 dem
2294 4976 2695 5058 Martianmufn
2730 4981 2928 5058 codex,
2959 4995 3132 5058 neque
3186 4979 3370 5058 Filius
3409 4976 3682 5058 hoqzinis._
3721 4976 3781 5058 Si

2128 5055 2325 5110 Graeca
2370 5052 2642 5108 consulas
2691 5050 3063 5120 exemplaria,
3123 5055 3213 5105 est
3251 5049 3310 5103 in
3342 5065 3457 5104 uno
3485 5049 3785 5105 Cantabri-

2125 5126 2291 5198 gensi
2320 5122 2739 5198 Graeco-Latino
2773 5120 2896 5198 ούᾷἑ
2927 5120 2954 5198 ᾇ
2986 5121 3130 5198 iter,
3158 5137 3349 5198 neque
3368 5121 3593 5198 Filius:
3624 5120 3782 5198 quod

2124 5192 2181 5253 Et
2211 5197 2334 5269 ipse
2365 5195 2816 5269 Cbrysostomus
2845 5192 3430 5269 legitsNihilosecius
3456 5193 3515 5269 S.
3540 5192 3782 5269 Ambro-

2125 5263 2271 5334 sius,
2294 5271 2362 5339 de
2391 5263 2550 5337 Fide,
2585 5267 2686 5322 lib.
2720 5284 2774 5336 v,
2809 5263 2934 5339 cap“.
2969 5268 3056 5333 16,
3087 5265 3436 5339 Arianorum
3471 5263 3780 5339 fraudibus

2123 5340 2233 5394 hoc
2264 5338 2472 5394 tribuit
2501 5335 2965 5395 additamentum
2995 5354 3006 5393 :
3043 5359 3070 5388 ‹‹
3121 5337 3378 5402 Veteres,
3413 5335 3623 5403 inquit,
3658 5351 3777 5392 non

2121 5411 2339 5467 habent
2368 5411 2594 5467 codices
2625 5411 2827 5478 Graeci,
2858 5412 2987 5480 quia
3016 5425 3114 5464 nec
3143 5406 3362 5464 Filius:
3399 5406 3508 5480 sed
3531 5422 3645 5462 non
3670 5407 3777 5480 mi-

2120 5499 2270 5550 rum,
2293 5482 2354 5562 si
2377 5486 2444 5562 _et
2473 5483 2592 5562 hoc
2611 5478 2914 5562 falsarunt,
2962 5481 3060 5562 qui
3092 5480 3425 5562 Scripturas
3453 5478 3772 5562 interpola-

2116 5571 2246 5610 vere
2277 5553 2523 5611 divinas.
2558 5556 2681 5620 Qua
2711 5555 2932 5609 ratione
2963 5551 3158 5608 autem
3187 5551 3452 5608 videatur
3471 5551 3768 5622 adjectum

2116 5625 2401 5697 proditur,
2435 5627 2576 5682 dum
2610 5625 2681 5683 ad
2710 5623 3250 5698 interpretationem
3295 5623 3446 5681 tanti
3475 5620 3769 5696 sacrilegii

430 5701 451 5734 δ
478 5699 778 5772 Additum,
811 5697 990 5773 neque
1009 5699 1204 5768 Filius,
1236 5697 1427 5772 legere
1453 5703 1541 5758 est
1595 5698 2006 5773 hodienumin
2114 5698 2430 5758 derivatur.
