4058 6190
312 333 432 401 189

797 334 1318 400 COMMENTAR.
1364 336 1445 399 IN
1490 335 2005 403 EVANGELIUM
2052 334 2430 400 ΜΛΤἸἮΕΙ
2475 338 2627 400 LIB.
2673 338 2778 402 IV.
2825 337 2997 401 CAP.
3044 338 3243 403 XXV.

3174 112 3207 125 Ι

3617 338 3736 402 190

311 486 349 542 ι,
373 470 449 541 7).
482 468 731 535 Quando
762 468 923 538 dicit,
971 487 1083 527 non
1128 474 1205 527 est
1262 479 1499 529 vestrum
1526 474 1687 540 seire,
1712 471 1968 528 ostendit
1994 471 2050 539 Α
2080 488 2179 527 rus
2211 471 2306 529 sit.
2339 473 2408 529 Et
2437 488 2553 528 non
2584 470 2747 539 dixit,
2778 474 2913 544 quia
2960 475 3238 529 nescimus
3290 489 3399 545 qua
3426 472 3560 530 hora
3602 488 3733 530 ven.-

306 560 464 632 quod
494 558 622 631 ipse
652 558 821 628 sciat,
854 560 954 616 sed
987 576 1102 617 non
1127 561 1405 633 expediat
1453 579 1626 619 nosse
1675 561 1974 634 apostolis,

307 652 629 719 utsemper
674 648 881 704 incerti
916 649 989 704 de
1046 649 1297 705 adventu
1346 651 1580 721 judicis,
1640 651 1724 706 sic
1780 649 1975 723 quoti-

311 736 410 793 die
432 736 645 804 vivant,
681 738 850 808 quasi
892 737 988 793 die
1018 738 1173 795 200
1219 737 1665 811 aliajudicandi
1697 739 1834 795 sint.
1867 739 1976 795 Da-

309 826 488 898 nique
511 830 571 881 et
601 842 972 899 consequens
1025 827 1321 901 Evangelii
1354 845 1545 884 sermo
1601 829 1861 901 idipsum
1888 845 1978 883 cor

307 916 395 988 git
422 914 907 987 intelligi,dicens
936 932 1170 988 quoque
1199 918 1430 973 Patrem
1462 917 1654 973 solum
1689 934 1881 974 nosse:
1914 916 1974 973 in

307 1008 485 1060 Patre
509 1003 950 1077 comprehendit
977 1010 1035 1061 et
1071 1004 1302 1061 Filium.
1364 1007 1570 1062 Omnis
1601 1005 1757 1063 enim
1785 1011 1973 1079 pater,

311 1091 425 1148 filii
456 1110 663 1149 nomen
689 1097 799 1151 est.

390 1182 570 1252 (Vers.
602 1184 669 1237 37
702 1184 852 1255 seq.)
883 1205 910 1231 ››
968 1183 1132 1239 Sicut
1169 1188 1364 1239 autem
1396 1184 1458 1238 in
1488 1184 1696 1240 diebus
1726 1184 1865 1251 Noe,
1896 1184 1977 1241 ita

309 1270 423 1327 erit
449 1276 506 1326 et
534 1271 818 1329 adventus
850 1271 979 1327 Filii
1038 1271 1314 1328 hominis.
1346 1273 1503 1328 Sicut
1534 1273 1690 1329 enim
1722 1280 1889 1330 erant
1916 1274 1973 1329 in

306 1359 521 1415 diebus
549 1366 683 1416 ante
734 1361 1024 1416 diluvium
1056 1362 1427 1418 comadentes
1458 1366 1515 1418 et
1542 1363 1829 1429 bibentes,
1863 1380 1972 1419 nu-

317 1448 529 1504 bentes
560 1452 618 1504 et
644 1450 858 1522 nuptui
889 1451 998 1521 [Αι.
1032 1454 1307 1522 nuptum]
1338 1452 1657 1519 tradentes,
1689 1468 1875 1523 usque
1904 1453 1976 1508 ad

312 1553 450 1593 eum
474 1536 659 1604 diem,
690 1555 803 1610 quo
861 1538 1097 1595 intravit
1145 1539 1264 1595 Noe
1296 1540 1356 1594 in
1405 1556 1622 1611 arcam,
1650 1546 1707 1596 et
1735 1557 1849 1596 non
1879 1557 1973 1597 co-

307 1630 646 1698 gnoverunt
678 1628 860 1683 donec
917 1629 1075 1683 venit
1126 1627 1434 1695 diluvium,
1469 1633 1526 1684 et
1556 1630 1691 1685 tulit
1736 1643 1972 1686 omnes:

318 1714 401 1771 ita
431 1714 544 1770 erit
573 1720 632 1771 et
661 1716 947 1772 adventus
984 1716 1111 1771 Filii
1143 1718 1400 1774 hominis
1448 1740 1476 1769 »
1510 1718 1800 1783 Quaeritur
1829 1735 1976 1790 quo-

308 1796 487 1860 modo
511 1820 693 1877 supra
721 1805 1009 1877 scriptum
1040 1806 1117 1862 sit
1141 1823 1153 1861 :
1215 1806 1420 1879 Surget
1447 1809 1598 1893 enim
1628 1824 1760 1878 gens
1788 1811 1976 1864 contra
2005 1843 2053 1908 B

303 1898 547 1964 gentem,
574 1903 628 1950 et
656 1911 890 1966 regnum
936 1904 1125 1951 contra
1168 1912 1397 1967 regnum
1426 1914 1445 1951 :
1473 1888 1534 1953 et
1580 1907 1746 1953 erunt
1798 1900 1972 1969 pesti-

310 1982 524 2050 lentiae,
552 1992 603 2039 et
623 1986 823 2055 fames,
852 1990 907 2041 et
936 1992 1093 2042 terra
1139 1993 1314 2040 motus
1335 1986 1483 2057 (vers
1511 1988 1542 2042 7
1570 1988 1607 2057 ;)
1639 1992 1697 2042 at
1726 2004 1880 2042 nunc
1908 2003 1976 2044 ea

310 2072 519 2128 futura
577 2078 979 2130 memorentur
1007 2090 1135 2145 quin
1183 2074 1344 2145 pacis
1397 2074 1612 2130 indicia
1669 2078 1825 2131 sunt.
1864 2076 1975 2132 Sed

314 2161 801 2231 existimandum,
822 2162 993 2234 juxta
1009 2162 1379 2235 Apostolum,
1396 2164 1549 2235 quod
1570 2169 1705 2236 post
1724 2181 1972 2238 pugnas,

308 2255 371 2306 et
399 2249 822 2323 dissensiones,
855 2255 912 2307 et
950 2251 1335 2323 pestilentias,
1366 2257 1423 2308 et
1453 2254 1658 2324 fames,
1690 2257 1747 2310 et
1776 2258 1975 2311 terrae-

315 2343 538 2408 motus,
566 2345 625 2396 et
652 2344 861 2396 cetera
877 2341 1097 2412 quibus
1115 2357 1301 2414 genus
1331 2345 1594 2397 vastatur
1623 2342 1972 2412 humanum,

322 2427 486 2483 brevi
524 2428 626 2500 [Αι.
657 2429 870 2501 brevis]
903 2429 1291 2486 subsecutura
1322 2430 1401 2486 sit
1431 2447 1561 2502 pax,
1595 2448 1724 2503 qua
1780 2431 1977 2503 quieta

321 2518 526 2573 omnia
554 2519 945 2591 repromittat,
974 2524 1040 2575 ut
1062 2519 1206 2575 ﬁdes
1236 2518 1597 2575 credentium
1629 2522 1974 2594 comprobe-

316 2609 437 2674 tur,
459 2610 659 2664 utrum
691 2607 1005 2665 transactis
1035 2607 1230 2676 malis,
1259 2613 1497 2680 sperent
1534 2609 1793 2681 judicem
1845 2628 1973 2667 esse

303 2698 641 2751 venturum.
674 2695 792 2753 Hoc
832 2700 922 2753 est
949 2697 1107 2754 enim
1160 2688 1315 2768 quod
1378 2697 1437 2753 in
1467 2698 1648 2755 Paulo
1678 2698 1968 2772 legimus:

309 2784 540 2853 Quando
569 2785 835 2851 dixerint,
892 2803 1006 2858 paa:
1032 2790 1084 2843 et
1130 2788 1414 2854 securitas,
1475 2795 1606 2843 tunc
1651 2790 1971 2859 repentinus

307 2875 388 2930 eis
414 2876 760 2946 superveniet
797 2877 1072 2948 interitus,
1127 2877 1268 2931 sicut
1296 2874 1459 2932 dolor
1509 2880 1889 2948 parturientis,
1920 2884 1972 2933 et

308 2979 422 3020 non
443 2962 707 3035 eﬂugient
738 2965 787 3036 (I
813 2964 985 3021 Thess.
1013 2983 1069 3033 ν,
1101 2967 1177 3034 3).

379 3051 565 3123 (Vers.
595 3054 683 3118 40,
717 3053 829 3125 41.)
875 3076 893 3103 ο
921 3055 1086 3111 Tunc
1143 3056 1259 3112 duo
1288 3061 1461 3111 erunt
1510 3055 1570 3110 in
1604 3070 1780 3128 agro:
1815 3072 1969 3111 unus

2084 565 2241 617 turus
2270 562 2344 618 sit
2383 563 2694 629 Dominus;
2756 562 2857 617 sed
2872 561 3126 617 ,nescitis.
3174 562 3595 634 Priamissoque
3628 578 3730 634 pa-

2082 650 2448 707 trisfamilias
2478 649 2764 723 exemplo,
2798 666 2903 706 cur
2933 650 3171 706 reticeat
3202 651 3733 708 consummationis

2083 740 2261 811 diem,
2295 739 2664 796 manifestius
2693 739 2862 796 docet
2886 739 3085 794 dicens
3109 755 3123 793 :

2162 852 2182 878 α
2219 829 2350 885 Ideo
2373 833 2430 885 et
2484 845 2584 884 vos
2615 832 2801 884 estote
2859 828 3079 900 parati:
3143 828 3282 899 quia
3341 827 3581 884 nescitis
3613 845 3732 899 qua

2083 917 2228 973 hora
2257 918 2439 973 Filius
2462 917 2717 973 hominis
2748 923 3027 973 venturus
3082 921 3189 973 est.
3222 917 3383 985 Quis,
3419 922 3612 989 putas,
3643 920 3735 973 est

2084 1006 2276 1065 ﬁdelis
2301 1023 2503 1063 servus
2522 1011 2579 1062 et
2608 1007 2887 1078 prudens,
2916 1022 3086 1078 quem
3117 1006 3421 1062 constituit
3448 1005 3735 1062 Dominus

2083 1096 2211 1168 ejus
2269 1113 2447 1168 super
2487 1095 2668 1152 filiam
2728 1112 2918 1162 suam,
2980 1100 3046 1149 ut
3102 1095 3200 1150 det
3254 1092 3373 1149 illis
3415 1094 3611 1149 cibum
3670 1093 3730 1149 in

2083 1184 2392 1257 tempore?
2441 1185 2651 1241 Beatus
2681 1184 2777 1239 ille
2831 1200 3055 1249 servus,
3089 1199 3261 1256 quem
3322 1199 3457 1238 cum
3513 1183 3736 1238 venerit

2083 1274 2371 1333 Dominus
2402 1275 2553 1345 ejus,
2584 1273 2871 1330 invenerit
2912 1272 2996 1329 sic
3026 1274 3353 1329 facientem.
3384 1275 3573 1328 Amen
3603 1271 3733 1328 dico

2082 1363 2271 1432 vobis,
2303 1363 2579 1435 quoniam
2637 1380 2815 1434 super
2853 1362 3052 1418 omnia
3094 1363 3246 1418 bona
3272 1378 3381 1416 sua
3417 1360 3734 1418 constituet

2084 1468 2240 1508 eum.
2274 1474 2300 1502 ››
2336 1452 2571 1508 Plenius
2626 1452 2881 1508 inculcat
2910 1456 2966 1507 et
3004 1450 3263 1522 replicat,
3297 1466 3477 1521 quare
3533 1451 3605 1505 de
3635 1450 3731 1505 die

2085 1541 2614 1598 consummationis
2642 1546 2699 1596 et
2729 1541 2868 1597 hora
2912 1558 3016 1596 nec
3048 1539 3307 1612 angelos,
3360 1556 3464 1594 nec
3490 1555 3552 1594 se
3582 1538 3733 1595 scire

2084 1630 2484 1703 praedixerit“;
2518 1632 2617 1686 sed
2652 1630 2843 1686 solum
2902 1633 3154 1698 Patrem,
3188 1629 3344 1701 quod
3403 1644 3517 1683 non
3566 1643 3733 1698 expe-

2085 1719 2203 1775 diat
2237 1719 2386 1775 scire
2424 1719 2743 1792 apostolis:
2801 1723 2858 1774 et
2887 1717 3220 1791 exemplum
3268 1715 3732 1789 patrisfamilias,

2086 1809 2193 1865 hoc
2223 1813 2331 1876 est,
2363 1808 2456 1866 sui
2486 1814 2543 1865 et
2571 1808 2833 1864 fidelium
2858 1824 3180 1875 servorum,
3208 1807 3266 1862 id
3297 1810 3406 1873 est,
3440 1804 3732 1877 apostolo-

2088 1915 2242 1969 rum,
2275 1899 2347 1954 ad
2377 1898 2834 1954 cohortationem
2882 1896 3143 1953 sollicita:
3176 1896 3388 1952 mentis
3421 1893 3737 1961 interserit,

2083 1992 2149 2044 ut
2169 2003 2270 2060 spe
2300 1987 2672 2061 praemiorum
2696 1985 3032 2042 ministrent
3060 1985 3357 2041 conservis
3384 1983 3443 2038 in
3474 1987 3736 2054 tempore

2084 2094 2192 2133 suo
2224 2076 2443 2132 cibaria
2476 2075 2876 2131 doctrinarum

2155 2165 2341 2236 (Vers.
2376 2166 2462 2231 48,
2493 2164 2606 2234 49.)
2656 2184 2684 2212 ‹‹
2714 2164 2772 2219 Si
2804 2166 3003 2218 autem
3035 2161 3248 2218 dixerit
3311 2160 3506 2217 malus
3537 2176 3739 2216 servus

2085 2254 2186 2310 ille
2215 2254 2273 2309 in
2309 2254 2482 2310 corde
2512 2270 2638 2324 suo,
2672 2268 2897 2309 moram
2957 2252 3095 2307 facit
3140 2251 3417 2307 dominus
3446 2266 3614 2306 meus
3642 2265 3738 2304 ve-

2087 2344 2232 2409 nire,
2266 2347 2323 2400 et
2345 2343 2581 2415 coeperit
2610 2346 2911 2415 percutere
2940 2357 3251 2397 conservos
3299 2357 3459 2405 suos,
3490 2338 3741 2394 mandu-

2083 2439 2174 2491 cet
2204 2438 2402 2489 autem
2445 2436 2501 2487 et
2532 2431 2697 2487 bibat
2744 2448 2878 2486 cum
2911 2431 3110 2487 ebriis.
3140 2453 3169 2480 »
3202 2430 3280 2485 Ex
3335 2426 3739 2501 superioribus

2082 2523 2314 2596 pendet,
2346 2522 2503 2593 quod
2537 2520 2692 2576 sicut
2721 2519 3010 2576 sollicitus
3042 2536 3245 2576 servus
3284 2522 3341 2575 et
3368 2533 3601 2590 semper
3629 2516 3733 2572 ad-

2081 2615 2320 2668 ventum
2344 2610 2573 2667 Domini
2599 2608 2966 2682 prasstolans,
2989 2608 3168 2664 tradit
3197 2607 3487 2664 conservis
3514 2604 3734 2662 cibaria

2081 2702 2140 2757 in
2163 2705 2424 2772 tempore
2445 2703 2639 2767 suo,et
2668 2702 2870 2771 postea
2901 2715 3078 2769 super
3098 2698 3300 2753 omnia
3328 2697 3483 2752 bona
3496 2694 3733 2766 patrifa-

2081 2789 2275 2846 milias
2297 2788 2692 2844 constituitur:
2728 2788 2808 2842 ita
2828 2785 3250 2857 contrario,qui
3274 2786 3444 2855 juxta
3466 2782 3734 2839 Ezechie-

2078 2878 2194 2934 lem
2226 2878 2407 2933 dixit:
2456 2881 2524 2931 1n
2580 2881 2826 2945 tempora
2858 2878 3017 2945 longa
3054 2875 3149 2943 ﬁet
3203 2872 3346 2928 istud
3376 2872 3591 2941 (Ezech.
3623 2887 3728 2933 χιι,

2076 2968 2192 3038 22,)
2225 2971 2281 3021 et
2330 2982 2446 3020 non
2486 2968 2657 3036 putat
2687 2964 2993 3020 dominum
3052 2961 3167 3017 cito
3198 2976 3327 3016 esse
3373 2963 3725 3024 venturum;

2085 3057 2274 3112 factus
2304 3054 2585 3118 securior,
2617 3055 2783 3107 vacat
2810 3050 2998 3123 epulis
3027 3054 3203 3120 atque
3232 3048 3494 3116 luxurias,
3524 3050 3581 3103 et
3610 3062 3727 3105 non

307 3147 670 3209 assumatur,
702 3147 761 3198 et
792 3160 946 3200 unus
998 3143 1382 3216 relinquetur.
1417 3145 1556 3201 Duas
1602 3144 1967 3201 molentesin
2014 3213 2038 3216 ΑΔ
2074 3144 2267 3201 lenem
2300 3139 2803 3214 patremfamilias,
2865 3139 2965 3194 sed
3025 3137 3464 3195 severissimum
3520 3135 3732 3192 sentiet

306 3230 503 3286 mola:
539 3248 657 3287 una
675 3235 1030 3299 assumatur,
1064 3236 1120 3289 et
1168 3213 1286 3290 una
1315 3233 1694 3306 relinquetur.
1718 3253 1744 3284 ιο
1780 3235 1964 3303 Tunc,
1998 3213 2041 3280 C
2070 3213 2356 3305 judicem.

302 3318 523 3391 inquit,
549 3319 666 3377 duo
693 3326 866 3377 erunt
887 3320 949 3377 in
980 3337 1139 3395 agro,
1189 3323 1445 3395 quando,
1477 3328 1739 3396 tempore
1767 3322 1967 3379 videli-

304 3412 404 3464 cet
452 3410 985 3467 consummationis
1032 3415 1209 3483 atque
1258 3412 1488 3483 judicii,
1544 3413 1661 3468 duo
1712 3413 1773 3468 in
1831 3428 1969 3483 agro

300 3497 522 3570 pariter
547 3497 920 3555 invenientur
943 3500 1218 3556 eumdem
1267 3500 1550 3558 habentes
1585 3500 1869 3571 laborem,
1914 3506 1972 3557 et

303 3586 474 3658 quasi
502 3603 705 3660 parem
737 3599 1080 3660 sementem,
1117 3591 1215 3647 sed
1248 3590 1473 3647 fructus
1502 3590 1722 3647 laboris
1750 3608 1866 3646 non
1897 3608 1969 3646 ae-

304 3692 421 3748 que
476 3676 840 3749 recipiantes.
914 3678 1050 3734 Duae
1128 3695 1363 3751 quoque
1409 3679 1694 3737 molentes
1793 3679 1971 3736 simul

312 3768 517 3821 erunt:
547 3782 669 3822 una
698 3770 1054 3834 assumatur,
1081 3772 1138 3823 et
1168 3785 1286 3824 una
1316 3767 1695 3840 relinquetur.
1731 3770 1794 3824 In
1826 3769 1970 3824 duo-

308 3852 423 3908 bus
452 3853 553 3924 qui
584 3855 643 3909 in
675 3870 815 3926 agro
871 3861 1332 3925 commorantur,
1378 3861 1438 3913 et
1475 3858 1533 3912 in
1584 3858 1814 3913 duabus
1843 3874 1974 3930 qua:

310 3942 535 4012 pariter
592 3943 838 4015 molunt,
886 3944 974 4000 vel
1032 3946 1398 4017 Synagogam
1446 3945 1727 4018 intellige,
1777 3951 1834 4002 at
1863 3948 1969 4018 [Αἰ.

310 4028 429 4100 vel]
450 4030 787 4101 Ecclesium,
845 4034 1001 4105 quod
1055 4034 1233 4091 simul
1282 4034 1497 4091 molere
1553 4034 1861 4091 videantur
1912 4035 1970 4091 in

312 4119 482 4191 Lege,
515 4124 573 4176 at
602 4121 674 4177 de
694 4121 913 4178 eisdem
972 4122 1291 4195 Scripturis
1343 4124 1590 4179 farinam
1616 4128 1800 4180 terere
1827 4141 1973 4196 prse-

307 4211 611 4280 ceptorum
641 4209 744 4265 Dei
772 4228 784 4265 :
815 4210 901 4266 vel
953 4215 1187 4268 ceteras
1218 4212 1488 4280 haereses,
1542 4229 1673 4293 quae
1725 4214 1797 4269 de
1821 4216 1975 4270 utro-

309 4314 424 4369 que
451 4299 850 4372 Testamento,
881 4304 983 4355 aut
1013 4300 1085 4356 de
1113 4300 1294 4358 altero
1342 4301 1613 4358 videntur
1642 4302 1858 4359 molere
1891 4304 1972 4358 fa-

309 4387 507 4443 rinam
527 4386 936 4444 doctrinarum
960 4406 1227 4445 suarum:
1260 4395 1319 4445 et
1339 4406 1471 4446 cum
1504 4407 1687 4446 unum
1720 4391 1975 4447 nominis

305 4475 631 4532 Christiani
651 4477 1019 4550 propositum
1049 4479 1196 4535 201
1233 4478 1511 4545 habeant,
1558 4496 1676 4535 non
1707 4480 1972 4536 eamdem

2148 3321 2335 3393 (Vers.
2357 3320 2448 3385 50,
2474 3318 2588 3390 54.)
2625 3340 2652 3369 ‹‹
2681 3318 2889 3373 Veniet
2944 3316 3221 3372 dominus
3276 3314 3425 3371 servi
3457 3312 3637 3382 illius,
3671 3314 3728 3369 in

2078 3411 2171 3467 die
2193 3427 2309 3482 qua
2339 3426 2454 3464 non
2485 3411 2704 3480 Sperat,
2739 3410 2796 3462 et
2839 3406 2984 3463 hora
3040 3421 3158 3477 qua
3204 3405 3471 3476 ignorat:
3505 3407 3562 3457 et
3591 3401 3735 3458 divi-

2092 3501 2191 3557 det
2216 3516 2372 3569 eum,
2427 3500 2770 3569 partemque
2821 3496 2950 3566 ejus
3007 3498 3183 3567 ponet
3212 3510 3345 3549 cum
3374 3490 3729 3564 hypocritis:

2088 3588 2208 3645 illic
2258 3587 2368 3643 erit
2425 3588 2598 3641 ﬂetus
2647 3589 2704 3640 et
2750 3584 2969 3640 stridor
3025 3582 3314 3638 dentium.
3350 3584 3385 3631 »³
3429 3581 3582 3637 202
3614 3580 3730 3636 Hoc

2088 3679 2287 3750 ipsum
2318 3676 2505 3745 docet,
2537 3677 2603 3728 ut
2632 3672 2822 3729 sciant
2870 3672 3104 3743 quando
3134 3687 3248 3728 non
3280 3674 3522 3743 putatur
3548 3668 3735 3724 domi-

2079 3783 2213 3835 nus,
2244 3769 2383 3820 tunc
2439 3780 2574 3818 eum
2631 3778 2760 3817 esse
2804 3764 3141 3828 venturum,
3195 3764 3252 3816 et
3304 3758 3621 3831 vigilantiae
3666 3774 3733 3813 ac

2080 3851 2495 3910 sollicitudinis
2554 3851 2991 3922 dispensatores
3046 3849 3339 3904 admonet.
3372 3848 3548 3903 Porro
3578 3846 3734 3917 quod

2080 3942 2242 4010 dicit,
2275 3941 2476 3997 dividet
2516 3956 2663 4007 eum,
2696 3956 2808 3995 non
2842 3955 2958 4009 quo
3011 3936 3204 4009 gladio
3261 3953 3395 3991 eum
3448 3935 3732 4003 dissecet;

2081 4033 2183 4090 sed
2216 4047 2331 4102 quo
2362 4047 2397 4085 a
2442 4034 2779 4086 sanctorum
2840 4026 3135 4083 consortio
3192 4041 3325 4081 eum
3385 4026 3632 4096 separet,
3679 4026 3737 4077 et

2082 4124 2307 4193 partem
2340 4120 2466 4190 ejus
2498 4122 2676 4190 ponat
2705 4132 2839 4172 cum
2870 4114 3187 4189 hypocritis
3213 4132 3225 4170 :
3250 4131 3382 4169 cum
3414 4112 3506 4168 his
3536 4109 3735 4167 videli-

2082 4214 2192 4276 cet,
2227 4208 2320 4281 qui
2379 4212 2546 4263 erant
2595 4206 2652 4261 in
2685 4222 2844 4277 agro,
2882 4208 2939 4259 et
2985 4203 3086 4275 qui
3119 4201 3415 4258 molabant
3442 4204 3600 4272 (vers.
3643 4200 3731 4268 40,

2082 4300 2193 4369 4|),
2228 4303 2285 4354 et
2316 4296 2700 4352 nihilominus
2755 4292 3027 4349 derelecti
3085 4295 3246 4348 sunt.
3275 4290 3437 4362 Saepe
3478 4288 3734 4346 diximus

2084 4386 2447 4460 hypocritam
2481 4384 2639 4438 aliud
2673 4399 2823 4451 esse,
2856 4381 3013 4437 aliud
3046 4381 3387 4437 ostendere:
3418 4379 3573 4435 sicut
3592 4383 3649 4434 et
3675 4378 3734 4432 in

2086 4493 2247 4549 agro,
2281 4480 2339 4531 et
2374 4475 2431 4530 in
2466 4472 2623 4528 mola
2652 4472 2807 4529 idem
2840 4471 3150 4527 videbatur
3180 4471 3388 4541 facere,
3421 4468 3572 4541 quod
3640 4483 3736 4522 ec-

311 4565 1972 4639 mercedemrecipientzaliisassumptisetaliisderelictis.
2008 4582 2052 4648 ι)
2087 4564 2453 4623 clesiasticus
2482 4562 2588 4630 vir,
2627 4563 2729 4618 sed
2760 4561 2950 4617 exitus
2998 4560 3243 4651 diversae
3287 4556 3605 4614 voluntatis
3634 4572 3736 4626 ap-

385 4654 569 4724 (Vers.
608 4656 700 4723 42,
730 4655 844 4727 43.)
894 4654 1144 4727 Vigilata
1192 4672 1351 4728 ergo,
1382 4655 1523 4728 quia
1571 4656 1811 4712 nescitis
1856 4673 1973 4728 qua

312 4741 461 4798 hora
489 4742 779 4799 Dominus
798 4746 992 4801 vester
1018 4748 1302 4801 venturus
1323 4745 1419 4801 sit.
1453 4743 1601 4800 Illud
1632 4750 1828 4802 autem
1860 4744 1970 4801 sci-

312 4834 456 4898 tote,
490 4831 773 4903 quaniam
798 4832 847 4889 si
877 4832 1054 4889 sciret
1104 4833 1525 4905 paterfamilias
1564 4850 1681 4905 qua
1708 4834 1851 4890 hora
1880 4834 1975 4890 fur

313 4924 606 4976 venturus
654 4926 831 4990 esset,
887 4922 1155 4995 vigilaret
1214 4923 1437 4995 utique,
1491 4926 1549 4979 et
1605 4940 1718 4979 non
1760 4922 1977 4979 sineret

314 5009 542 5081 perfodi
570 5010 814 5067 domum
874 5028 1064 5067 suam.
1099 5032 1126 5061 η
1161 5011 1471 5083 Perspicua
1517 5011 1771 5067 ostendit
1795 5026 1974 5081 quare

316 5116 501 5173 supra
549 5099 765 5156 dixerit
805 5104 971 5169 (vers.
993 5100 1126 5174 36:)
1156 5101 1233 5157 De
1256 5100 1344 5157 die
1370 5105 1555 5157 autem
1585 5101 1688 5157 illa
1723 5109 1777 5157 et
1803 5100 1977 5156 hora’

318 5205 477 5247 nemo
505 5192 633 5257 scit,
666 5205 842 5262 neque
891 5191 1068 5247 Filius
1112 5190 1373 5257 hominis,
1428 5206 1601 5262 neque
1627 5190 1833 5262 angeli,
1864 5190 1978 5245 nisi

322 5279 488 5335 Pater
512 5280 702 5336 solus:
735 5281 887 5351 quod
950 5296 1064 5335 non
1097 5278 1366 5352 expediat
1406 5279 1554 5336 scire
1584 5278 1886 5351 apostolis,
1915 5282 1980 5333 ut

324 5368 595 5440 pendulae
634 5369 1086 5441 exspectationis
1129 5367 1350 5424 incerto
1407 5384 1638 5440 semper
1691 5384 1824 5424 eum
1856 5385 1977 5424 cre-

326 5457 472 5513 dant
495 5473 627 5515 asse
658 5463 995 5527 venturum,
1020 5475 1192 5531 quem
1226 5458 1501 5530 ignorant
1519 5458 1753 5529 quando
1782 5462 1983 5514 ventu-

404 5601 419 5633 ¹
455 5599 821 5725 Ηὶοθιιοᾳυθ
876 5615 1067 5667 voces,
1094 5602 1147 5655 et
1200 5598 1355 5666 hora,
1410 5596 1656 5653 Palatini
1686 5613 1829 5655 mss.
1855 5614 1981 5655 res-

404 5674 537 5725 tant.
617 5671 710 5725 ide
740 5671 1103 5725 superiorem
1125 5668 1581 5725 adnotationem.

328 5674 537 5742 puant.
563 5668 710 5728 Vide
726 5668 1103 5744 superiorem
1125 5668 1581 5727 adnotationem.

2084 4657 2316 4815 pagg.
2352 4741 2514 4796 XXV.
2550 4771 2617 4781 —-
2652 4739 2813 4795 Vers.
2868 4740 2891 4793 1
2928 4739 3076 4809 seq.)
3124 4761 3151 4787 ‹‹
3186 4738 3350 4792 Tunc
3407 4731 3598 4790 simile
3627 4732 3739 4788 erit

2083 4849 2329 4905 regnum
2362 4830 2641 4887 ccalorum
2673 4830 2872 4884 dacem
2906 4826 3255 4897 virginibus,
3293 4840 3418 4896 qua:
3447 4821 3735 4895 accipian-

2085 4928 2173 4978 tes
2226 4920 2524 4991 lampadas
2583 4935 2742 4983 suas,
2800 4916 3070 4972 exierunt
3135 4913 3362 4969 obviam
3420 4927 3639 4983 sponso
3683 4914 3740 4965 et

2086 5027 2335 5083 sponsio.
2391 5009 2660 5079 Quinque
2720 5012 2916 5061 autem
2952 5020 3019 5058 ex
3077 5003 3161 5058 eis
3225 5006 3391 5058 erant
3431 5001 3623 5067 fatuae,
3681 5003 3739 5055 et.

2086 5100 2348 5172 quinque
2407 5098 2739 5170 prudentes.
2776 5094 2884 5149 Sed
2947 5091 3205 5163 quinque
3260 5092 3449 5157 fatuae,
3483 5087 3738 5162 acceptis

2086 5187 2481 5259 lampadibus,
2515 5201 2629 5239 non
2680 5184 3061 5254 sumpserunt
3112 5180 3303 5237 oleum
3337 5196 3558 5236 secum.
3591 5182 3737 5232 Pru-

2087 5278 2289 5333 dentes
2318 5291 2451 5330 vero
2480 5275 2829 5344 acceperunt
2883 5270 3073 5327 oleum
3127 5270 3183 5324 in
3245 5269 3398 5325 vasis
3429 5268 3555 5324 suis
3605 5282 3736 5323 cum

2089 5356 2481 5437 lampadibus.
2518 5384 2546 5411 »
2578 5362 2737 5416 Hanc
2779 5359 3136 5432 parabolam,
3174 5359 3231 5413 id
3282 5361 3374 5414 est
3392 5355 3734 5414 similitudi-

2090 5472 2222 5510 nem
2251 5454 2451 5509 decem
2481 5450 3101 5523 virginum,fatuarum
3130 5454 3307 5520 atque
3330 5445 3736 5519 prudentium,

2162 5595 2392 5655 ‘Penes
2451 5592 2796 5661 Victorium,
2847 5607 2943 5648 nec
2995 5592 3220 5665 angelos
3286 5593 3540 5648 calorum
3595 5589 3737 5646 scire

2088 5667 2434 5742 pradiverit.
