4058 6190
342 316 450 380 191

1586 328 1650 388 S.
1696 325 2014 390 EUSEBII
2056 327 2499 396 HIERONYMI

3622 327 3742 391 192

343 464 585 537 quidam
617 461 963 536 simpliciter
1016 463 1075 521 in
1125 462 1451 539 virginibus
1484 462 1980 538 interpretantur:
2014 461 2070 528 Α
2101 465 2266 521 nabit
2294 468 2601 525 adventus.
2638 468 2910 524 Dicamus
2940 465 3161 540 aliquid
3192 463 3347 537 quod
3370 461 3633 520 forsitam
3658 461 3740 519 le“

341 572 591 627 quarum
668 553 815 621 alite,
871 557 1038 622 juxta
1107 561 1448 632 Apostolum
1539 560 1600 609 οι
1649 578 1888 633 corpore
1932 564 1989 616 et
2098 554 2793 614 ctoriutilesit.Traditio
2820 556 3157 612 Judseorum
3187 552 3601 624 est,Christum
3624 568 3744 607 me-

336 650 530 699 mente
562 652 702 702 sunt
733 648 1009 721 virgines.
1042 649 1093 721 (ι
1125 650 1247 707 Cor.
1280 673 1375 726 vn,
1398 656 1491 728 34)
1518 675 1530 712 :
1583 656 1707 713 alia;
1756 659 1987 731 Virgini-

335 738 513 790 tatem
548 739 778 792 tantum
828 754 1131 811 corporu‘i
1196 751 1577 817 reservantes,
1635 746 1720 803 vel
1782 752 1986 804 caetera

343 841 517 896 opera
543 842 657 880 non
690 826 904 883 habent
934 847 1128 902 prop").
1152 830 1230 886 ito
1261 850 1368 888 suo
1399 834 1634 906 similia,
1658 835 1748 892 vel
1776 854 1982 908 paren-

338 918 467 969 tum
492 916 759 971 custodia
782 923 1104 985 reservatis,
1136 920 1521 980 nihilominus
1553 929 1745 980 mente
1776 943 1986 996 nupse-

333 1004 678 1075 runt(lbid,)
711 1006 821 1061 Sed
876 1006 1017 1060 mihi
1048 1007 1276 1065 videtur
1306 1028 1374 1067 ex
1403 1014 1803 1086 superioribus
1834 1015 1984 1070 alius

330 1109 543 1149 sensus
590 1111 720 1150 esse
753 1095 854 1166 qui
887 1096 1121 1164 dicitur,
1178 1103 1237 1154 et
1268 1117 1380 1156 non
1411 1103 1480 1157 ad
1527 1103 1833 1175 virginalis
1855 1121 1982 1159 cor-

329 1197 488 1253 pora,
542 1183 639 1237 sed
698 1184 768 1238 ad
829 1200 1002 1240 omne
1053 1185 1360 1244 hominum
1410 1207 1597 1262 genus
1626 1194 1982 1263 comparatio

332 1271 641 1342 pertinere.
673 1273 835 1327 Sicut
858 1274 1014 1329 enim
1073 1277 1187 1332 duo
1219 1277 1278 1333 in
1310 1296 1470 1350 agro,
1502 1285 1559 1335 et
1601 1282 1728 1336 duae
1762 1281 1981 1337 molen-

335 1363 423 1414 tes
456 1360 615 1430 (vers.
651 1363 738 1431 40,
774 1363 883 1431 41),
910 1365 1058 1419 duos
1107 1366 1441 1438 signiﬁcant
1472 1370 1738 1442 populos,
1789 1371 1983 1425 Chris-

333 1447 627 1503 tianorum
663 1455 719 1504 et
741 1451 1097 1517 Judaeorum,
1131 1454 1250 1510 sive
1308 1462 1643 1513 sanctorum
1689 1464 1746 1514 et
1780 1476 1980 1530 pecca-

335 1543 548 1603 torum,
583 1538 679 1609 qui
713 1539 770 1593 in
805 1540 1058 1597 Ecclesia
1087 1544 1411 1612 constituti,
1443 1547 1714 1603 videntur
1744 1548 1980 1620 quidem

334 1630 390 1682 et
419 1626 531 1698 ips‘i
565 1643 729 1681 arare
786 1631 843 1682 et
873 1630 1124 1699 molere;
1178 1635 1275 1689 sed
1330 1639 1540 1691 cuncta
1572 1637 1630 1690 in
1688 1636 1982 1709 hypocrisi

334 1714 591 1770 faciunt:
628 1715 710 1771 sic
742 1721 798 1771 et
829 1735 984 1775 nunc
1031 1722 1232 1777 decem
1262 1723 1517 1796 virgines
1548 1742 1755 1791 omnes
1785 1726 1979 1782 homi-

332 1804 956 1901 nes‘complectuntur,
1016 1810 1115 1881 qui
1173 1811 1447 1867 videntur
1485 1814 1600 1870 Deo
1631 1816 1885 1886 credere,
1920 1820 1978 1871 et
2008 1837 2053 1901 Β

333 1891 698 1964 applaudunt
726 1895 835 1951 sibi
869 1896 927 1951 in
978 1899 1294 1971 Scripturis
1350 1902 1590 1967 sanctis,
1640 1907 1759 1958 tam
1791 1903 1976 1960 eccle-

296 2022 297 2025 η
331 1980 618 2050 siasticos,
654 2000 828 2054 quam
868 1987 1127 2054 Judaeos,
1160 1994 1337 2061 atque
1367 1991 1690 2048 haareticos.
1724 1993 1831 2057 Qui
1890 1993 1977 2048 id-

334 2070 486 2126 circo
517 2089 719 2128 omnes
750 2074 1003 2147 virgines
1034 2078 1425 2150 appellantur,
1460 2081 1598 2152 quia
1653 2080 1981 2154 gloriantur

332 2158 390 2213 in
412 2160 587 2216 unius
606 2160 702 2216 Dei
724 2164 1013 2228 notitia,et
1031 2183 1198 2222 mens
1219 2184 1421 2224 eorum
1451 2169 1793 2225 idololatria:
1807 2171 1981 2226 turba

332 2248 438 2318 [AL
517 2250 756 2321 turbine]
831 2269 947 2307 non
1006 2261 1442 2328 constupratur.
1498 2257 1701 2315 Oleum
1763 2260 1982 2315 habent

328 2335 605 2409 virgines,
637 2355 766 2410 quae
817 2341 989 2410 juxta
1046 2344 1217 2399 ﬁdem
1251 2350 1307 2400 et
1364 2348 1640 2418 operihUs
1697 2349 1982 2403 adornan-

330 2428 446 2481 tur.
481 2427 604 2482 Non
637 2427 856 2484 habent
887 2430 1103 2499 oleum,
1160 2450 1293 2511 quae,
1346 2434 1618 2490 videntur
1642 2435 1821 2491 simili
1851 2437 1979 2508 qui-

338 2511 469 2567 dem
500 2513 612 2569 ﬁde
666 2517 974 2573 Dominum
1006 2520 1291 2587 conﬁteri,
1351 2522 1451 2578 sed
1482 2522 1767 2579 virtutum
1806 2540 1981 2595 opera

335 2600 658 2673 negligunt.
686 2603 1008 2663 Possumus
1040 2608 1304 2681 quinque
1332 2611 1909 2684 virgines,sapientes
1925 2616 1982 2666 et

332 2689 832 2765 stultas,quinque
863 2711 1073 2752 sensus
1104 2699 1257 2754 203
1288 2700 1653 2772 interpretari
1679 2716 1692 2755 :
1726 2717 1979 2772 quorum

333 2777 430 2833 alii
454 2779 735 2837 festinant
781 2783 850 2838 ad
884 2784 1161 2854 cmlestia,
1191 2792 1247 2843 et
1301 2805 1557 2860 superna
1603 2789 1976 2845 desiderant:

333 2865 430 2921 alii
465 2869 710 2926 terrenis
741 2871 978 2928 faecibus
1004 2874 1318 2947 inhiantes,
1334 2878 1589 2934 fomenta
1619 2896 1735 2933 non
1766 2878 1982 2934 habent

333 2956 613 3027 veritatis,
648 2960 864 3033 quibus
894 2979 1001 3019 sua
1048 2966 1225 3021 corda
1272 2965 1629 3023 illuminent.
1659 2967 1738 3024 De
1767 2966 1893 3023 visu
1925 2970 1982 3023 et

330 3047 535 3103 auditu
585 3053 642 3104 et
669 3053 827 3106 tactu
885 3053 1268 3124 spiritualiter
1313 3056 1533 3112 dictum
1567 3061 1691 3112 est:
1726 3056 1876 3125 Quod
1904 3059 1981 3112 vi-

284 3190 293 3197 ,
330 3134 531 3206 dimus,
552 3138 695 3208 quod
739 3141 1073 3210 audivimus,
1106 3145 1454 3214 quod'ocutis
1505 3147 1707 3202 nostris
1759 3162 1975 3218 perspe-

327 3224 534 3290 ximus,
567 3228 616 3278 et
646 3241 845 3280 manus
894 3235 1099 3287 nostra?
1152 3234 1444 3303 palpavere
1465 3234 1519 3301 (Ι
1539 3236 1694 3290 Joan.
1729 3252 1768 3302 ι,
1796 3235 1868 3306 1).
1903 3236 1976 3291 De

328 3314 544 3383 gustu:
573 3311 809 3385 Gustate,
842 3324 893 3371 et
928 3318 1108 3373 ridete
1152 3322 1414 3390 quoniam
1449 3324 1632 3377 suavis
1663 3327 1740 3377 est
1792 3324 1975 3378 Domi-

326 3416 431 3454 nus
457 3401 632 3472 (Psal.
695 3420 856 3471 xxur,
891 3404 968 3475 9).
1000 3404 1081 3460 De
1137 3407 1426 3463 odoratu:
1477 3409 1539 3463 In
1597 3410 1814 3465 odorem
1874 3428 1976 3465 un-

324 3495 649 3559 guentorum
679 3499 898 3546 tuorum
951 3495 1232 3549 currimus
1269 3494 1449 3566 (Cant.
1474 3514 1512 3565 1,
1544 3498 1620 3568 3).
1666 3498 1774 3552 Et:
1810 3498 1973 3553 Chri-

324 3578 400 3632 sti
432 3577 597 3632 bonus
627 3579 759 3635 odor
785 3597 981 3636 sumus
1010 3584 1084 3653 (II
1111 3582 1230 3639 Cor.
1261 3600 1323 3651 ιι,
1358 3586 1467 3657 15).

403 3665 589 3737 (Vers.
621 3668 700 3738 5.)
732 3690 760 3719 ‹‹
792 3669 1013 3726 Moram
1048 3674 1243 3728 autem
1291 3674 1537 3731 faciente
1565 3691 1803 3747 sponso,
1840 3676 1975 3731 dor-

330 3752 683 3811 mitaverunt
702 3772 906 3814 omnes
922 3764 979 3815 et
999 3760 1418 3817 dormierunt.»
1444 3764 1565 3819 Non
1590 3764 1747 3820 enim
1772 3780 1978 3836 parum

330 3843 614 3916 temporis
645 3844 797 3901 inter
825 3847 1075 3919 priorem
1100 3855 1156 3904 et
1185 3852 1508 3907 secundum
1539 3854 1851 3909 adventum
1876 3853 1981 3908 Do-

333 3932 474 3988 mini
514 3936 1006 4009 praetergreditur.
1043 3939 1236 3995 Omnes
1290 3940 1747 4007 dormitaverunt,
1781 3940 1837 3997 id
1869 3948 1975 4009 est,

330 4026 574 4078 mortuae
605 4029 781 4081 sunt:
833 4027 973 4098 quia
1025 4033 1359 4084 sanctorum
1420 4047 1577 4085 mors
1610 4048 1855 4086 somnus
1884 4048 1982 4103 ap-

332 4111 600 4183 pellatur.
634 4114 1074 4187 Consequenter
1103 4122 1297 4174 autem
1330 4118 1565 4185 dicitur,
1598 4120 1978 4175 dormierunt:

333 4200 471 4271 quia
501 4206 701 4272 postea
729 4204 1080 4261 suscitanda
1111 4212 1269 4262 sunt.

298 4286 309 4305 ’
405 4288 586 4358 (Vers.
618 4292 698 4357 6.)
727 4314 755 4341 ‹‹
789 4292 978 4349 Media
1006 4300 1200 4352 autem
1232 4301 1400 4353 nocte
1428 4295 1650 4353 clamor
1677 4298 1865 4353 factus
1895 4301 1983 4354 est

335 4392 469 4432 ecce
521 4395 773 4447 sponsus
808 4382 985 4449 venit,
1017 4384 1166 4441 exite
1196 4385 1423 4441 obviam
1445 4386 1556 4441 ei.»
1587 4386 1792 4442 Subito
1824 4385 1980 4441 enim

338 4466 507 4536 quasi
539 4466 892 4539 intempesta
916 4475 1103 4542 nocte,
1118 4477 1174 4527 et
1194 4475 1413 4530 securis
1431 4474 1726 4547 omnibus,
1746 4476 1980 4547 quando

2095 644 2192 701 dia
2222 651 2389 701 nocte
2420 650 2727 702 venturum
2760 646 2819 701 in
2850 643 3299 701 similitudinem
3332 641 3557 715 [Egypti
3588 645 3741 696 tem-

2095 735 2274 806 poris,
2301 737 2536 808 quando
2568 736 2793 791 Pascha
2830 733 3183 791 celebratum
3234 735 3342 803 est,
3374 735 3431 787 et
3460 730 3739 787 extermi-

2038 838 2044 842 ‘
2095 828 2263 879 nator
2293 824 2526 895 vcnit,et
2546 824 2830 880 Dominus
2862 840 3039 894 super
3068 819 3447 878 tabernacula
3476 820 3738 889 transiit,

2094 917 2151 968 et
2170 914 2454 986 sanguine
2485 914 2620 987 agni
2677 916 2872 985 postes
2903 916 3238 967 nostrarum
3284 908 3562 964 frontium
3609 926 3746 964 con-

2093 1005 2302 1058 secrati
2329 1008 2471 1059 sunt
2501 1002 2697 1076 (Exod.
2750 1020 2852 1070 x11,
2884 1003 2918 1056 3
2971 999 3140 1072 seqq.)
3195 999 3358 1055 Unde
3387 1014 3516 1054 reor
3544 1005 3600 1054 et
3628 1004 3747 1054 tra-

2093 1090 2373 1147 ditionem
2405 1092 2819 1164 apostolicam‘
2853 1088 3267 1163 permansisse,
3288 1091 3354 1142 ut
3383 1086 3441 1142 in
3473 1087 3566 1143 die
3594 1086 3745 1159 vigi-

2092 1178 2303 1235 liarum
2338 1181 2569 1237 Paschae
2599 1184 2766 1236 aucte
2798 1179 2983 1235 noctis
3031 1176 3345 1233 dimidium
3376 1174 3623 1248 populos
3649 1177 3745 1232 di-

2093 1269 2320 1324 mittere
2350 1287 2463 1325 non
2511 1269 2702 1339 liceat,
2731 1272 3132 1341 exspectantes
3162 1266 3473 1321 adventum
3504 1265 3741 1321 Christi.

2094 1359 2161 1413 Et
2182 1360 2518 1430 postquam8
2540 1358 2683 1414 illud
2698 1363 2930 1429 tempus
2949 1354 3583 1421 trausierit,securitate
3602 1370 3745 1425 prie-

2093 1453 2350 1520 sumpta,
2385 1449 2598 1504 festum
2622 1447 2816 1503 cuncti
2852 1449 3037 1518 agunt
3067 1445 3276 1499 dicem.
3308 1443 3472 1499 Unde
3501 1448 3558 1497 et
3580 1442 3743 1498 Psal-

2093 1536 2267 1592 mista
2297 1537 2562 1592 dicebat:
2588 1537 2761 1592 Media
2789 1537 2943 1591 nocte
2969 1532 3259 1602 surgebam
3276 1532 3348 1587 ad
3377 1531 3746 1601 conﬁtendum

2092 1625 2197 1680 tibi
2222 1642 2388 1698 super
2408 1626 2625 1697 judicia
2628 1620 3363 1698 justi/icationistustal.
3394 1637 3591 1691 cxvm,
3622 1620 3741 1691 62).

2164 1714 2346 1782 (Vers.
2380 1717 2459 1785 7.)
2519 1738 2548 1765 «
2583 1716 2747 1770 Tunc
2796 1716 3178 1769 surrexerunt
3223 1726 3428 1766 omnes
3482 1708 3741 1781 virgines

2090 1800 2224 1872 illae,
2256 1806 2313 1859 et
2342 1808 2696 1859 ornaverunt
2741 1802 3044 1873 lampades
3081 1816 3242 1856 suas.
3277 1820 3306 1849 »
3338 1799 3554 1855 Omnes
3584 1800 3740 1856 $04

2072 1890 2344 1963 virgines
2397 1895 2798 1958 surrexerunt,
2848 1895 2906 1946 et
2964 1893 3320 1945 ornaverunt
3374 1904 3745 1959 unaquaeque

2088 1980 2390 2053 lampades
2422 1999 2581 2049 suas,
2641 1981 2699 2035 id
2727 1983 2835 2048 est,
2885 1995 3121 2044 sensus,
3170 1977 3229 2032 in
3288 1975 3510 2049 quibus
3546 1974 3743 2032 oleum

2090 2070 2344 2125 scientia:
2379 2069 2758 2143 recipiebant,
2795 2072 2857 2122 ut
2880 2066 3193 2122 haberent3
3222 2081 3400 2137 upera
3435 2065 3744 2135 virtutum,

2089 2176 2216 2231 quas
2239 2163 2372 2215 ante
2395 2175 2597 2215 verum
2620 2157 2882 2229 judicem
2916 2156 3288 2228 refulgerent.

2161 2249 2346 2321 (Vers.
2382 2250 2460 2320 8.)
2492 2272 2520 2298 ‹‹
2557 2249 2747 2304 Fatuae
2776 2250 2974 2302 autem
3030 2244 3398 2315 sapientibus
3428 2242 3738 2299 dixerunt:

2088 2338 2230 2393 Date
2262 2338 2430 2393 nobis
2469 2338 2540 2392 de
2593 2334 2718 2392 oleo
2750 2338 2962 2401 vestro,
3003 2333 3141 2405 quia
3197 2331 3498 2404 lampades
3528 2336 3744 2387 nostras

2089 2427 2565 2499 exstinguuntur.
2606 2447 2633 2474 ››
2693 2426 2828 2489 Quae
2868 2423 3171 2495 lampades
3227 2438 3366 2477 suas
3415 2426 3745 2492 queruntur

2089 2514 2405 2586 exstingui,
2433 2514 2751 2571 ostendunt
2772 2529 2871 2568 eas
2901 2528 2969 2567 ex
2997 2515 3160 2583 parte
3192 2509 3386 2566 lucere
3410 2526 3423 2563 :
3456 2513 3515 2565 et
3542 2515 3741 2565 tamen

2091 2620 2206 2659 non
2237 2602 2456 2658 habent
2486 2601 2686 2657 lumen
2709 2599 3070 2666 indeﬁciens,
3098 2616 3203 2655 nec
3232 2614 3410 2671 opera
3438 2603 3739 2670 perpetua.

2090 2692 2149 2748 Si
2182 2691 2315 2764 quis
2342 2690 2520 2764 igitur
2551 2690 2730 2745 habet
2749 2689 3010 2745 animam
3042 2687 3407 2760 virginalem,
3439 2690 3496 2743 et
3515 2692 3747 2743 amator

2089 2786 2179 2837 est
2207 2780 2523 2853 pudicitiae,
2558 2796 2672 2835 non
2705 2779 2877 2835 debet
2908 2778 3303 2834 mediocribus
3332 2792 3462 2832 esse
3492 2781 3742 2831 conten-

2087 2874 2206 2936 tus,
2239 2886 2365 2941 quae
2396 2868 2507 2924 cito
2567 2867 2923 2933 exolescunt,
2954 2870 3013 2922 et
3068 2868 3264 2922 exorto
3294 2868 3582 2934 caumate,
3609 2879 3742 2919 are-

2089 2960 2267 3026 ﬁunt;
2319 2957 2416 3012 sed
2467 2957 2751 3029 perfectas
2797 2955 3042 3012 virtutes
3098 2957 3397 3026 sequatur,
3446 2956 3514 3009 ut
3540 2952 3743 3008 lumen

2089 3046 2302 3103 habeat
2331 3045 2777 3117 sempiternum.

2160 3135 2345 3207 (Vers.
2376 3133 2455 3205 9.)
2492 3153 2513 3182 ι
2555 3133 3001 3205 Responderunt
3052 3132 3396 3203 prudentes,
3441 3130 3742 3186 dicentes:

2009 3204 2051 3272 Ο
2088 3204 2175 3279 Ne
2221 3225 2364 3280 forte
2396 3204 2511 3279 non
2563 3204 2818 3279 sufficiat
2847 3221 3017 3277 nobis
3074 3224 3133 3276 et
3159 3220 3346 3276 vobis.
3380 3220 3497 3275 Hoc
3525 3235 3638 3274 non
3670 3220 3745 3274 de

2087 3313 2345 3380 avaritia,
2396 3312 2497 3368 sed
2546 3313 2618 3367 de
2668 3311 2878 3367 timore
2925 3309 3295 3381 respondent.
3356 3307 3744 3380 Unuquisque

2086 3402 2240 3458 enim
2275 3417 2377 3473 pro
2408 3401 2687 3473 operibus
2713 3400 2839 3456 suis
2887 3398 3214 3455 mercedem
3254 3397 3515 3469 recipiet,
3549 3412 3741 3468 neque

2088 3494 2335 3563 possunt
2364 3489 2423 3544 in
2487 3488 2578 3544 dic
2620 3487 2826 3561 judicii
2883 3487 3133 3543 aliorum
3184 3486 3451 3554 virtutes,
3486 3483 3739 3541 aliorum

2087 3578 2226 3636 vitia
2255 3578 2581 3635 sublevare.
2617 3578 2686 3633 Et
2743 3576 3035 3649 quomodo
3093 3579 3354 3648 tempore
3411 3572 3741 3647 Babyloniae

2088 3667 2463 3740 captivitatis,
2484 3665 2767 3723 Jeremias
2793 3670 3125 3738 peccatores
3142 3665 3349 3736 juvare
3378 3680 3493 3720 non
3526 3662 3739 3734 potuit,

2088 3760 2146 3812 et
2176 3756 2391 3813 dicitur
2446 3756 2518 3811 ad
2577 3771 2748 3811 eum:
2805 3753 2881 3809 Ne
2933 3754 3187 3810 oraveris
3230 3768 3335 3825 pro
3385 3751 3586 3824 populo
3632 3752 3741 3806 isto

2089 3847 2304 3917 (Jerem.
2365 3862 2463 3911 vn,
2524 3845 2651 3916 16):
2715 3843 2798 3898 sic
2830 3841 3373 3899 formidolasaerit
3421 3839 3524 3895 illa
3583 3839 3738 3905 dies,

2091 3951 2222 3990 cum
2256 3932 2664 4005 unusquisque
2700 3949 2800 4005 pro
2832 3931 3149 4002 semetipso
3174 3928 3463 3986 sollicitus
3495 3926 3624 3983 erit.

2161 4047 2190 4074 «
2224 4023 2305 4079 Ite
2335 4024 2529 4095 potius
2560 4023 2632 4077 ad
2662 4021 3062 4086 vendentes,et
3090 4018 3264 4075 emite
3310 4017 3495 4073 vobis.
3530 4038 3559 4066 η
3588 4015 3743 4072 Ven-

2089 4112 2251 4168 ditur
2279 4112 2387 4167 hoc
2417 4111 2633 4181 oleum,
2663 4114 2720 4166 et
2750 4108 2933 4165 multo
2958 4108 3176 4165 emitur
3203 4106 3482 4180 pretio,ac
3513 4103 3742 4162 difﬁcili

2090 4200 2286 4257 labore
2316 4198 2703 4271 conquiritur,
2735 4198 2891 4270 quod
2945 4198 3005 4253 in
3053 4195 3440 4268 eleemosynis
3485 4192 3742 4250 cunctis-

2092 4305 2204 4363 que
2250 4289 2567 4345 virtutibus
2594 4292 2652 4344 et
2697 4286 2959 4344 consiliis
3014 4285 3400 4358 intelligimus
3432 4282 3741 4357 magistro-

2091 4397 2242 4436 rum.

2163 4468 2351 4539 (Vers.
2403 4468 2515 4535 10.)
2567 4487 2595 4515 ι(
2648 4469 2799 4521 Dum
2857 4468 3057 4520 autem
3109 4463 3263 4519 irent
3306 4478 3520 4532 emere,
3586 4461 3747 4517 venit

334 4555 721 4627 gravissimus
751 4574 926 4630 sopor
963 4563 1073 4630 est,
1106 4576 1210 4631 per
1266 4562 1606 4634 angelorum
1638 4564 1975 4636 clamorem,
2010 4569 2056 4634 [)
2089 4573 2403 4630 sponsus.»
2435 4559 2584 4611 Dant
2612 4555 2853 4627 quidem
2885 4553 3055 4626 quasi
3087 4553 3407 4626 prudentes
3426 4549 3744 4607 consilium

334 4649 393 4700 et
420 4646 623 4702 tubas‘
678 4648 1128 4718 praecedentium
1188 4650 1615 4718 fortitudinum,
1647 4653 1859 4708 Christi
1890 4669 1978 4708 re-

408 4752 426 4826 ξ
458 4754 737 4826 gorrupte
762 4771 940 4826 penes
966 4754 1377 4826 Martiganeeum,
1411 4762 1463 4812 ei
1498 4760 1702 4814 turbas.

381 4824 431 4903 _’
460 4824 857 4903 Traditionem
890 4824 1301 4903 _apostolicam
1329 4834 1496 4884 vocat
1517 4830 1697 4903 etiam
1717 4828 1980 4903 Epipha-

338 4894 494 4975 nius,
526 4894 731 4975 bzeres.
764 4894 1122 4975 70.7Et'vero
1153 4914 1220 4953 ex
1250 4900 1681 4975 eaconstitutio
1712 4894 1813 4956 illa
1838 4894 1984 4975 apo-

336 4964 542 5043 stolica
574 4966 767 5043 efﬁcta
795 4974 903 5043 est__
942 4968 997 5022 in
1025 4967 1455 5043 _Cl_ementinis,
1488 4971 1590 5043 lib.
1640 4990 1695 5037 v,
1718 4988 1844 5043 cap.
1879 4964 1978 5027 19:

344 5057 370 5087 «
398 5036 648 5119 S‘abbato
680 5038 836 5108 (ante
875 5040 1252 5119 Paschalem__
1273 5036 1662 5113 Domi'nicam)
1693 5036 1893 5119 usque
1910 5044 1979 5099 ad

337 5106 703 5179 gallicinium
736 5116 1163 5180 permanentes,
1195 5112 1570 5171 illucescente
1619 5106 1734 5170 una
1764 5106 1983 5171 Subba-

336 5186 552 5245 torum,
583 5197 710 5253 quae
734 5186 823 5236 est
853 5183 978 5257 dies
1004 5183 1327 5257 Dominica,
1354 5186 1651 5257 jejunium
1698 5186 1919 5252 solvite,
1953 5204 1987 5242 a

332 5267 577 5332 vespera
607 5268 794 5324 usque
823 5254 895 5332 ad
912 5254 1064 5332 galli
1096 5254 1690 5332 cantumvigilantes,
1713 5263 1774 5332 et
1800 5258 1859 5315 in
1881 5259 1983 5315 Ec-

339 5321 514 5411 clesia
545 5321 872 5411 congregati
909 5321 966 5380 in
1028 5343 1225 5411 unum.
1247 5321 1481 5411 vigiliis,
1514 5321 1899 5395 orationibus,
1928 5336 1986 5411 et

339 5394 410 5449 ad
433 5394 616 5477 Deum
640 5394 910 5477 precibus
932 5401 1185 5477 vacate.»
1204 5394 1746 5477 Insignioraautem
1761 5402 1986 5477 suntde

339 5465 912 5543 pervigilioPaschze
950 5468 1198 5543 aliorum
1257 5465 1632 5543 testimonia:
1674 5477 1815 5543 puta
1846 5473 1984 5527 Lac-

341 5538 535 5616 tantii‘,
564 5537 666 5616 lib.
698 5555 958 5616 vu,_c_ap.
996 5541 1427 5616 19,qua3‘terine
1458 5537 1771 5616 descripsit
1802 5544 1984 5599 Isido-

342 5626 478 5692 rus,
499 5611 786 5692 Originum
814 5610 916 5692 lib.
943 5628 1017 5692 vr,
1061 5610 1187 5685 cap.
1223 5613 1289 5692 17
1318 5631 1330 5670 ;
1385 5636 1413 5665 ‹‹
1434 5619 1564 5692 llaec
1595 5610 1685 5672 est
1712 5632 1828 5692 nox
1858 5630 1988 5692 quge

343 5680 513 5739 nobis
545 5685 780 5754 propter
810 5680 1332 5759 adventum-regis,
1367 5702 1434 5744 ac
1461 5686 1559 5745 Dei
1594 5687 1777 5747 nostri
1801 5680 1987 5759 pervi-

2091 4646 2246 4719 quod
2279 4661 2395 4700 non
2417 4644 2670 4700 debeant
2701 4643 2828 4700 sine
2877 4641 3002 4698 oleo
3060 4641 3467 4713 lampadarum
3526 4655 3748 4712 sponso

2090 4752 2229 4826 gilio
2251 4747 2981 4826 celebratur,cujus_uoctis
3001 4747 3215 4820 duplex
3227 4746 3373 4826 ratio
3394 4745 3671 4826 _est,q_uod
3686 4744 3747 4800 in

2090 4821 2159 4881 éa
2178 4828 2237 4879 et
2260 4821 2435 4878 vitam
2461 4825 2587 4877 tum
2609 4822 2825 4894 recepit
2841 4837 2976 4877 cum
2998 4824 3334 4894 passusest,
3356 4821 3414 4874 et
3428 4821 3632 4890 postea
3650 4833 3745 4873 or-

2090 4895 2182 4951 bis
2204 4899 2368 4950 terraa
2391 4909 2637 4966 regnum
2657 4890 3510 4966 recepturus’est.nHieronymo
3522 4904 3748 4966 suppar

2093 4905 2182 4951 bis
2204 4905 2368 4977 terrae
2391 4909 2637 4975 regnum
2657 4905 2996 4966 recepturus
3009 4905 3510 4974 e.st.»u1eronymo
3522 4905 3747 5015 suppar

2092 4966 2473 5036 Palladius,1n
2503 4964 3051 5036 VitaChrysostoml
3077 4980 3090 5019 :
3125 4983 3153 5011 «
3202 4961 3461 5036 Excubat
3490 4977 3644 5036 popu
3675 4976 3747 5015 us

2090 5039 2151 5094 in
2186 5032 2451 5111 partibus
2478 5035 2691 5092 nostris
2719 5032 2792 5092 ad
2815 5035 3283 5117 primum'usque
3313 5032 3451 5105 galii
3472 5035 3738 5113 cantum,

2090 5114 2199 5167 etc.
2226 5131 2255 5158 n
2275 5106 2463 5179 Vulgo
2496 5111 2689 5162 autem
2736 5106 3009 5163 Patribus
3037 5105 3362 5175 vigiliarum
3416 5118 3530 5160 nox
3555 5102 3742 5179 audit.

2163 5182 2183 5217 ⁶
2213 5174 2448 5259 Aliquot
2502 5195 2637 5259 me),
2731 5180 2794 5235 Ut
2875 5174 3202 5259 postquam:
3238 5191 3511 5259 “moxque
3572 5174 3741 5245 adeo,

2092 5260 2260 5331 agant
2283 5247 2457 5331 diem.
2491 5250 2605 5331 Alii
2635 5247 3026 5331 curn-pridem
3057 5247 3330 5331 vulgatis,
3376 5248 3747 5331 [quamcun-

2092 5316 2193 5380 ct'is
2225 5322 2512 5394 agentibus
2542 5321 2716 5378 diem.
2748 5316 3002 5394 Yictorio
3033 5316 3354 5377 emubdare
3377 5316 3626 5391 placuit,
3657 5316 3742 5373 fe-

2094 5393 2722 5467 stumcunctosggere
2749 5393 2913 5449 diem.

2168 5470 2183 5502 ¹
2219 5465 2507 5521 Re‘scribit
2524 5458 2743 5531 Vi'ctor,
2776 5481 2845 5520 ex
2889 5462 3079 5520 tribus
3128 5459 3477 5519 Florentinis
3527 5458 3742 5516 codici-

2095 5538 2228 5607 bus,
2254 5537 2481 5609 junctis
2511 5535 2686 5609 etiam
2742 5534 3038 5609 Brixianis
3084 5533 3330 5609 aliquot,
3386 5539 3450 5587 ut
3492 5533 3743 5609 alerent;

2095 5609 2179 5667 sic
2208 5601 2386 5677 enim,
2411 5608 2512 5679 ait,
2567 5607 2640 5664 ad
2669 5610 2941 5666 naturam
2988 5605 3121 5676 olei,
3151 5601 3267 5679 q‘uo
3311 5602 3512 5661 lumen
3542 5601 3741 5674 alitur,

2096 5680 2285 5754 magis
2316 5679 2617 5739 alluditur.
