  <div class='ocr_page' id='page_1' title='image "/cluster/home/n/w/nwhite01/storage/ocr_20150623/26/hvd.32044052772472/102.png"; bbox 0 0 4058 6190; ppageno 0'>
   <div class='ocr_carea' id='block_1_1' title="bbox 322 346 3263 438">
    <p class='ocr_par' dir='ltr' id='par_1_1' title="bbox 322 346 3263 438">
     <span class='ocr_line' id='line_1_1' title="bbox 322 346 3263 438; baseline 0.004 -14"><span class='ocrx_word' id='word_1_1' title='bbox 322 366 434 424; x_wconf 69' lang='lat'>193</span> <span class='ocrx_word' id='word_1_2' title='bbox 844 358 1363 424; x_wconf 84' lang='lat' dir='ltr'>COMMENTAR.</span> <span class='ocrx_word' id='word_1_3' title='bbox 1411 362 1487 423; x_wconf 90' lang='lat' dir='ltr'><strong>IN</strong></span> <span class='ocrx_word' id='word_1_4' title='bbox 1532 358 2045 425; x_wconf 82' lang='lat' dir='ltr'>EVANGELIUM</span> <span class='ocrx_word' id='word_1_5' title='bbox 2088 358 2467 425; x_wconf 72' lang='lat' dir='ltr'>MAT’I‘HAEI</span> <span class='ocrx_word' id='word_1_6' title='bbox 2511 368 2659 427; x_wconf 78' lang='lat' dir='ltr'>me.</span> <span class='ocrx_word' id='word_1_7' title='bbox 2708 366 2810 430; x_wconf 87' lang='lat' dir='ltr'>1v.</span> <span class='ocrx_word' id='word_1_8' title='bbox 2858 371 3030 433; x_wconf 83' lang='lat' dir='ltr'>CAP.</span> <span class='ocrx_word' id='word_1_9' title='bbox 3064 346 3263 438; x_wconf 49' lang='lat' dir='ltr'>xxv.”</span> 
     </span>
    </p>
   </div>
   <div class='ocr_carea' id='block_1_2' title="bbox 3618 382 3730 441">
    <p class='ocr_par' dir='ltr' id='par_1_2' title="bbox 3618 382 3730 441">
     <span class='ocr_line' id='line_1_2' title="bbox 3618 382 3730 441; baseline 0.018 -2"><span class='ocrx_word' id='word_1_10' title='bbox 3618 382 3730 441; x_wconf 81' lang='grc'>194</span> 
     </span>
    </p>
   </div>
   <div class='ocr_carea' id='block_1_3' title="bbox 321 494 3803 579">
    <p class='ocr_par' dir='ltr' id='par_1_3' title="bbox 321 494 3803 579">
     <span class='ocr_line' id='line_1_3' title="bbox 321 494 3803 579; baseline 0.005 -27"><span class='ocrx_word' id='word_1_11' title='bbox 321 509 663 552; x_wconf 87' lang='lat' dir='ltr'>occurrere:</span> <span class='ocrx_word' id='word_1_12' title='bbox 695 509 898 551; x_wconf 90' lang='lat' dir='ltr'>verum</span> <span class='ocrx_word' id='word_1_13' title='bbox 953 494 1091 566; x_wconf 85' lang='lat' dir='ltr'>quia</span> <span class='ocrx_word' id='word_1_14' title='bbox 1126 495 1253 565; x_wconf 89' lang='lat' dir='ltr'>jam</span> <span class='ocrx_word' id='word_1_15' title='bbox 1310 495 1542 552; x_wconf 88' lang='lat' dir='ltr'>emendi</span> <span class='ocrx_word' id='word_1_16' title='bbox 1600 498 1835 567; x_wconf 84' lang='lat' dir='ltr'>tempus</span> <span class='ocrx_word' id='word_1_17' title='bbox 1873 512 1974 551; x_wconf 81' lang='lat' dir='ltr'>ex-</span> <span class='ocrx_word' id='word_1_18' title='bbox 2004 497 2058 561; x_wconf 76' lang='grc' dir='ltr'><strong>Α</strong></span> <span class='ocrx_word' id='word_1_19' title='bbox 2090 512 2216 567; x_wconf 84' lang='lat' dir='ltr'>quae</span> <span class='ocrx_word' id='word_1_20' title='bbox 2248 496 2565 570; x_wconf 87' lang='lat' dir='ltr'>unicuique</span> <span class='ocrx_word' id='word_1_21' title='bbox 2594 503 2820 557; x_wconf 79' lang='lat' dir='ltr'>traditae</span> <span class='ocrx_word' id='word_1_22' title='bbox 2852 508 3009 559; x_wconf 87' lang='lat' dir='ltr'>sunt.</span> <span class='ocrx_word' id='word_1_23' title='bbox 3042 504 3145 561; x_wconf 88' lang='lat' dir='ltr'>Vel</span> <span class='ocrx_word' id='word_1_24' title='bbox 3191 508 3248 562; x_wconf 89' lang='lat' dir='ltr'>in</span> <span class='ocrx_word' id='word_1_25' title='bbox 3283 510 3490 579; x_wconf 84' lang='lat' dir='ltr'>primo,</span> <span class='ocrx_word' id='word_1_26' title='bbox 3526 529 3731 570; x_wconf 90' lang='lat' dir='ltr'>omnes</span> <span class='ocrx_word' id='word_1_27' title='bbox 3788 496 3803 510; x_wconf 69' lang='grc'><em>’</em></span> 
     </span>
    </p>
   </div>
   <div class='ocr_carea' id='block_1_4' title="bbox 317 583 3734 669">
    <p class='ocr_par' dir='ltr' id='par_1_4' title="bbox 317 583 3734 669">
     <span class='ocr_line' id='line_1_4' title="bbox 317 583 3734 669; baseline 0.005 -28"><span class='ocrx_word' id='word_1_28' title='bbox 317 586 595 650; x_wconf 81' lang='lat' dir='ltr'>cesserat,</span> <span class='ocrx_word' id='word_1_29' title='bbox 624 587 683 639; x_wconf 91' lang='lat' dir='ltr'>et</span> <span class='ocrx_word' id='word_1_30' title='bbox 711 583 1054 639; x_wconf 84' lang='lat' dir='ltr'>adveniente</span> <span class='ocrx_word' id='word_1_31' title='bbox 1097 583 1307 654; x_wconf 91' lang='lat' dir='ltr'>judieii</span> <span class='ocrx_word' id='word_1_32' title='bbox 1361 585 1473 654; x_wconf 92' lang='lat' dir='ltr'>die,</span> <span class='ocrx_word' id='word_1_33' title='bbox 1506 583 1669 639; x_wconf 88' lang='lat' dir='ltr'>locus</span> <span class='ocrx_word' id='word_1_34' title='bbox 1701 600 1813 640; x_wconf 92' lang='lat' dir='ltr'>non</span> <span class='ocrx_word' id='word_1_35' title='bbox 1847 587 1973 639; x_wconf 89' lang='lat' dir='ltr'>erat</span> <span class='ocrx_word' id='word_1_36' title='bbox 2084 600 2295 640; x_wconf 87' lang='lat' dir='ltr'>sensus</span> <span class='ocrx_word' id='word_1_37' title='bbox 2326 588 2723 645; x_wconf 83' lang='lat' dir='ltr'>examinatos:</span> <span class='ocrx_word' id='word_1_38' title='bbox 2756 591 2815 645; x_wconf 89' lang='lat' dir='ltr'>in</span> <span class='ocrx_word' id='word_1_39' title='bbox 2865 594 3146 659; x_wconf 89' lang='lat' dir='ltr'>secundo,</span> <span class='ocrx_word' id='word_1_40' title='bbox 3194 596 3642 669; x_wconf 79' lang='lat' dir='ltr'>intelligentiam</span> <span class='ocrx_word' id='word_1_41' title='bbox 3675 608 3734 658; x_wconf 90' lang='lat' dir='ltr'>et</span> 
     </span>
    </p>
   </div>
   <div class='ocr_carea' id='block_1_5' title="bbox 318 671 1969 747">
    <p class='ocr_par' dir='ltr' id='par_1_5' title="bbox 318 671 1969 747">
     <span class='ocr_line' id='line_1_5' title="bbox 318 671 1969 747; baseline -0.002 -17"><span class='ocrx_word' id='word_1_42' title='bbox 318 672 693 747; x_wconf 62' lang='lat' dir='ltr'>paenitentiae,</span> <span class='ocrx_word' id='word_1_43' title='bbox 726 671 1041 728; x_wconf 88' lang='lat' dir='ltr'>Psalmista</span> <span class='ocrx_word' id='word_1_44' title='bbox 1095 673 1358 729; x_wconf 83' lang='lat' dir='ltr'>dicente:</span> <span class='ocrx_word' id='word_1_45' title='bbox 1392 676 1455 729; x_wconf 88' lang='lat' dir='ltr'>In</span> <span class='ocrx_word' id='word_1_46' title='bbox 1508 674 1726 744; x_wconf 78' lang='lat' dir='ltr'>inferno</span> <span class='ocrx_word' id='word_1_47' title='bbox 1785 676 1969 727; x_wconf 83' lang='lat' dir='ltr'>autem</span> 
     </span>
    </p>
   </div>
   <div class='ocr_carea' id='block_1_6' title="bbox 319 760 1971 833">
    <p class='ocr_par' dir='ltr' id='par_1_6' title="bbox 319 760 1971 833">
     <span class='ocr_line' id='line_1_6' title="bbox 319 760 1971 833; baseline -0.001 -16"><span class='ocrx_word' id='word_1_48' title='bbox 319 764 444 833; x_wconf 77' lang='lat' dir='ltr'>quis</span> <span class='ocrx_word' id='word_1_49' title='bbox 468 761 820 832; x_wconf 80' lang='lat' dir='ltr'>conﬁtebitur</span> <span class='ocrx_word' id='word_1_50' title='bbox 865 760 967 815; x_wconf 79' lang='lat' dir='ltr'>tibi</span> <span class='ocrx_word' id='word_1_51' title='bbox 1022 761 1193 832; x_wconf 78' lang='lat' dir='ltr'>(Psal.</span> <span class='ocrx_word' id='word_1_52' title='bbox 1224 778 1303 831; x_wconf 78' lang='lat' dir='ltr'>v1,</span> <span class='ocrx_word' id='word_1_53' title='bbox 1333 761 1441 832; x_wconf 82' lang='lat'>6)?</span> <span class='ocrx_word' id='word_1_54' title='bbox 1471 778 1587 816; x_wconf 88' lang='lat' dir='ltr'>non</span> <span class='ocrx_word' id='word_1_55' title='bbox 1620 777 1765 816; x_wconf 88' lang='lat' dir='ltr'>nova</span> <span class='ocrx_word' id='word_1_56' title='bbox 1795 777 1971 832; x_wconf 83' lang='lat' dir='ltr'>opera</span> 
     </span>
    </p>
   </div>
   <div class='ocr_carea' id='block_1_7' title="bbox 316 849 1965 923">
    <p class='ocr_par' dir='ltr' id='par_1_7' title="bbox 316 849 1965 923">
     <span class='ocr_line' id='line_1_7' title="bbox 316 849 1965 923; baseline -0.001 -18"><span class='ocrx_word' id='word_1_57' title='bbox 316 851 614 923; x_wconf 69' lang='lat' dir='ltr'>patrare‘,</span> <span class='ocrx_word' id='word_1_58' title='bbox 685 850 787 904; x_wconf 90' lang='lat' dir='ltr'>sed</span> <span class='ocrx_word' id='word_1_59' title='bbox 846 849 1273 921; x_wconf 72' lang='lat' dir='ltr'>praeteritorum</span> <span class='ocrx_word' id='word_1_60' title='bbox 1331 853 1621 922; x_wconf 89' lang='lat' dir='ltr'>coguntur</span> <span class='ocrx_word' id='word_1_61' title='bbox 1680 849 1965 904; x_wconf 88' lang='lat' dir='ltr'>rationem</span> 
     </span>
    </p>
   </div>
   <div class='ocr_carea' id='block_1_8' title="bbox 312 938 1965 1010">
    <p class='ocr_par' dir='ltr' id='par_1_8' title="bbox 312 938 1965 1010">
     <span class='ocr_line' id='line_1_8' title="bbox 312 938 1965 1010; baseline -0.002 -16"><span class='ocrx_word' id='word_1_62' title='bbox 312 938 628 994; x_wconf 78' lang='lat' dir='ltr'>exsolvere.</span> <span class='ocrx_word' id='word_1_63' title='bbox 666 959 695 987; x_wconf 85' lang='lat'><strong>«</strong></span> <span class='ocrx_word' id='word_1_64' title='bbox 726 938 792 992; x_wconf 90' lang='lat' dir='ltr'>Et</span> <span class='ocrx_word' id='word_1_65' title='bbox 821 953 948 1008; x_wconf 67' lang='lat' dir='ltr'>qua:</span> <span class='ocrx_word' id='word_1_66' title='bbox 981 943 1191 1010; x_wconf 73' lang='lat' dir='ltr'>paratae</span> <span class='ocrx_word' id='word_1_67' title='bbox 1217 942 1403 1008; x_wconf 89' lang='lat' dir='ltr'>erant,</span> <span class='ocrx_word' id='word_1_68' title='bbox 1438 938 1804 995; x_wconf 85' lang='lat' dir='ltr'>intraverunt</span> <span class='ocrx_word' id='word_1_69' title='bbox 1833 953 1965 992; x_wconf 90' lang='lat' dir='ltr'>eum</span> 
     </span>
    </p>
   </div>
   <div class='ocr_carea' id='block_1_9' title="bbox 312 1025 1966 1098">
    <p class='ocr_par' dir='ltr' id='par_1_9' title="bbox 312 1025 1966 1098">
     <span class='ocr_line' id='line_1_9' title="bbox 312 1025 1966 1098; baseline -0.001 -17"><span class='ocrx_word' id='word_1_70' title='bbox 312 1042 385 1081; x_wconf 91' lang='lat' dir='ltr'>eo</span> <span class='ocrx_word' id='word_1_71' title='bbox 416 1027 490 1082; x_wconf 89' lang='lat' dir='ltr'>ad</span> <span class='ocrx_word' id='word_1_72' title='bbox 522 1027 776 1098; x_wconf 81' lang='lat' dir='ltr'>nuptias,</span> <span class='ocrx_word' id='word_1_73' title='bbox 808 1030 865 1081; x_wconf 89' lang='lat' dir='ltr'>et</span> <span class='ocrx_word' id='word_1_74' title='bbox 892 1025 1095 1081; x_wconf 90' lang='lat' dir='ltr'>clausa</span> <span class='ocrx_word' id='word_1_75' title='bbox 1121 1029 1209 1090; x_wconf 85' lang='lat' dir='ltr'>est</span> <span class='ocrx_word' id='word_1_76' title='bbox 1230 1027 1435 1097; x_wconf 89' lang='lat' dir='ltr'>janua.</span> <span class='ocrx_word' id='word_1_77' title='bbox 1468 1049 1496 1075; x_wconf 85' lang='grc'><strong>››</strong></span> <span class='ocrx_word' id='word_1_78' title='bbox 1527 1030 1665 1081; x_wconf 90' lang='lat' dir='ltr'>Post</span> <span class='ocrx_word' id='word_1_79' title='bbox 1694 1027 1843 1082; x_wconf 70' lang='lat'>205</span> <span class='ocrx_word' id='word_1_80' title='bbox 1870 1028 1966 1097; x_wconf 91' lang='lat' dir='ltr'>ju-</span> 
     </span>
    </p>
   </div>
   <div class='ocr_carea' id='block_1_10' title="bbox 316 1114 1966 1186">
    <p class='ocr_par' dir='ltr' id='par_1_10' title="bbox 316 1114 1966 1186">
     <span class='ocr_line' id='line_1_10' title="bbox 316 1114 1966 1186; baseline -0.001 -15"><span class='ocrx_word' id='word_1_81' title='bbox 316 1115 980 1182; x_wconf 72' lang='lat' dir='ltr'>diciidiem,bonorum</span> <span class='ocrx_word' id='word_1_82' title='bbox 1035 1131 1276 1186; x_wconf 89' lang='lat' dir='ltr'>operum</span> <span class='ocrx_word' id='word_1_83' title='bbox 1334 1118 1391 1170; x_wconf 89' lang='lat' dir='ltr'>et</span> <span class='ocrx_word' id='word_1_84' title='bbox 1437 1114 1680 1185; x_wconf 77' lang='lat' dir='ltr'>justitiae</span> <span class='ocrx_word' id='word_1_85' title='bbox 1739 1115 1966 1170; x_wconf 85' lang='lat' dir='ltr'>occasio</span> 
     </span>
    </p>
   </div>
   <div class='ocr_carea' id='block_1_11' title="bbox 314 1202 1397 1275">
    <p class='ocr_par' dir='ltr' id='par_1_11' title="bbox 314 1202 1397 1275">
     <span class='ocr_line' id='line_1_11' title="bbox 314 1202 1397 1275; baseline -0.002 -16"><span class='ocrx_word' id='word_1_86' title='bbox 314 1221 437 1259; x_wconf 88' lang='lat' dir='ltr'>non</span> <span class='ocrx_word' id='word_1_87' title='bbox 468 1202 818 1275; x_wconf 80' lang='lat' dir='ltr'>relinquitur</span> <span class='ocrx_word' id='word_1_88' title='bbox 848 1203 954 1275; x_wconf 82' lang='grc' dir='ltr'>[Αι.</span> <span class='ocrx_word' id='word_1_89' title='bbox 988 1202 1397 1275; x_wconf 87' lang='lat' dir='ltr'>relinquetur].</span> 
     </span>
    </p>
   </div>
   <div class='ocr_carea' id='block_1_12' title="bbox 387 1292 1967 1365">
    <p class='ocr_par' dir='ltr' id='par_1_12' title="bbox 387 1292 1967 1365">
     <span class='ocr_line' id='line_1_12' title="bbox 387 1292 1967 1365; baseline 0.001 -20"><span class='ocrx_word' id='word_1_90' title='bbox 387 1292 570 1365; x_wconf 88' lang='lat' dir='ltr'>(Vers.</span> <span class='ocrx_word' id='word_1_91' title='bbox 610 1293 719 1363; x_wconf 85' lang='grc'>11.)</span> <span class='ocrx_word' id='word_1_92' title='bbox 751 1315 780 1342; x_wconf 90' lang='grc'>‹‹</span> <span class='ocrx_word' id='word_1_93' title='bbox 812 1292 1139 1348; x_wconf 88' lang='lat' dir='ltr'>Novissime</span> <span class='ocrx_word' id='word_1_94' title='bbox 1185 1308 1320 1348; x_wconf 90' lang='lat' dir='ltr'>vero</span> <span class='ocrx_word' id='word_1_95' title='bbox 1376 1293 1618 1348; x_wconf 90' lang='lat' dir='ltr'>veniunt</span> <span class='ocrx_word' id='word_1_96' title='bbox 1646 1296 1703 1347; x_wconf 89' lang='lat' dir='ltr'>et</span> <span class='ocrx_word' id='word_1_97' title='bbox 1732 1292 1967 1365; x_wconf 63' lang='lat' dir='ltr'>reliquae</span> 
     </span>
    </p>
   </div>
   <div class='ocr_carea' id='block_1_13' title="bbox 308 1380 1959 1454">
    <p class='ocr_par' dir='ltr' id='par_1_13' title="bbox 308 1380 1959 1454">
     <span class='ocr_line' id='line_1_13' title="bbox 308 1380 1959 1454; baseline 0 -18"><span class='ocrx_word' id='word_1_98' title='bbox 308 1380 597 1454; x_wconf 83' lang='lat' dir='ltr'>virgines,</span> <span class='ocrx_word' id='word_1_99' title='bbox 634 1381 929 1437; x_wconf 89' lang='lat' dir='ltr'>dicentes:</span> <span class='ocrx_word' id='word_1_100' title='bbox 966 1381 1225 1448; x_wconf 88' lang='lat' dir='ltr'>Domine,</span> <span class='ocrx_word' id='word_1_101' title='bbox 1265 1382 1523 1448; x_wconf 90' lang='lat' dir='ltr'>Domine,</span> <span class='ocrx_word' id='word_1_102' title='bbox 1548 1382 1705 1453; x_wconf 89' lang='lat' dir='ltr'>aperi</span> <span class='ocrx_word' id='word_1_103' title='bbox 1737 1383 1959 1437; x_wconf 63' lang='lat' dir='ltr'>nobis.»</span> 
     </span>
    </p>
   </div>
   <div class='ocr_carea' id='block_1_14' title="bbox 308 1470 1963 1543">
    <p class='ocr_par' dir='ltr' id='par_1_14' title="bbox 308 1470 1963 1543">
     <span class='ocr_line' id='line_1_14' title="bbox 308 1470 1963 1543; baseline 0.002 -19"><span class='ocrx_word' id='word_1_104' title='bbox 308 1471 555 1543; x_wconf 81' lang='lat' dir='ltr'>Egregia</span> <span class='ocrx_word' id='word_1_105' title='bbox 588 1470 823 1543; x_wconf 89' lang='lat' dir='ltr'>quidem</span> <span class='ocrx_word' id='word_1_106' title='bbox 856 1471 916 1524; x_wconf 88' lang='lat' dir='ltr'>in</span> <span class='ocrx_word' id='word_1_107' title='bbox 962 1470 1186 1525; x_wconf 90' lang='lat' dir='ltr'>Domini</span> <span class='ocrx_word' id='word_1_108' title='bbox 1233 1470 1623 1543; x_wconf 87' lang='lat' dir='ltr'>appellatione</span> <span class='ocrx_word' id='word_1_109' title='bbox 1654 1471 1963 1541; x_wconf 79' lang='lat' dir='ltr'>confessio,</span> 
     </span>
    </p>
   </div>
   <div class='ocr_carea' id='block_1_15' title="bbox 304 1559 1965 1632">
    <p class='ocr_par' dir='ltr' id='par_1_15' title="bbox 304 1559 1965 1632">
     <span class='ocr_line' id='line_1_15' title="bbox 304 1559 1965 1632; baseline 0.001 -18"><span class='ocrx_word' id='word_1_110' title='bbox 304 1559 590 1631; x_wconf 88' lang='lat' dir='ltr'>idemque</span> <span class='ocrx_word' id='word_1_111' title='bbox 622 1559 959 1632; x_wconf 88' lang='lat' dir='ltr'>repetitum,</span> <span class='ocrx_word' id='word_1_112' title='bbox 992 1559 1278 1615; x_wconf 90' lang='lat' dir='ltr'>indicium</span> <span class='ocrx_word' id='word_1_113' title='bbox 1332 1559 1467 1615; x_wconf 81' lang='lat' dir='ltr'>fidei</span> <span class='ocrx_word' id='word_1_114' title='bbox 1524 1563 1630 1615; x_wconf 90' lang='lat' dir='ltr'>est.</span> <span class='ocrx_word' id='word_1_115' title='bbox 1661 1560 1772 1615; x_wconf 90' lang='lat' dir='ltr'>Sed</span> <span class='ocrx_word' id='word_1_116' title='bbox 1824 1560 1965 1631; x_wconf 89' lang='lat' dir='ltr'>quid</span> 
     </span>
    </p>
   </div>
   <div class='ocr_carea' id='block_1_16' title="bbox 304 1647 1797 1721">
    <p class='ocr_par' dir='ltr' id='par_1_16' title="bbox 304 1647 1797 1721">
     <span class='ocr_line' id='line_1_16' title="bbox 304 1647 1797 1721; baseline -0.001 -17"><span class='ocrx_word' id='word_1_117' title='bbox 304 1649 551 1721; x_wconf 86' lang='lat' dir='ltr'>prodest</span> <span class='ocrx_word' id='word_1_118' title='bbox 580 1663 718 1703; x_wconf 90' lang='lat' dir='ltr'>voce</span> <span class='ocrx_word' id='word_1_119' title='bbox 746 1647 1032 1717; x_wconf 80' lang='lat' dir='ltr'>invocare,</span> <span class='ocrx_word' id='word_1_120' title='bbox 1059 1664 1231 1719; x_wconf 87' lang='lat' dir='ltr'>quem</span> <span class='ocrx_word' id='word_1_121' title='bbox 1266 1649 1542 1720; x_wconf 89' lang='lat' dir='ltr'>operibus</span> <span class='ocrx_word' id='word_1_122' title='bbox 1574 1665 1751 1721; x_wconf 85' lang='lat' dir='ltr'>neges</span> <span class='ocrx_word' id='word_1_123' title='bbox 1770 1648 1797 1703; x_wconf 88' lang='lat'><strong>?</strong></span> 
     </span>
    </p>
   </div>
   <div class='ocr_carea' id='block_1_17' title="bbox 380 1736 1965 1808">
    <p class='ocr_par' dir='ltr' id='par_1_17' title="bbox 380 1736 1965 1808">
     <span class='ocr_line' id='line_1_17' title="bbox 380 1736 1965 1808; baseline 0.003 -19"><span class='ocrx_word' id='word_1_124' title='bbox 380 1736 566 1807; x_wconf 89' lang='lat' dir='ltr'>(Vers.</span> <span class='ocrx_word' id='word_1_125' title='bbox 603 1736 716 1807; x_wconf 91' lang='grc'>12.)</span> <span class='ocrx_word' id='word_1_126' title='bbox 750 1759 775 1785; x_wconf 89' lang='grc'>‹‹</span> <span class='ocrx_word' id='word_1_127' title='bbox 811 1740 885 1791; x_wconf 88' lang='lat' dir='ltr'>At</span> <span class='ocrx_word' id='word_1_128' title='bbox 914 1736 1009 1792; x_wconf 90' lang='lat' dir='ltr'>ille</span> <span class='ocrx_word' id='word_1_129' title='bbox 1040 1738 1419 1808; x_wconf 88' lang='lat' dir='ltr'>respondens,</span> <span class='ocrx_word' id='word_1_130' title='bbox 1454 1738 1572 1793; x_wconf 86' lang='lat' dir='ltr'>ait:</span> <span class='ocrx_word' id='word_1_131' title='bbox 1616 1741 1802 1793; x_wconf 90' lang='lat' dir='ltr'>Amen</span> <span class='ocrx_word' id='word_1_132' title='bbox 1834 1738 1965 1793; x_wconf 89' lang='lat' dir='ltr'>dico</span> 
     </span>
    </p>
   </div>
   <div class='ocr_carea' id='block_1_18' title="bbox 306 1825 938 1891">
    <p class='ocr_par' dir='ltr' id='par_1_18' title="bbox 306 1825 938 1891">
     <span class='ocr_line' id='line_1_18' title="bbox 306 1825 938 1891; baseline -0.011 -9"><span class='ocrx_word' id='word_1_133' title='bbox 306 1825 495 1891; x_wconf 83' lang='lat' dir='ltr'>vobis,</span> <span class='ocrx_word' id='word_1_134' title='bbox 523 1825 721 1881; x_wconf 91' lang='lat' dir='ltr'>nescio</span> <span class='ocrx_word' id='word_1_135' title='bbox 753 1842 871 1881; x_wconf 89' lang='lat' dir='ltr'>vos.</span> <span class='ocrx_word' id='word_1_136' title='bbox 910 1849 938 1875; x_wconf 87' lang='grc'><strong>››</strong></span> 
     </span>
    </p>
   </div>
   <div class='ocr_carea' id='block_1_19' title="bbox 2080 674 3728 753">
    <p class='ocr_par' dir='ltr' id='par_1_19' title="bbox 2080 674 3728 753">
     <span class='ocr_line' id='line_1_19' title="bbox 2080 674 3728 753; baseline 0.012 -26"><span class='ocrx_word' id='word_1_137' title='bbox 2080 689 2288 744; x_wconf 85' lang='lat' dir='ltr'>opera:</span> <span class='ocrx_word' id='word_1_138' title='bbox 2324 674 2381 729; x_wconf 90' lang='lat' dir='ltr'>in</span> <span class='ocrx_word' id='word_1_139' title='bbox 2414 677 2607 748; x_wconf 87' lang='lat' dir='ltr'>tertio,</span> <span class='ocrx_word' id='word_1_140' title='bbox 2641 679 2950 749; x_wconf 89' lang='lat' dir='ltr'>rationem,</span> <span class='ocrx_word' id='word_1_141' title='bbox 2982 698 3099 753; x_wconf 90' lang='lat' dir='ltr'>qua</span> <span class='ocrx_word' id='word_1_142' title='bbox 3143 683 3412 741; x_wconf 89' lang='lat' dir='ltr'>homines</span> <span class='ocrx_word' id='word_1_143' title='bbox 3459 704 3492 743; x_wconf 90' lang='lat' dir='ltr'>a</span> <span class='ocrx_word' id='word_1_144' title='bbox 3523 689 3728 746; x_wconf 81' lang='lat' dir='ltr'>bestiis</span> 
     </span>
    </p>
   </div>
   <div class='ocr_carea' id='block_1_20' title="bbox 2079 777 2447 832">
    <p class='ocr_par' dir='ltr' id='par_1_20' title="bbox 2079 777 2447 832">
     <span class='ocr_line' id='line_1_20' title="bbox 2079 777 2447 832; baseline 0.008 -17"><span class='ocrx_word' id='word_1_145' title='bbox 2079 777 2447 832; x_wconf 90' lang='lat' dir='ltr'>separamur.</span> 
     </span>
    </p>
   </div>
   <div class='ocr_carea' id='block_1_21' title="bbox 2148 849 3733 935">
    <p class='ocr_par' dir='ltr' id='par_1_21' title="bbox 2148 849 3733 935">
     <span class='ocr_line' id='line_1_21' title="bbox 2148 849 3733 935; baseline 0.012 -32"><span class='ocrx_word' id='word_1_146' title='bbox 2148 849 2333 920; x_wconf 90' lang='lat' dir='ltr'>(Vers.</span> <span class='ocrx_word' id='word_1_147' title='bbox 2378 854 2482 924; x_wconf 87' lang='lat' dir='ltr'>I6.)</span> <span class='ocrx_word' id='word_1_148' title='bbox 2515 876 2543 904; x_wconf 85' lang='lat'><strong><em>«</em></strong></span> <span class='ocrx_word' id='word_1_149' title='bbox 2577 856 2734 911; x_wconf 84' lang='lat' dir='ltr'>Abiit</span> <span class='ocrx_word' id='word_1_150' title='bbox 2789 863 2985 913; x_wconf 88' lang='lat' dir='ltr'>autem</span> <span class='ocrx_word' id='word_1_151' title='bbox 3047 861 3147 931; x_wconf 88' lang='lat' dir='ltr'>qui</span> <span class='ocrx_word' id='word_1_152' title='bbox 3207 863 3466 935; x_wconf 88' lang='lat' dir='ltr'>quinque</span> <span class='ocrx_word' id='word_1_153' title='bbox 3516 865 3733 922; x_wconf 87' lang='lat' dir='ltr'>talenta</span> 
     </span>
    </p>
   </div>
   <div class='ocr_carea' id='block_1_22' title="bbox 2078 946 3732 1018">
    <p class='ocr_par' dir='ltr' id='par_1_22' title="bbox 2078 946 3732 1018">
     <span class='ocr_line' id='line_1_22' title="bbox 2078 946 3732 1018; baseline 0.011 -26"><span class='ocrx_word' id='word_1_154' title='bbox 2078 946 2398 1011; x_wconf 89' lang='lat' dir='ltr'>acceperat,</span> <span class='ocrx_word' id='word_1_155' title='bbox 2434 950 2490 996; x_wconf 90' lang='lat' dir='ltr'>et</span> <span class='ocrx_word' id='word_1_156' title='bbox 2523 950 2795 1015; x_wconf 89' lang='lat' dir='ltr'>operatus</span> <span class='ocrx_word' id='word_1_157' title='bbox 2846 952 2935 1002; x_wconf 87' lang='lat' dir='ltr'>est</span> <span class='ocrx_word' id='word_1_158' title='bbox 2981 948 3041 1003; x_wconf 89' lang='lat' dir='ltr'>in</span> <span class='ocrx_word' id='word_1_159' title='bbox 3091 950 3208 1018; x_wconf 86' lang='lat' dir='ltr'>eis;</span> <span class='ocrx_word' id='word_1_160' title='bbox 3244 955 3300 1005; x_wconf 88' lang='lat' dir='ltr'>et</span> <span class='ocrx_word' id='word_1_161' title='bbox 3346 951 3612 1009; x_wconf 90' lang='lat' dir='ltr'>lucratus</span> <span class='ocrx_word' id='word_1_162' title='bbox 3645 961 3732 1011; x_wconf 89' lang='lat' dir='ltr'>est</span> 
     </span>
    </p>
   </div>
   <div class='ocr_carea' id='block_1_23' title="bbox 2078 1026 3732 1107">
    <p class='ocr_par' dir='ltr' id='par_1_23' title="bbox 2078 1026 3732 1107">
     <span class='ocr_line' id='line_1_23' title="bbox 2078 1026 3732 1107; baseline 0.011 -26"><span class='ocrx_word' id='word_1_163' title='bbox 2078 1026 2185 1082; x_wconf 90' lang='lat' dir='ltr'>alia</span> <span class='ocrx_word' id='word_1_164' title='bbox 2217 1030 2496 1101; x_wconf 88' lang='lat' dir='ltr'>quinque.</span> <span class='ocrx_word' id='word_1_165' title='bbox 2532 1055 2559 1081; x_wconf 79' lang='lat' dir='ltr'>n</span> <span class='ocrx_word' id='word_1_166' title='bbox 2619 1036 2889 1107; x_wconf 86' lang='lat' dir='ltr'>Acceptis</span> <span class='ocrx_word' id='word_1_167' title='bbox 2936 1038 3185 1094; x_wconf 85' lang='lat' dir='ltr'>terrenis</span> <span class='ocrx_word' id='word_1_168' title='bbox 3237 1041 3515 1097; x_wconf 83' lang='lat' dir='ltr'>sensibus</span> <span class='ocrx_word' id='word_1_169' title='bbox 3565 1043 3732 1100; x_wconf 68' lang='lat' dir='ltr'>caele-</span> 
     </span>
    </p>
   </div>
   <div class='ocr_carea' id='block_1_24' title="bbox 2077 1117 3727 1196">
    <p class='ocr_par' dir='ltr' id='par_1_24' title="bbox 2077 1117 3727 1196">
     <span class='ocr_line' id='line_1_24' title="bbox 2077 1117 3727 1196; baseline 0.01 -25"><span class='ocrx_word' id='word_1_170' title='bbox 2077 1117 2258 1173; x_wconf 88' lang='lat' dir='ltr'>stium</span> <span class='ocrx_word' id='word_1_171' title='bbox 2288 1119 2398 1174; x_wconf 89' lang='lat' dir='ltr'>sibi</span> <span class='ocrx_word' id='word_1_172' title='bbox 2434 1121 2693 1177; x_wconf 84' lang='lat' dir='ltr'>notitiam</span> <span class='ocrx_word' id='word_1_173' title='bbox 2745 1124 3062 1196; x_wconf 82' lang='lat' dir='ltr'>duplicavit</span> <span class='ocrx_word' id='word_1_174' title='bbox 3090 1143 3157 1181; x_wconf 85' lang='lat' dir='ltr'>cx</span> <span class='ocrx_word' id='word_1_175' title='bbox 3204 1132 3522 1186; x_wconf 86' lang='lat' dir='ltr'>creaturis:</span> <span class='ocrx_word' id='word_1_176' title='bbox 3556 1132 3727 1189; x_wconf 89' lang='lat' dir='ltr'>intel-</span> 
     </span>
    </p>
   </div>
   <div class='ocr_carea' id='block_1_25' title="bbox 2076 1204 3725 1291">
    <p class='ocr_par' dir='ltr' id='par_1_25' title="bbox 2076 1204 3725 1291">
     <span class='ocr_line' id='line_1_25' title="bbox 2076 1204 3725 1291; baseline 0.012 -32"><span class='ocrx_word' id='word_1_177' title='bbox 2076 1204 2265 1276; x_wconf 89' lang='lat' dir='ltr'>ligens</span> <span class='ocrx_word' id='word_1_178' title='bbox 2294 1207 2664 1266; x_wconf 83' lang='lat' dir='ltr'>Creatorem:</span> <span class='ocrx_word' id='word_1_179' title='bbox 2714 1229 2780 1267; x_wconf 79' lang='lat' dir='ltr'>ex</span> <span class='ocrx_word' id='word_1_180' title='bbox 2831 1214 3251 1285; x_wconf 81' lang='lat' dir='ltr'>corporalibus,</span> <span class='ocrx_word' id='word_1_181' title='bbox 3302 1218 3725 1291; x_wconf 86' lang='lat' dir='ltr'>incorporalia:</span> 
     </span>
    </p>
   </div>
   <div class='ocr_carea' id='block_1_26' title="bbox 2077 1296 3547 1377">
    <p class='ocr_par' dir='ltr' id='par_1_26' title="bbox 2077 1296 3547 1377">
     <span class='ocr_line' id='line_1_26' title="bbox 2077 1296 3547 1377; baseline 0.011 -29"><span class='ocrx_word' id='word_1_182' title='bbox 2077 1310 2143 1349; x_wconf 86' lang='lat' dir='ltr'>ex</span> <span class='ocrx_word' id='word_1_183' title='bbox 2171 1296 2474 1366; x_wconf 85' lang='lat' dir='ltr'>visibibus,</span> <span class='ocrx_word' id='word_1_184' title='bbox 2508 1299 2860 1356; x_wconf 86' lang='lat' dir='ltr'>invisibilia:</span> <span class='ocrx_word' id='word_1_185' title='bbox 2887 1319 2956 1357; x_wconf 84' lang='lat' dir='ltr'>ex</span> <span class='ocrx_word' id='word_1_186' title='bbox 2986 1304 3279 1377; x_wconf 87' lang='lat' dir='ltr'>brevibus,</span> <span class='ocrx_word' id='word_1_187' title='bbox 3315 1313 3547 1364; x_wconf 66' lang='lat' dir='ltr'>acterna.</span> 
     </span>
    </p>
   </div>
   <div class='ocr_carea' id='block_1_27' title="bbox 2148 1387 3731 1469">
    <p class='ocr_par' dir='ltr' id='par_1_27' title="bbox 2148 1387 3731 1469">
     <span class='ocr_line' id='line_1_27' title="bbox 2148 1387 3731 1469; baseline 0.011 -31"><span class='ocrx_word' id='word_1_188' title='bbox 2148 1387 2335 1457; x_wconf 86' lang='lat' dir='ltr'>(Vers.</span> <span class='ocrx_word' id='word_1_189' title='bbox 2373 1388 2486 1453; x_wconf 83' lang='grc'>17.)</span> <span class='ocrx_word' id='word_1_190' title='bbox 2535 1410 2556 1435; x_wconf 78' lang='grc' dir='ltr'><em>α</em></span> <span class='ocrx_word' id='word_1_191' title='bbox 2617 1390 2899 1445; x_wconf 86' lang='lat' dir='ltr'>Similiter</span> <span class='ocrx_word' id='word_1_192' title='bbox 2954 1393 3054 1464; x_wconf 87' lang='lat' dir='ltr'>qui</span> <span class='ocrx_word' id='word_1_193' title='bbox 3111 1396 3226 1449; x_wconf 91' lang='lat' dir='ltr'>duo</span> <span class='ocrx_word' id='word_1_194' title='bbox 3287 1403 3611 1469; x_wconf 88' lang='lat' dir='ltr'>acceperat,</span> <span class='ocrx_word' id='word_1_195' title='bbox 3643 1398 3731 1454; x_wconf 91' lang='lat' dir='ltr'>lu-</span> 
     </span>
    </p>
   </div>
   <div class='ocr_carea' id='block_1_28' title="bbox 2077 1476 3730 1564">
    <p class='ocr_par' dir='ltr' id='par_1_28' title="bbox 2077 1476 3730 1564">
     <span class='ocr_line' id='line_1_28' title="bbox 2077 1476 3730 1564; baseline 0.01 -37"><span class='ocrx_word' id='word_1_196' title='bbox 2077 1478 2272 1529; x_wconf 85' lang='lat' dir='ltr'>oratus</span> <span class='ocrx_word' id='word_1_197' title='bbox 2305 1480 2394 1530; x_wconf 89' lang='lat' dir='ltr'>est</span> <span class='ocrx_word' id='word_1_198' title='bbox 2423 1476 2537 1531; x_wconf 90' lang='lat' dir='ltr'>alia</span> <span class='ocrx_word' id='word_1_199' title='bbox 2568 1478 2704 1533; x_wconf 92' lang='lat' dir='ltr'>duo.</span> <span class='ocrx_word' id='word_1_200' title='bbox 2741 1502 2768 1529; x_wconf 90' lang='grc'>››</span> <span class='ocrx_word' id='word_1_201' title='bbox 2793 1480 2861 1534; x_wconf 89' lang='lat' dir='ltr'>Et</span> <span class='ocrx_word' id='word_1_202' title='bbox 2886 1481 2994 1536; x_wconf 86' lang='lat' dir='ltr'>iste</span> <span class='ocrx_word' id='word_1_203' title='bbox 3048 1500 3151 1564; x_wconf 83' lang='lat' dir='ltr'>pro</span> <span class='ocrx_word' id='word_1_204' title='bbox 3179 1484 3404 1540; x_wconf 87' lang='lat' dir='ltr'>viribus</span> <span class='ocrx_word' id='word_1_205' title='bbox 3435 1488 3730 1561; x_wconf 88' lang='lat' dir='ltr'>quidquid</span> 
     </span>
    </p>
   </div>
   <div class='ocr_carea' id='block_1_29' title="bbox 2078 1562 3728 1644">
    <p class='ocr_par' dir='ltr' id='par_1_29' title="bbox 2078 1562 3728 1644">
     <span class='ocr_line' id='line_1_29' title="bbox 2078 1562 3728 1644; baseline 0.011 -28"><span class='ocrx_word' id='word_1_206' title='bbox 2078 1562 2133 1616; x_wconf 91' lang='lat' dir='ltr'>in</span> <span class='ocrx_word' id='word_1_207' title='bbox 2185 1563 2330 1635; x_wconf 85' lang='lat' dir='ltr'>Lege</span> <span class='ocrx_word' id='word_1_208' title='bbox 2387 1565 2690 1631; x_wconf 82' lang='lat' dir='ltr'>didicerat,</span> <span class='ocrx_word' id='word_1_209' title='bbox 2725 1569 2781 1623; x_wconf 91' lang='lat' dir='ltr'>in</span> <span class='ocrx_word' id='word_1_210' title='bbox 2843 1562 3147 1643; x_wconf 75' lang='lat' dir='ltr'>Evangelio</span> <span class='ocrx_word' id='word_1_211' title='bbox 3204 1573 3557 1644; x_wconf 87' lang='lat' dir='ltr'>duplicavit:</span> <span class='ocrx_word' id='word_1_212' title='bbox 3607 1579 3728 1634; x_wconf 84' lang='lat' dir='ltr'>sive</span> 
     </span>
    </p>
   </div>
   <div class='ocr_carea' id='block_1_30' title="bbox 2076 1652 3725 1729">
    <p class='ocr_par' dir='ltr' id='par_1_30' title="bbox 2076 1652 3725 1729">
     <span class='ocr_line' id='line_1_30' title="bbox 2076 1652 3725 1729; baseline 0.01 -24"><span class='ocrx_word' id='word_1_213' title='bbox 2076 1652 2381 1708; x_wconf 85' lang='lat' dir='ltr'>scientiam</span> <span class='ocrx_word' id='word_1_214' title='bbox 2415 1660 2471 1709; x_wconf 87' lang='lat' dir='ltr'>ct</span> <span class='ocrx_word' id='word_1_215' title='bbox 2500 1673 2674 1727; x_wconf 85' lang='lat' dir='ltr'>opera</span> <span class='ocrx_word' id='word_1_216' title='bbox 2706 1661 3008 1729; x_wconf 57' lang='lat' dir='ltr'>praesentis</span> <span class='ocrx_word' id='word_1_217' title='bbox 3051 1661 3199 1728; x_wconf 64' lang='lat' dir='ltr'>vitae,</span> <span class='ocrx_word' id='word_1_218' title='bbox 3236 1663 3444 1720; x_wconf 75' lang='lat' dir='ltr'>futuras</span> <span class='ocrx_word' id='word_1_219' title='bbox 3477 1665 3725 1722; x_wconf 86' lang='lat' dir='ltr'>beatitu-</span> 
     </span>
    </p>
   </div>
   <div class='ocr_carea' id='block_1_31' title="bbox 2077 1740 2760 1814">
    <p class='ocr_par' dir='ltr' id='par_1_31' title="bbox 2077 1740 2760 1814">
     <span class='ocr_line' id='line_1_31' title="bbox 2077 1740 2760 1814; baseline 0.01 -20"><span class='ocrx_word' id='word_1_220' title='bbox 2077 1740 2230 1796; x_wconf 87' lang='lat' dir='ltr'>dinis</span> <span class='ocrx_word' id='word_1_221' title='bbox 2260 1746 2428 1814; x_wconf 81' lang='lat' dir='ltr'>typos</span> <span class='ocrx_word' id='word_1_222' title='bbox 2461 1745 2760 1802; x_wconf 79' lang='lat' dir='ltr'>intellexit.</span> 
     </span>
    </p>
   </div>
   <div class='ocr_carea' id='block_1_32' title="bbox 994 1826 3730 1929">
    <p class='ocr_par' dir='ltr' id='par_1_32' title="bbox 994 1826 3730 1929">
     <span class='ocr_line' id='line_1_32' title="bbox 994 1826 3730 1929; baseline 0.008 -49"><span class='ocrx_word' id='word_1_223' title='bbox 994 1826 1164 1881; x_wconf 92' lang='lat' dir='ltr'>Novit</span> <span class='ocrx_word' id='word_1_224' title='bbox 1218 1826 1509 1929; x_wconf 38' lang='lat' dir='ltr'>Dominus.</span> <span class='ocrx_word' id='word_1_225' title='bbox 1555 1842 1653 1927; x_wconf 76' lang='lat' dir='ltr'>eos</span> <span class='ocrx_word' id='word_1_226' title='bbox 1708 1828 1820 1929; x_wconf 44' lang='lat' dir='ltr'>qui.</span> <span class='ocrx_word' id='word_1_227' title='bbox 1838 1829 1965 1927; x_wconf 78' lang='lat' dir='ltr'>ejus</span> <span class='ocrx_word' id='word_1_228' title='bbox 1995 1864 2043 1929; x_wconf 80' lang='grc' dir='ltr'><strong>Β</strong></span> <span class='ocrx_word' id='word_1_229' title='bbox 2079 1919 2101 1929; x_wconf 40' lang='lat' dir='ltr'><strong>ﬂ</strong></span> <span class='ocrx_word' id='word_1_230' title='bbox 2146 1830 2331 1929; x_wconf 47' lang='lat' dir='ltr'>(Vers.</span> <span class='ocrx_word' id='word_1_231' title='bbox 2370 1834 2481 1902; x_wconf 89' lang='grc'>18.)</span> <span class='ocrx_word' id='word_1_232' title='bbox 2512 1856 2538 1882; x_wconf 93' lang='grc'>‹‹</span> <span class='ocrx_word' id='word_1_233' title='bbox 2575 1836 2678 1901; x_wconf 88' lang='lat' dir='ltr'>Qui</span> <span class='ocrx_word' id='word_1_234' title='bbox 2715 1842 2910 1893; x_wconf 88' lang='lat' dir='ltr'>autem</span> <span class='ocrx_word' id='word_1_235' title='bbox 2944 1856 3126 1893; x_wconf 92' lang='lat' dir='ltr'>unum</span> <span class='ocrx_word' id='word_1_236' title='bbox 3168 1850 3490 1913; x_wconf 87' lang='lat' dir='ltr'>acceperat.</span> <span class='ocrx_word' id='word_1_237' title='bbox 3527 1846 3730 1903; x_wconf 87' lang='lat' dir='ltr'>abiens</span> 
     </span>
    </p>
   </div>
   <div class='ocr_carea' id='block_1_33' title="bbox 309 1915 3721 1998">
    <p class='ocr_par' dir='ltr' id='par_1_33' title="bbox 309 1915 3721 1998">
     <span class='ocr_line' id='line_1_33' title="bbox 309 1915 3721 1998; baseline 0.004 -28"><span class='ocrx_word' id='word_1_238' title='bbox 309 1920 455 1970; x_wconf 86' lang='lat' dir='ltr'>sunt</span> <span class='ocrx_word' id='word_1_239' title='bbox 482 1916 558 1986; x_wconf 84' lang='lat' dir='ltr'>(II</span> <span class='ocrx_word' id='word_1_240' title='bbox 585 1915 718 1970; x_wconf 77' lang='lat' dir='ltr'>Tim.</span> <span class='ocrx_word' id='word_1_241' title='bbox 756 1932 817 1979; x_wconf 82' lang='lat' dir='ltr'>II,</span> <span class='ocrx_word' id='word_1_242' title='bbox 880 1915 988 1985; x_wconf 90' lang='grc'>19),</span> <span class='ocrx_word' id='word_1_243' title='bbox 1030 1919 1086 1970; x_wconf 90' lang='lat' dir='ltr'>et</span> <span class='ocrx_word' id='word_1_244' title='bbox 1135 1915 1235 1987; x_wconf 92' lang='lat' dir='ltr'>qui</span> <span class='ocrx_word' id='word_1_245' title='bbox 1286 1915 1537 1987; x_wconf 90' lang='lat' dir='ltr'>ignorat,</span> <span class='ocrx_word' id='word_1_246' title='bbox 1596 1915 1964 1989; x_wconf 87' lang='lat' dir='ltr'>ignorabitur</span> <span class='ocrx_word' id='word_1_247' title='bbox 1995 1915 2042 1929; x_wconf 82' lang='lat'><strong><em>&quot;</em></strong></span> <span class='ocrx_word' id='word_1_248' title='bbox 2076 1918 2297 1974; x_wconf 89' lang='lat' dir='ltr'>foditin</span> <span class='ocrx_word' id='word_1_249' title='bbox 2319 1925 2619 1988; x_wconf 90' lang='lat' dir='ltr'>terram,et</span> <span class='ocrx_word' id='word_1_250' title='bbox 2639 1924 2945 1982; x_wconf 87' lang='lat' dir='ltr'>abscondit</span> <span class='ocrx_word' id='word_1_251' title='bbox 2968 1929 3274 1998; x_wconf 86' lang='lat' dir='ltr'>pecuniam</span> <span class='ocrx_word' id='word_1_252' title='bbox 3301 1931 3525 1986; x_wconf 89' lang='lat' dir='ltr'>domini</span> <span class='ocrx_word' id='word_1_253' title='bbox 3559 1935 3671 1990; x_wconf 91' lang='lat' dir='ltr'>sui.</span> <span class='ocrx_word' id='word_1_254' title='bbox 3702 1960 3721 1985; x_wconf 77' lang='grc' dir='ltr'>ι</span> 
     </span>
    </p>
   </div>
   <div class='ocr_carea' id='block_1_34' title="bbox 308 2003 1961 2078">
    <p class='ocr_par' dir='ltr' id='par_1_34' title="bbox 308 2003 1961 2078">
     <span class='ocr_line' id='line_1_34' title="bbox 308 2003 1961 2078; baseline 0 -19"><span class='ocrx_word' id='word_1_255' title='bbox 308 2005 360 2077; x_wconf 81' lang='grc' dir='ltr'>(ι</span> <span class='ocrx_word' id='word_1_256' title='bbox 391 2004 512 2059; x_wconf 81' lang='lat' dir='ltr'>Cor.</span> <span class='ocrx_word' id='word_1_257' title='bbox 548 2020 666 2070; x_wconf 71' lang='lat' dir='ltr'>xxx,</span> <span class='ocrx_word' id='word_1_258' title='bbox 696 2003 809 2075; x_wconf 90' lang='lat'>38).</span> <span class='ocrx_word' id='word_1_259' title='bbox 839 2004 1034 2059; x_wconf 85' lang='lat' dir='ltr'>Nescit</span> <span class='ocrx_word' id='word_1_260' title='bbox 1085 2003 1372 2060; x_wconf 89' lang='lat' dir='ltr'>Dominus</span> <span class='ocrx_word' id='word_1_261' title='bbox 1413 2006 1709 2078; x_wconf 89' lang='lat' dir='ltr'>operarios</span> <span class='ocrx_word' id='word_1_262' title='bbox 1738 2006 1961 2077; x_wconf 90' lang='lat' dir='ltr'>iniqui-</span> 
     </span>
    </p>
   </div>
   <div class='ocr_carea' id='block_1_35' title="bbox 307 2092 1962 2165">
    <p class='ocr_par' dir='ltr' id='par_1_35' title="bbox 307 2092 1962 2165">
     <span class='ocr_line' id='line_1_35' title="bbox 307 2092 1962 2165; baseline 0 -16"><span class='ocrx_word' id='word_1_263' title='bbox 307 2094 455 2149; x_wconf 80' lang='lat' dir='ltr'>tatis</span> <span class='ocrx_word' id='word_1_264' title='bbox 482 2111 495 2148; x_wconf 89' lang='lat'>:</span> <span class='ocrx_word' id='word_1_265' title='bbox 523 2097 581 2148; x_wconf 91' lang='lat' dir='ltr'>et</span> <span class='ocrx_word' id='word_1_266' title='bbox 607 2092 745 2149; x_wconf 87' lang='lat' dir='ltr'>licet</span> <span class='ocrx_word' id='word_1_267' title='bbox 770 2092 1027 2165; x_wconf 87' lang='lat' dir='ltr'>virgines</span> <span class='ocrx_word' id='word_1_268' title='bbox 1057 2093 1198 2162; x_wconf 89' lang='lat' dir='ltr'>sint,</span> <span class='ocrx_word' id='word_1_269' title='bbox 1225 2097 1282 2149; x_wconf 87' lang='lat' dir='ltr'>et</span> <span class='ocrx_word' id='word_1_270' title='bbox 1311 2094 1638 2149; x_wconf 89' lang='lat' dir='ltr'>secundum</span> <span class='ocrx_word' id='word_1_271' title='bbox 1669 2093 1962 2165; x_wconf 90' lang='lat' dir='ltr'>duplicem</span> 
     </span>
    </p>
   </div>
   <div class='ocr_carea' id='block_1_36' title="bbox 311 2181 1965 2254">
    <p class='ocr_par' dir='ltr' id='par_1_36' title="bbox 311 2181 1965 2254">
     <span class='ocr_line' id='line_1_36' title="bbox 311 2181 1965 2254; baseline 0.001 -17"><span class='ocrx_word' id='word_1_272' title='bbox 311 2181 767 2254; x_wconf 88' lang='lat' dir='ltr'>intelligentiam</span> <span class='ocrx_word' id='word_1_273' title='bbox 821 2181 892 2236; x_wconf 89' lang='lat' dir='ltr'>de</span> <span class='ocrx_word' id='word_1_274' title='bbox 939 2181 1200 2254; x_wconf 90' lang='lat' dir='ltr'>corporis</span> <span class='ocrx_word' id='word_1_275' title='bbox 1252 2183 1522 2254; x_wconf 88' lang='lat' dir='ltr'>puritate,</span> <span class='ocrx_word' id='word_1_276' title='bbox 1557 2188 1614 2238; x_wconf 90' lang='lat' dir='ltr'>et</span> <span class='ocrx_word' id='word_1_277' title='bbox 1644 2183 1716 2238; x_wconf 90' lang='lat' dir='ltr'>de</span> <span class='ocrx_word' id='word_1_278' title='bbox 1746 2183 1965 2239; x_wconf 89' lang='lat' dir='ltr'>confes-</span> 
     </span>
    </p>
   </div>
   <div class='ocr_carea' id='block_1_37' title="bbox 313 2269 1961 2343">
    <p class='ocr_par' dir='ltr' id='par_1_37' title="bbox 313 2269 1961 2343">
     <span class='ocr_line' id='line_1_37' title="bbox 313 2269 1961 2343; baseline 0 -16"><span class='ocrx_word' id='word_1_279' title='bbox 313 2271 481 2327; x_wconf 88' lang='lat' dir='ltr'>sione</span> <span class='ocrx_word' id='word_1_280' title='bbox 508 2287 657 2327; x_wconf 68' lang='lat' dir='ltr'>verre</span> <span class='ocrx_word' id='word_1_281' title='bbox 684 2269 1013 2343; x_wconf 87' lang='lat' dir='ltr'>gloriantur</span> <span class='ocrx_word' id='word_1_282' title='bbox 1032 2271 1167 2326; x_wconf 83' lang='lat' dir='ltr'>fidei</span> <span class='ocrx_word' id='word_1_283' title='bbox 1193 2275 1418 2341; x_wconf 88' lang='lat' dir='ltr'>;tamen</span> <span class='ocrx_word' id='word_1_284' title='bbox 1450 2272 1591 2343; x_wconf 90' lang='lat' dir='ltr'>quia</span> <span class='ocrx_word' id='word_1_285' title='bbox 1619 2272 1811 2328; x_wconf 90' lang='lat' dir='ltr'>oleum</span> <span class='ocrx_word' id='word_1_286' title='bbox 1846 2289 1961 2327; x_wconf 89' lang='lat' dir='ltr'>non</span> 
     </span>
    </p>
   </div>
   <div class='ocr_carea' id='block_1_38' title="bbox 311 2359 1963 2434">
    <p class='ocr_par' dir='ltr' id='par_1_38' title="bbox 311 2359 1963 2434">
     <span class='ocr_line' id='line_1_38' title="bbox 311 2359 1963 2434; baseline 0.001 -18"><span class='ocrx_word' id='word_1_287' title='bbox 311 2360 539 2416; x_wconf 87' lang='lat' dir='ltr'>habent</span> <span class='ocrx_word' id='word_1_288' title='bbox 563 2359 839 2427; x_wconf 68' lang='lat' dir='ltr'>scientiae,</span> <span class='ocrx_word' id='word_1_289' title='bbox 868 2360 1086 2415; x_wconf 84' lang='lat' dir='ltr'>sufficit</span> <span class='ocrx_word' id='word_1_290' title='bbox 1115 2360 1202 2416; x_wconf 89' lang='lat' dir='ltr'>eis</span> <span class='ocrx_word' id='word_1_291' title='bbox 1251 2378 1353 2433; x_wconf 90' lang='lat' dir='ltr'>pro</span> <span class='ocrx_word' id='word_1_292' title='bbox 1403 2378 1573 2434; x_wconf 70' lang='lat' dir='ltr'>paena</span> <span class='ocrx_word' id='word_1_293' title='bbox 1619 2363 1771 2434; x_wconf 92' lang='lat' dir='ltr'>quod</span> <span class='ocrx_word' id='word_1_294' title='bbox 1804 2362 1963 2434; x_wconf 90' lang='lat' dir='ltr'>igno-</span> 
     </span>
    </p>
   </div>
   <div class='ocr_carea' id='block_1_39' title="bbox 316 2453 849 2521">
    <p class='ocr_par' dir='ltr' id='par_1_39' title="bbox 316 2453 849 2521">
     <span class='ocr_line' id='line_1_39' title="bbox 316 2453 849 2521; baseline -0.002 -17"><span class='ocrx_word' id='word_1_295' title='bbox 316 2453 530 2504; x_wconf 87' lang='lat' dir='ltr'>rantur</span> <span class='ocrx_word' id='word_1_296' title='bbox 558 2466 590 2505; x_wconf 89' lang='lat' dir='ltr'>a</span> <span class='ocrx_word' id='word_1_297' title='bbox 616 2465 849 2521; x_wconf 89' lang='lat' dir='ltr'>sponso.</span> 
     </span>
    </p>
   </div>
   <div class='ocr_carea' id='block_1_40' title="bbox 391 2537 1962 2612">
    <p class='ocr_par' dir='ltr' id='par_1_40' title="bbox 391 2537 1962 2612">
     <span class='ocr_line' id='line_1_40' title="bbox 391 2537 1962 2612; baseline 0.003 -21"><span class='ocrx_word' id='word_1_298' title='bbox 391 2538 577 2610; x_wconf 89' lang='lat' dir='ltr'>(Vers.</span> <span class='ocrx_word' id='word_1_299' title='bbox 612 2538 720 2609; x_wconf 91' lang='grc'>13.)</span> <span class='ocrx_word' id='word_1_300' title='bbox 750 2560 780 2589; x_wconf 87' lang='grc'>‹‹</span> <span class='ocrx_word' id='word_1_301' title='bbox 811 2537 1058 2611; x_wconf 90' lang='lat' dir='ltr'>Vigilate</span> <span class='ocrx_word' id='word_1_302' title='bbox 1104 2540 1322 2611; x_wconf 89' lang='lat' dir='ltr'>itaque,</span> <span class='ocrx_word' id='word_1_303' title='bbox 1357 2539 1497 2612; x_wconf 90' lang='lat' dir='ltr'>quia</span> <span class='ocrx_word' id='word_1_304' title='bbox 1536 2540 1777 2597; x_wconf 86' lang='lat' dir='ltr'>nescitis</span> <span class='ocrx_word' id='word_1_305' title='bbox 1807 2540 1962 2596; x_wconf 91' lang='lat' dir='ltr'>diem</span> 
     </span>
    </p>
   </div>
   <div class='ocr_carea' id='block_1_41' title="bbox 313 2626 1962 2700">
    <p class='ocr_par' dir='ltr' id='par_1_41' title="bbox 313 2626 1962 2700">
     <span class='ocr_line' id='line_1_41' title="bbox 313 2626 1962 2700; baseline 0.001 -17"><span class='ocrx_word' id='word_1_306' title='bbox 313 2643 503 2699; x_wconf 89' lang='lat' dir='ltr'>neque</span> <span class='ocrx_word' id='word_1_307' title='bbox 531 2627 759 2683; x_wconf 90' lang='lat' dir='ltr'>horam.</span> <span class='ocrx_word' id='word_1_308' title='bbox 796 2649 825 2677; x_wconf 82' lang='grc'><strong>››</strong></span> <span class='ocrx_word' id='word_1_309' title='bbox 855 2626 1205 2683; x_wconf 89' lang='lat' dir='ltr'>Prudentem</span> <span class='ocrx_word' id='word_1_310' title='bbox 1254 2645 1487 2700; x_wconf 88' lang='lat' dir='ltr'>semper</span> <span class='ocrx_word' id='word_1_311' title='bbox 1534 2630 1818 2686; x_wconf 90' lang='lat' dir='ltr'>admoneo</span> <span class='ocrx_word' id='word_1_312' title='bbox 1849 2629 1962 2686; x_wconf 91' lang='lat' dir='ltr'>lec-</span> 
     </span>
    </p>
   </div>
   <div class='ocr_carea' id='block_1_42' title="bbox 317 2716 1962 2790">
    <p class='ocr_par' dir='ltr' id='par_1_42' title="bbox 317 2716 1962 2790">
     <span class='ocr_line' id='line_1_42' title="bbox 317 2716 1962 2790; baseline 0.001 -18"><span class='ocrx_word' id='word_1_313' title='bbox 317 2722 523 2787; x_wconf 83' lang='lat' dir='ltr'>torem,</span> <span class='ocrx_word' id='word_1_314' title='bbox 555 2722 622 2771; x_wconf 88' lang='lat' dir='ltr'>ut</span> <span class='ocrx_word' id='word_1_315' title='bbox 667 2733 784 2772; x_wconf 90' lang='lat' dir='ltr'>non</span> <span class='ocrx_word' id='word_1_316' title='bbox 830 2716 1256 2789; x_wconf 86' lang='lat' dir='ltr'>superstitiosis</span> <span class='ocrx_word' id='word_1_317' title='bbox 1303 2718 1637 2789; x_wconf 88' lang='lat' dir='ltr'>acquiescat</span> <span class='ocrx_word' id='word_1_318' title='bbox 1678 2718 1962 2790; x_wconf 85' lang='lat' dir='ltr'>interpre-</span> 
     </span>
    </p>
   </div>
   <div class='ocr_carea' id='block_1_43' title="bbox 318 2806 1962 2879">
    <p class='ocr_par' dir='ltr' id='par_1_43' title="bbox 318 2806 1962 2879">
     <span class='ocr_line' id='line_1_43' title="bbox 318 2806 1962 2879; baseline 0.001 -19"><span class='ocrx_word' id='word_1_319' title='bbox 318 2806 663 2873; x_wconf 89' lang='lat' dir='ltr'>tationibus,</span> <span class='ocrx_word' id='word_1_320' title='bbox 696 2810 754 2861; x_wconf 90' lang='lat' dir='ltr'>et</span> <span class='ocrx_word' id='word_1_321' title='bbox 801 2822 926 2877; x_wconf 80' lang='lat' dir='ltr'>quae</span> <span class='ocrx_word' id='word_1_322' title='bbox 974 2806 1319 2861; x_wconf 89' lang='lat' dir='ltr'>commatice</span> <span class='ocrx_word' id='word_1_323' title='bbox 1360 2822 1463 2879; x_wconf 92' lang='lat' dir='ltr'>pro</span> <span class='ocrx_word' id='word_1_324' title='bbox 1493 2807 1840 2879; x_wconf 83' lang='lat' dir='ltr'>fingentium</span> <span class='ocrx_word' id='word_1_325' title='bbox 1871 2807 1962 2861; x_wconf 91' lang='lat' dir='ltr'>di-</span> 
     </span>
    </p>
   </div>
   <div class='ocr_carea' id='block_1_44' title="bbox 317 2894 1968 2967">
    <p class='ocr_par' dir='ltr' id='par_1_44' title="bbox 317 2894 1968 2967">
     <span class='ocr_line' id='line_1_44' title="bbox 317 2894 1968 2967; baseline 0 -16"><span class='ocrx_word' id='word_1_326' title='bbox 317 2901 533 2951; x_wconf 90' lang='lat' dir='ltr'>cuntur</span> <span class='ocrx_word' id='word_1_327' title='bbox 560 2894 824 2961; x_wconf 87' lang='lat' dir='ltr'>arbitrio,</span> <span class='ocrx_word' id='word_1_328' title='bbox 868 2895 970 2950; x_wconf 90' lang='lat' dir='ltr'>sed</span> <span class='ocrx_word' id='word_1_329' title='bbox 1012 2895 1339 2951; x_wconf 87' lang='lat' dir='ltr'>consideret</span> <span class='ocrx_word' id='word_1_330' title='bbox 1391 2896 1605 2967; x_wconf 89' lang='lat' dir='ltr'>priora,</span> <span class='ocrx_word' id='word_1_331' title='bbox 1656 2897 1870 2967; x_wconf 90' lang='lat' dir='ltr'>media,</span> <span class='ocrx_word' id='word_1_332' title='bbox 1910 2900 1968 2952; x_wconf 91' lang='lat' dir='ltr'>et</span> 
     </span>
    </p>
   </div>
   <div class='ocr_carea' id='block_1_45' title="bbox 317 2983 1964 3057">
    <p class='ocr_par' dir='ltr' id='par_1_45' title="bbox 317 2983 1964 3057">
     <span class='ocr_line' id='line_1_45' title="bbox 317 2983 1964 3057; baseline 0.001 -17"><span class='ocrx_word' id='word_1_333' title='bbox 317 2983 709 3056; x_wconf 87' lang='lat' dir='ltr'>sequentia,et</span> <span class='ocrx_word' id='word_1_334' title='bbox 736 2987 931 3040; x_wconf 89' lang='lat' dir='ltr'>nectat</span> <span class='ocrx_word' id='word_1_335' title='bbox 960 2984 1075 3041; x_wconf 90' lang='lat' dir='ltr'>sibi</span> <span class='ocrx_word' id='word_1_336' title='bbox 1107 2983 1378 3040; x_wconf 88' lang='lat' dir='ltr'>universa</span> <span class='ocrx_word' id='word_1_337' title='bbox 1407 3001 1536 3056; x_wconf 67' lang='lat' dir='ltr'>quae</span> <span class='ocrx_word' id='word_1_338' title='bbox 1566 2986 1785 3057; x_wconf 89' lang='lat' dir='ltr'>scripta</span> <span class='ocrx_word' id='word_1_339' title='bbox 1804 2989 1964 3041; x_wconf 90' lang='lat' dir='ltr'>sunt.</span> 
     </span>
    </p>
   </div>
   <div class='ocr_carea' id='block_1_46' title="bbox 315 3072 1966 3145">
    <p class='ocr_par' dir='ltr' id='par_1_46' title="bbox 315 3072 1966 3145">
     <span class='ocr_line' id='line_1_46' title="bbox 315 3072 1966 3145; baseline 0.001 -17"><span class='ocrx_word' id='word_1_340' title='bbox 315 3074 401 3129; x_wconf 86' lang='lat' dir='ltr'>Ex</span> <span class='ocrx_word' id='word_1_341' title='bbox 428 3072 538 3128; x_wconf 85' lang='lat' dir='ltr'>hoc</span> <span class='ocrx_word' id='word_1_342' title='bbox 588 3088 726 3145; x_wconf 88' lang='lat' dir='ltr'>ergo</span> <span class='ocrx_word' id='word_1_343' title='bbox 784 3073 938 3144; x_wconf 89' lang='lat' dir='ltr'>quod</span> <span class='ocrx_word' id='word_1_344' title='bbox 997 3072 1209 3128; x_wconf 82' lang='lat' dir='ltr'>infert:</span> <span class='ocrx_word' id='word_1_345' title='bbox 1279 3074 1522 3144; x_wconf 78' lang='lat' dir='ltr'>Vigilate,</span> <span class='ocrx_word' id='word_1_346' title='bbox 1563 3076 1692 3145; x_wconf 82' lang='lat' dir='ltr'>quia</span> <span class='ocrx_word' id='word_1_347' title='bbox 1744 3076 1966 3131; x_wconf 76' lang='lat' dir='ltr'>nescitis</span> 
     </span>
    </p>
   </div>
   <div class='ocr_carea' id='block_1_47' title="bbox 314 3161 1960 3234">
    <p class='ocr_par' dir='ltr' id='par_1_47' title="bbox 314 3161 1960 3234">
     <span class='ocr_line' id='line_1_47' title="bbox 314 3161 1960 3234; baseline 0.001 -18"><span class='ocrx_word' id='word_1_348' title='bbox 314 3161 465 3216; x_wconf 83' lang='lat' dir='ltr'>diem</span> <span class='ocrx_word' id='word_1_349' title='bbox 494 3177 668 3234; x_wconf 82' lang='lat' dir='ltr'>neque</span> <span class='ocrx_word' id='word_1_350' title='bbox 696 3161 1329 3234; x_wconf 83' lang='lat' dir='ltr'>horam,intelliguntur</span> <span class='ocrx_word' id='word_1_351' title='bbox 1348 3162 1620 3218; x_wconf 89' lang='lat' dir='ltr'>universa</span> <span class='ocrx_word' id='word_1_352' title='bbox 1647 3179 1773 3234; x_wconf 83' lang='lat' dir='ltr'>quae</span> <span class='ocrx_word' id='word_1_353' title='bbox 1795 3163 1960 3232; x_wconf 83' lang='lat' dir='ltr'>dixit,</span> 
     </span>
    </p>
   </div>
   <div class='ocr_carea' id='block_1_48' title="bbox 2070 2006 3722 2087">
    <p class='ocr_par' dir='ltr' id='par_1_48' title="bbox 2070 2006 3722 2087">
     <span class='ocr_line' id='line_1_48' title="bbox 2070 2006 3722 2087; baseline 0.01 -26"><span class='ocrx_word' id='word_1_354' title='bbox 2070 2006 2333 2079; x_wconf 82' lang='lat' dir='ltr'>Nequam</span> <span class='ocrx_word' id='word_1_355' title='bbox 2368 2027 2572 2067; x_wconf 90' lang='lat' dir='ltr'>servus</span> <span class='ocrx_word' id='word_1_356' title='bbox 2625 2015 2868 2069; x_wconf 86' lang='lat' dir='ltr'>terrenis</span> <span class='ocrx_word' id='word_1_357' title='bbox 2914 2016 3189 2087; x_wconf 88' lang='lat' dir='ltr'>operibus</span> <span class='ocrx_word' id='word_1_358' title='bbox 3245 2023 3300 2072; x_wconf 87' lang='lat' dir='ltr'>et</span> <span class='ocrx_word' id='word_1_359' title='bbox 3330 2021 3526 2075; x_wconf 66' lang='lat' dir='ltr'>saeculi</span> <span class='ocrx_word' id='word_1_360' title='bbox 3563 2023 3722 2078; x_wconf 87' lang='lat' dir='ltr'>volu-</span> 
     </span>
    </p>
   </div>
   <div class='ocr_carea' id='block_1_49' title="bbox 2071 2098 3722 2182">
    <p class='ocr_par' dir='ltr' id='par_1_49' title="bbox 2071 2098 3722 2182">
     <span class='ocr_line' id='line_1_49' title="bbox 2071 2098 3722 2182; baseline 0.011 -32"><span class='ocrx_word' id='word_1_361' title='bbox 2071 2100 2247 2167; x_wconf 89' lang='lat' dir='ltr'>ptate,</span> <span class='ocrx_word' id='word_1_362' title='bbox 2282 2098 2381 2153; x_wconf 91' lang='lat' dir='ltr'>Dei</span> <span class='ocrx_word' id='word_1_363' title='bbox 2415 2106 2701 2172; x_wconf 61' lang='lat' dir='ltr'>praecepta</span> <span class='ocrx_word' id='word_1_364' title='bbox 2729 2102 2984 2174; x_wconf 86' lang='lat' dir='ltr'>neglexit</span> <span class='ocrx_word' id='word_1_365' title='bbox 3008 2108 3063 2159; x_wconf 91' lang='lat' dir='ltr'>et</span> <span class='ocrx_word' id='word_1_366' title='bbox 3093 2105 3304 2176; x_wconf 90' lang='lat' dir='ltr'>polluit</span> <span class='ocrx_word' id='word_1_367' title='bbox 3333 2124 3345 2163; x_wconf 94' lang='lat'>:</span> <span class='ocrx_word' id='word_1_368' title='bbox 3381 2125 3722 2182; x_wconf 79' lang='lat' dir='ltr'>quanquam</span> 
     </span>
    </p>
   </div>
   <div class='ocr_carea' id='block_1_50' title="bbox 2069 2184 3726 2265">
    <p class='ocr_par' dir='ltr' id='par_1_50' title="bbox 2069 2184 3726 2265">
     <span class='ocr_line' id='line_1_50' title="bbox 2069 2184 3726 2265; baseline 0.011 -26"><span class='ocrx_word' id='word_1_369' title='bbox 2069 2190 2128 2244; x_wconf 92' lang='lat' dir='ltr'>in</span> <span class='ocrx_word' id='word_1_370' title='bbox 2161 2184 2274 2240; x_wconf 89' lang='lat' dir='ltr'>alio</span> <span class='ocrx_word' id='word_1_371' title='bbox 2305 2188 2665 2260; x_wconf 89' lang='lat' dir='ltr'>evangelista</span> <span class='ocrx_word' id='word_1_372' title='bbox 2716 2191 3003 2262; x_wconf 86' lang='lat' dir='ltr'>scriptum</span> <span class='ocrx_word' id='word_1_373' title='bbox 3055 2192 3154 2260; x_wconf 90' lang='lat' dir='ltr'>sit,</span> <span class='ocrx_word' id='word_1_374' title='bbox 3190 2196 3344 2265; x_wconf 90' lang='lat' dir='ltr'>quod</span> <span class='ocrx_word' id='word_1_375' title='bbox 3396 2197 3455 2252; x_wconf 90' lang='lat' dir='ltr'>in</span> <span class='ocrx_word' id='word_1_376' title='bbox 3489 2201 3726 2258; x_wconf 89' lang='lat' dir='ltr'>sudario</span> 
     </span>
    </p>
   </div>
   <div class='ocr_carea' id='block_1_51' title="bbox 2074 2274 3733 2359">
    <p class='ocr_par' dir='ltr' id='par_1_51' title="bbox 2074 2274 3733 2359">
     <span class='ocr_line' id='line_1_51' title="bbox 2074 2274 3733 2359; baseline 0.011 -30"><span class='ocrx_word' id='word_1_377' title='bbox 2074 2274 2344 2347; x_wconf 86' lang='lat' dir='ltr'>ligaverit</span> <span class='ocrx_word' id='word_1_378' title='bbox 2371 2278 2525 2344; x_wconf 82' lang='lat' dir='ltr'>(Luc.</span> <span class='ocrx_word' id='word_1_379' title='bbox 2559 2295 2673 2345; x_wconf 69' lang='lat' dir='ltr'>xxx,</span> <span class='ocrx_word' id='word_1_380' title='bbox 2708 2281 2820 2347; x_wconf 77' lang='lat'>‘30),</span> <span class='ocrx_word' id='word_1_381' title='bbox 2854 2280 2905 2335; x_wconf 83' lang='lat' dir='ltr'>id</span> <span class='ocrx_word' id='word_1_382' title='bbox 2957 2287 3065 2349; x_wconf 90' lang='lat' dir='ltr'>est,</span> <span class='ocrx_word' id='word_1_383' title='bbox 3095 2283 3420 2340; x_wconf 86' lang='lat' dir='ltr'>doctrinam</span> <span class='ocrx_word' id='word_1_384' title='bbox 3456 2290 3733 2359; x_wconf 83' lang='lat' dir='ltr'>patrisfa-</span> 
     </span>
    </p>
   </div>
   <div class='ocr_carea' id='block_1_52' title="bbox 2076 2364 3529 2432">
    <p class='ocr_par' dir='ltr' id='par_1_52' title="bbox 2076 2364 3529 2432">
     <span class='ocr_line' id='line_1_52' title="bbox 2076 2364 3529 2432; baseline 0.006 -10"><span class='ocrx_word' id='word_1_385' title='bbox 2076 2364 2270 2422; x_wconf 88' lang='lat' dir='ltr'>milias</span> <span class='ocrx_word' id='word_1_386' title='bbox 2301 2365 2554 2422; x_wconf 88' lang='lat' dir='ltr'>molliter</span> <span class='ocrx_word' id='word_1_387' title='bbox 2582 2371 2637 2422; x_wconf 90' lang='lat' dir='ltr'>et</span> <span class='ocrx_word' id='word_1_388' title='bbox 2668 2368 2915 2425; x_wconf 89' lang='lat' dir='ltr'>delicate</span> <span class='ocrx_word' id='word_1_389' title='bbox 2945 2371 3187 2428; x_wconf 88' lang='lat' dir='ltr'>vivendo</span> <span class='ocrx_word' id='word_1_390' title='bbox 3219 2377 3529 2432; x_wconf 89' lang='lat' dir='ltr'>enervarit.</span> 
     </span>
    </p>
   </div>
   <div class='ocr_carea' id='block_1_53' title="bbox 2144 2454 3729 2538">
    <p class='ocr_par' dir='ltr' id='par_1_53' title="bbox 2144 2454 3729 2538">
     <span class='ocr_line' id='line_1_53' title="bbox 2144 2454 3729 2538; baseline 0.011 -30"><span class='ocrx_word' id='word_1_391' title='bbox 2144 2454 2326 2525; x_wconf 88' lang='lat' dir='ltr'>(Vers.</span> <span class='ocrx_word' id='word_1_392' title='bbox 2361 2455 2447 2526; x_wconf 74' lang='grc'>19,</span> <span class='ocrx_word' id='word_1_393' title='bbox 2478 2457 2592 2528; x_wconf 93' lang='grc'>20.)</span> <span class='ocrx_word' id='word_1_394' title='bbox 2625 2479 2652 2507; x_wconf 86' lang='grc'><strong>‹‹</strong></span> <span class='ocrx_word' id='word_1_395' title='bbox 2685 2458 2820 2513; x_wconf 88' lang='lat' dir='ltr'>Post</span> <span class='ocrx_word' id='word_1_396' title='bbox 2851 2459 3103 2516; x_wconf 91' lang='lat' dir='ltr'>multum</span> <span class='ocrx_word' id='word_1_397' title='bbox 3136 2479 3268 2517; x_wconf 88' lang='lat' dir='ltr'>vero</span> <span class='ocrx_word' id='word_1_398' title='bbox 3321 2466 3602 2538; x_wconf 88' lang='lat' dir='ltr'>temporis</span> <span class='ocrx_word' id='word_1_399' title='bbox 3633 2487 3729 2527; x_wconf 91' lang='lat' dir='ltr'>ve-</span> 
     </span>
    </p>
   </div>
   <div class='ocr_carea' id='block_1_54' title="bbox 2071 2541 3728 2621">
    <p class='ocr_par' dir='ltr' id='par_1_54' title="bbox 2071 2541 3728 2621">
     <span class='ocr_line' id='line_1_54' title="bbox 2071 2541 3728 2621; baseline 0.012 -27"><span class='ocrx_word' id='word_1_400' title='bbox 2071 2541 2158 2595; x_wconf 89' lang='lat' dir='ltr'>nit</span> <span class='ocrx_word' id='word_1_401' title='bbox 2212 2541 2488 2598; x_wconf 89' lang='lat' dir='ltr'>dominus</span> <span class='ocrx_word' id='word_1_402' title='bbox 2538 2560 2841 2601; x_wconf 89' lang='lat' dir='ltr'>servorum</span> <span class='ocrx_word' id='word_1_403' title='bbox 2894 2546 3151 2615; x_wconf 90' lang='lat' dir='ltr'>illorum,</span> <span class='ocrx_word' id='word_1_404' title='bbox 3203 2556 3263 2606; x_wconf 91' lang='lat' dir='ltr'>et</span> <span class='ocrx_word' id='word_1_405' title='bbox 3310 2555 3507 2621; x_wconf 86' lang='lat' dir='ltr'>posuit</span> <span class='ocrx_word' id='word_1_406' title='bbox 3551 2560 3728 2616; x_wconf 89' lang='lat' dir='ltr'>ratio-</span> 
     </span>
    </p>
   </div>
   <div class='ocr_carea' id='block_1_55' title="bbox 2072 2632 3718 2713">
    <p class='ocr_par' dir='ltr' id='par_1_55' title="bbox 2072 2632 3718 2713">
     <span class='ocr_line' id='line_1_55' title="bbox 2072 2632 3718 2713; baseline 0.012 -30"><span class='ocrx_word' id='word_1_407' title='bbox 2072 2646 2204 2684; x_wconf 90' lang='lat' dir='ltr'>nem</span> <span class='ocrx_word' id='word_1_408' title='bbox 2237 2646 2371 2685; x_wconf 89' lang='lat' dir='ltr'>cum</span> <span class='ocrx_word' id='word_1_409' title='bbox 2402 2632 2508 2687; x_wconf 90' lang='lat' dir='ltr'>eis.</span> <span class='ocrx_word' id='word_1_410' title='bbox 2543 2633 2612 2687; x_wconf 90' lang='lat' dir='ltr'>Et</span> <span class='ocrx_word' id='word_1_411' title='bbox 2641 2636 2923 2690; x_wconf 89' lang='lat' dir='ltr'>accedens</span> <span class='ocrx_word' id='word_1_412' title='bbox 2958 2640 3058 2709; x_wconf 90' lang='lat' dir='ltr'>qui</span> <span class='ocrx_word' id='word_1_413' title='bbox 3094 2639 3355 2713; x_wconf 89' lang='lat' dir='ltr'>quinque</span> <span class='ocrx_word' id='word_1_414' title='bbox 3386 2643 3605 2701; x_wconf 86' lang='lat' dir='ltr'>talenta</span> <span class='ocrx_word' id='word_1_415' title='bbox 3626 2665 3718 2703; x_wconf 84' lang='lat' dir='ltr'>ac-</span> 
     </span>
    </p>
   </div>
   <div class='ocr_carea' id='block_1_56' title="bbox 2072 2721 3728 2798">
    <p class='ocr_par' dir='ltr' id='par_1_56' title="bbox 2072 2721 3728 2798">
     <span class='ocr_line' id='line_1_56' title="bbox 2072 2721 3728 2798; baseline 0.012 -25"><span class='ocrx_word' id='word_1_416' title='bbox 2072 2725 2323 2790; x_wconf 88' lang='lat' dir='ltr'>ceperat,</span> <span class='ocrx_word' id='word_1_417' title='bbox 2355 2721 2568 2776; x_wconf 89' lang='lat' dir='ltr'>obtulit</span> <span class='ocrx_word' id='word_1_418' title='bbox 2596 2722 2711 2778; x_wconf 90' lang='lat' dir='ltr'>alia</span> <span class='ocrx_word' id='word_1_419' title='bbox 2751 2725 3010 2797; x_wconf 89' lang='lat' dir='ltr'>quinque</span> <span class='ocrx_word' id='word_1_420' title='bbox 3060 2727 3299 2798; x_wconf 83' lang='lat' dir='ltr'>talenta,</span> <span class='ocrx_word' id='word_1_421' title='bbox 3333 2732 3571 2790; x_wconf 89' lang='lat' dir='ltr'>dicens:</span> <span class='ocrx_word' id='word_1_422' title='bbox 3607 2736 3728 2793; x_wconf 79' lang='lat' dir='ltr'>Do-</span> 
     </span>
    </p>
   </div>
   <div class='ocr_carea' id='block_1_57' title="bbox 2075 2809 3724 2885">
    <p class='ocr_par' dir='ltr' id='par_1_57' title="bbox 2075 2809 3724 2885">
     <span class='ocr_line' id='line_1_57' title="bbox 2075 2809 3724 2885; baseline 0.012 -24"><span class='ocrx_word' id='word_1_423' title='bbox 2075 2809 2250 2878; x_wconf 90' lang='lat' dir='ltr'>mine,</span> <span class='ocrx_word' id='word_1_424' title='bbox 2288 2810 2546 2881; x_wconf 91' lang='lat' dir='ltr'>quinque</span> <span class='ocrx_word' id='word_1_425' title='bbox 2590 2812 2808 2868; x_wconf 87' lang='lat' dir='ltr'>talenta</span> <span class='ocrx_word' id='word_1_426' title='bbox 2866 2815 3157 2871; x_wconf 85' lang='lat' dir='ltr'>tradidisti</span> <span class='ocrx_word' id='word_1_427' title='bbox 3216 2818 3380 2885; x_wconf 89' lang='lat' dir='ltr'>mihi,</span> <span class='ocrx_word' id='word_1_428' title='bbox 3423 2837 3553 2877; x_wconf 88' lang='lat' dir='ltr'>ecce</span> <span class='ocrx_word' id='word_1_429' title='bbox 3609 2824 3724 2882; x_wconf 90' lang='lat' dir='ltr'>alia</span> 
     </span>
    </p>
   </div>
   <div class='ocr_carea' id='block_1_58' title="bbox 2073 2897 3722 2980">
    <p class='ocr_par' dir='ltr' id='par_1_58' title="bbox 2073 2897 3722 2980">
     <span class='ocr_line' id='line_1_58' title="bbox 2073 2897 3722 2980; baseline 0.012 -31"><span class='ocrx_word' id='word_1_430' title='bbox 2073 2897 2332 2968; x_wconf 90' lang='lat' dir='ltr'>quinque</span> <span class='ocrx_word' id='word_1_431' title='bbox 2364 2898 2806 2970; x_wconf 88' lang='lat' dir='ltr'>superlucratus</span> <span class='ocrx_word' id='word_1_432' title='bbox 2856 2919 3009 2957; x_wconf 91' lang='lat' dir='ltr'>sum.</span> <span class='ocrx_word' id='word_1_433' title='bbox 3042 2926 3069 2953; x_wconf 90' lang='grc'><strong>››</strong></span> <span class='ocrx_word' id='word_1_434' title='bbox 3102 2904 3333 2960; x_wconf 88' lang='lat' dir='ltr'>Grande</span> <span class='ocrx_word' id='word_1_435' title='bbox 3366 2910 3600 2980; x_wconf 88' lang='lat' dir='ltr'>tempus</span> <span class='ocrx_word' id='word_1_436' title='bbox 3630 2917 3722 2968; x_wconf 89' lang='lat' dir='ltr'>est</span> 
     </span>
    </p>
   </div>
   <div class='ocr_carea' id='block_1_59' title="bbox 2073 2985 3721 3069">
    <p class='ocr_par' dir='ltr' id='par_1_59' title="bbox 2073 2985 3721 3069">
     <span class='ocr_line' id='line_1_59' title="bbox 2073 2985 3721 3069; baseline 0.01 -30"><span class='ocrx_word' id='word_1_437' title='bbox 2073 2985 2225 3040; x_wconf 90' lang='lat' dir='ltr'>inter</span> <span class='ocrx_word' id='word_1_438' title='bbox 2254 2987 2657 3043; x_wconf 89' lang='lat' dir='ltr'>ascensionem</span> <span class='ocrx_word' id='word_1_439' title='bbox 2708 2989 3043 3059; x_wconf 90' lang='lat' dir='ltr'>Salvatoris,</span> <span class='ocrx_word' id='word_1_440' title='bbox 3102 2998 3160 3047; x_wconf 89' lang='lat' dir='ltr'>ct</span> <span class='ocrx_word' id='word_1_441' title='bbox 3216 2995 3542 3051; x_wconf 90' lang='lat' dir='ltr'>secundum</span> <span class='ocrx_word' id='word_1_442' title='bbox 3591 3002 3721 3069; x_wconf 86' lang='lat' dir='ltr'>ejus</span> 
     </span>
    </p>
   </div>
   <div class='ocr_carea' id='block_1_60' title="bbox 2074 3075 3722 3149">
    <p class='ocr_par' dir='ltr' id='par_1_60' title="bbox 2074 3075 3722 3149">
     <span class='ocr_line' id='line_1_60' title="bbox 2074 3075 3722 3149; baseline 0.009 -21"><span class='ocrx_word' id='word_1_443' title='bbox 2074 3075 2407 3130; x_wconf 86' lang='lat' dir='ltr'>adventum.</span> <span class='ocrx_word' id='word_1_444' title='bbox 2442 3075 2500 3131; x_wconf 89' lang='lat' dir='ltr'>Si</span> <span class='ocrx_word' id='word_1_445' title='bbox 2532 3082 2726 3132; x_wconf 89' lang='lat' dir='ltr'>autem</span> <span class='ocrx_word' id='word_1_446' title='bbox 2758 3078 3003 3149; x_wconf 87' lang='lat' dir='ltr'>apostoli</span> <span class='ocrx_word' id='word_1_447' title='bbox 3054 3080 3335 3136; x_wconf 89' lang='lat' dir='ltr'>reddituri</span> <span class='ocrx_word' id='word_1_448' title='bbox 3380 3090 3519 3140; x_wconf 89' lang='lat' dir='ltr'>sunt</span> <span class='ocrx_word' id='word_1_449' title='bbox 3543 3088 3722 3143; x_wconf 88' lang='lat' dir='ltr'>ratio-</span> 
     </span>
    </p>
   </div>
   <div class='ocr_carea' id='block_1_61' title="bbox 2074 3164 3714 3245">
    <p class='ocr_par' dir='ltr' id='par_1_61' title="bbox 2074 3164 3714 3245">
     <span class='ocr_line' id='line_1_61' title="bbox 2074 3164 3714 3245; baseline 0.009 -28"><span class='ocrx_word' id='word_1_450' title='bbox 2074 3178 2230 3228; x_wconf 91' lang='lat' dir='ltr'>nem,</span> <span class='ocrx_word' id='word_1_451' title='bbox 2263 3168 2320 3218; x_wconf 90' lang='lat' dir='ltr'>et</span> <span class='ocrx_word' id='word_1_452' title='bbox 2347 3164 2457 3218; x_wconf 91' lang='lat' dir='ltr'>sub</span> <span class='ocrx_word' id='word_1_453' title='bbox 2488 3170 2646 3220; x_wconf 88' lang='lat' dir='ltr'>metu</span> <span class='ocrx_word' id='word_1_454' title='bbox 2688 3166 2903 3237; x_wconf 79' lang='lat' dir='ltr'>judicia</span> <span class='ocrx_word' id='word_1_455' title='bbox 2954 3171 3402 3238; x_wconf 61' lang='lat' dir='ltr'>resurrecturi”,</span> <span class='ocrx_word' id='word_1_456' title='bbox 3433 3174 3570 3245; x_wconf 91' lang='lat' dir='ltr'>quid</span> <span class='ocrx_word' id='word_1_457' title='bbox 3607 3193 3714 3233; x_wconf 91' lang='lat' dir='ltr'>nos</span> 
     </span>
    </p>
   </div>
   <div class='ocr_carea' id='block_1_62' title="bbox 316 3230 2567 3324">
    <p class='ocr_par' dir='ltr' id='par_1_62' title="bbox 316 3230 2567 3324">
     <span class='ocr_line' id='line_1_62' title="bbox 316 3230 2567 3324; baseline 0 -19"><span class='ocrx_word' id='word_1_458' title='bbox 316 3250 375 3306; x_wconf 92' lang='lat' dir='ltr'>id</span> <span class='ocrx_word' id='word_1_459' title='bbox 409 3254 520 3321; x_wconf 88' lang='lat' dir='ltr'>est,</span> <span class='ocrx_word' id='word_1_460' title='bbox 553 3230 626 3306; x_wconf 90' lang='lat' dir='ltr'>de</span> <span class='ocrx_word' id='word_1_461' title='bbox 655 3250 882 3306; x_wconf 91' lang='lat' dir='ltr'>duobus</span> <span class='ocrx_word' id='word_1_462' title='bbox 913 3251 1014 3323; x_wconf 88' lang='lat' dir='ltr'>qui</span> <span class='ocrx_word' id='word_1_463' title='bbox 1045 3230 1136 3306; x_wconf 39' lang='lat' dir='ltr'>inv</span> <span class='ocrx_word' id='word_1_464' title='bbox 1156 3266 1294 3323; x_wconf 90' lang='lat' dir='ltr'>agro</span> <span class='ocrx_word' id='word_1_465' title='bbox 1343 3255 1500 3322; x_wconf 86' lang='lat' dir='ltr'>sunt,</span> <span class='ocrx_word' id='word_1_466' title='bbox 1533 3256 1590 3307; x_wconf 91' lang='lat' dir='ltr'>et</span> <span class='ocrx_word' id='word_1_467' title='bbox 1636 3230 1707 3307; x_wconf 83' lang='lat' dir='ltr'>de</span> <span class='ocrx_word' id='word_1_468' title='bbox 1733 3230 1964 3309; x_wconf 84' lang='lat' dir='ltr'>duabus</span> <span class='ocrx_word' id='word_1_469' title='bbox 1994 3230 2037 3296; x_wconf 64' lang='grc' dir='ltr'>(ἶ</span> <span class='ocrx_word' id='word_1_470' title='bbox 2077 3255 2304 3324; x_wconf 90' lang='lat' dir='ltr'>oportet</span> <span class='ocrx_word' id='word_1_471' title='bbox 2334 3252 2567 3308; x_wconf 83' lang='lat' dir='ltr'>facere?</span> 
     </span>
    </p>
   </div>
   <div class='ocr_carea' id='block_1_63' title="bbox 315 3338 1963 3413">
    <p class='ocr_par' dir='ltr' id='par_1_63' title="bbox 315 3338 1963 3413">
     <span class='ocr_line' id='line_1_63' title="bbox 315 3338 1963 3413; baseline 0.001 -18"><span class='ocrx_word' id='word_1_472' title='bbox 315 3338 678 3395; x_wconf 89' lang='lat' dir='ltr'>molentibus</span> <span class='ocrx_word' id='word_1_473' title='bbox 709 3340 920 3410; x_wconf 76' lang='lat' dir='ltr'>(Matth.</span> <span class='ocrx_word' id='word_1_474' title='bbox 963 3357 1116 3404; x_wconf 74' lang='lat' dir='ltr'><strong>XXIV,</strong></span> <span class='ocrx_word' id='word_1_475' title='bbox 1149 3341 1238 3409; x_wconf 83' lang='grc'>40,</span> <span class='ocrx_word' id='word_1_476' title='bbox 1272 3341 1381 3412; x_wconf 79' lang='grc'>41),</span> <span class='ocrx_word' id='word_1_477' title='bbox 1415 3345 1474 3396; x_wconf 91' lang='lat' dir='ltr'>et</span> <span class='ocrx_word' id='word_1_478' title='bbox 1521 3341 1592 3396; x_wconf 93' lang='lat' dir='ltr'>de</span> <span class='ocrx_word' id='word_1_479' title='bbox 1628 3342 1963 3413; x_wconf 87' lang='lat' dir='ltr'>patrefami-</span> 
     </span>
    </p>
   </div>
   <div class='ocr_carea' id='block_1_64' title="bbox 313 3427 1960 3502">
    <p class='ocr_par' dir='ltr' id='par_1_64' title="bbox 313 3427 1960 3502">
     <span class='ocr_line' id='line_1_64' title="bbox 313 3427 1960 3502; baseline 0.002 -19"><span class='ocrx_word' id='word_1_480' title='bbox 313 3427 431 3485; x_wconf 81' lang='lat' dir='ltr'>lias</span> <span class='ocrx_word' id='word_1_481' title='bbox 460 3429 557 3500; x_wconf 88' lang='lat' dir='ltr'>qui</span> <span class='ocrx_word' id='word_1_482' title='bbox 592 3445 756 3485; x_wconf 91' lang='lat' dir='ltr'>servo</span> <span class='ocrx_word' id='word_1_483' title='bbox 787 3446 893 3485; x_wconf 92' lang='lat' dir='ltr'>suo</span> <span class='ocrx_word' id='word_1_484' title='bbox 933 3430 1119 3485; x_wconf 90' lang='lat' dir='ltr'>credit</span> <span class='ocrx_word' id='word_1_485' title='bbox 1173 3430 1566 3486; x_wconf 87' lang='lat' dir='ltr'>substantiam</span> <span class='ocrx_word' id='word_1_486' title='bbox 1624 3432 1788 3502; x_wconf 81' lang='lat' dir='ltr'>(Ibid.</span> <span class='ocrx_word' id='word_1_487' title='bbox 1850 3433 1960 3502; x_wconf 83' lang='grc'>45),</span> 
     </span>
    </p>
   </div>
   <div class='ocr_carea' id='block_1_65' title="bbox 312 3516 1963 3591">
    <p class='ocr_par' dir='ltr' id='par_1_65' title="bbox 312 3516 1963 3591">
     <span class='ocr_line' id='line_1_65' title="bbox 312 3516 1963 3591; baseline 0.003 -19"><span class='ocrx_word' id='word_1_488' title='bbox 312 3522 371 3572; x_wconf 87' lang='lat' dir='ltr'>et</span> <span class='ocrx_word' id='word_1_489' title='bbox 400 3517 470 3573; x_wconf 89' lang='lat' dir='ltr'>de</span> <span class='ocrx_word' id='word_1_490' title='bbox 499 3518 701 3573; x_wconf 88' lang='lat' dir='ltr'>decem</span> <span class='ocrx_word' id='word_1_491' title='bbox 751 3518 1080 3591; x_wconf 88' lang='lat' dir='ltr'>virginibus</span> <span class='ocrx_word' id='word_1_492' title='bbox 1138 3516 1349 3589; x_wconf 81' lang='lat' dir='ltr'>(Matth.</span> <span class='ocrx_word' id='word_1_493' title='bbox 1397 3520 1488 3589; x_wconf 87' lang='lat'>25,</span> <span class='ocrx_word' id='word_1_494' title='bbox 1548 3522 1573 3574; x_wconf 83' lang='lat'><strong>1</strong></span> <span class='ocrx_word' id='word_1_495' title='bbox 1608 3524 1800 3591; x_wconf 56' lang='grc' dir='ltr'>δέρᾳ),</span> <span class='ocrx_word' id='word_1_496' title='bbox 1832 3521 1963 3577; x_wconf 89' lang='lat' dir='ltr'>ideo</span> 
     </span>
    </p>
   </div>
   <div class='ocr_carea' id='block_1_66' title="bbox 312 3605 1962 3682">
    <p class='ocr_par' dir='ltr' id='par_1_66' title="bbox 312 3605 1962 3682">
     <span class='ocr_line' id='line_1_66' title="bbox 312 3605 1962 3682; baseline 0.003 -22"><span class='ocrx_word' id='word_1_497' title='bbox 312 3605 623 3678; x_wconf 86' lang='lat' dir='ltr'>parabolas</span> <span class='ocrx_word' id='word_1_498' title='bbox 688 3623 817 3662; x_wconf 88' lang='lat' dir='ltr'>esse</span> <span class='ocrx_word' id='word_1_499' title='bbox 872 3608 1228 3678; x_wconf 77' lang='lat' dir='ltr'>praemissas,</span> <span class='ocrx_word' id='word_1_500' title='bbox 1287 3612 1352 3663; x_wconf 90' lang='lat' dir='ltr'>ut</span> <span class='ocrx_word' id='word_1_501' title='bbox 1426 3609 1564 3680; x_wconf 92' lang='lat' dir='ltr'>quia</span> <span class='ocrx_word' id='word_1_502' title='bbox 1622 3609 1962 3682; x_wconf 89' lang='lat' dir='ltr'>ignoramus</span> 
     </span>
    </p>
   </div>
   <div class='ocr_carea' id='block_1_67' title="bbox 312 3695 1963 3765">
    <p class='ocr_par' dir='ltr' id='par_1_67' title="bbox 312 3695 1963 3765">
     <span class='ocr_line' id='line_1_67' title="bbox 312 3695 1963 3765; baseline 0.004 -16"><span class='ocrx_word' id='word_1_503' title='bbox 312 3697 560 3750; x_wconf 61' lang='lat' dir='ltr'>omnes”</span> <span class='ocrx_word' id='word_1_504' title='bbox 579 3695 794 3765; x_wconf 89' lang='lat' dir='ltr'>judicii</span> <span class='ocrx_word' id='word_1_505' title='bbox 839 3696 1018 3762; x_wconf 91' lang='lat' dir='ltr'>diem,</span> <span class='ocrx_word' id='word_1_506' title='bbox 1057 3696 1302 3753; x_wconf 90' lang='lat' dir='ltr'>sollicite</span> <span class='ocrx_word' id='word_1_507' title='bbox 1356 3697 1524 3753; x_wconf 92' lang='lat' dir='ltr'>nobis</span> <span class='ocrx_word' id='word_1_508' title='bbox 1555 3698 1754 3753; x_wconf 91' lang='lat' dir='ltr'>lumen</span> <span class='ocrx_word' id='word_1_509' title='bbox 1785 3700 1963 3755; x_wconf 91' lang='lat' dir='ltr'>bono-</span> 
     </span>
    </p>
   </div>
   <div class='ocr_carea' id='block_1_68' title="bbox 311 3787 1958 3859">
    <p class='ocr_par' dir='ltr' id='par_1_68' title="bbox 311 3787 1958 3859">
     <span class='ocr_line' id='line_1_68' title="bbox 311 3787 1958 3859; baseline 0.003 -21"><span class='ocrx_word' id='word_1_510' title='bbox 311 3800 446 3839; x_wconf 90' lang='lat' dir='ltr'>rum</span> <span class='ocrx_word' id='word_1_511' title='bbox 494 3800 737 3855; x_wconf 91' lang='lat' dir='ltr'>operum</span> <span class='ocrx_word' id='word_1_512' title='bbox 784 3801 1202 3857; x_wconf 65' lang='lat' dir='ltr'>prmparemus,</span> <span class='ocrx_word' id='word_1_513' title='bbox 1252 3802 1345 3853; x_wconf 89' lang='lat' dir='ltr'>ne,</span> <span class='ocrx_word' id='word_1_514' title='bbox 1395 3787 1537 3841; x_wconf 90' lang='lat' dir='ltr'>dum</span> <span class='ocrx_word' id='word_1_515' title='bbox 1596 3787 1958 3859; x_wconf 90' lang='lat' dir='ltr'>ignoramus,</span> 
     </span>
    </p>
   </div>
   <div class='ocr_carea' id='block_1_69' title="bbox 304 3872 732 3944">
    <p class='ocr_par' dir='ltr' id='par_1_69' title="bbox 304 3872 732 3944">
     <span class='ocr_line' id='line_1_69' title="bbox 304 3872 732 3944; baseline 0.002 -18"><span class='ocrx_word' id='word_1_516' title='bbox 304 3872 491 3944; x_wconf 84' lang='lat' dir='ltr'>judex</span> <span class='ocrx_word' id='word_1_517' title='bbox 518 3873 732 3929; x_wconf 88' lang='lat' dir='ltr'>veniat.</span> 
     </span>
    </p>
   </div>
   <div class='ocr_carea' id='block_1_70' title="bbox 393 3960 1957 4038">
    <p class='ocr_par' dir='ltr' id='par_1_70' title="bbox 393 3960 1957 4038">
     <span class='ocr_line' id='line_1_70' title="bbox 393 3960 1957 4038; baseline 0.005 -25"><span class='ocrx_word' id='word_1_518' title='bbox 393 3960 574 4031; x_wconf 86' lang='lat' dir='ltr'>(Vers.</span> <span class='ocrx_word' id='word_1_519' title='bbox 608 3963 692 4030; x_wconf 80' lang='grc'>14,</span> <span class='ocrx_word' id='word_1_520' title='bbox 728 3962 838 4033; x_wconf 88' lang='grc'>15.)</span> <span class='ocrx_word' id='word_1_521' title='bbox 870 3985 897 4012; x_wconf 81' lang='grc' dir='ltr'>(ι</span> <span class='ocrx_word' id='word_1_522' title='bbox 930 3962 1093 4018; x_wconf 91' lang='lat' dir='ltr'>Sicut</span> <span class='ocrx_word' id='word_1_523' title='bbox 1140 3963 1295 4018; x_wconf 91' lang='lat' dir='ltr'>enim</span> <span class='ocrx_word' id='word_1_524' title='bbox 1345 3963 1518 4019; x_wconf 88' lang='lat' dir='ltr'>homo</span> <span class='ocrx_word' id='word_1_525' title='bbox 1558 3980 1794 4037; x_wconf 86' lang='lat' dir='ltr'>peregre</span> <span class='ocrx_word' id='word_1_526' title='bbox 1825 3982 1957 4038; x_wconf 82' lang='lat' dir='ltr'>pro—</span> 
     </span>
    </p>
   </div>
   <div class='ocr_carea' id='block_1_71' title="bbox 314 4049 1960 4122">
    <p class='ocr_par' dir='ltr' id='par_1_71' title="bbox 314 4049 1960 4122">
     <span class='ocr_line' id='line_1_71' title="bbox 314 4049 1960 4122; baseline 0.004 -19"><span class='ocrx_word' id='word_1_527' title='bbox 314 4049 605 4113; x_wconf 80' lang='lat' dir='ltr'>ﬁciscens,</span> <span class='ocrx_word' id='word_1_528' title='bbox 634 4052 857 4106; x_wconf 90' lang='lat' dir='ltr'>vocavit</span> <span class='ocrx_word' id='word_1_529' title='bbox 887 4067 1084 4107; x_wconf 88' lang='lat' dir='ltr'>servos</span> <span class='ocrx_word' id='word_1_530' title='bbox 1115 4067 1274 4122; x_wconf 91' lang='lat' dir='ltr'>suos,</span> <span class='ocrx_word' id='word_1_531' title='bbox 1305 4056 1363 4108; x_wconf 89' lang='lat' dir='ltr'>et</span> <span class='ocrx_word' id='word_1_532' title='bbox 1390 4052 1631 4109; x_wconf 88' lang='lat' dir='ltr'>tradidit</span> <span class='ocrx_word' id='word_1_533' title='bbox 1657 4053 1776 4109; x_wconf 89' lang='lat' dir='ltr'>illis</span> <span class='ocrx_word' id='word_1_534' title='bbox 1807 4055 1960 4110; x_wconf 89' lang='lat' dir='ltr'>bona</span> 
     </span>
    </p>
   </div>
   <div class='ocr_carea' id='block_1_72' title="bbox 311 4138 1955 4213">
    <p class='ocr_par' dir='ltr' id='par_1_72' title="bbox 311 4138 1955 4213">
     <span class='ocr_line' id='line_1_72' title="bbox 311 4138 1955 4213; baseline 0.004 -21"><span class='ocrx_word' id='word_1_535' title='bbox 311 4155 442 4193; x_wconf 92' lang='lat' dir='ltr'>sua.</span> <span class='ocrx_word' id='word_1_536' title='bbox 477 4138 547 4193; x_wconf 86' lang='lat' dir='ltr'>Et</span> <span class='ocrx_word' id='word_1_537' title='bbox 579 4138 677 4193; x_wconf 89' lang='lat' dir='ltr'>uni</span> <span class='ocrx_word' id='word_1_538' title='bbox 709 4139 870 4195; x_wconf 87' lang='lat' dir='ltr'>dedit</span> <span class='ocrx_word' id='word_1_539' title='bbox 896 4140 1158 4212; x_wconf 90' lang='lat' dir='ltr'>quinque</span> <span class='ocrx_word' id='word_1_540' title='bbox 1185 4139 1427 4209; x_wconf 89' lang='lat' dir='ltr'>talenta,</span> <span class='ocrx_word' id='word_1_541' title='bbox 1459 4140 1559 4196; x_wconf 91' lang='lat' dir='ltr'>alii</span> <span class='ocrx_word' id='word_1_542' title='bbox 1593 4147 1789 4198; x_wconf 91' lang='lat' dir='ltr'>autem</span> <span class='ocrx_word' id='word_1_543' title='bbox 1819 4144 1955 4213; x_wconf 91' lang='lat' dir='ltr'>duo,</span> 
     </span>
    </p>
   </div>
   <div class='ocr_carea' id='block_1_73' title="bbox 309 4227 1955 4304">
    <p class='ocr_par' dir='ltr' id='par_1_73' title="bbox 309 4227 1955 4304">
     <span class='ocr_line' id='line_1_73' title="bbox 309 4227 1955 4304; baseline 0.003 -22"><span class='ocrx_word' id='word_1_544' title='bbox 309 4227 411 4282; x_wconf 87' lang='lat' dir='ltr'>alii</span> <span class='ocrx_word' id='word_1_545' title='bbox 462 4242 600 4283; x_wconf 85' lang='lat' dir='ltr'>vero</span> <span class='ocrx_word' id='word_1_546' title='bbox 658 4244 865 4293; x_wconf 87' lang='lat' dir='ltr'>unum,</span> <span class='ocrx_word' id='word_1_547' title='bbox 901 4228 1219 4301; x_wconf 87' lang='lat' dir='ltr'>unicuique</span> <span class='ocrx_word' id='word_1_548' title='bbox 1276 4230 1602 4285; x_wconf 89' lang='lat' dir='ltr'>secundum</span> <span class='ocrx_word' id='word_1_549' title='bbox 1661 4232 1955 4304; x_wconf 89' lang='lat' dir='ltr'>propriam</span> 
     </span>
    </p>
   </div>
   <div class='ocr_carea' id='block_1_74' title="bbox 305 4315 1958 4392">
    <p class='ocr_par' dir='ltr' id='par_1_74' title="bbox 305 4315 1958 4392">
     <span class='ocr_line' id='line_1_74' title="bbox 305 4315 1958 4392; baseline 0.004 -21"><span class='ocrx_word' id='word_1_550' title='bbox 305 4315 607 4385; x_wconf 83' lang='lat' dir='ltr'>virtutem,</span> <span class='ocrx_word' id='word_1_551' title='bbox 639 4320 696 4371; x_wconf 87' lang='lat' dir='ltr'>et</span> <span class='ocrx_word' id='word_1_552' title='bbox 718 4318 1015 4389; x_wconf 90' lang='lat' dir='ltr'>profectus</span> <span class='ocrx_word' id='word_1_553' title='bbox 1045 4321 1133 4373; x_wconf 90' lang='lat' dir='ltr'>est</span> <span class='ocrx_word' id='word_1_554' title='bbox 1162 4318 1383 4374; x_wconf 88' lang='lat' dir='ltr'>statim.</span> <span class='ocrx_word' id='word_1_555' title='bbox 1437 4342 1465 4368; x_wconf 86' lang='lat'>»</span> <span class='ocrx_word' id='word_1_556' title='bbox 1496 4323 1679 4375; x_wconf 89' lang='lat' dir='ltr'>Homo</span> <span class='ocrx_word' id='word_1_557' title='bbox 1710 4321 1819 4377; x_wconf 89' lang='lat' dir='ltr'>iste</span> <span class='ocrx_word' id='word_1_558' title='bbox 1852 4338 1958 4392; x_wconf 90' lang='lat' dir='ltr'>pa-</span> 
     </span>
    </p>
   </div>
   <div class='ocr_carea' id='block_1_75' title="bbox 305 4404 1956 4481">
    <p class='ocr_par' dir='ltr' id='par_1_75' title="bbox 305 4404 1956 4481">
     <span class='ocr_line' id='line_1_75' title="bbox 305 4404 1956 4481; baseline 0.004 -22"><span class='ocrx_word' id='word_1_559' title='bbox 305 4404 681 4470; x_wconf 87' lang='lat' dir='ltr'>terfamilias,</span> <span class='ocrx_word' id='word_1_560' title='bbox 712 4404 869 4461; x_wconf 88' lang='lat' dir='ltr'>haud</span> <span class='ocrx_word' id='word_1_561' title='bbox 892 4406 1136 4461; x_wconf 92' lang='lat' dir='ltr'>dubium</span> <span class='ocrx_word' id='word_1_562' title='bbox 1160 4408 1302 4478; x_wconf 90' lang='lat' dir='ltr'>quin</span> <span class='ocrx_word' id='word_1_563' title='bbox 1324 4407 1592 4464; x_wconf 89' lang='lat' dir='ltr'>Christus</span> <span class='ocrx_word' id='word_1_564' title='bbox 1624 4410 1721 4480; x_wconf 88' lang='lat' dir='ltr'>sit,</span> <span class='ocrx_word' id='word_1_565' title='bbox 1755 4410 1853 4481; x_wconf 92' lang='lat' dir='ltr'>qui</span> <span class='ocrx_word' id='word_1_566' title='bbox 1884 4411 1956 4466; x_wconf 92' lang='lat' dir='ltr'>ad</span> 
     </span>
    </p>
   </div>
   <div class='ocr_carea' id='block_1_76' title="bbox 302 4493 1955 4566">
    <p class='ocr_par' dir='ltr' id='par_1_76' title="bbox 302 4493 1955 4566">
     <span class='ocr_line' id='line_1_76' title="bbox 302 4493 1955 4566; baseline 0.005 -19"><span class='ocrx_word' id='word_1_567' title='bbox 302 4493 543 4548; x_wconf 88' lang='lat' dir='ltr'>Patrem</span> <span class='ocrx_word' id='word_1_568' title='bbox 574 4499 705 4566; x_wconf 92' lang='lat' dir='ltr'>post</span> <span class='ocrx_word' id='word_1_569' title='bbox 736 4496 1221 4552; x_wconf 88' lang='lat' dir='ltr'>resurrectionem</span> <span class='ocrx_word' id='word_1_570' title='bbox 1270 4496 1453 4551; x_wconf 86' lang='lat' dir='ltr'>victor</span> <span class='ocrx_word' id='word_1_571' title='bbox 1482 4498 1825 4564; x_wconf 88' lang='lat' dir='ltr'>ascendens,</span> <span class='ocrx_word' id='word_1_572' title='bbox 1858 4516 1955 4555; x_wconf 88' lang='lat' dir='ltr'>vo-</span> 
     </span>
    </p>
   </div>
   <div class='ocr_carea' id='block_1_77' title="bbox 2146 3340 3724 3425">
    <p class='ocr_par' dir='ltr' id='par_1_77' title="bbox 2146 3340 3724 3425">
     <span class='ocr_line' id='line_1_77' title="bbox 2146 3340 3724 3425; baseline 0.01 -32"><span class='ocrx_word' id='word_1_573' title='bbox 2146 3340 2329 3411; x_wconf 92' lang='lat' dir='ltr'>(Vers.</span> <span class='ocrx_word' id='word_1_574' title='bbox 2363 3342 2578 3411; x_wconf 83' lang='grc'>21-23.)</span> <span class='ocrx_word' id='word_1_575' title='bbox 2612 3366 2639 3392; x_wconf 88' lang='grc'>‹‹</span> <span class='ocrx_word' id='word_1_576' title='bbox 2699 3343 2793 3397; x_wconf 86' lang='lat' dir='ltr'>Ait</span> <span class='ocrx_word' id='word_1_577' title='bbox 2848 3344 2932 3399; x_wconf 91' lang='lat' dir='ltr'>illi</span> <span class='ocrx_word' id='word_1_578' title='bbox 2987 3346 3261 3403; x_wconf 89' lang='lat' dir='ltr'>dominus</span> <span class='ocrx_word' id='word_1_579' title='bbox 3319 3351 3487 3420; x_wconf 86' lang='lat' dir='ltr'>ejus:</span> <span class='ocrx_word' id='word_1_580' title='bbox 3542 3353 3724 3425; x_wconf 85' lang='lat' dir='ltr'>Euge,</span> 
     </span>
    </p>
   </div>
   <div class='ocr_carea' id='block_1_78' title="bbox 2074 3431 3725 3507">
    <p class='ocr_par' dir='ltr' id='par_1_78' title="bbox 2074 3431 3725 3507">
     <span class='ocr_line' id='line_1_78' title="bbox 2074 3431 3725 3507; baseline 0.008 -23"><span class='ocrx_word' id='word_1_581' title='bbox 2074 3445 2235 3484; x_wconf 88' lang='lat' dir='ltr'>serve</span> <span class='ocrx_word' id='word_1_582' title='bbox 2266 3431 2433 3496; x_wconf 89' lang='lat' dir='ltr'>bene,</span> <span class='ocrx_word' id='word_1_583' title='bbox 2467 3436 2523 3485; x_wconf 89' lang='lat' dir='ltr'>et</span> <span class='ocrx_word' id='word_1_584' title='bbox 2555 3431 2762 3499; x_wconf 83' lang='lat' dir='ltr'>fidelis,</span> <span class='ocrx_word' id='word_1_585' title='bbox 2797 3434 2936 3505; x_wconf 87' lang='lat' dir='ltr'>quia</span> <span class='ocrx_word' id='word_1_586' title='bbox 2967 3451 3144 3507; x_wconf 90' lang='lat' dir='ltr'>super</span> <span class='ocrx_word' id='word_1_587' title='bbox 3186 3454 3372 3507; x_wconf 88' lang='lat' dir='ltr'>pauca</span> <span class='ocrx_word' id='word_1_588' title='bbox 3396 3439 3554 3495; x_wconf 78' lang='lat' dir='ltr'>fuisti</span> <span class='ocrx_word' id='word_1_589' title='bbox 3587 3442 3725 3498; x_wconf 83' lang='lat' dir='ltr'>fide-</span> 
     </span>
    </p>
   </div>
   <div class='ocr_carea' id='block_1_79' title="bbox 2072 3516 3721 3599">
    <p class='ocr_par' dir='ltr' id='par_1_79' title="bbox 2072 3516 3721 3599">
     <span class='ocr_line' id='line_1_79' title="bbox 2072 3516 3721 3599; baseline 0.008 -28"><span class='ocrx_word' id='word_1_590' title='bbox 2072 3516 2164 3586; x_wconf 89' lang='lat' dir='ltr'>lis,</span> <span class='ocrx_word' id='word_1_591' title='bbox 2198 3534 2375 3589; x_wconf 91' lang='lat' dir='ltr'>super</span> <span class='ocrx_word' id='word_1_592' title='bbox 2407 3518 2591 3574; x_wconf 87' lang='lat' dir='ltr'>multa</span> <span class='ocrx_word' id='word_1_593' title='bbox 2633 3525 2688 3575; x_wconf 88' lang='lat' dir='ltr'>te</span> <span class='ocrx_word' id='word_1_594' title='bbox 2736 3522 3132 3579; x_wconf 89' lang='lat' dir='ltr'>constituam:</span> <span class='ocrx_word' id='word_1_595' title='bbox 3168 3525 3321 3581; x_wconf 90' lang='lat' dir='ltr'>intra</span> <span class='ocrx_word' id='word_1_596' title='bbox 3352 3527 3410 3581; x_wconf 89' lang='lat' dir='ltr'>in</span> <span class='ocrx_word' id='word_1_597' title='bbox 3437 3530 3721 3599; x_wconf 88' lang='lat' dir='ltr'>gaudium</span> 
     </span>
    </p>
   </div>
   <div class='ocr_carea' id='block_1_80' title="bbox 2071 3606 3728 3685">
    <p class='ocr_par' dir='ltr' id='par_1_80' title="bbox 2071 3606 3728 3685">
     <span class='ocr_line' id='line_1_80' title="bbox 2071 3606 3728 3685; baseline 0.009 -26"><span class='ocrx_word' id='word_1_598' title='bbox 2071 3606 2295 3661; x_wconf 91' lang='lat' dir='ltr'>domini</span> <span class='ocrx_word' id='word_1_599' title='bbox 2330 3608 2436 3662; x_wconf 87' lang='lat' dir='ltr'>tui.</span> <span class='ocrx_word' id='word_1_600' title='bbox 2468 3610 2760 3665; x_wconf 86' lang='lat' dir='ltr'>Accedens</span> <span class='ocrx_word' id='word_1_601' title='bbox 2793 3615 2988 3667; x_wconf 90' lang='lat' dir='ltr'>autem</span> <span class='ocrx_word' id='word_1_602' title='bbox 3019 3618 3074 3667; x_wconf 89' lang='lat' dir='ltr'>et</span> <span class='ocrx_word' id='word_1_603' title='bbox 3105 3614 3205 3685; x_wconf 90' lang='lat' dir='ltr'>qui</span> <span class='ocrx_word' id='word_1_604' title='bbox 3238 3615 3353 3670; x_wconf 90' lang='lat' dir='ltr'>duo</span> <span class='ocrx_word' id='word_1_605' title='bbox 3384 3617 3603 3673; x_wconf 88' lang='lat' dir='ltr'>talenta</span> <span class='ocrx_word' id='word_1_606' title='bbox 3634 3635 3728 3674; x_wconf 88' lang='lat' dir='ltr'>ac-</span> 
     </span>
    </p>
   </div>
   <div class='ocr_carea' id='block_1_81' title="bbox 2070 3695 3722 3764">
    <p class='ocr_par' dir='ltr' id='par_1_81' title="bbox 2070 3695 3722 3764">
     <span class='ocr_line' id='line_1_81' title="bbox 2070 3695 3722 3764; baseline 0.01 -18"><span class='ocrx_word' id='word_1_607' title='bbox 2070 3698 2316 3764; x_wconf 88' lang='lat' dir='ltr'>ceperat,</span> <span class='ocrx_word' id='word_1_608' title='bbox 2352 3695 2469 3752; x_wconf 88' lang='lat' dir='ltr'>ait:</span> <span class='ocrx_word' id='word_1_609' title='bbox 2502 3695 2768 3763; x_wconf 91' lang='lat' dir='ltr'>Domine,</span> <span class='ocrx_word' id='word_1_610' title='bbox 2801 3698 2918 3752; x_wconf 90' lang='lat' dir='ltr'>duo</span> <span class='ocrx_word' id='word_1_611' title='bbox 2952 3698 3171 3756; x_wconf 86' lang='lat' dir='ltr'>talenta</span> <span class='ocrx_word' id='word_1_612' title='bbox 3206 3703 3503 3758; x_wconf 85' lang='lat' dir='ltr'>tradidisti</span> <span class='ocrx_word' id='word_1_613' title='bbox 3536 3705 3722 3763; x_wconf 89' lang='lat' dir='ltr'>mihi:</span> 
     </span>
    </p>
   </div>
   <div class='ocr_carea' id='block_1_82' title="bbox 2069 3781 3727 3864">
    <p class='ocr_par' dir='ltr' id='par_1_82' title="bbox 2069 3781 3727 3864">
     <span class='ocr_line' id='line_1_82' title="bbox 2069 3781 3727 3864; baseline 0.009 -29"><span class='ocrx_word' id='word_1_614' title='bbox 2069 3798 2201 3836; x_wconf 90' lang='lat' dir='ltr'>ecce</span> <span class='ocrx_word' id='word_1_615' title='bbox 2231 3781 2344 3837; x_wconf 89' lang='lat' dir='ltr'>alia</span> <span class='ocrx_word' id='word_1_616' title='bbox 2372 3784 2484 3839; x_wconf 86' lang='lat' dir='ltr'>duo</span> <span class='ocrx_word' id='word_1_617' title='bbox 2516 3783 2777 3840; x_wconf 87' lang='lat' dir='ltr'>lucratus</span> <span class='ocrx_word' id='word_1_618' title='bbox 2809 3803 2962 3842; x_wconf 91' lang='lat' dir='ltr'>sum.</span> <span class='ocrx_word' id='word_1_619' title='bbox 2987 3789 3081 3842; x_wconf 89' lang='lat' dir='ltr'>Ait</span> <span class='ocrx_word' id='word_1_620' title='bbox 3114 3788 3196 3843; x_wconf 91' lang='lat' dir='ltr'>illi</span> <span class='ocrx_word' id='word_1_621' title='bbox 3228 3790 3504 3847; x_wconf 90' lang='lat' dir='ltr'>dominus</span> <span class='ocrx_word' id='word_1_622' title='bbox 3551 3794 3679 3864; x_wconf 86' lang='lat' dir='ltr'>ejus</span> <span class='ocrx_word' id='word_1_623' title='bbox 3712 3812 3727 3851; x_wconf 91' lang='lat'>:</span> 
     </span>
    </p>
   </div>
   <div class='ocr_carea' id='block_1_83' title="bbox 2069 3871 3714 3951">
    <p class='ocr_par' dir='ltr' id='par_1_83' title="bbox 2069 3871 3714 3951">
     <span class='ocr_line' id='line_1_83' title="bbox 2069 3871 3714 3951; baseline 0.007 -26"><span class='ocrx_word' id='word_1_624' title='bbox 2069 3871 2248 3943; x_wconf 85' lang='lat' dir='ltr'>Euge,</span> <span class='ocrx_word' id='word_1_625' title='bbox 2272 3887 2435 3927; x_wconf 90' lang='lat' dir='ltr'>serve</span> <span class='ocrx_word' id='word_1_626' title='bbox 2468 3873 2617 3927; x_wconf 90' lang='lat' dir='ltr'>bene</span> <span class='ocrx_word' id='word_1_627' title='bbox 2646 3878 2703 3929; x_wconf 91' lang='lat' dir='ltr'>et</span> <span class='ocrx_word' id='word_1_628' title='bbox 2734 3874 2943 3941; x_wconf 74' lang='lat' dir='ltr'>fidelis,</span> <span class='ocrx_word' id='word_1_629' title='bbox 2972 3877 3111 3947; x_wconf 91' lang='lat' dir='ltr'>quia</span> <span class='ocrx_word' id='word_1_630' title='bbox 3140 3894 3317 3949; x_wconf 89' lang='lat' dir='ltr'>super</span> <span class='ocrx_word' id='word_1_631' title='bbox 3344 3896 3531 3951; x_wconf 89' lang='lat' dir='ltr'>pauca</span> <span class='ocrx_word' id='word_1_632' title='bbox 3553 3882 3714 3938; x_wconf 90' lang='lat' dir='ltr'>fuisti</span> 
     </span>
    </p>
   </div>
   <div class='ocr_carea' id='block_1_84' title="bbox 2069 3958 3719 4042">
    <p class='ocr_par' dir='ltr' id='par_1_84' title="bbox 2069 3958 3719 4042">
     <span class='ocr_line' id='line_1_84' title="bbox 2069 3958 3719 4042; baseline 0.008 -29"><span class='ocrx_word' id='word_1_633' title='bbox 2069 3958 2279 4031; x_wconf 85' lang='lat' dir='ltr'>fidelis,</span> <span class='ocrx_word' id='word_1_634' title='bbox 2312 3976 2489 4032; x_wconf 91' lang='lat' dir='ltr'>super</span> <span class='ocrx_word' id='word_1_635' title='bbox 2518 3961 2704 4017; x_wconf 88' lang='lat' dir='ltr'>multa</span> <span class='ocrx_word' id='word_1_636' title='bbox 2751 3968 2807 4018; x_wconf 90' lang='lat' dir='ltr'>te</span> <span class='ocrx_word' id='word_1_637' title='bbox 2855 3966 3243 4022; x_wconf 88' lang='lat' dir='ltr'>constituam:</span> <span class='ocrx_word' id='word_1_638' title='bbox 3277 3968 3429 4023; x_wconf 88' lang='lat' dir='ltr'>intra</span> <span class='ocrx_word' id='word_1_639' title='bbox 3478 3971 3534 4023; x_wconf 88' lang='lat' dir='ltr'>in</span> <span class='ocrx_word' id='word_1_640' title='bbox 3576 3988 3719 4042; x_wconf 88' lang='lat' dir='ltr'>gau-</span> 
     </span>
    </p>
   </div>
   <div class='ocr_carea' id='block_1_85' title="bbox 2067 4049 3714 4128">
    <p class='ocr_par' dir='ltr' id='par_1_85' title="bbox 2067 4049 3714 4128">
     <span class='ocr_line' id='line_1_85' title="bbox 2067 4049 3714 4128; baseline 0.006 -24"><span class='ocrx_word' id='word_1_641' title='bbox 2067 4049 2229 4105; x_wconf 90' lang='lat' dir='ltr'>dium</span> <span class='ocrx_word' id='word_1_642' title='bbox 2264 4050 2489 4105; x_wconf 89' lang='lat' dir='ltr'>domini</span> <span class='ocrx_word' id='word_1_643' title='bbox 2539 4050 2644 4106; x_wconf 90' lang='lat' dir='ltr'>tui.</span> <span class='ocrx_word' id='word_1_644' title='bbox 2684 4073 2713 4100; x_wconf 86' lang='grc'>››</span> <span class='ocrx_word' id='word_1_645' title='bbox 2762 4052 3003 4124; x_wconf 86' lang='lat' dir='ltr'>Utrique</span> <span class='ocrx_word' id='word_1_646' title='bbox 3056 4070 3239 4122; x_wconf 90' lang='lat' dir='ltr'>servo,</span> <span class='ocrx_word' id='word_1_647' title='bbox 3293 4060 3357 4110; x_wconf 89' lang='lat' dir='ltr'>ut</span> <span class='ocrx_word' id='word_1_648' title='bbox 3415 4061 3548 4112; x_wconf 91' lang='lat' dir='ltr'>ante</span> <span class='ocrx_word' id='word_1_649' title='bbox 3587 4060 3714 4128; x_wconf 89' lang='lat' dir='ltr'>jam</span> 
     </span>
    </p>
   </div>
   <div class='ocr_carea' id='block_1_86' title="bbox 2068 4139 3717 4214">
    <p class='ocr_par' dir='ltr' id='par_1_86' title="bbox 2068 4139 3717 4214">
     <span class='ocr_line' id='line_1_86' title="bbox 2068 4139 3717 4214; baseline 0.007 -22"><span class='ocrx_word' id='word_1_650' title='bbox 2068 4139 2207 4205; x_wconf 85' lang='lat' dir='ltr'>dixi,</span> <span class='ocrx_word' id='word_1_651' title='bbox 2241 4143 2298 4193; x_wconf 88' lang='lat' dir='ltr'>et</span> <span class='ocrx_word' id='word_1_652' title='bbox 2328 4140 2428 4211; x_wconf 88' lang='lat' dir='ltr'>qui</span> <span class='ocrx_word' id='word_1_653' title='bbox 2470 4140 2540 4194; x_wconf 90' lang='lat' dir='ltr'>de</span> <span class='ocrx_word' id='word_1_654' title='bbox 2572 4140 2832 4211; x_wconf 89' lang='lat' dir='ltr'>quinque</span> <span class='ocrx_word' id='word_1_655' title='bbox 2860 4140 3115 4208; x_wconf 87' lang='lat' dir='ltr'>talentis,</span> <span class='ocrx_word' id='word_1_656' title='bbox 3159 4143 3359 4198; x_wconf 88' lang='lat' dir='ltr'>decem</span> <span class='ocrx_word' id='word_1_657' title='bbox 3391 4146 3624 4214; x_wconf 89' lang='lat' dir='ltr'>fecerat,</span> <span class='ocrx_word' id='word_1_658' title='bbox 3659 4153 3717 4203; x_wconf 89' lang='lat' dir='ltr'>et</span> 
     </span>
    </p>
   </div>
   <div class='ocr_carea' id='block_1_87' title="bbox 2068 4227 3715 4302">
    <p class='ocr_par' dir='ltr' id='par_1_87' title="bbox 2068 4227 3715 4302">
     <span class='ocr_line' id='line_1_87' title="bbox 2068 4227 3715 4302; baseline 0.007 -22"><span class='ocrx_word' id='word_1_659' title='bbox 2068 4227 2165 4298; x_wconf 92' lang='lat' dir='ltr'>qui</span> <span class='ocrx_word' id='word_1_660' title='bbox 2199 4228 2268 4283; x_wconf 91' lang='lat' dir='ltr'>de</span> <span class='ocrx_word' id='word_1_661' title='bbox 2300 4228 2549 4296; x_wconf 88' lang='lat' dir='ltr'>duobus,</span> <span class='ocrx_word' id='word_1_662' title='bbox 2601 4230 2871 4299; x_wconf 85' lang='lat' dir='ltr'>quatuor,</span> <span class='ocrx_word' id='word_1_663' title='bbox 2924 4230 3076 4285; x_wconf 90' lang='lat' dir='ltr'>idem</span> <span class='ocrx_word' id='word_1_664' title='bbox 3128 4232 3567 4302; x_wconf 86' lang='lat' dir='ltr'>patrisfamilias</span> <span class='ocrx_word' id='word_1_665' title='bbox 3594 4251 3715 4291; x_wconf 89' lang='lat' dir='ltr'>ser-</span> 
     </span>
    </p>
   </div>
   <div class='ocr_carea' id='block_1_88' title="bbox 2068 4317 3714 4392">
    <p class='ocr_par' dir='ltr' id='par_1_88' title="bbox 2068 4317 3714 4392">
     <span class='ocr_line' id='line_1_88' title="bbox 2068 4317 3714 4392; baseline 0.005 -21"><span class='ocrx_word' id='word_1_666' title='bbox 2068 4333 2163 4371; x_wconf 91' lang='lat' dir='ltr'>mo</span> <span class='ocrx_word' id='word_1_667' title='bbox 2195 4317 2509 4372; x_wconf 87' lang='lat' dir='ltr'>blanditur.</span> <span class='ocrx_word' id='word_1_668' title='bbox 2543 4318 2612 4371; x_wconf 90' lang='lat' dir='ltr'>Et</span> <span class='ocrx_word' id='word_1_669' title='bbox 2642 4319 2966 4372; x_wconf 89' lang='lat' dir='ltr'>notandum</span> <span class='ocrx_word' id='word_1_670' title='bbox 3015 4321 3169 4389; x_wconf 88' lang='lat' dir='ltr'>quod</span> <span class='ocrx_word' id='word_1_671' title='bbox 3228 4320 3421 4375; x_wconf 90' lang='lat' dir='ltr'>omnia</span> <span class='ocrx_word' id='word_1_672' title='bbox 3479 4339 3604 4392; x_wconf 67' lang='lat' dir='ltr'>quae</span> <span class='ocrx_word' id='word_1_673' title='bbox 3653 4325 3714 4380; x_wconf 89' lang='lat' dir='ltr'>in</span> 
     </span>
    </p>
   </div>
   <div class='ocr_carea' id='block_1_89' title="bbox 2069 4406 3718 4481">
    <p class='ocr_par' dir='ltr' id='par_1_89' title="bbox 2069 4406 3718 4481">
     <span class='ocr_line' id='line_1_89' title="bbox 2069 4406 3718 4481; baseline 0.005 -21"><span class='ocrx_word' id='word_1_674' title='bbox 2069 4407 2337 4477; x_wconf 67' lang='lat' dir='ltr'>praesenti</span> <span class='ocrx_word' id='word_1_675' title='bbox 2371 4406 2678 4471; x_wconf 89' lang='lat' dir='ltr'>habemus,</span> <span class='ocrx_word' id='word_1_676' title='bbox 2712 4408 2858 4462; x_wconf 76' lang='lat'><strong>207</strong></span> <span class='ocrx_word' id='word_1_677' title='bbox 2895 4406 3030 4462; x_wconf 90' lang='lat' dir='ltr'>licet</span> <span class='ocrx_word' id='word_1_678' title='bbox 3063 4425 3277 4481; x_wconf 86' lang='lat' dir='ltr'>magna</span> <span class='ocrx_word' id='word_1_679' title='bbox 3324 4410 3632 4467; x_wconf 88' lang='lat' dir='ltr'>videantur</span> <span class='ocrx_word' id='word_1_680' title='bbox 3658 4418 3718 4469; x_wconf 90' lang='lat' dir='ltr'>et</span> 
     </span>
    </p>
   </div>
   <div class='ocr_carea' id='block_1_90' title="bbox 2067 4494 3717 4572">
    <p class='ocr_par' dir='ltr' id='par_1_90' title="bbox 2067 4494 3717 4572">
     <span class='ocr_line' id='line_1_90' title="bbox 2067 4494 3717 4572; baseline 0.005 -24"><span class='ocrx_word' id='word_1_681' title='bbox 2067 4494 2581 4567; x_wconf 81' lang='lat' dir='ltr'>plurimaztamen</span> <span class='ocrx_word' id='word_1_682' title='bbox 2638 4496 3072 4566; x_wconf 75' lang='lat' dir='ltr'>comparatione</span> <span class='ocrx_word' id='word_1_683' title='bbox 3131 4499 3481 4565; x_wconf 89' lang='lat' dir='ltr'>futurorum,</span> <span class='ocrx_word' id='word_1_684' title='bbox 3539 4518 3717 4572; x_wconf 87' lang='lat' dir='ltr'>parva</span> 
     </span>
    </p>
   </div>
   <div class='ocr_carea' id='block_1_91' title="bbox 304 4582 3715 4661">
    <p class='ocr_par' dir='ltr' id='par_1_91' title="bbox 304 4582 3715 4661">
     <span class='ocr_line' id='line_1_91' title="bbox 304 4582 3715 4661; baseline 0.001 -23"><span class='ocrx_word' id='word_1_685' title='bbox 304 4582 458 4638; x_wconf 87' lang='lat' dir='ltr'>catis</span> <span class='ocrx_word' id='word_1_686' title='bbox 511 4582 813 4654; x_wconf 88' lang='lat' dir='ltr'>apostolis,</span> <span class='ocrx_word' id='word_1_687' title='bbox 869 4584 1197 4640; x_wconf 88' lang='lat' dir='ltr'>doctrinam</span> <span class='ocrx_word' id='word_1_688' title='bbox 1254 4584 1648 4658; x_wconf 87' lang='lat' dir='ltr'>evangelicam</span> <span class='ocrx_word' id='word_1_689' title='bbox 1694 4588 1957 4655; x_wconf 89' lang='lat' dir='ltr'>tradidit,</span> <span class='ocrx_word' id='word_1_690' title='bbox 1989 4596 2037 4661; x_wconf 76' lang='grc' dir='ltr'>Ι)</span> <span class='ocrx_word' id='word_1_691' title='bbox 2068 4588 2125 4639; x_wconf 89' lang='lat' dir='ltr'>et</span> <span class='ocrx_word' id='word_1_692' title='bbox 2154 4600 2338 4656; x_wconf 89' lang='lat' dir='ltr'>pauca</span> <span class='ocrx_word' id='word_1_693' title='bbox 2367 4587 2524 4638; x_wconf 86' lang='lat' dir='ltr'>sunt.</span> <span class='ocrx_word' id='word_1_694' title='bbox 2579 4583 2754 4653; x_wconf 89' lang='lat' dir='ltr'>Intra,</span> <span class='ocrx_word' id='word_1_695' title='bbox 2787 4584 2998 4656; x_wconf 88' lang='lat' dir='ltr'>inquit,</span> <span class='ocrx_word' id='word_1_696' title='bbox 3031 4585 3089 4640; x_wconf 90' lang='lat' dir='ltr'>in</span> <span class='ocrx_word' id='word_1_697' title='bbox 3157 4587 3437 4658; x_wconf 88' lang='lat' dir='ltr'>gaudium</span> <span class='ocrx_word' id='word_1_698' title='bbox 3492 4589 3715 4644; x_wconf 92' lang='lat' dir='ltr'>domini</span> 
     </span>
    </p>
   </div>
   <div class='ocr_carea' id='block_1_92' title="bbox 304 4670 1956 4747">
    <p class='ocr_par' dir='ltr' id='par_1_92' title="bbox 304 4670 1956 4747">
     <span class='ocr_line' id='line_1_92' title="bbox 304 4670 1956 4747; baseline 0.004 -21"><span class='ocrx_word' id='word_1_699' title='bbox 304 4688 425 4726; x_wconf 88' lang='lat' dir='ltr'>non</span> <span class='ocrx_word' id='word_1_700' title='bbox 459 4688 563 4742; x_wconf 90' lang='lat' dir='ltr'>pro</span> <span class='ocrx_word' id='word_1_701' title='bbox 594 4670 865 4745; x_wconf 88' lang='lat' dir='ltr'>largitate</span> <span class='ocrx_word' id='word_1_702' title='bbox 898 4677 952 4728; x_wconf 90' lang='lat' dir='ltr'>et</span> <span class='ocrx_word' id='word_1_703' title='bbox 1001 4674 1281 4745; x_wconf 87' lang='lat' dir='ltr'>parcitate</span> <span class='ocrx_word' id='word_1_704' title='bbox 1331 4674 1493 4730; x_wconf 86' lang='lat' dir='ltr'>alteri</span> <span class='ocrx_word' id='word_1_705' title='bbox 1518 4674 1672 4747; x_wconf 92' lang='lat' dir='ltr'>plus,</span> <span class='ocrx_word' id='word_1_706' title='bbox 1705 4681 1762 4731; x_wconf 91' lang='lat' dir='ltr'>et</span> <span class='ocrx_word' id='word_1_707' title='bbox 1790 4676 1956 4732; x_wconf 91' lang='lat' dir='ltr'>alteri</span> 
     </span>
    </p>
   </div>
   <div class='ocr_carea' id='block_1_93' title="bbox 306 4760 1953 4835">
    <p class='ocr_par' dir='ltr' id='par_1_93' title="bbox 306 4760 1953 4835">
     <span class='ocr_line' id='line_1_93' title="bbox 306 4760 1953 4835; baseline 0.005 -22"><span class='ocrx_word' id='word_1_708' title='bbox 306 4760 512 4815; x_wconf 88' lang='lat' dir='ltr'>minus</span> <span class='ocrx_word' id='word_1_709' title='bbox 574 4760 860 4829; x_wconf 87' lang='lat' dir='ltr'>tribuens,</span> <span class='ocrx_word' id='word_1_710' title='bbox 892 4762 1006 4817; x_wconf 80' lang='lat' dir='ltr'>sed</span> <span class='ocrx_word' id='word_1_711' title='bbox 1065 4779 1168 4834; x_wconf 92' lang='lat' dir='ltr'>pro</span> <span class='ocrx_word' id='word_1_712' title='bbox 1225 4762 1637 4835; x_wconf 90' lang='lat' dir='ltr'>accipientium</span> <span class='ocrx_word' id='word_1_713' title='bbox 1692 4763 1953 4821; x_wconf 89' lang='lat' dir='ltr'>viribus:</span> 
     </span>
    </p>
   </div>
   <div class='ocr_carea' id='block_1_94' title="bbox 307 4849 1956 4924">
    <p class='ocr_par' dir='ltr' id='par_1_94' title="bbox 307 4849 1956 4924">
     <span class='ocr_line' id='line_1_94' title="bbox 307 4849 1956 4924; baseline 0.004 -21"><span class='ocrx_word' id='word_1_714' title='bbox 307 4849 606 4920; x_wconf 90' lang='lat' dir='ltr'>quomodo</span> <span class='ocrx_word' id='word_1_715' title='bbox 636 4854 695 4905; x_wconf 87' lang='lat' dir='ltr'>et</span> <span class='ocrx_word' id='word_1_716' title='bbox 721 4850 1037 4922; x_wconf 89' lang='lat' dir='ltr'>Apostolus</span> <span class='ocrx_word' id='word_1_717' title='bbox 1066 4867 1166 4907; x_wconf 91' lang='lat' dir='ltr'>eos</span> <span class='ocrx_word' id='word_1_718' title='bbox 1209 4852 1307 4924; x_wconf 90' lang='lat' dir='ltr'>qui</span> <span class='ocrx_word' id='word_1_719' title='bbox 1341 4851 1595 4908; x_wconf 92' lang='lat' dir='ltr'>solidum</span> <span class='ocrx_word' id='word_1_720' title='bbox 1629 4853 1824 4908; x_wconf 91' lang='lat' dir='ltr'>cibum</span> <span class='ocrx_word' id='word_1_721' title='bbox 1856 4870 1956 4909; x_wconf 86' lang='lat' dir='ltr'>ca-</span> 
     </span>
    </p>
   </div>
   <div class='ocr_carea' id='block_1_95' title="bbox 306 4939 1955 5013">
    <p class='ocr_par' dir='ltr' id='par_1_95' title="bbox 306 4939 1955 5013">
     <span class='ocr_line' id='line_1_95' title="bbox 306 4939 1955 5013; baseline 0.003 -21"><span class='ocrx_word' id='word_1_722' title='bbox 306 4952 448 5010; x_wconf 89' lang='lat' dir='ltr'>pere</span> <span class='ocrx_word' id='word_1_723' title='bbox 478 4955 591 4993; x_wconf 88' lang='lat' dir='ltr'>non</span> <span class='ocrx_word' id='word_1_724' title='bbox 622 4943 909 5011; x_wconf 89' lang='lat' dir='ltr'>poterant,</span> <span class='ocrx_word' id='word_1_725' title='bbox 942 4939 1089 4995; x_wconf 88' lang='lat' dir='ltr'>laete</span> <span class='ocrx_word' id='word_1_726' title='bbox 1119 4946 1351 5012; x_wconf 90' lang='lat' dir='ltr'>potasse</span> <span class='ocrx_word' id='word_1_727' title='bbox 1382 4958 1444 4997; x_wconf 88' lang='lat' dir='ltr'>se</span> <span class='ocrx_word' id='word_1_728' title='bbox 1474 4942 1617 4997; x_wconf 91' lang='lat' dir='ltr'>dicit</span> <span class='ocrx_word' id='word_1_729' title='bbox 1643 4944 1691 5011; x_wconf 87' lang='lat'>(1</span> <span class='ocrx_word' id='word_1_730' title='bbox 1723 4942 1841 5000; x_wconf 83' lang='lat' dir='ltr'>Cor.</span> <span class='ocrx_word' id='word_1_731' title='bbox 1871 4961 1955 5013; x_wconf 81' lang='grc' dir='ltr'>ιιι,</span> 
     </span>
    </p>
   </div>
   <div class='ocr_carea' id='block_1_96' title="bbox 303 5025 1957 5102">
    <p class='ocr_par' dir='ltr' id='par_1_96' title="bbox 303 5025 1957 5102">
     <span class='ocr_line' id='line_1_96' title="bbox 303 5025 1957 5102; baseline 0.006 -24"><span class='ocrx_word' id='word_1_732' title='bbox 303 5026 387 5097; x_wconf 88' lang='lat'>2).</span> <span class='ocrx_word' id='word_1_733' title='bbox 418 5025 682 5098; x_wconf 90' lang='lat' dir='ltr'>Denique</span> <span class='ocrx_word' id='word_1_734' title='bbox 714 5031 768 5084; x_wconf 89' lang='lat' dir='ltr'>et</span> <span class='ocrx_word' id='word_1_735' title='bbox 798 5027 964 5084; x_wconf 90' lang='lat' dir='ltr'>illum</span> <span class='ocrx_word' id='word_1_736' title='bbox 1011 5029 1113 5100; x_wconf 88' lang='lat' dir='ltr'>qui</span> <span class='ocrx_word' id='word_1_737' title='bbox 1162 5030 1233 5085; x_wconf 93' lang='lat' dir='ltr'>de</span> <span class='ocrx_word' id='word_1_738' title='bbox 1281 5030 1541 5102; x_wconf 90' lang='lat' dir='ltr'>quinque</span> <span class='ocrx_word' id='word_1_739' title='bbox 1569 5030 1826 5099; x_wconf 89' lang='lat' dir='ltr'>talentis,</span> <span class='ocrx_word' id='word_1_740' title='bbox 1859 5034 1957 5088; x_wconf 90' lang='lat' dir='ltr'>de-</span> 
     </span>
    </p>
   </div>
   <div class='ocr_carea' id='block_1_97' title="bbox 306 5114 1959 5191">
    <p class='ocr_par' dir='ltr' id='par_1_97' title="bbox 306 5114 1959 5191">
     <span class='ocr_line' id='line_1_97' title="bbox 306 5114 1959 5191; baseline 0.004 -22"><span class='ocrx_word' id='word_1_741' title='bbox 306 5130 436 5170; x_wconf 89' lang='lat' dir='ltr'>cem</span> <span class='ocrx_word' id='word_1_742' title='bbox 471 5114 698 5185; x_wconf 85' lang='lat' dir='ltr'>fecerat,</span> <span class='ocrx_word' id='word_1_743' title='bbox 731 5122 789 5173; x_wconf 92' lang='lat' dir='ltr'>et</span> <span class='ocrx_word' id='word_1_744' title='bbox 816 5118 915 5189; x_wconf 90' lang='lat' dir='ltr'>qui</span> <span class='ocrx_word' id='word_1_745' title='bbox 946 5118 1019 5173; x_wconf 90' lang='lat' dir='ltr'>de</span> <span class='ocrx_word' id='word_1_746' title='bbox 1040 5119 1272 5175; x_wconf 89' lang='lat' dir='ltr'>duobus</span> <span class='ocrx_word' id='word_1_747' title='bbox 1295 5124 1565 5191; x_wconf 88' lang='lat' dir='ltr'>quatuor,</span> <span class='ocrx_word' id='word_1_748' title='bbox 1598 5120 1777 5175; x_wconf 89' lang='lat' dir='ltr'>simili</span> <span class='ocrx_word' id='word_1_749' title='bbox 1808 5138 1959 5177; x_wconf 87' lang='lat' dir='ltr'>rece-</span> 
     </span>
    </p>
   </div>
   <div class='ocr_carea' id='block_1_98' title="bbox 303 5203 1956 5281">
    <p class='ocr_par' dir='ltr' id='par_1_98' title="bbox 303 5203 1956 5281">
     <span class='ocr_line' id='line_1_98' title="bbox 303 5203 1956 5281; baseline 0.006 -25"><span class='ocrx_word' id='word_1_750' title='bbox 303 5203 395 5274; x_wconf 81' lang='lat' dir='ltr'>pit</span> <span class='ocrx_word' id='word_1_751' title='bbox 421 5204 677 5274; x_wconf 86' lang='lat' dir='ltr'>gaudio;</span> <span class='ocrx_word' id='word_1_752' title='bbox 706 5221 822 5261; x_wconf 88' lang='lat' dir='ltr'>non</span> <span class='ocrx_word' id='word_1_753' title='bbox 855 5207 1235 5263; x_wconf 88' lang='lat' dir='ltr'>considerans</span> <span class='ocrx_word' id='word_1_754' title='bbox 1284 5207 1431 5263; x_wconf 91' lang='lat' dir='ltr'>lucri</span> <span class='ocrx_word' id='word_1_755' title='bbox 1465 5209 1956 5281; x_wconf 89' lang='lat' dir='ltr'>magnitudinem,</span> 
     </span>
    </p>
   </div>
   <div class='ocr_carea' id='block_1_99' title="bbox 309 5293 1956 5369">
    <p class='ocr_par' dir='ltr' id='par_1_99' title="bbox 309 5293 1956 5369">
     <span class='ocr_line' id='line_1_99' title="bbox 309 5293 1956 5369; baseline 0.006 -24"><span class='ocrx_word' id='word_1_756' title='bbox 309 5293 411 5346; x_wconf 85' lang='lat' dir='ltr'>seri</span> <span class='ocrx_word' id='word_1_757' title='bbox 443 5293 621 5349; x_wconf 89' lang='lat' dir='ltr'>studii</span> <span class='ocrx_word' id='word_1_758' title='bbox 639 5293 1019 5351; x_wconf 89' lang='lat' dir='ltr'>voluntatem.</span> <span class='ocrx_word' id='word_1_759' title='bbox 1055 5297 1208 5353; x_wconf 79' lang='lat'>206</span> <span class='ocrx_word' id='word_1_760' title='bbox 1241 5296 1304 5352; x_wconf 92' lang='lat' dir='ltr'>In</span> <span class='ocrx_word' id='word_1_761' title='bbox 1336 5297 1956 5369; x_wconf 83' lang='lat' dir='ltr'>quinqueetduobus,</span> 
     </span>
    </p>
   </div>
   <div class='ocr_carea' id='block_1_100' title="bbox 308 5382 1957 5460">
    <p class='ocr_par' dir='ltr' id='par_1_100' title="bbox 308 5382 1957 5460">
     <span class='ocr_line' id='line_1_100' title="bbox 308 5382 1957 5460; baseline 0.006 -26"><span class='ocrx_word' id='word_1_762' title='bbox 308 5382 370 5434; x_wconf 87' lang='lat' dir='ltr'>et</span> <span class='ocrx_word' id='word_1_763' title='bbox 396 5397 512 5436; x_wconf 91' lang='lat' dir='ltr'>uno</span> <span class='ocrx_word' id='word_1_764' title='bbox 551 5383 772 5438; x_wconf 89' lang='lat' dir='ltr'>talento</span> <span class='ocrx_word' id='word_1_765' title='bbox 824 5383 913 5440; x_wconf 85' lang='lat' dir='ltr'>vel</span> <span class='ocrx_word' id='word_1_766' title='bbox 962 5385 1223 5441; x_wconf 90' lang='lat' dir='ltr'>diversas</span> <span class='ocrx_word' id='word_1_767' title='bbox 1271 5387 1490 5458; x_wconf 89' lang='lat' dir='ltr'>gratias</span> <span class='ocrx_word' id='word_1_768' title='bbox 1534 5385 1957 5460; x_wconf 82' lang='lat' dir='ltr'>intelligamus,</span> 
     </span>
    </p>
   </div>
   <div class='ocr_carea' id='block_1_101' title="bbox 383 5506 1959 5634">
    <p class='ocr_par' dir='ltr' id='par_1_101' title="bbox 383 5506 1959 5634">
     <span class='ocr_line' id='line_1_101' title="bbox 383 5506 1959 5634; baseline 0.005 -74"><span class='ocrx_word' id='word_1_769' title='bbox 383 5506 398 5539; x_wconf 86' lang='grc'>¹</span> <span class='ocrx_word' id='word_1_770' title='bbox 430 5507 800 5563; x_wconf 72' lang='lat' dir='ltr'>Martiauzeus</span> <span class='ocrx_word' id='word_1_771' title='bbox 829 5508 1076 5634; x_wconf 42' lang='lat' dir='ltr'>lqgebat,</span> <span class='ocrx_word' id='word_1_772' title='bbox 1105 5527 1249 5567; x_wconf 83' lang='lat' dir='ltr'>nova</span> <span class='ocrx_word' id='word_1_773' title='bbox 1279 5527 1447 5583; x_wconf 84' lang='lat' dir='ltr'>opera</span> <span class='ocrx_word' id='word_1_774' title='bbox 1476 5528 1700 5583; x_wconf 82' lang='lat' dir='ltr'>parare,</span> <span class='ocrx_word' id='word_1_775' title='bbox 1736 5518 1959 5568; x_wconf 87' lang='lat' dir='ltr'>contra-</span> 
     </span>
     <span class='ocr_line' id='line_1_102' title="bbox 383 5578 1954 5634; baseline 0.001 -1"><span class='ocrx_word' id='word_1_776' title='bbox 383 5578 640 5634; x_wconf 71' lang='lat' dir='ltr'>sentibus</span> <span class='ocrx_word' id='word_1_777' title='bbox 670 5596 815 5634; x_wconf 86' lang='lat' dir='ltr'>mss.</span> <span class='ocrx_word' id='word_1_778' title='bbox 911 5582 1153 5634; x_wconf 86' lang='lat' dir='ltr'>ictorius</span> <span class='ocrx_word' id='word_1_779' title='bbox 1182 5600 1414 5634; x_wconf 83' lang='lat' dir='ltr'>auoaue</span> <span class='ocrx_word' id='word_1_780' title='bbox 1461 5587 1593 5634; x_wconf 85' lang='lat' dir='ltr'>ante</span> <span class='ocrx_word' id='word_1_781' title='bbox 1626 5601 1754 5634; x_wconf 86' lang='lat' dir='ltr'>nos-</span> <span class='ocrx_word' id='word_1_782' title='bbox 1785 5586 1954 5634; x_wconf 82' lang='lat' dir='ltr'>codd-</span> 
     </span>
    </p>
   </div>
   <div class='ocr_carea' id='block_1_102' title="bbox 305 5576 1954 5655">
    <p class='ocr_par' dir='ltr' id='par_1_102' title="bbox 305 5576 1954 5655">
     <span class='ocr_line' id='line_1_103' title="bbox 305 5576 1954 5655; baseline 0.005 -22"><span class='ocrx_word' id='word_1_783' title='bbox 305 5576 640 5655; x_wconf 71' lang='lat' dir='ltr'>dicentibus</span> <span class='ocrx_word' id='word_1_784' title='bbox 670 5596 815 5655; x_wconf 84' lang='lat' dir='ltr'>mss.</span> <span class='ocrx_word' id='word_1_785' title='bbox 858 5576 1153 5639; x_wconf 85' lang='lat' dir='ltr'>Victorius</span> <span class='ocrx_word' id='word_1_786' title='bbox 1182 5576 1414 5655; x_wconf 78' lang='lat' dir='ltr'>quoque</span> <span class='ocrx_word' id='word_1_787' title='bbox 1461 5576 1593 5638; x_wconf 79' lang='lat' dir='ltr'>ante</span> <span class='ocrx_word' id='word_1_788' title='bbox 1626 5576 1754 5649; x_wconf 83' lang='lat' dir='ltr'>nos,</span> <span class='ocrx_word' id='word_1_789' title='bbox 1785 5586 1954 5641; x_wconf 91' lang='lat' dir='ltr'>codd.</span> 
     </span>
    </p>
   </div>
   <div class='ocr_carea' id='block_1_103' title="bbox 304 5650 1464 5727">
    <p class='ocr_par' dir='ltr' id='par_1_103' title="bbox 304 5650 1464 5727">
     <span class='ocr_line' id='line_1_104' title="bbox 304 5650 1464 5727; baseline 0.003 -21"><span class='ocrx_word' id='word_1_790' title='bbox 304 5664 465 5727; x_wconf 59' lang='lat' dir='ltr'>mssi</span> <span class='ocrx_word' id='word_1_791' title='bbox 480 5650 782 5723; x_wconf 74' lang='lat' dir='ltr'>suffragio,</span> <span class='ocrx_word' id='word_1_792' title='bbox 809 5661 1039 5727; x_wconf 69' lang='lat' dir='ltr'>patrare</span> <span class='ocrx_word' id='word_1_793' title='bbox 1067 5650 1464 5727; x_wconf 73' lang='lat' dir='ltr'>rescripserat.</span> 
     </span>
    </p>
   </div>
   <div class='ocr_carea' id='block_1_104' title="bbox 378 5719 1954 5803">
    <p class='ocr_par' dir='ltr' id='par_1_104' title="bbox 378 5719 1954 5803">
     <span class='ocr_line' id='line_1_105' title="bbox 378 5719 1954 5803; baseline 0.005 -24"><span class='ocrx_word' id='word_1_794' title='bbox 378 5721 403 5759; x_wconf 80' lang='grc'>³</span> <span class='ocrx_word' id='word_1_795' title='bbox 430 5719 538 5779; x_wconf 92' lang='lat' dir='ltr'>Pro</span> <span class='ocrx_word' id='word_1_796' title='bbox 567 5719 1028 5798; x_wconf 40' lang='lat' dir='ltr'>omnes’quidam</span> <span class='ocrx_word' id='word_1_797' title='bbox 1064 5742 1209 5784; x_wconf 83' lang='lat' dir='ltr'>mss.</span> <span class='ocrx_word' id='word_1_798' title='bbox 1238 5719 1301 5785; x_wconf 62' lang='lat' dir='ltr'>ut</span> <span class='ocrx_word' id='word_1_799' title='bbox 1330 5726 1574 5786; x_wconf 78' lang='lat' dir='ltr'>homines</span> <span class='ocrx_word' id='word_1_800' title='bbox 1603 5727 1954 5803; x_wconf 60' lang='lat' dir='ltr'>praeferunt;</span> 
     </span>
    </p>
   </div>
   <div class='ocr_carea' id='block_1_105' title="bbox 2067 4672 3715 4744">
    <p class='ocr_par' dir='ltr' id='par_1_105' title="bbox 2067 4672 3715 4744">
     <span class='ocr_line' id='line_1_106' title="bbox 2067 4672 3715 4744; baseline 0.002 -16"><span class='ocrx_word' id='word_1_801' title='bbox 2067 4673 2174 4743; x_wconf 90' lang='lat' dir='ltr'>tui,</span> <span class='ocrx_word' id='word_1_802' title='bbox 2206 4678 2263 4728; x_wconf 89' lang='lat' dir='ltr'>et</span> <span class='ocrx_word' id='word_1_803' title='bbox 2292 4672 2524 4744; x_wconf 88' lang='lat' dir='ltr'>suscipe</span> <span class='ocrx_word' id='word_1_804' title='bbox 2555 4689 2682 4744; x_wconf 68' lang='lat' dir='ltr'>quae</span> <span class='ocrx_word' id='word_1_805' title='bbox 2714 4690 2818 4730; x_wconf 89' lang='lat' dir='ltr'>nec</span> <span class='ocrx_word' id='word_1_806' title='bbox 2848 4673 3052 4730; x_wconf 91' lang='lat' dir='ltr'>oculus</span> <span class='ocrx_word' id='word_1_807' title='bbox 3090 4675 3257 4741; x_wconf 89' lang='lat' dir='ltr'>vidit,</span> <span class='ocrx_word' id='word_1_808' title='bbox 3290 4692 3395 4730; x_wconf 90' lang='lat' dir='ltr'>nec</span> <span class='ocrx_word' id='word_1_809' title='bbox 3425 4676 3585 4731; x_wconf 84' lang='lat' dir='ltr'>auris</span> <span class='ocrx_word' id='word_1_810' title='bbox 3615 4694 3715 4732; x_wconf 90' lang='lat' dir='ltr'>au-</span> 
     </span>
    </p>
   </div>
   <div class='ocr_carea' id='block_1_106' title="bbox 2066 4761 3711 4838">
    <p class='ocr_par' dir='ltr' id='par_1_106' title="bbox 2066 4761 3711 4838">
     <span class='ocr_line' id='line_1_107' title="bbox 2066 4761 3711 4838; baseline 0.002 -21"><span class='ocrx_word' id='word_1_811' title='bbox 2066 4762 2233 4827; x_wconf 90' lang='lat' dir='ltr'>divit,</span> <span class='ocrx_word' id='word_1_812' title='bbox 2263 4777 2367 4817; x_wconf 90' lang='lat' dir='ltr'>nec</span> <span class='ocrx_word' id='word_1_813' title='bbox 2397 4762 2457 4815; x_wconf 90' lang='lat' dir='ltr'>in</span> <span class='ocrx_word' id='word_1_814' title='bbox 2484 4778 2583 4817; x_wconf 89' lang='lat' dir='ltr'>cor</span> <span class='ocrx_word' id='word_1_815' title='bbox 2611 4761 2871 4817; x_wconf 90' lang='lat' dir='ltr'>hominis</span> <span class='ocrx_word' id='word_1_816' title='bbox 2902 4764 3287 4818; x_wconf 87' lang='lat' dir='ltr'>ascenderunt</span> <span class='ocrx_word' id='word_1_817' title='bbox 3316 4766 3367 4831; x_wconf 87' lang='lat' dir='ltr'>(I</span> <span class='ocrx_word' id='word_1_818' title='bbox 3390 4763 3513 4819; x_wconf 81' lang='lat' dir='ltr'>Cor.</span> <span class='ocrx_word' id='word_1_819' title='bbox 3540 4782 3601 4831; x_wconf 70' lang='grc' dir='ltr'>ιι,</span> <span class='ocrx_word' id='word_1_820' title='bbox 3632 4766 3711 4838; x_wconf 88' lang='lat'>9).</span> 
     </span>
    </p>
   </div>
   <div class='ocr_carea' id='block_1_107' title="bbox 2066 4851 3712 4925">
    <p class='ocr_par' dir='ltr' id='par_1_107' title="bbox 2066 4851 3712 4925">
     <span class='ocr_line' id='line_1_108' title="bbox 2066 4851 3712 4925; baseline 0.002 -18"><span class='ocrx_word' id='word_1_821' title='bbox 2066 4851 2210 4915; x_wconf 87' lang='lat' dir='ltr'>Quid</span> <span class='ocrx_word' id='word_1_822' title='bbox 2245 4854 2441 4906; x_wconf 90' lang='lat' dir='ltr'>autem</span> <span class='ocrx_word' id='word_1_823' title='bbox 2474 4855 2664 4922; x_wconf 87' lang='lat' dir='ltr'>potest</span> <span class='ocrx_word' id='word_1_824' title='bbox 2711 4853 2903 4922; x_wconf 88' lang='lat' dir='ltr'>majus</span> <span class='ocrx_word' id='word_1_825' title='bbox 2932 4852 3055 4906; x_wconf 89' lang='lat' dir='ltr'>dari</span> <span class='ocrx_word' id='word_1_826' title='bbox 3108 4851 3264 4907; x_wconf 83' lang='lat' dir='ltr'>fideli</span> <span class='ocrx_word' id='word_1_827' title='bbox 3313 4869 3498 4924; x_wconf 90' lang='lat' dir='ltr'>servo,</span> <span class='ocrx_word' id='word_1_828' title='bbox 3532 4870 3712 4925; x_wconf 85' lang='lat' dir='ltr'>quam</span> 
     </span>
    </p>
   </div>
   <div class='ocr_carea' id='block_1_108' title="bbox 2066 4939 3714 5011">
    <p class='ocr_par' dir='ltr' id='par_1_108' title="bbox 2066 4939 3714 5011">
     <span class='ocr_line' id='line_1_109' title="bbox 2066 4939 3714 5011; baseline 0.001 -16"><span class='ocrx_word' id='word_1_829' title='bbox 2066 4957 2195 4995; x_wconf 89' lang='lat' dir='ltr'>esse</span> <span class='ocrx_word' id='word_1_830' title='bbox 2224 4956 2357 4995; x_wconf 90' lang='lat' dir='ltr'>cum</span> <span class='ocrx_word' id='word_1_831' title='bbox 2391 4939 2647 5010; x_wconf 89' lang='lat' dir='ltr'>domino,</span> <span class='ocrx_word' id='word_1_832' title='bbox 2682 4945 2738 4994; x_wconf 92' lang='lat' dir='ltr'>et</span> <span class='ocrx_word' id='word_1_833' title='bbox 2766 4939 2959 4994; x_wconf 91' lang='lat' dir='ltr'>videre</span> <span class='ocrx_word' id='word_1_834' title='bbox 3005 4939 3286 5011; x_wconf 90' lang='lat' dir='ltr'>gaudium</span> <span class='ocrx_word' id='word_1_835' title='bbox 3318 4941 3539 4996; x_wconf 90' lang='lat' dir='ltr'>domini</span> <span class='ocrx_word' id='word_1_836' title='bbox 3572 4943 3714 4999; x_wconf 83' lang='lat' dir='ltr'>sui?</span> 
     </span>
    </p>
   </div>
   <div class='ocr_carea' id='block_1_109' title="bbox 2137 5028 3711 5103">
    <p class='ocr_par' dir='ltr' id='par_1_109' title="bbox 2137 5028 3711 5103">
     <span class='ocr_line' id='line_1_110' title="bbox 2137 5028 3711 5103; baseline 0.004 -22"><span class='ocrx_word' id='word_1_837' title='bbox 2137 5028 2323 5100; x_wconf 91' lang='lat' dir='ltr'>(Vers.</span> <span class='ocrx_word' id='word_1_838' title='bbox 2355 5029 2444 5096; x_wconf 85' lang='grc'>24,</span> <span class='ocrx_word' id='word_1_839' title='bbox 2476 5028 2590 5099; x_wconf 84' lang='grc'>25.)</span> <span class='ocrx_word' id='word_1_840' title='bbox 2629 5051 2648 5077; x_wconf 71' lang='grc' dir='ltr'><strong><em>α</em></strong></span> <span class='ocrx_word' id='word_1_841' title='bbox 2685 5028 2974 5083; x_wconf 86' lang='lat' dir='ltr'>Accedens</span> <span class='ocrx_word' id='word_1_842' title='bbox 3031 5033 3226 5084; x_wconf 87' lang='lat' dir='ltr'>autem</span> <span class='ocrx_word' id='word_1_843' title='bbox 3272 5035 3328 5086; x_wconf 90' lang='lat' dir='ltr'>et</span> <span class='ocrx_word' id='word_1_844' title='bbox 3375 5031 3475 5103; x_wconf 91' lang='lat' dir='ltr'>qui</span> <span class='ocrx_word' id='word_1_845' title='bbox 3524 5048 3711 5087; x_wconf 89' lang='lat' dir='ltr'>unum</span> 
     </span>
    </p>
   </div>
   <div class='ocr_carea' id='block_1_110' title="bbox 2067 5116 3712 5190">
    <p class='ocr_par' dir='ltr' id='par_1_110' title="bbox 2067 5116 3712 5190">
     <span class='ocr_line' id='line_1_111' title="bbox 2067 5116 3712 5190; baseline 0.003 -18"><span class='ocrx_word' id='word_1_846' title='bbox 2067 5118 2351 5173; x_wconf 86' lang='lat' dir='ltr'>talentum</span> <span class='ocrx_word' id='word_1_847' title='bbox 2386 5120 2704 5188; x_wconf 89' lang='lat' dir='ltr'>acceperat,</span> <span class='ocrx_word' id='word_1_848' title='bbox 2756 5116 2873 5171; x_wconf 89' lang='lat' dir='ltr'>ait:</span> <span class='ocrx_word' id='word_1_849' title='bbox 2913 5118 3169 5186; x_wconf 87' lang='lat' dir='ltr'>Domine,</span> <span class='ocrx_word' id='word_1_850' title='bbox 3202 5119 3322 5175; x_wconf 92' lang='lat' dir='ltr'>scio</span> <span class='ocrx_word' id='word_1_851' title='bbox 3372 5120 3509 5190; x_wconf 90' lang='lat' dir='ltr'>quia</span> <span class='ocrx_word' id='word_1_852' title='bbox 3538 5122 3712 5177; x_wconf 86' lang='lat' dir='ltr'>homo</span> 
     </span>
    </p>
   </div>
   <div class='ocr_carea' id='block_1_111' title="bbox 2066 5204 3715 5280">
    <p class='ocr_par' dir='ltr' id='par_1_111' title="bbox 2066 5204 3715 5280">
     <span class='ocr_line' id='line_1_112' title="bbox 2066 5204 3715 5280; baseline 0 -17"><span class='ocrx_word' id='word_1_853' title='bbox 2066 5209 2251 5263; x_wconf 91' lang='lat' dir='ltr'>durus</span> <span class='ocrx_word' id='word_1_854' title='bbox 2272 5223 2353 5261; x_wconf 91' lang='lat' dir='ltr'>es:</span> <span class='ocrx_word' id='word_1_855' title='bbox 2385 5205 2554 5260; x_wconf 88' lang='lat' dir='ltr'>metis</span> <span class='ocrx_word' id='word_1_856' title='bbox 2577 5204 2676 5259; x_wconf 83' lang='lat' dir='ltr'>ubi</span> <span class='ocrx_word' id='word_1_857' title='bbox 2697 5221 2811 5258; x_wconf 91' lang='lat' dir='ltr'>non</span> <span class='ocrx_word' id='word_1_858' title='bbox 2835 5205 3160 5277; x_wconf 88' lang='lat' dir='ltr'>seminasti,</span> <span class='ocrx_word' id='word_1_859' title='bbox 3180 5212 3238 5263; x_wconf 89' lang='lat' dir='ltr'>et</span> <span class='ocrx_word' id='word_1_860' title='bbox 3267 5224 3583 5280; x_wconf 87' lang='lat' dir='ltr'>congregas</span> <span class='ocrx_word' id='word_1_861' title='bbox 3613 5208 3715 5263; x_wconf 90' lang='lat' dir='ltr'>ubi</span> 
     </span>
    </p>
   </div>
   <div class='ocr_carea' id='block_1_112' title="bbox 2068 5293 3713 5366">
    <p class='ocr_par' dir='ltr' id='par_1_112' title="bbox 2068 5293 3713 5366">
     <span class='ocr_line' id='line_1_113' title="bbox 2068 5293 3713 5366; baseline 0 -14"><span class='ocrx_word' id='word_1_862' title='bbox 2068 5313 2179 5352; x_wconf 90' lang='lat' dir='ltr'>non</span> <span class='ocrx_word' id='word_1_863' title='bbox 2214 5293 2521 5366; x_wconf 89' lang='lat' dir='ltr'>sparsisti;</span> <span class='ocrx_word' id='word_1_864' title='bbox 2554 5298 2609 5347; x_wconf 89' lang='lat' dir='ltr'>et</span> <span class='ocrx_word' id='word_1_865' title='bbox 2640 5294 2854 5349; x_wconf 88' lang='lat' dir='ltr'>timens</span> <span class='ocrx_word' id='word_1_866' title='bbox 2885 5295 3023 5363; x_wconf 88' lang='lat' dir='ltr'>abii,</span> <span class='ocrx_word' id='word_1_867' title='bbox 3048 5300 3104 5352; x_wconf 92' lang='lat' dir='ltr'>et</span> <span class='ocrx_word' id='word_1_868' title='bbox 3126 5297 3401 5351; x_wconf 90' lang='lat' dir='ltr'>abscondi</span> <span class='ocrx_word' id='word_1_869' title='bbox 3426 5295 3713 5352; x_wconf 88' lang='lat' dir='ltr'>talentum</span> 
     </span>
    </p>
   </div>
   <div class='ocr_carea' id='block_1_113' title="bbox 2066 5383 3712 5458">
    <p class='ocr_par' dir='ltr' id='par_1_113' title="bbox 2066 5383 3712 5458">
     <span class='ocr_line' id='line_1_114' title="bbox 2066 5383 3712 5458; baseline 0.001 -17"><span class='ocrx_word' id='word_1_870' title='bbox 2066 5391 2234 5441; x_wconf 89' lang='lat' dir='ltr'>tuum</span> <span class='ocrx_word' id='word_1_871' title='bbox 2266 5385 2325 5438; x_wconf 90' lang='lat' dir='ltr'>in</span> <span class='ocrx_word' id='word_1_872' title='bbox 2358 5389 2530 5438; x_wconf 88' lang='lat' dir='ltr'>terra.</span> <span class='ocrx_word' id='word_1_873' title='bbox 2559 5383 2629 5437; x_wconf 88' lang='lat' dir='ltr'>Et</span> <span class='ocrx_word' id='word_1_874' title='bbox 2656 5399 2787 5439; x_wconf 89' lang='lat' dir='ltr'>ecce</span> <span class='ocrx_word' id='word_1_875' title='bbox 2813 5384 2994 5441; x_wconf 88' lang='lat' dir='ltr'>babes</span> <span class='ocrx_word' id='word_1_876' title='bbox 3025 5387 3180 5458; x_wconf 91' lang='lat' dir='ltr'>quod</span> <span class='ocrx_word' id='word_1_877' title='bbox 3213 5391 3381 5442; x_wconf 88' lang='lat' dir='ltr'>tuum</span> <span class='ocrx_word' id='word_1_878' title='bbox 3414 5386 3712 5443; x_wconf 83' lang='lat' dir='ltr'>est.»Vere</span> 
     </span>
    </p>
   </div>
   <div class='ocr_carea' id='block_1_114' title="bbox 2067 5509 3131 5581">
    <p class='ocr_par' dir='ltr' id='par_1_114' title="bbox 2067 5509 3131 5581">
     <span class='ocr_line' id='line_1_115' title="bbox 2067 5509 3131 5581; baseline 0.002 -15"><span class='ocrx_word' id='word_1_879' title='bbox 2067 5511 2187 5581; x_wconf 90' lang='lat' dir='ltr'>alii,</span> <span class='ocrx_word' id='word_1_880' title='bbox 2225 5510 2486 5581; x_wconf 64' lang='lat' dir='ltr'>homines,</span> <span class='ocrx_word' id='word_1_881' title='bbox 2521 5509 2824 5564; x_wconf 85' lang='lat' dir='ltr'>duntaxat.</span> <span class='ocrx_word' id='word_1_882' title='bbox 2859 5511 2953 5567; x_wconf 89' lang='lat' dir='ltr'>Sic</span> <span class='ocrx_word' id='word_1_883' title='bbox 2986 5512 3131 5568; x_wconf 83' lang='lat' dir='ltr'>Rab.</span> 
     </span>
    </p>
   </div>
   <div class='ocr_carea' id='block_1_115' title="bbox 2137 5580 3714 5658">
    <p class='ocr_par' dir='ltr' id='par_1_115' title="bbox 2137 5580 3714 5658">
     <span class='ocr_line' id='line_1_116' title="bbox 2137 5580 3714 5658; baseline 0.001 -21"><span class='ocrx_word' id='word_1_884' title='bbox 2137 5580 2369 5658; x_wconf 79' lang='lat' dir='ltr'>3Penes</span> <span class='ocrx_word' id='word_1_885' title='bbox 2400 5580 2614 5658; x_wconf 54' lang='lat' dir='ltr'>Victor.</span> <span class='ocrx_word' id='word_1_886' title='bbox 2641 5582 2847 5658; x_wconf 3' lang='lat' dir='ltr'>(verba,</span> <span class='ocrx_word' id='word_1_887' title='bbox 2876 5592 2927 5639; x_wconf 85' lang='lat' dir='ltr'>et</span> <span class='ocrx_word' id='word_1_888' title='bbox 2954 5585 3052 5639; x_wconf 81' lang='lat' dir='ltr'>sub</span> <span class='ocrx_word' id='word_1_889' title='bbox 3109 5587 3253 5641; x_wconf 83' lang='lat' dir='ltr'>metu</span> <span class='ocrx_word' id='word_1_890' title='bbox 3282 5583 3490 5658; x_wconf 82' lang='lat' dir='ltr'>judicis</span> <span class='ocrx_word' id='word_1_891' title='bbox 3526 5597 3714 5639; x_wconf 82' lang='lat' dir='ltr'>resur-</span> 
     </span>
    </p>
   </div>
   <div class='ocr_carea' id='block_1_116' title="bbox 2064 5651 2747 5726">
    <p class='ocr_par' dir='ltr' id='par_1_116' title="bbox 2064 5651 2747 5726">
     <span class='ocr_line' id='line_1_117' title="bbox 2064 5651 2747 5726; baseline 0 -16"><span class='ocrx_word' id='word_1_892' title='bbox 2064 5654 2287 5726; x_wconf 78' lang='lat' dir='ltr'>recturi,</span> <span class='ocrx_word' id='word_1_893' title='bbox 2320 5651 2747 5710; x_wconf 88' lang='lat' dir='ltr'>desiderantur.</span> 
     </span>
    </p>
   </div>
  </div>
