4058 6190
331 329 446 390 195

1573 325 1637 384 S.
1686 322 1992 385 EUSEBII
2038 321 2483 384 HIERONYMI

3616 320 3730 383 196

335 462 487 533 quod
519 459 805 528 scriptum
845 460 973 514 est:
1007 456 1086 513 Ad
1132 456 1481 513 excusandas
1508 457 1885 513 excusationes
1915 456 1975 510 in
2005 461 2057 526 Α
2091 454 2244 524 quod
2293 455 2377 509 eis
2421 454 2609 510 fuerat
2655 451 3101 527 repromissum,
3151 452 3346 509 vident
3373 452 3626 509 transire
3657 453 3732 509 ad

326 549 562 622 peccatis
591 547 765 619 (Psal.
798 563 922 614 CXL,
955 547 1030 616 4),
1065 546 1240 602 etiam
1298 545 1434 601 huic
1492 562 1656 601 servo
1712 543 1975 615 contigit,

333 643 398 694 ut
426 637 497 693 ad
530 635 826 709 pigritiam
858 639 915 691 et
944 634 1379 708 negligentiam,
1413 633 1702 705 superbia
1743 648 1979 705 quoque

333 727 553 783 crimen
612 726 930 781 accederet.
991 723 1099 791 Qui
1155 723 1311 779 enim
1371 722 1715 795 simpliciter
1780 721 1981 777 debuit

333 815 606 872 inertiam
637 813 921 880 confiteri,
955 818 1012 868 et
1050 829 1214 868 orare
1263 811 1769 884 patremfamilias,
1802 826 1978 865 econ-

331 905 510 961 trario
542 903 955 972 calumniatur,
1006 906 1064 956 et
1118 901 1260 957 dicit
1316 918 1378 957 se
1438 900 1710 972 prudenti
1774 898 1980 955 fecisse

334 992 600 1059 concilio,
633 1008 704 1047 ne
735 992 876 1046 dum
924 989 1089 1045 lucra
1146 989 1403 1061 pecunias
1461 993 1766 1061 quareret,
1799 987 1977 1043 etiam

334 1084 406 1139 de
432 1087 589 1139 sorte
620 1079 1065 1153 periclitaretur.

405 1190 592 1259 (Vers.
651 1186 860 1258 26-28.)
919 1209 947 1235 ‹‹
1011 1186 1391 1257 Respondeas
1448 1187 1642 1241 autem
1702 1183 1979 1239 dominus

331 1280 480 1349 ejus,
516 1277 661 1332 dixit
687 1276 738 1332 ei
766 1294 778 1330 :
811 1280 978 1331 Serve
1014 1274 1167 1330 male
1224 1279 1281 1329 et
1337 1275 1520 1346 piger,
1554 1273 1779 1328 sciebas
1840 1270 1980 1344 quia

332 1372 485 1423 meto
554 1367 652 1421 ubi
718 1382 833 1420 non
902 1363 1149 1433 semine,
1217 1366 1274 1418 et
1339 1379 1625 1436 congrege
1695 1362 1795 1417 ubi
1865 1378 1978 1417 non

333 1456 561 1529 sparsi:
629 1453 886 1525 oportuit
937 1468 1074 1525 ergo
1128 1456 1185 1507 te
1236 1452 1601 1507 committere
1665 1450 1975 1523 pecuniam

332 1561 461 1601 eam
521 1542 955 1609 nummulariis,
1016 1546 1075 1596 et
1130 1541 1368 1597 veniens
1444 1556 1570 1611 ego,
1628 1540 1978 1609 recepissem

335 1635 536 1705 utique
569 1632 723 1703 quod
784 1646 980 1685 meum
1033 1633 1122 1684 est
1173 1646 1308 1683 cum
1362 1646 1561 1684 usura.
1616 1627 1821 1683 Tollite
1866 1627 1980 1681 ita-

335 1739 449 1794 que
480 1723 550 1777 ab
583 1737 649 1776 eo
680 1718 989 1789 talentum,
1022 1722 1078 1772 et
1122 1719 1256 1773 date
1314 1718 1364 1772 ei
1423 1718 1523 1789 qui
1572 1717 1748 1771 habet
1777 1717 1977 1771 decem

332 1811 572 1867 talenta.
621 1832 648 1860 »

334 1900 572 1966 dixisse,
607 1898 667 1952 in
698 1896 930 1968 culpam
981 1897 1275 1968 propriam
1322 1896 1585 1951 vertitur.
1622 1896 1834 1950 Servus
1874 1912 1975 1949 au-

332 1996 451 2045 tem
483 1988 675 2044 malus
735 1985 1097 2058 appellatur:
1134 1986 1275 2056 quia
1330 1984 1687 2039 calumniam
1738 1984 1975 2039 domino

333 2079 488 2134 facit.
520 2077 710 2148 Piger,
743 2075 883 2146 quia
914 2073 1099 2128 noluit
1136 2073 1423 2128 talentum
1478 2073 1796 2146 duplicare,
1826 2077 1889 2127 ut
1920 2073 1978 2126 in

333 2166 514 2223 altero
546 2164 855 2236 superbire,
886 2163 945 2217 in
996 2162 1176 2217 altero
1228 2162 1589 2233 negligentia?
1634 2163 1978 2217 condemne-

330 2260 450 2311 tur.
483 2254 560 2322 Si,
592 2254 804 2325 inquit,
837 2253 1050 2307 durum
1082 2256 1137 2306 et
1185 2251 1476 2306 crudelem
1523 2267 1651 2307 esse
1682 2267 1774 2306 me
1805 2267 1975 2305 nove-

337 2362 453 2414 ras,
485 2348 543 2400 et
570 2342 760 2399 aliena
789 2340 1020 2411 sectari,
1048 2340 1246 2411 ibique
1293 2345 1510 2396 metere
1538 2340 1637 2395 ubi
1671 2357 1783 2395 non
1818 2356 1976 2395 seve-

337 2435 471 2504 rim,
504 2449 683 2504 quare
719 2448 831 2486 non
876 2429 984 2485 tibi
1027 2429 1365 2485 istiusmodi
1408 2428 1680 2500 cogitatio
1730 2429 1978 2484 incussit

336 2521 699 2590 timorem,ut
731 2519 911 2575 scires
940 2534 1034 2573 me
1064 2534 1195 2572 mea
1224 2516 1563 2590 diligentius
1595 2518 1975 2587 qumsilurum

338 2616 396 2666 et
429 2612 597 2665 dares
628 2607 932 2679 pecuniam
966 2623 1176 2673 meam,
1212 2605 1330 2661 sive
1360 2611 1670 2678 argentum
1704 2622 1978 2661 nummu-

335 2698 543 2755 lariis?
568 2698 889 2769 Utrumque
944 2696 1099 2751 enim
1156 2692 1435 2769 ἀργύριον,
1493 2694 1727 2750 Graecus
1784 2711 1977 2751 sermo

336 2787 644 2861 signiﬁcat.
682 2787 930 2857 Etoquia,
992 2784 1205 2856 inquit,
1256 2784 1482 2838 Domini
1534 2785 1752 2855 eloquia
1805 2786 1974 2853 casta,

333 2881 621 2949 argentum
650 2878 778 2944 igne
824 2875 1228 2940 examinatum,
1278 2872 1572 2944 probatum
1618 2881 1800 2943 terrae,
1838 2888 1974 2944 pur-

333 2971 523 3035 gatum
575 2964 886 3037 septuplum
941 2963 1110 3035 (Psat.
1157 2979 1235 3029 x1,
1292 2963 1368 3029 7).
1430 2960 1682 3016 Pecunia
1735 2977 1870 3033 ergo
1921 2964 1980 3016 et

334 3059 663 3126 argentum,
697 3052 1030 3125 praedicatio
1056 3050 1353 3124 Evangelii
1382 3054 1492 3117 est,
1523 3053 1580 3104 et
1607 3066 1799 3106 sermo
1830 3050 1975 3104 divi-

335 3160 469 3213 nus,
501 3142 602 3214 qui
632 3141 756 3195 dari
816 3140 1025 3195 debuit‘
1069 3139 1488 3195 nummulariis
1530 3144 1602 3194 'et
1657 3137 1973 3210 trapezitis,

335 3232 393 3286 id
430 3235 540 3297 est,
581 3229 669 3284 vel
713 3227 933 3283 caeteris
985 3228 1324 3283 doctoribus
1381 3228 1562 3299 (quod
1623 3228 1884 3283 fecerunt
1921 3230 1977 3281 et

336 3317 605 3392 apostoli,
641 3334 743 3389 per
793 3315 1058 3387 singulas
1111 3315 1440 3386 provincias
1497 3316 1887 3387 presbyteros,
1923 3319 1980 3369 et

334 3407 639 3481 episcopos
671 3404 1051 3475 ordinantes),
1083 3402 1171 3458 vel
1202 3403 1427 3459 cunctis
1461 3404 1855 3473 credentibus,
1879 3403 1977 3473 qui

336 3501 587 3569 possunt
617 3493 925 3567 pecuniam
959 3491 1276 3564 duplicare,
1305 3493 1457 3549 208
1488 3498 1545 3548 et
1598 3508 1732 3547 cum
1779 3491 1980 3546 usuris

336 3584 599 3650 reddere,
634 3588 698 3637 ut
755 3581 1040 3653 quidquid
1102 3598 1371 3637 sermone
1430 3580 1772 3647 didicerant,
1806 3595 1979 3651 opere

335 3671 650 3745 explerent.
683 3670 931 3726 Tollitur
984 3676 1179 3726 autem
1235 3670 1542 3737 talentum,
1591 3673 1648 3723 et
1702 3669 1876 3724 datur
1928 3668 1978 3722 ei

336 3761 439 3833 qui
471 3761 670 3816 decem
703 3759 924 3815 talenta
955 3759 1185 3826 fecerat,
1219 3763 1287 3814 ut
1316 3756 1891 3829 intelligamus,licet
1920 3755 1980 3811 in

338 3851 645 3922 utriusque
674 3848 872 3905 labore
900 3847 1121 3921 aequale
1161 3848 1238 3903 sit
1281 3847 1563 3919 gaudium
1595 3846 1839 3913 domini,
1870 3845 1982 3902 hoc

335 3946 441 4006 est,
466 3943 523 3995 et
552 3940 682 4010 ejus
713 3939 812 4011 qui
844 3938 1105 4009 quinque
1136 3936 1195 3991 in
1232 3937 1431 3991 decem
1476 3934 1891 4006 duplicaverat,
1927 3940 1984 3990 et

335 4029 464 4099 ejus
513 4028 615 4099 qui
674 4028 789 4083 duo
847 4027 908 4081 in
953 4028 1473 4097 quatuorztamen
1534 4024 1727 4094 majus
1785 4022 1982 4079 deberi

335 4117 641 4188 praemium
671 4116 742 4184 ei,
777 4116 877 4188 qui
902 4114 1034 4186 plus
1061 4114 1119 4168 in
1155 4112 1377 4168 domini
1401 4112 1648 4183 pecunia
1679 4112 1980 4167 laboravit.

337 4204 498 4259 Unde
537 4206 678 4260 dicit
724 4209 779 4260 et
826 4203 1178 4276 Apostolus:
1235 4203 1585 4274 Presbyteros
1628 4201 1853 4270 honora,
1885 4203 1987 4272 qui

334 4308 459 4347 vere
485 4293 789 4363 presbyteri
815 4297 963 4362 sunt,
995 4295 1240 4348 maxime
1287 4292 1385 4362 qui
1435 4289 1689 4346 laborant
1716 4291 1777 4345 in
1822 4290 1984 4346 verbo

335 4382 437 4436 Dei
464 4380 511 4451 (l
543 4380 677 4435 Tim.
711 4397 766 4445 v,
802 4382 915 4450 l7).
948 4381 1024 4434 Ex
1049 4396 1115 4435 eo
1147 4382 1303 4452 quod
1340 4379 1533 4435 malus
1566 4396 1770 4435 servus
1802 4396 1985 4435 ausus

336 4472 429 4525 est
459 4469 687 4523 dicere:
723 4470 880 4525 Metis
936 4469 1033 4521 ubi
1087 4486 1201 4522 non
1255 4470 1558 4536 seminasti,
1602 4477 1654 4524 et
1688 4455 1986 4539 congregas

717 1808 878 1872 Quod
944 1811 1245 1879 putaverat
1312 1823 1373 1862 se
1430 1823 1532 1878 pro
1600 1806 2056 1889 excusationeB

2088 540 2252 597 alios.
2286 543 2482 599 Potest
2510 546 2567 598 et
2597 542 2680 598 sic
2710 540 2995 614 intelligi:
3027 542 3077 597 ei
3109 541 3209 613 qui
3242 541 3417 597 ﬁdem
3450 542 3645 608 habet,
3673 543 3734 597 et

2088 631 2300 686 bonam
2330 630 2389 686 in
2429 631 2675 688 Domino
2705 630 3081 696 voluntatem,
3114 629 3289 686 etiam
3342 629 3393 686 si
3443 630 3582 702 quid
3611 629 3729 686 mi-

2090 737 2199 774 nus
2229 720 2286 774 in
2320 736 2493 792 Opere
2540 724 2606 774 ut
2654 719 2829 775 homo
2882 719 3169 784 habuerit,
3203 718 3442 775 dabitur
3488 736 3523 773 a
3572 718 3728 775 bono

2082 809 2299 879 judice.
2331 809 2438 873 Qui
2471 814 2666 864 autem
2697 809 2870 865 ﬁdem
2905 824 3022 863 non
3053 807 3529 874 habuerit,etiam
3560 811 3732 864 caste-

2087 914 2183 954 ras
2206 897 2451 953 virtutes
2482 914 2630 969 quas
2681 886 2990 953 videbatur
3031 895 3379 953 naturaliter
3407 897 3731 968 possidere,

2088 987 2307 1059 perdet.
2341 987 2410 1042 Et
2447 986 2741 1060 eleganter
2788 987 2984 1053 etiam,
3036 985 3175 1057 quod
3232 985 3465 1054 videtur,
3515 985 3731 1058 inquit,

2088 1075 2308 1143 habere,
2332 1080 2617 1147 auferetur
2645 1076 2712 1131 ab
2769 1092 2857 1131 eo.
2909 1074 3204 1146 Quidquid
3251 1075 3409 1130 enim
3456 1075 3584 1132 sine
3617 1075 3735 1132 ﬁde

2087 1164 2306 1220 Christi
2334 1168 2444 1235 est,
2478 1181 2592 1220 non
2641 1164 2692 1220 ei
2740 1164 2909 1220 debet
2960 1163 3241 1236 imputari
3302 1164 3403 1236 qui
3462 1164 3615 1221 male
3662 1181 3733 1221 eo

2087 1254 2309 1309 abusus
2338 1257 2447 1320 est,
2479 1254 2581 1309 sed
2608 1253 2695 1308 illi
2727 1253 2830 1316 qui
2861 1252 3012 1308 malo
3063 1253 3240 1309 etiam
3295 1269 3458 1309 servo
3507 1258 3732 1310 naturas

2088 1342 2309 1398 bonum
2341 1342 2566 1398 tribuit.

2159 1433 2344 1503 (Vers.
2374 1432 2488 1503 30.)
2524 1454 2544 1481 α
2580 1431 2651 1486 Et
2672 1429 2942 1485 inutilem
2992 1447 3223 1486 servum
3255 1430 3448 1503 ejicite
3479 1431 3539 1486 in
3568 1436 3733 1488 tene-

2088 1521 2225 1577 bras
2254 1520 2600 1587 exteriores;
2655 1519 2771 1574 illic
2820 1519 2931 1574 erit
2986 1519 3157 1575 ﬂetus
3213 1525 3270 1575 et
3325 1520 3544 1576 stridor
3589 1521 3732 1577 den-

2089 1610 2258 1664 tium.
2289 1632 2317 1659 ››
2354 1609 2634 1664 Dominus
2664 1608 2864 1664 lumen
2894 1612 3014 1675 est;
3051 1610 3151 1679 qui
3181 1608 3254 1664 ab
3303 1625 3369 1664 eo
3408 1609 3563 1664 foras
3595 1608 3733 1663 mit-

2088 1699 2253 1763 titur,
2286 1702 2441 1753 caret
2469 1714 2602 1753 vero
2634 1697 2875 1753 lumine.
2912 1696 3060 1764 Quid
3111 1697 3189 1752 sit
3237 1702 3435 1754 autem
3478 1697 3648 1754 ﬂetus
3675 1702 3735 1754 et

2090 1787 2306 1843 stridor
2334 1786 2622 1853 dentium,
2657 1803 2836 1858 supra
2866 1786 3145 1842 diximus.

2156 1876 2342 1946 (Vers.
2373 1877 2436 1930 31
2471 1876 2618 1947 seq.)
2651 1898 2679 1927 ‹‹
2727 1875 2868 1951 Cum
2916 1879 3112 1931 autem
3160 1876 3384 1931 venerit
3415 1876 3595 1933 Filius
3627 1877 3736 1932 ho-

2092 1965 2264 2021 minis
2293 1966 2349 2019 in
2383 1965 2689 2035 majestate
2718 1981 2847 2029 sua,
2875 1968 2931 2019 et
2979 1981 3184 2020 omnes
3227 1963 3419 2037 angeli
3465 1981 3598 2020 cum
3623 1982 3732 2022 eo:

2085 2062 2227 2110 tunc
2257 2053 2483 2110 sedebit
2512 2070 2690 2125 super
2731 2054 2930 2109 sedem
2982 2053 3307 2125 majestatis
3336 2071 3479 2126 sum,
3507 2059 3564 2109 et
3591 2072 3734 2111 con-

2086 2145 2484 2216 gregabuntur
2509 2149 2643 2199 ante
2668 2159 2803 2199 eum
2833 2159 3038 2198 omnes
3068 2147 3271 2215 gentes
3296 2160 3309 2200 :
3343 2147 3403 2198 et
3430 2145 3733 2215 separabit

2086 2249 2184 2288 ros
2215 2233 2286 2288 ab
2316 2231 2750 2299 invicem,sicut
2770 2237 2969 2304 pastor
2987 2236 3255 2304 segregat
3275 2248 3409 2288 oves
3431 2233 3502 2288 ab
3525 2232 3732 2290 haedis.

2086 2322 2153 2376 Et
2178 2325 2395 2377 statuet
2424 2337 2557 2377 oves
2590 2322 2743 2377 209
2791 2320 3028 2392 quidem
3080 2339 3114 2376 a
3159 2322 3383 2378 dextris
3440 2322 3731 2389 suis,hm-

2084 2410 2191 2466 dos
2222 2414 2415 2465 autem
2440 2426 2472 2465 a
2493 2409 2768 2465 sinistris.
2805 2410 2968 2464 Tunc
2989 2409 3142 2464 dicet
3161 2426 3260 2465 rex
3278 2409 3371 2465 his
3402 2410 3504 2482 qui
3536 2428 3570 2465 a
3599 2411 3738 2467 dex-

2082 2499 2191 2554 tris
2212 2500 2340 2569 ejus
2361 2502 2552 2554 erunt.
2588 2520 2617 2548 »
2648 2498 2787 2555 Post
2826 2498 3071 2553 biduum
3103 2498 3327 2555 Pascha
3358 2499 3638 2568 facturus,
3677 2506 3737 2557 et

2084 2587 2403 2643 tradendus
2444 2587 2627 2653 cruci,
2661 2592 2718 2642 et
2760 2586 3100 2642 illudendus
3156 2588 3228 2643 ab
3261 2587 3640 2657 hominibus;
3673 2594 3735 2645 et

2085 2680 2244 2732 aceto
2287 2692 2353 2732 ac
2404 2675 2532 2731 felle
2578 2677 2893 2747 potandus,
2926 2679 3080 2731 recte
3137 2676 3439 2748 praemittit
3479 2676 3730 2748 gloriam

2084 2764 2528 2836 triumphantis,
2560 2768 2625 2819 ut
2653 2769 2931 2819 secutura
2961 2764 3261 2835 scandala,
3285 2765 3733 2836 pollicitationis

2085 2853 2320 2927 prmmio
2351 2856 2774 2925 compensaret.
2827 2853 2897 2908 Et
2945 2853 3267 2909 notandum
3329 2855 3484 2925 quod
3534 2855 3730 2927 quiin

2085 2943 2391 3013 majestate
2420 2941 2748 3006 cernendus
2777 2945 2883 3006 est,
2918 2940 3099 2998 Filius
3129 2942 3386 2998 hominis
3417 2942 3512 2998 sit.
3540 2944 3734 3008 Quod-

2084 3047 2197 3102 que
2224 3030 2525 3102 sequitur:
2558 3029 2769 3085 Statuet
2813 3046 2934 3086 oves
2981 3030 3200 3101 quidem
3254 3049 3289 3087 a
3341 3031 3559 3089 dextris
3587 3036 3727 3101 suis,

2085 3119 2265 3177 turdos
2295 3123 2477 3174 autem
2506 3136 2542 3175 a
2572 3118 2836 3184 sinistris,
2861 3119 3033 3188 juxta
3061 3119 3206 3174 illud
3251 3119 3532 3192 intellige,
3566 3122 3723 3193 quod

2006 3194 2048 3260 C
2088 3209 2225 3263 alibi
2255 3209 2401 3280 legis
2426 3226 2438 3263 :
2475 3210 2583 3264 Cor
2609 3210 2873 3279 sapientis
2904 3210 2968 3262 in
2996 3207 3196 3265 dextra
3221 3210 3428 3271 eiusat
3451 3227 3544 3266 cor
3570 3211 3732 3267 stulti

2088 3300 2149 3353 in.
2176 3300 2406 3353 sinistra
2434 3298 2592 3352 illius
2623 3299 2816 3368 (Eecte.
2850 3315 2908 3363 x,
2937 3298 3014 3369 2).
3048 3298 3117 3353 Et
3163 3315 3343 3370 supra
3385 3299 3443 3354 in
3492 3299 3605 3356 hoc
3630 3316 3730 3356 eo-

2088 3387 2220 3441 dem
2263 3385 2608 3457 Evangelio:
2663 3387 2878 3441 Nesciet
2924 3388 3156 3442 sinistra
3213 3392 3312 3443 tua
3362 3389 3505 3460 quid
3558 3390 3735 3460 faciat

2088 3474 2310 3530 dextera
2338 3478 2431 3529 tua
2461 3474 2668 3544 (Matth.
2693 3492 2770 3543 v1,
2824 3476 2900 3543 3).
2936 3476 3083 3532 Oves
3137 3475 3197 3531 in
3246 3480 3408 3548 parte
3428 3478 3734 3549 justorum

2089 3568 2242 3619 stare
2265 3564 2552 3634 jubentur
2581 3563 2651 3619 ad
2685 3564 2984 3620 dexteram
3010 3582 3021 3618 :
3057 3564 3227 3633 haedi,
3259 3564 3369 3622 hoc
3398 3571 3508 3633 est,
3540 3583 3743 3639 pecca-

2087 3656 2262 3721 tores,
2297 3652 2369 3707 ad
2400 3651 2724 3719 sinistram,
2759 3652 2862 3722 qui
2912 3669 3145 3725 semper
3172 3670 3276 3726 pro
3333 3659 3567 3726 peccato
3599 3655 3740 3711 offe-

2093 3745 2301 3796 runtur
2331 3741 2390 3795 in
2421 3741 2567 3813 Lege
2598 3741 2790 3811 (Exod.
2824 3759 2926 3812 x11,
2978 3743 3054 3811 5).
3112 3742 3226 3798 Nec
3281 3742 3444 3813 dixit,
3505 3760 3738 3816 capras,

2092 3847 2218 3902 quas
2250 3834 2497 3902 possunt
2546 3829 2760 3885 habere
2806 3831 2979 3895 fetus,
3013 3835 3070 3886 et
3125 3835 3306 3887 tonsae
3354 3833 3742 3904 egrediuntur

2091 3919 2162 3973 de
2192 3917 2440 3985 lavacro,
2462 3934 2665 3973 omnes
2686 3917 2952 3990 gemellis
2974 3918 3209 3987 fetibus,
3242 3924 3299 3975 et
3326 3919 3542 3977 sterilis
3574 3921 3741 3977 nulla

2094 4006 2243 4061 inter
2269 4022 2366 4062 eas
2393 4005 2580 4078 (Cant.
2614 4023 2691 4070 1v,
2726 4007 2777 4073 1,
2801 4007 2896 4073 2);
2930 4006 3031 4062 sed
3058 4006 3274 4074 haedos,
3297 4006 3581 4064 lascivum
3615 4008 3741 4063 ani-

2094 4094 2210 4150 mal
2240 4098 2297 4150 et
2328 4093 2649 4166 petulcum,
2682 4098 2740 4151 et
2768 4095 2996 4151 fervens
3026 4111 3259 4167 semper
3288 4097 3361 4151 ad
3392 4100 3637 4152 coitum.

2164 4202 2351 4271 (Vers.
2382 4202 2449 4255 34
2483 4200 2631 4273 seq.)
2666 4224 2693 4251 ‹‹
2746 4201 2972 4271 Venite,
3022 4201 3311 4258 benedicti
3374 4204 3559 4259 Patris
3601 4203 3742 4274 mei,

2094 4290 2391 4362 possidete
2420 4295 2691 4360 paratum
2735 4290 2899 4346 vobis
2957 4307 3206 4363 regnum
3248 4309 3281 4347 a
3326 4292 3745 4350 constitutione

2097 4377 2323 4434 mundi.
2353 4379 2579 4433 Esurivi
2611 4379 2790 4445 enim,
2825 4384 2883 4434 et
2911 4379 3156 4436 dedistis
3184 4380 3330 4435 mihi
3359 4382 3737 4438 manducare.

2094 4467 2345 4534 Sitivi,et
2377 4468 2623 4524 dedistis
2645 4467 2793 4524 mihi
2817 4468 3037 4524 bibere.
3072 4468 3295 4541 Hospes
3325 4486 3506 4538 eram,
3540 4475 3600 4526 et
3628 4469 3745 4527 col-

335 4559 435 4615 ubi
461 4574 573 4615 non
600 4558 874 4630 sparsisti,
922 4554 1331 4626 intelligimus,
1363 4557 1540 4613 etiam
1586 4556 1896 4628 gentilium
1927 4559 1985 4611 et
2013 4562 2059 4625 1)
2089 4556 2320 4628 legistis
2352 4573 2464 4612 me.
2501 4557 2729 4628 Nudus,
2763 4562 2820 4613 et
2850 4557 3166 4629 operuistis
3196 4575 3309 4614 me.
3355 4559 3655 4629 Infirmus,
3688 4562 3750 4615 et

336 4647 818 4720 philosophorum
853 4645 1065 4700 bonam
1096 4644 1277 4698 vitam
1303 4643 1559 4715 recipere
1590 4644 1986 4711 Dominum,et

338 4734 505 4791 aliter
532 4736 747 4792 habere
777 4751 877 4791 eos
907 4731 1393 4806 quijuste,aliter
1408 4733 1509 4803 qui
1538 4733 1755 4803 injuste
1786 4738 1983 4805 agant,

336 4827 393 4878 et
420 4826 493 4880 ad
515 4825 1012 4897 comparationem
1033 4823 1162 4893 ejus
1185 4820 1281 4893 qui
1318 4820 1569 4875 naturali
1601 4820 1715 4892 legi
1747 4822 1980 4893 serviat,

336 4913 713 4969 condemnari
746 4930 845 4969 eos
875 4912 975 4986 qui
1006 4912 1285 4983 scriptam
1317 4909 1503 4982 legem
1536 4909 1855 4982 negligant.

411 5017 598 5089 (Vera.
629 5019 744 5089 29.)
795 5041 822 5069 «
883 5018 1054 5073 Omni
1110 5016 1266 5073 enim
1328 5015 1565 5070 habenti
1614 5015 1868 5084 dabitur,
1930 5020 1985 5072 et

336 5106 695 5162 abundabit:
730 5107 781 5162 ei
813 5111 1009 5163 autem
1039 5106 1141 5178 qui
1173 5122 1287 5161 non
1332 5104 1531 5172 habet,
1555 5108 1613 5160 et
1637 5105 1790 5176 quod
1822 5106 1982 5161 vide-

337 5198 435 5250 tur
462 5195 695 5266 habere,
728 5194 1025 5250 auferetur
1054 5195 1125 5249 ab
1156 5210 1242 5249 eo.
1271 5216 1298 5243 »
1324 5192 1493 5249 Multi
1524 5210 1658 5248 cum
1690 5194 1981 5267 sapientes

336 5282 455 5338 sint
502 5282 867 5346 naturaliter,
901 5287 957 5338 et
1012 5282 1264 5338 habeant
1320 5299 1565 5339 acumen
1630 5283 1871 5356 ingenii,
1932 5284 1981 5340 si

337 5371 554 5427 fuerint
582 5371 963 5445 negligentes,
986 5374 1043 5425 et
1073 5370 1300 5425 desidia
1349 5372 1569 5426 bonum
1600 5377 1822 5427 natura:
1853 5389 1978 5428 cor-

332 5461 622 5532 ruperint,
657 5461 728 5515 ad
785 5448 1282 5531 comparatipne‘m
1339 5461 1466 5531 ejus
1525 5461 1625 5533 qui
1673 5461 1981 5533 paululum

340 5548 802 5618 tardior,labore
828 5555 885 5605 et
913 5549 1204 5604 industria
1244 5550 1642 5621 compensavit
1684 5551 1839 5622 quod
1870 5550 1979 5606 mi-

337 5656 451 5701 nus
475 5638 702 5709 habuit,
734 5638 988 5716 perdunt
1030 5638 1252 5696 bonum
1300 5642 1546 5711 naturas,
1575 5643 1631 5697 et
1670 5639 1976 5723 praemium

2094 4645 2379 4701 visitastis
2408 4661 2520 4701 me.
2554 4645 2618 4701 In
2658 4662 2886 4701 carcere
2934 4663 3114 4718 eram,
3138 4651 3194 4703 et
3221 4647 3464 4704 venistis
3506 4649 3581 4703 ad
3632 4665 3746 4704 me.

2092 4733 2253 4788 Tunc
2310 4733 2753 4805 respondebunt
2801 4734 2851 4789 ei
2903 4735 3075 4805 justi,
3130 4735 3426 4792 dicentes:
3482 4737 3744 4805 Domine,

2093 4823 2326 4894 quando
2356 4827 2411 4877 te
2442 4823 2699 4879 vidimus
2731 4823 3110 4888 esurientem,
3142 4829 3202 4880 et
3244 4826 3512 4896 pavimus
3542 4832 3628 4882 te:
3663 4826 3746 4881 si-

2094 4912 2354 4980 tientem,
2384 4916 2443 4967 et
2474 4912 2746 4967 dedimus
2777 4912 2880 4967 tibi
2904 4913 3107 4984 potum
3129 4913 3156 4968 ?
3187 4914 3429 4980 Quando
3459 4919 3659 4972 autem
3688 4920 3748 4972 te

2090 5000 2349 5056 vidimus
2377 5000 2689 5071 hospitem,
2723 5005 2780 5055 et
2808 5000 3153 5072 collegimus
3193 5007 3288 5069 te;
3335 5007 3438 5058 aut
3491 5004 3747 5071 nudum,

2091 5093 2149 5145 et
2178 5089 2588 5161 cuoperuimus
2618 5093 2709 5144 te:
2742 5094 2843 5145 aut
2891 5091 3125 5162 quando
3174 5096 3231 5147 te
3277 5090 3536 5148 vidimus
3574 5092 3748 5148 inﬁr-

2093 5194 2277 5243 mum,
2313 5181 2416 5232 aut
2444 5176 2504 5232 in
2537 5183 2853 5246 carcere,et
2881 5179 3147 5235 venimus
3178 5181 3248 5235 ad
3282 5183 3337 5236 te
3357 5179 3386 5235 ?
3407 5181 3478 5237 Et
3514 5197 3757 5254 respon-

2091 5266 2235 5322 dens
2265 5282 2383 5333 rex,
2420 5266 2575 5321 dicet
2604 5264 2741 5321 illis.
2778 5288 2805 5315 ››
2836 5270 2955 5322 Hoc
2983 5268 3155 5337 juxta
3184 5268 3613 5341 praescientiam
3648 5270 3756 5327 Dei

2090 5354 2520 5426 accipiendum,
2554 5355 2707 5426 apud
2739 5370 2915 5426 quem
2936 5352 3145 5411 futura
3166 5357 3292 5428 jam
3324 5357 3478 5413 facta
3505 5363 3678 5415 sunt.

2162 5464 2347 5534 (Vers.
2380 5462 2699 5531 40,·41.)‹‹
2752 5468 2939 5518 Amen
2999 5462 3128 5529 dico
3185 5464 3388 5520 vobis:
3446 5466 3736 5537 quamdiu

2090 5552 2193 5624 [AL
2228 5551 2485 5625 quando]
2519 5550 2736 5607 fecistis
2767 5550 2865 5605 uni
2895 5551 2967 5607 de
2998 5551 3092 5607 his
3137 5552 3419 5610 fratribus
3450 5555 3600 5611 meis
3633 5556 3745 5612 mi-

2089 5640 2440 5714 nimis,mihi
2459 5638 2873 5698 fecistis.Tunc
2897 5640 3050 5698 dicet
3070 5644 3127 5698 et
3156 5640 3249 5701 his
3280 5643 3384 5718 qui
3412 5660 3447 5704 α
3476 5643 3739 5706 sinistris
