4058 6190
343 322 458 382 199

1579 311 1646 372 S.
1690 310 2008 374 EUSEBII
2051 310 2498 376 HIERONYMI

3627 309 3754 372 200

340 454 529 527 ipsius
561 445 976 505 recumbentis.
1012 465 1040 495 »
1071 443 1250 499 Nemo
1308 446 1473 516 putet
1528 445 1796 500 eamdem
1858 460 1984 500 esse
2014 449 2068 514 Α
2098 446 2410 518 Apostolus
2443 446 2525 502 ait
2553 464 2571 500 :
2602 448 2675 500 Et
2703 445 2754 500 si
2783 460 3106 500 noveramus
3142 446 3325 500 Iesum
3357 443 3632 499 Christum
3665 459 3751 499 se-

343 561 468 615 quaa
501 555 676 610 super
705 540 881 608 caput
912 534 1117 590 effudit
1175 536 1538 604 unguentum
1572 535 1611 602 ¹,
1647 537 1702 588 et
1734 550 1861 604 quae
1893 550 1992 587 su-

339 649 443 705 per
475 629 652 702 pedes
681 627 812 682 Luc.
871 642 969 689 vu,
1009 623 1224 694 37-46).
1262 622 1364 678 Illa
1419 623 1575 678 enim
1609 626 1665 676 et
1718 621 1992 692 lacrymis

339 721 514 786 lavat,
547 720 604 773 et
633 715 789 771 crine
819 713 1010 786 tergit,
1044 716 1100 768 et
1129 710 1440 766 manifeste
1495 711 1768 766 meretrix
1795 711 1993 783 appel-

337 810 512 866 latur.
547 811 624 861 De
654 806 762 860 hac
792 807 986 859 autem
1019 800 1165 856 nihil
1216 800 1329 855 tale
1389 800 1674 870 scriptum
1734 805 1844 855 est.
1877 800 1993 855 Nec

337 898 491 954 enim
525 896 749 968 poterat
781 891 980 948 statim
1012 889 1202 961 capite
1233 887 1465 944 Domini
1509 889 1784 945 meretrix
1815 889 1992 962 digna

338 987 484 1043 ﬁeri.
511 983 675 1038 Alius
706 980 1063 1052 evangelista
1092 994 1194 1050 pro
1227 977 1518 1034 alabastro
1551 979 1834 1051 unguenti
1867 995 1991 1050 pre-

338 1076 471 1133 tiosi
503 1073 682 1146 (quod
713 1087 898 1143 genus
926 1071 1015 1124 est
1044 1066 1397 1138 marmoris),
1438 1069 1688 1122 nardum
1719 1068 1990 1139 pisticam

335 1165 534 1238 posuit
577 1163 754 1234 (Joan.
804 1176 902 1214 xu.
952 1159 1028 1229 3),
1084 1157 1192 1212 hoc
1245 1161 1352 1225 est,
1408 1171 1606 1212 veram
1659 1161 1716 1212 et
1768 1157 1990 1228 absque

336 1255 467 1310 dolo
500 1256 566 1308 ut
595 1251 770 1306 ﬁdem
800 1247 1066 1303 Ecclesiae
1098 1250 1155 1300 et
1210 1245 1475 1318 gentium
1537 1247 1987 1302 demonstraret.

408 1345 596 1415 (Vers.
628 1341 682 1406 8,
713 1339 793 1408 9.)
824 1362 851 1387 «
910 1336 1192 1390 Videntes
1223 1340 1417 1389 autem
1471 1335 1770 1406 discipuli,
1837 1335 1989 1389 indi-

339 1432 500 1505 gnati
532 1433 689 1497 sunt,
710 1427 969 1482 dicentes
1003 1442 1015 1479 :
1051 1424 1123 1479 Ut
1149 1423 1287 1495 quid
1322 1423 1567 1495 perditio
1601 1423 1767 1478 hac?
1797 1423 1992 1478 Potuit

338 1522 494 1577 enim
517 1519 673 1575 istud
705 1514 1026 1572 venundari
1059 1512 1264 1578 multo,
1299 1517 1353 1567 ct
1385 1513 1508 1567 dari
1541 1511 1923 1583 pauperibus.
1958 1534 1987 1560 ››

338 1611 467 1666 Scio
498 1608 785 1681 quosdam
818 1605 975 1659 hunc
1007 1603 1198 1657 locum
1232 1601 1604 1669 calumniari,
1627 1617 1807 1672 quare
1839 1601 1990 1656 alius

337 1697 696 1770 evangelista
723 1695 753 1750 J
764 1693 939 1749 udam
973 1690 1164 1746 solum
1215 1691 1425 1746 dixerit
1455 1690 1888 1760 contristatum,
1923 1706 1988 1745 eo

338 1789 492 1861 quod
544 1784 764 1840 loculos
795 1782 1064 1850 tenuerit,
1115 1784 1172 1835 et
1218 1780 1310 1834 fur
1359 1781 1429 1834 ab
1480 1779 1644 1834 initio
1698 1779 1890 1846 fuerit,
1933 1782 1990 1835 et

337 1877 645 1932 Matthaus
675 1873 894 1929 scribat
925 1886 1127 1925 omnes
1160 1869 1455 1941 apostolos
1495 1869 1849 1941 indignatos,
1883 1885 1984 1923 ne-

333 1968 582 2024 scientes
615 1967 872 2034 tropum,
906 1960 1003 2031 qui
1036 1963 1275 2014 vocatur
1306 1954 1581 2029 σύλληψις
1608 1959 1648 2029 2,
1673 1957 1761 2013 vel
1793 1974 1984 2029 synec-

332 2057 494 2113 doche
523 2071 536 2109 :
567 2069 681 2125 quo
713 2055 769 2106 et
798 2068 900 2122 pro
942 2065 1058 2103 uno
1089 2063 1315 2113 omnes,
1367 2051 1423 2100 et
1454 2063 1557 2118 pro
1591 2045 1794 2102 multis
1829 2062 1984 2101 unus

333 2143 613 2218 appellari
646 2140 847 2196 soleat.
898 2139 1045 2194 Nam
1103 2141 1159 2192 et
1213 2135 1431 2191 Paulus
1477 2136 1537 2190 in
1587 2134 1848 2207 Epistola
1879 2152 1986 2192 sua

335 2251 462 2306 quae
495 2230 772 2288 scribitur
795 2229 866 2282 ad
901 2228 1168 2282 Hebrzeos
1187 2225 1341 2297 (licet
1363 2226 1433 2279 de
1456 2242 1520 2280 cn
1553 2224 1722 2279 multi
1755 2224 1983 2279 Latino-

329 2339 461 2378 rum
489 2319 947 2388 dubitent.),cum
973 2319 1314 2370 sanctorum
1339 2315 1684 2384 passionnes
1706 2313 1985 2368 etmerita

327 2409 754 2482 descripsisset,
787 2404 986 2460 intulit
1044 2423 1058 2457 :
1119 2403 1373 2475 Lapidati
1404 2407 1554 2472 sunt,
1606 2403 1804 2458 tentati
1831 2405 1979 2470 sunt,

327 2503 460 2556 secti
508 2499 616 2569 [AL
649 2495 868 2563 serrati]
907 2497 1052 2560 sunt,
1112 2495 1173 2548 in
1229 2495 1498 2549 occisione
1553 2492 1727 2562 gladii
1781 2493 1984 2546 mortui

325 2597 456 2644 sunt
481 2588 664 2657 (Hebr.
697 2602 774 2652 x1,
806 2584 918 2654 37),
945 2599 1077 2637 cum
1105 2599 1290 2636 unum
1327 2582 1733 2636 tantummodo
1767 2581 1978 2635 Isaiam

329 2677 675 2748 Prophetam
707 2677 932 2728 sectum
962 2671 1151 2726 Judaei
1203 2675 1532 2725 autument.
1570 2674 1893 2724 Possumus
1926 2673 1983 2722 et

329 2765 496 2821 aliter
526 2764 732 2832 dicere,
769 2762 923 2833 quod
959 2759 1208 2832 apostoli
1241 2775 1392 2828 vere,
1429 2762 1666 2830 propter
1696 2773 1982 2829 pauperes

328 2854 617 2928 indignati
647 2853 800 2910 213
834 2851 953 2906 sint
991 2867 1004 2903 :
1036 2849 1220 2904 Judas
1277 2851 1474 2903 autem
1535 2851 1769 2918 propter
1818 2845 1981 2900 lucra

329 2962 456 3001 sua.
487 2943 649 2999 Unde
680 2947 735 2997 et
765 2937 1097 2995 mussitatio
1127 2938 1256 3008 ejus
1289 2953 1421 2991 cum
1456 2936 1699 2990 crimine
1723 2935 1976 3007 ponitur,

331 3034 485 3106 quod
518 3050 631 3088 non
664 3041 863 3086 Curam
889 3043 1212 3100 pauperum
1245 3025 1536 3095 habuerit,
1563 3025 1662 3080 sed
1689 3040 1794 3080 suo
1827 3025 1979 3079 furto

329 3122 576 3178 valuerit
606 3119 926 3191 providere.

2100 536 2338 590 cundum
2367 551 2611 603 carnem,
2645 535 2738 590 sed
2792 550 2938 590 nunc
2981 535 3104 606 jam
3158 551 3268 590 non
3322 533 3572 591 novimus
3623 549 3751 590 eum

2103 625 2174 693 (II
2202 624 2323 680 Cor.
2355 642 2408 691 γ,
2443 626 2550 697 16).
2685 677 2692 685 ,

2172 712 2357 785 (Vers.
2394 714 2505 785 12.)
2539 736 2566 763 «
2603 713 2838 770 Mittens
2867 712 3024 769 enim
3075 712 3197 767 haec
3244 716 3611 785 unguentum
3641 712 3753 769 hoc

2101 801 2160 855 in
2194 817 2404 873 corpus
2437 819 2654 871 meum,
2679 802 2751 856 ad
2786 801 3182 872 sepeliendum
3218 818 3310 856 me
3340 801 3496 857 fecit.
3522 823 3551 851 »
3583 803 3748 868 Quod

2098 905 2199 944 vos
2231 891 2451 961 putatis
2482 890 2870 962 perditionem
2901 907 3028 945 esse
3059 889 3631 962 unguenti,officium
3657 907 3748 946 se-

2101 977 2346 1046 pulturas
2376 983 2484 1034 est.
2528 979 2643 1034 Nec
2687 978 2903 1033 mirum
2943 978 2993 1036 si
3041 979 3185 1033 mihi
3231 977 3452 1034 bonum
3508 979 3748 1035 odorem

2101 1065 2230 1122 fidei
2265 1084 2385 1123 sum
2416 1067 2656 1138 dederit,
2682 1083 2816 1122 cum
2847 1083 2952 1139 ego
2984 1083 3086 1139 pro
3117 1083 3185 1123 ea
3205 1067 3445 1124 fusurus
3477 1067 3590 1124 sim
3613 1084 3752 1124 san-

2099 1155 2339 1226 guinem
2375 1172 2591 1211 meum.

2173 1245 2603 1317 (Vers.1214.)
2648 1268 2674 1295 ‹‹
2735 1250 2920 1300 Amen
2978 1247 3107 1301 dico
3164 1246 3348 1314 vobis,
3410 1245 3752 1319 ubicunque

2099 1334 2478 1406 praedicatum
2511 1335 2687 1390 fuerit
2716 1335 2824 1389 hoc
2853 1334 3229 1410 Evangelium
3261 1335 3320 1390 in
3354 1340 3476 1390 toto
3501 1336 3748 1402 mundo,

2099 1423 2325 1478 dicetur
2353 1429 2409 1479 et
2439 1424 2595 1496 quod
2628 1423 2747 1478 haec
2780 1423 2914 1479 fecit
2943 1424 3002 1479 in
3025 1424 3367 1480 memoriam
3400 1425 3548 1495 ejus.
3584 1425 3751 1479 Tunc

2099 1512 2243 1567 abiit
2273 1530 2424 1568 unus
2455 1513 2524 1567 de
2554 1513 2884 1580 duodecim,
2917 1513 3017 1584 qui
3047 1513 3348 1569 dicebatur
3374 1513 3562 1569 Judas
3592 1517 3751 1569 Isca-

2098 1600 2281 1669 riotis,
2317 1603 2387 1656 ad
2423 1602 2713 1674 principes
2745 1601 3134 1658 sacerdotum.
3171 1624 3198 1650 ››
3232 1603 3296 1656 In
3345 1607 3464 1658 toto
3523 1603 3747 1658 mundo

2099 1707 2212 1745 non
2245 1695 2365 1745 tam
2399 1690 2612 1746 mulier
2639 1691 2772 1758 ista,
2831 1708 3009 1763 quam
3067 1690 3324 1746 Ecclesia
3373 1691 3746 1764 praedicatur,

2020 1824 2068 1889 Β
2100 1780 2254 1851 quod
2279 1779 2568 1852 sepelierit
2588 1779 3125 1852 Salvatorem,quod
3148 1780 3377 1836 unxerit
3397 1786 3573 1852 caput
3594 1781 3749 1852 ejus.

2100 1872 2167 1924 Et
2197 1869 2430 1926 attende
2463 1869 2730 1924 notitiam
2762 1869 3278 1939 futurorum,quod
3311 1885 3594 1941 passurus
3619 1873 3754 1942 post

2095 1957 2342 2013 biduum
2376 1963 2432 2013 et
2481 1959 2822 2029 moriturns,
2874 1958 3024 2014 sciat
3066 1957 3444 2030 Evangelium
3476 1975 3654 2014 suum
3688 1958 3749 2013 in

2095 2050 2216 2102 toto
2247 2049 2384 2102 orbe
2415 2046 2850 2102 celebrandum.

2167 2135 2353 2208 (Vers.
2388 2138 2499 2207 15.)
2535 2159 2562 2186 ‹‹
2592 2137 2661 2191 Et
2691 2136 2773 2192 ait
2820 2135 2939 2192 illis
2974 2153 2988 2191 :
3021 2136 3167 2200 Quid
3200 2136 3380 2192 vultis
3406 2135 3552 2190 mihi
3584 2137 3744 2207 dare,

2093 2228 2149 2280 et
2179 2241 2284 2298 ego
2315 2225 2476 2281 vobis
2498 2242 2632 2281 eum
2664 2226 2890 2281 tradam
2921 2248 2948 2276 »
2968 2225 3219 2280 ?Infelix
3245 2224 3747 2293 Judas,damnum

2094 2315 2247 2386 quod
2293 2331 2360 2369 ex
2410 2313 2691 2370 effusione
2741 2313 3023 2384 unguenti
3074 2331 3136 2369 se
3192 2312 3399 2369 fecisse
3454 2313 3751 2380 credebat,

2092 2403 2214 2459 vult
2244 2403 2510 2475 magistri
2535 2403 2717 2474 pretio
2748 2419 3148 2475 compensare.
3169 2402 3283 2458 Nec
3302 2407 3519 2458 certam
3549 2408 3748 2458 tamen

2092 2491 2351 2563 postulat
2384 2496 2776 2562 summam,ut
2802 2490 3010 2547 saltem
3041 2489 3273 2546 lucrosa
3302 2491 3598 2546 videretur
3618 2507 3746 2562 pro-

2092 2581 2233 2635 ditio
2263 2581 2306 2648 ³,
2338 2581 2437 2635 sed
2484 2581 2650 2651 quasi
2691 2579 2800 2634 vile
2849 2580 3085 2635 tradens
3135 2579 3519 2651 mancipium,
3551 2579 3611 2634 in
3644 2597 3748 2652 po-

2091 2674 2295 2725 testate
2329 2668 2650 2724 ementium
2684 2667 2881 2739 posuit
2912 2671 3195 2740 quantum
3229 2667 3443 2723 vellent
3476 2669 3633 2724 dare.

2161 2759 2314 2814 214
2347 2758 2524 2829 (Vers.
2561 2757 2673 2828 46.)
2714 2779 2742 2806 ‹‹
2774 2759 2846 2810 At
2902 2757 2987 2811 illi
3047 2757 3478 2813 constituerunt
3524 2757 3575 2812 ei
3643 2759 3750 2813 tri-

2089 2848 2252 2920 ginta
2283 2851 2587 2918 argenteos
2626 2848 2666 2900 ‘.
2720 2846 2790 2900 Et
2819 2845 3034 2901 exinde
3067 2846 3350 2917 querebat
3396 2847 3748 2918 opportuni-

2087 2941 2269 2992 tatem
2304 2939 2368 2990 ut
2398 2952 2533 2990 eum
2580 2935 2856 2991 traderet.
2893 2956 2921 2983 »
2950 2934 3168 3006 Joseph
3227 2935 3248 2967 ⁸
3307 2951 3442 3006 non,
3478 2940 3542 2990 ut
3571 2934 3745 2990 multi

2089 3028 2320 3098 putant,
2349 3026 2518 3095 juxta
2547 3023 2930 3096 Septuaginta
2969 3017 3338 3095 Interprete‘s,
3398 3022 3606 3096 viginti
3637 3040 3744 3079 au-

2090 3115 2203 3170 reis
2235 3113 2506 3170 venditus
2536 3117 2643 3184 est,
2690 3113 2792 3168 sed
2841 3113 3012 3184 juxta
3044 3111 3383 3168 Hebraicam
3415 3112 3748 3183 veritatem,

404 3209 712 3279 (Vers.10,
751 3208 858 3273 11.)
918 3227 946 3254 ‹‹
993 3205 1199 3261 Sciens
1250 3208 1448 3260 autem
1508 3204 1702 3268 Jesus,
1762 3203 1842 3258 ait
1898 3202 1981 3258 illi
2013 3195 2054 3261 C
2094 3203 2298 3276 viginti
2359 3202 2685 3274 argenteis;
2720 3217 2909 3274 neque
2966 3202 3119 3257 enim
3181 3202 3492 3274 pretiosior
3520 3205 3751 3274 poterat

333 3299 481 3364 Quid
516 3295 746 3352 molesti
772 3294 912 3350 estis
935 3292 1072 3348 huic
1106 3292 1380 3347 mulieri?
1402 3292 1561 3364 Opus
1584 3292 1738 3346 enim
1763 3293 1984 3347 bonum

333 3392 572 3462 operata
592 3391 681 3442 est
722 3385 780 3439 in
814 3398 926 3438 me.
960 3382 1099 3436 Nam
1127 3397 1361 3452 semper
1379 3397 1666 3451 pauperes
1695 3380 1986 3435 habebitis

327 3477 656 3543 vobiscum,
691 3489 782 3528 me
813 3476 1013 3527 autem
1045 3486 1160 3525 non
1195 3484 1430 3540 semper
1459 3467 1771 3522 habebitis.
1793 3489 1820 3517 »
1857 3467 1988 3522 Alia

330 3565 591 3620 oboritur
621 3563 886 3634 quaestio,
920 3577 1100 3632 quare
1130 3558 1417 3614 Dominus
1449 3561 1581 3629 post
1609 3557 1984 3612 resurrectio-

327 3670 461 3709 nem
493 3652 705 3708 dixerit
735 3652 806 3706 ad
838 3648 1162 3722 discipulos
1198 3665 1211 3704 :
1246 3649 1376 3702 Ecce
1407 3662 1510 3718 ego
1539 3647 1834 3702 'vobiscum
1863 3663 1987 3700 sum

330 3758 503 3813 usque
554 3741 624 3795 ad
699 3740 1220 3795 consummationem
1279 3735 1474 3791 mundi
1529 3734 1736 3806 (Matth.
1792 3752 1983 3802 xxvm,

328 3832 420 3902 20)
447 3849 461 3899 ;
495 3834 552 3886 et
581 3846 694 3885 non
726 3828 1022 3900 loquatur,
1074 3843 1161 3882 me
1220 3833 1404 3880 autem
1431 3841 1542 3880 non
1581 3840 1794 3896 semper
1821 3825 1982 3880 habe-

328 3920 473 3976 bitis.
505 3919 613 3976 Sed
647 3918 792 3973 mihi
848 3917 1078 3972 videtur
1134 3915 1193 3970 in
1225 3914 1334 3969 hoc
1366 3913 1491 3970 loco
1545 3913 1616 3968 de
1675 3912 1985 3984 praesentia

327 4010 520 4065 dicere
554 4005 862 4079 corporali,
896 4005 1051 4077 quod
1085 4019 1462 4075 nequaquam
1494 4019 1626 4057 cum
1662 4002 1748 4056 eis
1781 4001 1860 4056 ita
1895 4002 1983 4055 fu-

328 4103 499 4155 turus
529 4099 605 4155 sit
635 4101 766 4172 post
823 4095 1332 4159 resurrectionem,
1392 4091 1684 4162 quomodo
1717 4107 1873 4145 nunc
1924 4090 1982 4145 in

326 4189 488 4243 omni
521 4188 786 4243 convictu
819 4190 876 4241 et
907 4182 1324 4239 familiaritate.
1387 4181 1567 4250 Cujus
1626 4179 1708 4235 rei
1761 4195 1986 4234 memor

412 4295 424 4327 ¹
460 4296 808 4364 Quanquam
843 4291 1110 4364 Origenis
1139 4290 1206 4364 in,
1230 4286 1612 4364 hunclocum
1653 4286 1982 4364 Datamen-_-

343 4365 494 4420 taria
522 4381 634 4418 non
649 4358 974 4434 superent,—
994 4363 1146 4417 hanc
1178 4363 1248 4416 de
1279 4358 1495 4432 duplici
1532 4358 1746 4434 femina
1768 4358 1983 4434 Christi

335 4436 596 4492 unctrice
626 4429 976 4490 sententiam
1013 4429 1424 4502 Hieronymum
1456 4448 1524 4485 ex
1553 4430 1797 4502 Origene
1838 4429 1980 4483 deli-

335 4510 528 4573 basse,
553 4506 755 4561 nullus
785 4505 1148 4559 dubitollaec
1169 4501 1325 4558 enim
1354 4519 1485 4556 vero
1516 4501 1825 4573 peculiaris
1852 4502 1980 4573 ejus

336 4580 532 4651 opinio
564 4578 696 4651 fuit,
728 4575 1056 4642 mulierem,
1100 4591 1226 4645 qure
1284 4574 1460 4651 pedes

337 4643 774 4723 peccatricem,‘
803 4664 928 4723 quae
983 4643 1134 4723 vero
1160 4643 1369 4723 caput__
1390 4648 1684 4716 unguento
1715 4643 1983 4723 _linierit,

336 4715 602 4777 sanctam
633 4715 925 4776 exstiti—sse
957 4735 970 4773 :
1006 4715 1268 4789 adeoque
1299 4715 1547 4789 alteram
1571 4715 1735 4789 apud
1794 4715 1983 4789 Simo-

335 4810 470 4847 nem
530 4791 924 4860 Pharisaeum,
1001 4787 1250 4845 alterum
1311 4788 1463 4860 apud
1498 4787 1823 4860 Simonem
1883 4788 1985 4860 Le-

335 4880 577 4934 prosum
638 4865 846 4934 debere
887 4857 1165 4934 intelligi,
1218 4860 1281 4934 In
1341 4857 1611 4934 Homiliis
1670 4858 1729 4912 in
1793 4859 1983 4934 Canti-

336 4929 472 4990 cum
504 4933 908 5005 canticorum,
941 4929 1108 5005 quas'
1144 4931 1346 5005 Latine
1389 4930 1770 5005 Hieronymus
1801 4929 1986 5005 expli-

337 5005 508 5074 cavit,
546 5005 699 5060 hom.
737 5007 787 5059 1.
823 5028 849 5054 «
883 5000 1156 5068 Oli-serva,
1186 5004 1395 5074 inquit,
1420 5000 1886 5074 diligenterquze
1917 5003 1987 5056 de

341 5072 572 5132 duabus
621 5091 798 5145 super
828 5080 1002 5146 caput
1051 5072 1270 5130 fuderit
1306 5073 1655 5146 Salvatori_s._
1685 5072 1985 5142 Siquidem

335 5146 626 5219 peccatrix
657 5143 833 5217 super
863 5143 1371 5219 pedes,et_ea4_qua3
1402 5160 1512 5198 non
1547 5143 1759 5198 dicitur
1788 5159 1986 5219 pecca-

340 5217 476 5282 trix,
507 5234 684 5290 super
714 5226 888 5288 caput
943 5219 1070 5290 ejus
1122 5217 1352 5290 fudisse
1406 5219 1784 5290 monstratur.
1848 5238 1876 5264 »
1919 5217 1989 5271 Et

338 5286 600 5344 Homilia
623 5286 880 5344 secunda
910 5286 1020 5344 sub
1054 5288 1312 5341 initium.
1361 5310 1386 5335 ‹‹
1424 5286 1704 5358 Loquitur
1736 5288 1988 5358 Evange-

337 5361 504 5428 lium,
540 5361 678 5432 quia
731 5361 889 5415 venit
924 5358 1415 5432 ,mulierjhabens
1465 5357 1823 5432 alabastrum
1875 5357 1986 5432 uin-

338 5429 739 5504 guenti'nardi
796 5431 988 5503 pistici
1041 5430 1278 5502 pretiosi
1313 5449 1346 5504 ,;_
1378 5447 1510 5504 _non
1543 5429 1644 5483 illa
1673 5429 1981 5504 peceatrix,

337 5499 438 5559 sed
499 5507 701 5559 sancta
766 5499 836 5558 de
897 5520 1012 5574 qua
1042 5499 1206 5557 nunc
1247 5501 1392 5556 mihi
1449 5517 1640 5574 sermo
1676 5499 1813 5555 ’est.
1857 5499 1986 5554 Scio

380 5575 554 5647 uippe
601 5579 812 5630 Lucam
872 5572 942 5629 de
999 5573 1362 5647 peccatrice,
1395 5572 1729 5647 Matthgium
1765 5587 1900 5647 vero
1931 5575 1989 5626 et

380 5592 554 5647 uippe
601 5592 812 5630 Lucam
872 5592 942 5629 ae
999 5592 1339 5646 pec-eamne,
1395 5592 1729 5628 Μαιιηωυῐῐι
1765 5592 1900 5626 vero
1931 5592 1986 5626 θι

333 5592 620 5704 ῗοειηηθῐη
653 5664 766 5702 non
799 5647 868 5701 de
899 5645 1217 5718 peiccatrice
1249 5645 1485 5718 dixisse.
1522 5666 1550 5694 »
1577 5643 1751 5718 Plura
1778 5641 1848 5696 de
1878 5642 1986 5699 hac

333 5720 462 5797 ejus
494 5718 783 5783 sententia
835 5713 918 5780 ad‘
963 5717 1084 5777 haec
1141 5717 1270 5794 ipsa
1300 5715 1426 5773 loca
1457 5713 1886 5795 congessimus.
1921 5718 1988 5773 Et

2097 3309 2224 3348 esse
2253 3309 2472 3362 servus,
2505 3308 2682 3362 quam
2716 3290 3021 3347 Dominus.

2167 3381 2349 3451 (Vers.
2389 3381 2498 3451 17.)
2523 3402 2550 3428 ‹‹
2588 3379 2781 3435 Prima
2811 3384 3006 3436 autem
3037 3379 3131 3435 die
3160 3395 3520 3452 azymorum,
3555 3395 3753 3436 acces-

2096 3473 2301 3524 serunt
2329 3467 2604 3540 discipuli
2638 3469 2709 3523 ad
2741 3469 2965 3537 Jesum,
3003 3467 3260 3524 dicentes
3294 3487 3307 3524 :
3343 3468 3451 3524 Ubi
3471 3469 3556 3524 vis
3582 3485 3752 3541 pare-

2094 3575 2226 3613 mus
2257 3557 2361 3612 tibi
2394 3557 2693 3613 comedere
2727 3557 2950 3613 Pascha
2981 3557 3009 3612 ?
3071 3580 3098 3607 »
3130 3557 3320 3613 Prima
3369 3559 3752 3630 Azymorum,

2095 3651 2302 3718 quarta
2331 3645 2559 3701 decima
2581 3645 2704 3701 dies
2733 3645 2954 3702 mensis
2977 3646 3152 3718 primi
3184 3646 3538 3718 est,quando
3559 3663 3752 3719 agnus

2095 3735 2456 3805 immolatur,
2491 3739 2549 3790 et
2584 3733 2724 3789 luna
2755 3733 3097 3806 plenissima
3149 3739 3259 3803 est,
3306 3739 3364 3790 et
3395 3736 3754 3792 fermentum

2095 3824 2371 3895 abjicitur
2407 3823 2597 3896 (Exod.
2633 3840 2738 3892 xu,
2769 3824 2918 3895 6,18,
2951 3823 3060 3895 19).
3097 3824 3252 3880 Inter
3281 3841 3379 3880 eos
3408 3828 3603 3880 autem
3633 3825 3753 3881 dis-

2092 3912 2317 3985 cipulos
2349 3913 2448 3984 qui
2482 3915 2853 3968 accesserunt
2882 3913 2953 3968 ad
3000 3913 3227 3980 Jesum,
3263 3913 3692 3986 interrogantes
3729 3931 3742 3968 :

2095 4003 2193 4059 Ubi
2242 4004 2319 4058 vis
2356 4018 2616 4074 paremus
2666 4002 2766 4056 tibt
2815 4002 3093 4058 comedere
3147 4003 3402 4058 Pascha?
3432 4007 3491 4058 et
3529 4003 3745 4059 Judam

2090 4092 2315 4156 aestimo
2346 4091 2528 4147 fuisse
2559 4090 2939 4162 proditorem.

2159 4179 2343 4252 (Vers.
2389 4180 2500 4250 18.)
2535 4201 2562 4228 ‹‹
2592 4181 2663 4234 At
2693 4179 2866 4236 Jesus
2899 4179 3043 4234 dixit
3075 4196 3087 4234 :
3125 4180 3204 4235 Ite
3255 4179 3314 4235 in
3347 4179 3641 4235 civitatem
3672 4180 3749 4234 ad

2091 4303 2222 4343 vero
2245 4302 2584 4357 quanquam
2605 4287 2987 4357 quaestionem
3009 4286 3410 4358 singularibus
3442 4287 3595 4341 inter
3615 4301 3745 4342 eru-

2092 4359 2244 4413 ditos
2279 4358 2442 4430 libris
2475 4359 2773 4429 agitatam,
2809 4357 2973 4430 nihil
3011 4358 3105 4413 hic
3135 4374 3446 4430 recoquere
3489 4357 3743 4425 intersit,

2089 4428 2533 4501 verisimillima’
2565 4433 2761 4483 tamen
2810 4429 2931 4485 1]th
2961 4428 3113 4501 ipsa,
3145 4428 3320 4500 quam
3353 4430 3745 4501 Hieronymus

2097 4502 2324 4574 probat,
2358 4500 2587 4574 videtur
2617 4501 2949 4574 sententia:
2984 4499 3048 4555 ut
3105 4499 3238 4556 licet
3287 4518 3440 4574 unus
3471 4499 3751 4574 idemque

1539 4571 1718 4627 averit
1747 4571 1981 4644 ChriSti,
2015 4579 2061 4643 D
2093 4571 2293 4629 Simon
2325 4576 2382 4626 et
2415 4571 2744 4644 Pharisaeus
2777 4575 2834 4626 et
2863 4572 3154 4644 Leprosus
3176 4572 3423 4644 putandi
3453 4571 3597 4644 sint,
3631 4587 3749 4644 non

2096 4661 2213 4699 una
2243 4648 2440 4698 tamen
2479 4643 3042 4715 eademquemulier
3093 4643 3289 4712 fuerit,
3349 4660 3476 4715 quae
3531 4643 3748 4699 Christi

2096 4715 2327 4771 unxerit
2356 4718 2531 4787 caput
2561 4718 2616 4787 et
2647 4712 2774 4785 quin
2805 4712 3010 4787 laverit
3041 4716 3236 4786 pedes.

2166 4789 2187 4820 ²
2216 4785 2442 4855 Victor,w
2463 4785 2639 4841 verba
2668 4787 2751 4841 vet
2781 4785 3113 4855 synecdoche
3142 4789 3312 4842 tacet.

2165 4861 2186 4891 ³
2218 4858 2362 4913 Rab.
2395 4859 2477 4930 vel
2508 4858 2702 4930 saltem
2733 4859 2885 4930 lucro
2915 4859 3249 4913 suaderetur
3274 4857 3530 4930 proditio.

2166 4931 2186 4964 ⁴
2218 4929 2483 4987 Notanda
2538 4927 2890 4984 Veronensis
2937 4927 3393 5001 Evangeliorum
3416 4927 3634 4985 codicis
3663 4927 3747 4984 le-

2097 5002 2230 5069 ctio,
2261 5006 2488 5056 statores
2531 5016 2635 5070 pro
2665 5007 2965 5072 argenteos.
3001 5000 3146 5056 Nam
3181 5006 3271 5057 est
3300 5000 3537 5072 quidem
3571 5017 3748 5055 num-

2100 5090 2231 5128 mus
2262 5077 2574 5142 argenteus
2611 5075 2831 5144 _stater,
2861 5071 3017 5126 idem
3049 5076 3223 5144 atque
3253 5071 3628 5128 Hebraeorum
3664 5071 3749 5127 si-

2097 5144 2221 5199 clus
2255 5141 2507 5214 quatuor
2537 5141 2735 5196 valens
2767 5143 2986 5198 Atticas
3046 5141 3360 5199 drachmas
3389 5162 3401 5212 ;
3435 5159 3637 5204 verum
3699 5146 3757 5197 et

2097 5216 2204 5270 hac
2235 5215 2363 5286 ipsa
2393 5215 2462 5268 de
2520 5230 2696 5268 causa
2733 5215 2944 5269 veteris
2993 5215 3400 5270 translationis
3457 5214 3757 5270 laudanda

2097 5285 2420 5375 diligentia,
2454 5301 2587 5340 cum
2612 5285 2932 5357 praesertim
2992 5287 3257 5342 absolute
3319 5287 3398 5342 sit
3425 5286 3484 5341 in
3535 5286 3751 5353 Graeco,

2101 5376 2534 5509 a‘oguédgferhs.
2594 5425 2990 5509 Ambrosium,
3024 5427 3126 5485 lib.
3185 5429 3250 5484 de
3277 5429 3504 5509 Joseph._
3535 5443 3661 5499 cap.
3697 5427 3752 5493 3,

2098 5502 2197 5572 qui
2229 5506 2284 5556 et
2317 5498 2540 5572 inialiis
2587 5498 3018 5572 exemplaribus
3056 5517 3167 5554 xxx
3197 5498 3509 5556 aureis'vel
3542 5498 3751 5572 argen-

2099 5569 2229 5642 teis,
2263 5572 2321 5627 in
2353 5571 2484 5627 aliis
2513 5588 2579 5642 xv
2606 5569 2690 5624 vel
2723 5569 2828 5624 xxv
2860 5587 2922 5626 se
2947 5571 3235 5628 invenisse
3280 5575 3484 5628 auctor
3512 5569 3751 5642 est.’Sic

2142 5640 2330 5716 neque
2377 5641 2689 5698 Czesarium
2709 5645 2785 5718 _In
2816 5643 3150 5718 A_ppendice
3181 5644 3324 5701 tomi
3353 5643 3402 5699 V
3431 5640 3748 5718 Augustini

2142 5661 2330 5716 uoque
2377 5661 2689 5698 uzesarlum
2724 5661 2785 5696 In
2816 5661 3150 5715 Appenalce
3181 5661 3204 5699 t

2096 5661 2376 5794 aperum,
2417 5729 2669 5774 sermon.
2702 5714 2791 5788 81,
2825 5712 2890 5773 de
2925 5718 3204 5795 Tempore.
