4058 6190
240 379 352 442 ΞΜ

713 376 1227 440 COMMENTAR.
1275 381 1351 440 IN
1401 381 1914 444 EVANGELIUM
1960 381 2343 443 MAT‘TH/El
2390 385 2536 443 LIB.
2584 385 2684 443 ιν.
2732 384 2906 444 CAP.
2951 387 3166 447 XXVI.

3529 389 3653 451 202

239 511 580 584 quemdam,
622 514 697 566 eL
730 509 903 567 dicite
931 510 1021 566 ei:
1075 511 1350 583 Magister
1395 512 1536 568 dicit
1564 530 1576 568 :
1631 514 1888 586 Tempus
1919 517 1972 581 Α
2003 514 2158 569 ditur
2186 515 2246 570 in
2278 515 2454 580 malo,
2491 515 2864 572 manifestius
2896 516 3108 588 arguit,
3140 521 3410 574 ettamen
3433 536 3649 580 nomen

236 617 440 656 meum
502 615 677 671 prope
734 605 862 654 est:
918 601 1074 671 apud
1117 605 1171 656 te
1203 601 1353 656 facio
1383 602 1606 656 Pascha
1638 619 1771 656 cum
1803 603 1892 656 di-

239 688 485 761 scipulis
535 688 704 744 meis.
742 710 769 737 n
802 705 1025 744 morem
1080 688 1308 745 Veteris
1355 690 1711 746 Testamenti
1748 708 1894 746 nova

240 778 544 849 Scriptura
586 781 904 832 conservat.
975 778 1318 847 Frequenter
1378 778 1661 851 legimus:
1739 780 1893 834 Dixit

239 868 341 922 ille
368 867 479 930 illi,
505 871 566 921 et
596 868 654 921 in
685 866 798 921 loco
828 865 924 921 illo
949 869 1000 920 et
1030 867 1154 934 illo;
1189 884 1304 935 quo
1357 868 1632 923 Hebraice
1679 867 1896 923 dicitur

243 971 494 1011 PBELONI
551 955 565 989 ί
611 970 818 1009 BLMONI
863 939 1093 1024 (um‘m
1154 941 1352 1022 ’3153),
1403 960 1458 1010 et
1507 943 1706 1013 tamen
1765 973 1892 1028 per-

243 1059 531 1100 sonarum
561 1043 936 1114 locorumque
965 1059 1081 1099 non
1134 1045 1370 1115 ponitur
1418 1062 1648 1102 nomen.
1691 1047 1754 1101 Ει
1803 1049 1892 1100 in-

241 1136 477 1188 venietis
530 1133 606 1187 ibi
653 1131 958 1203 quemdam,
1006 1137 1322 1204 portantem
1378 1135 1633 1203 lagonam
1707 1150 1886 1206 aquae.

241 1223 507 1286 Quorum
528 1221 744 1277 idcirco
773 1222 1055 1277 vocabula
1084 1223 1476 1293 praetermissa
1499 1228 1658 1293 sunt,
1694 1229 1758 1278 ut
1773 1241 1894 1278 om-

243 1311 426 1366 nibus
452 1309 553 1382 qui
584 1309 806 1365 Pascha
853 1310 1062 1365 facturi
1121 1315 1280 1380 sunt,
1331 1310 1514 1367 libera
1564 1308 1893 1368 festivitatis

243 1399 474 1456 occasio
507 1400 877 1471 panderetur.

320 1489 504 1559 (Vers.
539 1489 651 1554 19.)
676 1511 702 1537 ‹‹
733 1488 804 1542 Et
848 1491 1107 1542 fecerunt
1155 1488 1428 1561 discipuli
1479 1491 1630 1546 sicut
1675 1491 1892 1547 consti-

244 1577 359 1633 tuit
390 1576 506 1632 illis
555 1577 746 1642 Iesus,
787 1580 844 1632 et
891 1581 1243 1648 paraverunt
1307 1579 1550 1635 Pascha.
1588 1603 1616 1630 ››
1671 1580 1731 1635 In
1781 1580 1893 1638 alio

245 1665 616 1739 Evangelista
645 1665 930 1737 scriptum
960 1669 1048 1722 est
1077 1667 1228 1735 (Luc.
1273 1683 1408 1735 χχιι,
1445 1669 1550 1740 12),
1601 1670 1754 1741 quod
1806 1670 1893 1724 in-

235 1760 529 1812 venerunt
556 1753 921 1811 cmuaculum
944 1761 1506 1827 magnumst-ratum
1531 1762 1704 1830 atque
1728 1775 1896 1814 mun-

247 1845 474 1912 datum,
507 1848 562 1900 et
590 1844 668 1899 ibi
688 1848 1036 1916 paraverunt
1075 1845 1147 1900 ei.
1208 1845 1448 1901 Videtur
1499 1851 1692 1902 autem
1744 1847 1890 1903 mihi

244 1932 614 1989 cenaculum
644 1933 733 1989 lex
758 1933 1080 2004 spiritualis
1119 1933 1385 2007 intelligi,
1420 1951 1547 2006 quis
1596 1937 1667 1992 de
1705 1951 1889 2009 angu-

242 2024 380 2078 stiis
409 2022 620 2079 litterae
647 2022 971 2093 egrediens,
995 2021 1054 2077 in
1077 2022 1316 2078 sublimi
1339 2023 1464 2078 loco
1477 2023 1682 2094 recipit
1697 2023 1891 2080 Salva-

239 2116 458 2176 torem,
505 2109 684 2164 Paulo
741 2108 1000 2180 idipsum
1059 2109 1333 2180 loquente
1362 2111 1629 2182 (Philipp.
1693 2127 1779 2176 III,
1813 2111 1888 2180 8).

243 2201 403 2271 quod
435 2215 505 2254 ea
531 2206 660 2269 qua:
696 2203 834 2253 ante
859 2213 962 2268 pro
993 2197 1154 2253 lucro
1186 2199 1512 2276 reputabat,
1546 2200 1714 2270 quasi
1754 2216 1891 2270 pur-

241 2295 525 2362 gamenta
553 2286 1024 2359 quisquiliasque
1052 2288 1488 2359 contempserit,
1543 2292 1606 2343 ut
1646 2289 1888 2361 dignum

247 2378 500 2433 Domino
529 2376 848 2447 hospitium
881 2381 1181 2447 praeparet.

237 2495 244 2498 -
321 2469 516 2536 (Vers.
547 2466 656 2535 20.)
689 2488 714 2515 «
748 2465 1001 2535 Vespere
1027 2470 1220 2520 autem
1253 2465 1424 2530 facto,
1484 2466 1891 2524 discumbebat

233 2573 378 2612 cum
412 2554 717 2610 duodecim
777 2553 1082 2625 discipulis
1129 2555 1274 2610 suis.
1305 2578 1330 2603 ››
1384 2555 1596 2610 Omnia
1641 2556 1724 2611 sic
1771 2557 1892 2629 agit

234 2646 270 2700 J
280 2645 449 2714 udas,
474 2649 540 2699 ut
563 2643 803 2699 tollatur
830 2643 1085 2714 suspicio
1117 2644 1450 2715 proditoris.

313 2733 499 2805 (Vers.
521 2734 638 2804 21.)
664 2755 691 2782 ‹‹
727 2734 796 2787 Et
825 2732 1134 2788 edentibus
1158 2732 1294 2802 illis,
1327 2732 1502 2788 dixit:
1537 2735 1719 2788 Amen
1759 2735 1888 2790 dico

229 2824 404 2879 vobis
429 2839 442 2877 :
470 2823 618 2878 215
657 2821 795 2892 quia
814 2837 970 2876 unus
988 2825 1248 2876 vestrum
1282 2838 1372 2876 me
1399 2823 1723 2878 traditurus
1742 2827 1887 2878 est.»

237 2913 353 2978 Qui
381 2914 453 2968 de
488 2912 760 2983 passione
790 2909 1151 2982 praedixerat,
1186 2915 1242 2966 et
1289 2912 1360 2965 de
1404 2911 1699 2982 proditore
1742 2929 1886 2984 pra:-

236 3001 405 3069 dicit,
435 3001 582 3056 dans
612 2999 805 3055 locum
838 3000 1213 3071 pmnitentiae,
1246 3003 1312 3054 ut
1335 3015 1464 3054 cum
1506 2998 1890 3057 intellexisset

233 3091 375 3147 sciri
407 3090 788 3162 cogitationes
821 3105 962 3144 suas
1009 3093 1066 3144 et
1111 3087 1341 3144 occulta
1387 3088 1652 3156 consilia,
1704 3091 1888 3161 poeni-

229 3185 390 3236 teret
418 3196 554 3234 eum
588 3177 720 3233 facti
749 3177 841 3233 sui
867 3195 879 3245 ;
914 3182 972 3233 et
997 3182 1193 3234 tamen
1226 3195 1341 3234 non
1376 3178 1645 3250 designat
1665 3179 1886 3250 specia-

2005 603 2230 674 proprie
2263 621 2376 658 non
2410 603 2695 674 designat.
2728 604 2911 660 J-udas
2941 605 3167 660 steteris
3188 607 3572 678 contristatis,
3597 614 3654 666 et

2002 691 2437 748 retrahentibus
2468 709 2730 764 manum,
2764 699 2823 749 et
2856 685 3345 752 interdicentibus
3369 696 3538 753 cibos.
3561 697 3650 754 oui

2003 797 2129 850 suo,
2163 781 2490 837 temeritate
2517 787 2576 837 et
2595 783 2982 854 impudentia,
3007 799 3125 855 qua
3143 785 3489 855 proditum
3503 790 3648 856 erat,

2003 867 2177 924 etiam
2210 885 2454 925 manum
2486 887 2619 926 cum
2653 871 2934 944 magistro
2965 871 3146 927 mittit
3175 871 3238 928 in
3257 873 3649 946 paropsidem,

2003 962 2066 1012 ut
2093 958 2336 1014 audacia
2364 959 2578 1015 bonam
2597 960 3034 1016 "conscientiam
3065 960 3439 1017 mentiretur.

2074 1063 2257 1134 (Vers.
2291 1065 2407 1133 25.)
2433 1087 2460 1115 «
2499 1064 2597 1120 Vae
2641 1068 2838 1121 autem
2891 1066 3114 1123 homini
3172 1065 3280 1133 illi,
3328 1085 3434 1140 per
3476 1083 3648 1142 quem

2006 1151 2186 1208 Filius
2218 1152 2475 1209 hominis
2505 1154 2768 1210 tradetur
2786 1155 2827 1210 ³.
2853 1175 2881 1205 ››
2905 1153 3021 1210 Nec
3044 1155 3376 1227 pri-mu,nec
3392 1157 3649 1214 secundo

2003 1247 2308 1314 correptus
2363 1259 2396 1296 a
2428 1242 2754 1314 proditione
2785 1242 3028 1299 retrahit
3047 1245 3277 1315 pedem,
3302 1245 3402 1300 sed
3426 1246 3651 1316 patiens

2002 1331 2083 1386 tia
2112 1331 2342 1387 Domini
2376 1331 2557 1387 nutrit
2586 1332 3012 1404 impudentiam
3041 1349 3231 1399 suam,
3273 1338 3330 1390 et
3358 1333 3650 1392 thesauri-

2003 1424 2094 1474 zat
2123 1420 2234 1474 sibi
2264 1420 2410 1475 iram
2443 1421 2501 1474 in
2535 1421 2627 1476 die
2650 1421 2747 1475 irae
2777 1423 2951 1490 (Rom.
2985 1438 3046 1488 Ir,
3077 1423 3154 1492 5).
3208 1421 3384 1478 Pmna
3436 1423 3652 1495 pradi-

2004 1507 2173 1577 citur,
2210 1513 2270 1563 ut
2297 1525 2471 1580 quem
2504 1509 2694 1582 pudor
2721 1526 2836 1565 non
2850 1509 3085 1580 vicerat,
3109 1511 3401 1582 corrigunt
3421 1512 3650 1568 denun-

2001 1597 2140 1652 tiata
2179 1597 2490 1670 supplicia.
2525 1599 2687 1663 Quod
2723 1603 2917 1654 autem
2949 1599 3256 1672 sequitur:

2075 1729 2104 1755 ‹‹
2129 1705 2355 1761 Bonum
2369 1711 2494 1761 erat
2521 1706 2594 1774 ei,
2613 1705 2663 1763 si
2683 1712 2856 1762 natus
2879 1723 2993 1763 non
3017 1707 3268 1764 fuissent
3287 1707 3461 1764 homo
3483 1707 3602 1766 ille.
3623 1731 3646 1760 ι

2003 1795 2126 1850 Non
2161 1794 2290 1850 ideo
2321 1796 2619 1867 putandus
2645 1801 2734 1852 est
2763 1802 2896 1852 ante
2926 1797 3108 1852 fuisse
3139 1813 3319 1868 quam
3379 1812 3653 1856 nascere-

1920 1889 1966 1952 Β
1997 1887 2112 1950 tur,
2147 1884 2283 1955 quia
2314 1883 2459 1938 nulli
2491 1884 2678 1956 possit
2707 1885 2854 1940 bene
2903 1902 3054 1953 esse,
3085 1885 3198 1941 nisi
3230 1885 3281 1940 ei
3312 1885 3411 1957 qui
3434 1886 3645 1942 fuerit:

2003 1973 2104 2028 sed
2136 1972 2478 2044 simpliciter
2508 1972 2727 2028 dictum
2749 1978 2856 2043 est,
2891 1972 3073 2030 multe
3104 1971 3317 2030 melius
3346 1988 3497 2045 esse,
3534 1991 3648 2032 non

2002 2061 2340 2128 subsistere,
2377 2077 2554 2134 quam
2588 2060 2738 2116 male
2770 2062 3111 2119 subsistere.

2071 2169 2257 2239 (Vers.
2290 2169 2449 2238 ‘25.)«
2486 2168 2864 2241 Respondeas
2894 2173 3092 2225 autem
3129 2169 3334 2238 ludas,
3373 2170 3474 2242 qui
3525 2176 3650 2228 tra—

2001 2257 2151 2313 didit
2181 2274 2339 2324 eum,
2371 2256 2534 2312 dixit.
2562 2281 2590 2306 »
2623 2256 2770 2323 Quia
2797 2258 2989 2314 caeteri
3019 2258 3237 2327 tristes,
3269 2263 3328 2316 et
3347 2257 3514 2320 valde
3543 2261 3648 2316 tri-

2001 2351 2120 2403 stes
2153 2347 2674 2419 interrogaverant:
2718 2347 2976 2419 Nunquid
3032 2363 3130 2418 ego
3186 2364 3333 2414 sum,
3377 2348 3650 2406 Domine?

2001 2452 2073 2490 ne
2102 2435 2342 2492 tacendo
2370 2452 2433 2490 se
2463 2435 2704 2506 prodere
2736 2435 3052 2504 videretur,
3124 2440 3180 2491 et
3209 2435 3334 2509 ipse
3383 2436 3653 2495 similiter

2000 2525 2339 2595 interrogat,
2401 2525 2554 2579 216
2614 2539 2787 2596 quem
2843 2524 3202 2582 conscientia
3259 2525 3649 2596 remordebat,

1999 2614 2099 2684 qui
2130 2615 2150 2647 ³
2182 2629 2424 2670 manum
2457 2612 2733 2670 audacter
2761 2613 3003 2670 miserat
3031 2613 3091 2670 in
3123 2614 3456 2688 paropside.

2070 2744 2097 2771 «
2131 2720 2406 2791 Nunquid
2439 2736 2543 2792 ego
2575 2737 2730 2784 sum,
2762 2720 2928 2775 rabbi
2949 2719 2976 2774 ?
3003 2721 3097 2776 Ait
3114 2719 3201 2776 illi
3224 2737 3237 2776 :
3263 2721 3351 2778 Tu
3373 2704 3594 2778 dixisti.
3619 2744 3648 2772 ››

1998 2813 2064 2864 Et
2094 2808 2669 2880 blandientisjuugit
2715 2808 3007 2876 affectum,
3053 2809 3173 2864 sive
3220 2808 3648 2876 incredulitatis

1999 2898 2253 2969 signum.
2286 2897 2487 2954 Caeteri
2517 2896 2674 2952 enim
2699 2898 2798 2968 qui
2831 2913 2946 2953 non
2971 2901 3136 2952 erant
3185 2897 3500 2968 prodituri,
3554 2897 3646 2952 di-

1998 2992 2174 3044 cunt:
2206 2986 2463 3060 Nunquid
2490 3001 2585 3056 ego
2629 3002 2770 3056 sum,
2825 2985 3097 3042 Domine?
3147 2985 3262 3041 Iste
3309 2986 3410 3057 qui
3457 2983 3650 3057 prodis

1997 3081 2165 3133 turus
2196 3084 2335 3145 erat,
2371 3093 2488 3132 non
2519 3074 2854 3144 Dominum,
2895 3074 2997 3130 sed
3053 3073 3406 3146 magistrum
3456 3079 3646 3142 vocat,

1999 3165 2168 3237 quasi
2210 3163 2642 3220 excusationem
2672 3161 2904 3228 habeat,
2936 3161 2986 3218 si
3038 3161 3284 3218 Domino
3341 3163 3648 3236 denegatall

238 3269 394 3334 liter,
437 3284 512 3323 ne
545 3267 855 3323 manifeste
878 3273 1215 3339 coargutus,
1248 3266 1648 3338 impudentior
1704 3268 1885 3323 fleret.

2009 3252 2206 3310 saltem
2240 3251 2589 3324 magistrum
2620 3250 2960 3323 prodiderit.
2982 3251 3050 3306 Et
3070 3253 3157 3308 ait
3185 3252 3276 3306 illi
3294 3269 3316 3306 .·
3335 3253 3406 3306 Tu
3429 3251 3645 3308 mea.

237 3358 416 3412 Mittit
445 3356 669 3412 crimen
702 3356 761 3409 in
785 3372 1049 3420 numero,
1085 3361 1148 3410 ut
1197 3355 1467 3412 conscius
1518 3363 1653 3430 agat
1701 3358 1889 3429 paeni-

236 3447 511 3503 tentiam.

311 3540 504 3608 (Vers.
535 3535 652 3605 ‘22.)
685 3557 712 3584 «
746 3534 814 3588 Et
842 3535 1169 3589 contristati
1200 3536 1384 3604 valde,
1418 3535 1722 3607 Coeperunt
1764 3537 1889 3592 sin-

237 3627 363 3700 guli
409 3626 640 3681 dicere:
708 3623 978 3693 Nunquid
1036 3640 1140 3695 ego
1200 3642 1354 3692 sum,
1404 3626 1745 3681 Domine?»
1821 3627 1890 3680 Et

236 3721 394 3773 certe
423 3717 707 3771 noverant
738 3713 1011 3767 undecim
1059 3713 1326 3785 apostoli,
1378 3716 1531 3785 quod
1583 3715 1726 3769 nihil
1773 3715 1888 3771 tale

239 3811 444 3861 contra
474 3803 789 3859 Dominum
819 3802 1174 3874 cogitarent:
1206 3803 1307 3858 sed
1335 3803 1468 3874 plus
1499 3805 1744 3859 credunt
1769 3821 1888 3859 ma-

233 3897 426 3967 gistro
487 3909 662 3962 quam
726 3891 882 3947 sibi:
970 3892 1448 3962 pertimescentes
1508 3893 1885 3964 fragilitatem

231 3998 438 4045 suam,
473 3980 1057 4055 tristesOinterrogant
1090 3980 1161 4035 de
1207 3987 1463 4051 peccato,
1524 3982 1694 4051 cujus
1742 3998 1884 4038 con-

231 4071 552 4127 scientiam
579 4084 690 4124 nou
711 4068 1026 4124 habebant.

309 4160 497 4230 (Vera.
528 4158 645 4228 23.)
679 4179 706 4206 ‹‹
741 4159 809 4210 At
839 4157 963 4228 ipse
996 4158 1382 4228 respondens,
1416 4158 1527 4212 ait:
1562 4158 1668 4222 Qui
1702 4159 1882 4215 intin-

232 4249 321 4320 git
341 4263 578 4302 mecum
608 4262 848 4300 manum
878 4245 938 4300 in
969 4246 1304 4316 paropside,
1332 4246 1422 4301 hic
1440 4263 1532 4301 me
1554 4249 1764 4304 tradet.
1793 4273 1814 4297 υ
1840 4253 1888 4304 Ο

233 4338 388 4392 mira
423 4334 652 4391 Domini
685 4333 1008 4406 patientia!
1037 4333 1299 4388 Primum
1331 4335 1585 4391 dixerat:
1615 4339 1762 4393 Unus
1796 4355 1884 4392 re-

231 4430 414 4480 strum
445 4440 532 4478 me
562 4423 869 4479 traditurus
899 4427 972 4478 est
1006 4428 1168 4495 (vers.
1197 4423 1309 4492 2-1).
1369 4424 1703 4481 Perseverat
1755 4444 1884 4498 pro-

309 4553 324 4584 ¹
358 4547 618 4604 Danielis
640 4553 838 4603 octavo
891 4548 1080 4619 capite
1125 4549 1378 4603 occurrit
1430 4565 1642 4604 nomen
1702 4536 1888 4614 ’11255

237 4621 558 4690 Phelmani,
590 4621 662 4674 de
694 4637 808 4691 quo
856 4617 1242 4693 Hieronymus
1304 4621 1421 4693 haec
1466 4621 1678 4693 habet:
1715 4645 1741 4671 ‹‹
1778 4623 1884 4678 Pro
1920 4620 1964 4683 D
1995 4621 2364 4693 repositaque
2393 4624 2483 4676 est
2514 4619 2684 4693 nobis
2715 4618 2854 4693 adeo
2885 4617 3044 4691 prior
3086 4618 3263 4693 lectio
3290 4636 3340 4693 _a

234 4694 412 4749 altero
448 4693 647 4764 _nescio
694 4707 795 4762 quo
844 4691 997 4762 quod
1039 4692 1422 4764 Symmachus
1471 4692 1886 4764 interpretatus

236 4770 328 4817 est
355 4761 464 4815 τι·ιῖ
498 4781 646 4828 ποτε,
681 4761 934 4834 quem’et
964 4761 1280 4834 nosgsecuti
1303 4779 1530 4818 sumus.
1565 4761 1773 4834 Aquila
1829 4771 1885 4819 et

234 4834 560 4889 Theodotio
591 4839 649 4888 et
675 4830 807 4888 LIXX
832 4830 1092 4902 ψελμωνὶ
1127 4834 1320 4904 ipsum
1356 4835 1598 4888 verbum
1631 4830 1883 4890 'Hebrai-

235 4922 376 4978 cum
407 4909 752 4976 posuerunt.
787 4905 1007 4978 Nomen
1039 4920 1174 4976 ergo
1198 4905 1385 4978 angeli
1424 4912 1884 4978 tacens,genera-

235 4975 371 5031 liter
399 4975 585 5030 unum
617 4975 935 5046 quemlibet
964 4977 1034 5030 de
1081 4975 1304 5046 angelis
1354 4975 1710 5031 indicavitf»
1744 4978 1886 5033 Vide

238 5064 462 5102 morem
496 5048 676 5119 istum
721 5047 1048 5118 Scripturze,
1111 5046 1288 5119 Ruth,
1347 5064 1474 5118 cap.
1510 5049 1610 5103 1:1
1661 5049 1885 5119 Regum

233 5135 354 5181 xxx,
380 5125 438 5173 et
467 5117 711 5174 consule
744 5119 789 5172 ll
821 5117 1046 5173 temum
1077 5118 1349 5173 editionis
1383 5117 1590 5173 nostra:
1616 5120 1724 5185 col,
1750 5117 1882 5175 ‘32-’13.

235 5195 518 5244 Erasmus
550 5189 607 5244 ἐι
667 5189 959 5245 Marianus
1010 5205 1112 5260 pro
1170 5206 1305 5245 voce
1361 5192 1536 5245 unica
1593 5191 1884 5258 ELMONI,

233 5283 564 5350 posuerunt
592 5262 775 5338 22‘»:
809 5283 866 5332 et
893 5263 1066 5346 #3152,
1113 5283 1315 5333 contra
1365 5279 1536 5334 ﬁdem
1592 5297 1733 5335 mss.
1785 5297 1884 5336 co-

229 5349 439 5404 dicum
472 5351 645 5423 istius
676 5350 1089 5423 Commentarii
1112 5349 1180 5423 in
1216 5349 1574 5423 Matthmum,
1610 5351 1708 5405 ubi
1740 5353 1888 5423 posi-

229 5427 369 5475 tum
397 5426 485 5494 est
515 5421 705 5494 solum
750 5437 963 5475 nomen
1026 5421 1373 5494 Hebraicum
1433 5423 1671 5490 Eunoni,
1730 5421 1885 5494 quod

228 5492 536 5574 signiﬁcat
563 5493 809 5574 alique-ni
840 5498 894 5574 et
915 5492 1221 5574 quemdam,
1245 5493 1442 5574 -cujus
1467 5509 1704 5574 ‘nomen
1724 5492 1886 5574 _pro-

224 5563 431 5635 prium
465 5579 580 5618 non
631 5563 993 5636 exprimitur.
1029 5563 1194 5618 Mart.
1245 5563 1391 5618 Illud
1451 5564 1520 5619 de
1569 5582 1682 5636 quo
1723 5563 1885 5620 Mart.

221 5636 487 5690 tianacus
545 5639 766 5689 veteres
808 5635 1061 5690 editores
1103 5636 1410 5689 Erasmum
1460 5641 1516 5690 et
1567 5635 1886 5692 Victorium

221 5711 500 5782 accusat,
535 5707 690 5782 quod
724 5722 824 5782 pro
873 5721 1010 5782 voce
1065 5705 1254 5782 unica,
1289 5707 1549 5782 fElmom',
1599 5708 1746 5782 duas
1793 5725 1886 5782 po-

221 5778 486 5845 suerint,
507 5779 794 5836 Phetmeni
819 5784 873 5836 at
899 5778 1139 5842 Elmom',
1171 5781 1370 5834 contra
1423 5794 1568 5835 mss.
1617 5778 1882 5838 codicum

564 5903 832 5971 ΡΑτιιοι..
877 5901 1097 5995 XXVI.

1999 3344 2215 3399 Eadem
2270 3340 2646 3412 responsione
2693 3339 3029 3395 confutatus
3072 3343 3162 3395 est
3207 3339 3487 3411 proditor,
3534 3356 3651 3414 qua

2002 3431 2180 3488 Pilato
2212 3435 2415 3503 postea
2433 3445 2824 3501 responsurus
2857 3433 2968 3484 est.

2071 3539 2255 3611 (Vers.
2285 3539 2357 3592 26
2385 3539 2570 3608 seqq.)
2593 3560 2619 3585 ‹‹
2646 3535 3030 3591 Οωηεωῑὶὺυε
3076 3539 3272 3591 autem
3319 3535 3428 3605 eis,
3480 3551 3647 3592 accc-

2000 3629 2082 3701 pit
2109 3629 2284 3683 Jesus
2315 3642 2546 3698 panem,
2585 3629 2641 3680 et
2670 3623 2982 3691 benedixit,
3016 3640 3081 3679 ac
3128 3624 3321 3697 fregit,
3369 3624 3654 3696 deditun

1999 3716 2306 3789 discipulis
2337 3715 2480 3781 suis,
2513 3717 2572 3768 et
2608 3712 2722 3768 ait:
2773 3711 3028 3784 Accipite
3077 3717 3136 3768 et
3175 3707 3484 3782 comedite,
3535 3713 3650 3770 hoc

1998 3812 2087 3862 est
2133 3821 2343 3876 corpus
2375 3818 2596 3858 meum.
2650 3801 2718 3856 Et
2765 3800 3059 3873 accipiens
3108 3800 3372 3869 calicem,
3421 3801 3650 3874 gratias

1997 3896 2116 3966 egit
2145 3899 2201 3949 et
2227 3892 2389 3949 dedit
2421 3890 2560 3958 illis,
2613 3891 2852 3946 dicens:
2905 3888 3093 3946 Bibite
3138 3905 3206 3945 ex
3248 3889 3356 3946 hoc
3411 3905 3640 3948 omnes.

1997 3983 2099 4038 Hic
2121 3987 2210 4038 est
2236 3981 2389 4037 enim
2422 3978 2665 4051 sanguis
2709 3994 2876 4034 meus
2921 3977 3055 4035 novi
3101 3978 3482 4046 Testamenti,
3533 3978 3636 4051 qui

1995 4089 2100 4144 pro
2114 4071 2312 4126 multis
2332 4070 2444 4125 eii‘u
2455 4069 2664 4125 ndetur
2683 4067 2742 4123 in
2755 4067 3164 4124 remissionem
3190 4071 3585 4138 peccatorum.
3605 4089 3640 4120 »μ

1995 4161 2310 4231 Postquam
2368 4158 2626 4230 t'ypicum
2680 4156 2930 4212 Pascha‘
2978 4157 3166 4210 fuerat
3208 4154 3538 4227 impletum,
3581 4161 3639 4212 et

1995 4249 2128 4322 agni
2159 4265 2364 4304 carnes
2393 4264 2526 4301 cum
2558 4245 2840 4317 apostolis
2871 4245 3219 4311 comederat,
3256 4245 3511 4301 assumit
3540 4261 3641 4318 pa-

1997 4355 2151 4404 nem,
2177 4338 2276 4408 qui
2308 4336 2713 4390 confortatcor
2741 4332 3018 4400 hominis,
3052 4337 3109 4389 et
3157 4333 3228 4389 ad
3278 4350 3482 4393 verum
3533 4334 3640 4390 Pa-

1995 4426 2146 4482 scha:
2179 4423 2606 4496 transgreditur
2633 4426 3091 4490 sacramentum,
3125 4427 3190 4478 ut
3221 4439 3336 4494 quo
3367 4423 3540 4481 modo
3578 4424 3639 4479 in

1997 4551 2193 4615 fidem,
2209 4551 2391 4604 nostri
2417 4549 2489 4604 ad
2514 4564 2698 4603 unum
2719 4563 2926 4602 omnes
2940 4547 3263 4603 defendunt
3279 4565 3346 4604 ac
3367 4549 3638 4615 probant,

3434 4634 3638 4676 eorum

1997 4689 2422 4770 auctoritatem,
2474 4689 3194 4770 copeiuniorcjpraeterea
3250 4689 3307 4743 id
3375 4689 3639 4770 exigente

1997 4781 2195 4820 sensu.
2230 4757 2454 4835 Saepius
2485 4761 2676 4834 reipsa
2709 4757 2964 4835 junctim
2997 4760 3187 4817 solent
3219 4757 3499 4832 usurpari
3551 4757 3638 4818 ωε

1997 4853 2238 4922 voccsin
2257 4833 2578 4922 Scripturis
2591 4833 2789 4922 1113153
2811 4833 3004 4922 13155.;
3027 4849 3221 4922 Graece
3269 4865 3388 4907 uno
3416 4847 3645 4922 _spirit_u.

1998 4914 2456 4994 Φελωνιάλμωῦι.
2490 4921 2872 4994 Septuaginta
2910 4914 3150 4994 Φελλᾳνξ.
3187 4914 3639 4994 μαεμῳνῖ,ῬΙξαζ-

1997 4997 2123 5051 toni
2177 4989 2464 5050 Maeinom‘.
2525 4989 2670 5058 Quid
2713 4989 2896 5062 'porro
2954 4989 3306 5063 signiﬁcent,
3365 4992 3490 5063 ipse
3545 4990 3640 5046 hic

1996 5069 2230 5121 Hieron.
2264 5066 2592 5120 luculenter
2616 5061 2808 5134 docet.
2843 5061 3045 5117 Recole
3085 5067 3277 5117 tamen
3311 5061 3440 5134 ejus
3470 5063 3640 5119 Com-

2000 5138 2319 5193 mentarios
2341 5138 2397 5190 in
2429 5133 2683 5189 Danielis
2713 5150 2837 5204 cap.
2874 5150 2997 5200 vm,
3029 5135 3300 5190 versslB.

2068 5210 2089 5242 ²
2120 5208 2312 5263 Nostri
2345 5223 2510 5271 mss.,
2543 5205 2666 5275 qui,
2715 5203 2978 5260 ut’initio
2995 5205 3355 5273 monuimus,
3387 5205 3447 5260 in
3495 5203 3641 5262 reci-

1996 5280 2192 5334 tandis
2214 5277 2362 5333 sacri
2391 5282 2584 5332 textus
2615 5275 2937 5343 versiculis,
2956 5277 3177 5332 caeteris
3209 5277 3500 5348 parciores
3523 5292 3644 5339 0mg

1998 5351 2173 5406 nibus
2205 5353 2362 5416 sunt,
2397 5348 2491 5402 hic
2521 5363 2704 5402 unum
2754 5353 3098 5420 praeponunt
3141 5347 3267 5419 pari
3317 5363 3638 5420 consensu:

2001 5424 2174 5478 Filius
2203 5421 2421 5493 quidem
2456 5421 2696 5474 hominis
2726 5417 2895 5489 vadit,
2953 5421 3098 5476 sicut
3135 5417 3398 5490 scriptum
3440 5422 3522 5475 est
3575 5417 3642 5474 de

2004 5495 2102 5549 ilio
2132 5512 2151 5554 ;
2173 5508 2258 5549 voc
2287 5496 2489 5562 autem,
2523 5497 2632 5545 etc.

2068 5567 2089 5599 ³
2119 5565 2438 5619 Prrcferunt
2477 5579 2620 5617 mss.
2656 5561 2837 5617 nostri
2870 5577 3094 5625 omnes,
3126 5564 3283 5632 quia.

2070 5638 2090 5669 ⁴
2120 5637 2200 5690 Ex
2230 5637 2336 5691 hoc
2359 5635 2484 5690 loco
2515 5649 2692 5705 argue
2723 5633 3073 5705 imperitiam
3108 5631 3271 5689 scioli
3310 5631 3644 5705 cujusdam,

2000 5709 2100 5781 qui
2133 5724 2247 5781 non
2276 5705 2400 5762 vult
2427 5701 2782 5781 Salvatorem
2808 5701 2943 5781 agni
2973 5720 3342 5781 carnescum
3365 5701 3645 5781 apostolis

2000 5773 2343 5848 comedisse,
2383 5793 2491 5838 nec
2521 5775 2736 5851 pascha
2765 5773 3024 5850 typioum
3055 5773 3419 5834 celebrasse.‘
3457 5773 3643 5836 Mm.

3289 5905 3325 5968 7
