4058 6190
421 390 547 452 ’203

1670 390 1733 447 S.
1781 386 2090 448 EUSEBII
2137 387 2583 449 HIERONYMI

3713 390 3832 450 204

424 520 924 594 praﬂguratione‘
949 521 1078 590 ejus
1109 518 1555 586 Melchisedech,
1581 519 1798 574 summi
1840 520 1944 576 Dei
1972 537 2065 575 sa-
2097 523 2149 588 Α
2181 521 2324 575 dicit
2353 523 2506 591 quod
2541 521 2772 592 passuri
2802 529 2960 591 sunt,
2995 531 3077 586 ut,
3112 535 3247 575 cum
3271 519 3427 590 passi
3451 520 3690 590 fuerint,
3715 537 3831 576 non

423 611 648 678 cerdos,
672 625 881 682 panem
903 612 958 663 et
985 607 1185 663 vinum
1216 608 1463 664 offerens
1495 608 1708 663 fecerat
1745 607 1896 678 (Gen.
1949 626 2063 678 xxv,

420 699 531 771 18),
563 698 688 771 ipse
718 713 951 769 quoque
971 699 992 732 ²
1021 696 1080 752 in
1106 698 1348 753 veritate
1364 697 1730 768 suicorporis
1757 702 1814 752 et
1835 698 2068 770 sangui-

417 788 510 844 nis
539 790 997 858 reprassentaret.
1032 787 1094 841 In
1141 791 1292 842 Luca
1350 785 1604 858 legimus
1654 786 1806 841 duos
1855 785 2066 842 calices

416 876 633 949 quibus
688 873 996 948 discipulis
1045 875 1369 948 propinarit
1427 875 1574 946 (Luc.
1619 893 1759 943 xxn,
1811 877 1896 946 i7,
1949 877 2062 948 29).

416 964 609 1021 Unum
641 964 815 1037 primi
847 965 1090 1033 mensis,
1132 969 1188 1020 et
1236 963 1484 1019 alterum
1535 964 1796 1031 secundi,
1851 968 1915 1018 ut
1963 965 2063 1036 qui

414 1053 569 1110 inter
592 1056 826 1110 sanctos
846 1054 1037 1126 primo
1068 1068 1269 1108 mense
1326 1068 1544 1124 agnum
1592 1054 1896 1109 comedere
1947 1069 2062 1108 non

414 1142 689 1214 potuerit,
721 1143 978 1199 secundo
1010 1143 1162 1198 inter
1191 1141 1539 1214 panitentes
1592 1141 1826 1197 haedum
1877 1158 2064 1198 come-

415 1232 535 1290 dat.

487 1320 670 1392 (Vers.
725 1322 843 1392 29.)
891 1320 1089 1376 «Dico
1146 1324 1339 1375 autem
1393 1319 1579 1386 vobis,
1670 1336 1784 1374 non
1863 1320 2060 1374 bibam

415 1411 624 1466 amodo
664 1411 736 1465 de
765 1410 874 1465 hoc
907 1410 1204 1482 genimine
1233 1409 1366 1464 vitis
1389 1425 1575 1479 usque
1605 1407 1664 1463 in
1687 1408 1840 1463 diem
1866 1407 2057 1479 illum,

414 1515 550 1555 cum
572 1497 717 1554 illud
750 1498 946 1554 bibam
976 1499 1278 1554 vobiscum
1309 1514 1522 1553 novum
1556 1498 1614 1551 in
1647 1513 1824 1568 regno
1872 1497 2060 1552 Patris

411 1588 547 1644 mei.
577 1610 605 1639 ››
639 1593 716 1643 De
747 1587 1082 1643 carnalibus
1119 1587 1332 1643 transit
1389 1587 1459 1642 ad
1507 1585 1859 1659 spiritnalia,
1904 1585 2059 1656 quod

407 1676 579 1732 vinea
608 1677 678 1731 de
706 1677 948 1748 {Egypto
981 1673 1411 1748 transplantata
1457 1675 1535 1730 sit
1582 1674 1832 1747 populus
1880 1674 2059 1730 Israel

360 1823 362 1826 ,
410 1766 585 1836 (Psal.
617 1781 803 1833 LXXIX,
841 1765 922 1836 9),
981 1765 1073 1820 cui
1123 1781 1226 1836 per
1273 1764 1587 1820 Jeremiam
1640 1763 1926 1818 Dominus
1975 1762 2058 1818 lo-

409 1853 638 1924 quitur:
691 1855 797 1925 Ego
852 1857 904 1909 te
947 1854 1201 1925 plantavi
1246 1854 1466 1907 vineam
1521 1869 1731 1916 veram,
1791 1852 2059 1921 quomodo

410 1951 618 1999 mutata
647 1958 704 1998 es
732 1945 794 1998 in
823 1942 1148 1997 amaritudi
1180 1960 1218 1996 n
1286 1942 1415 1996 vitis
1471 1941 1670 1996 alienae
1723 1939 1826 2006 [AL
1852 1940 2062 2010 aliena]

410 2030 628 2103 (Jerem.
661 2049 704 2086 ιι
730 2031 873 2102 21)?
903 2032 973 2086 Et
1003 2031 1184 2087 Isaias
1213 2031 1496 2103 propheta
1527 2031 1585 2085 in
1629 2029 1855 2084 cantico
1903 2029 2059 2100 quod

408 2120 621 2176 dilecto
648 2119 806 2176 canit
833 2122 966 2192 (Isa.
996 2138 1050 2191 ν,
1085 2121 1222 2192 1-7),
1254 2124 1310 2178 et
1359 2121 1550 2175 omnis
1607 2117 1859 2192 sparsim
1905 2117 2058 2173 Scri-

406 2212 580 2280 ptura
598 2212 866 2264 testatur.
899 2208 1049 2263 Dicit
1090 2225 1227 2280 ergo
1282 2209 1566 2264 Dominus
1613 2209 1684 2262 de
1733 2208 1842 2263 hac
1889 2207 2060 2263 vinea

407 2312 782 2370 nequaquam
811 2313 940 2354 esse
969 2297 1316 2364 bibiturum,
1365 2297 1480 2353 nisi
1529 2298 1588 2351 in
1635 2312 1812 2369 regno
1871 2295 2057 2350 Patris

405 2387 520 2442 sui.
547 2386 815 2460 Regnum
843 2386 1054 2455 Patris,
1079 2387 1227 2442 217
1256 2386 1431 2441 ﬁdem
1455 2390 1598 2458 puto
1638 2401 1767 2440 esse
1813 2385 2053 2440 creden-

402 2475 575 2542 tium,
608 2475 882 2548 Apostolo
914 2492 1148 2548 quoque
1175 2475 1435 2548 idipsum
1481 2474 1901 2530 conﬁrmante:
1963 2475 2057 2528 Re-

400 2581 570 2635 gnum
599 2567 707 2621 Dei
733 2567 884 2620 intra
906 2581 997 2620 vos
1027 2572 1104 2620 est
1157 2566 1307 2637 (Luc.
1359 2581 1499 2634 xvu,
1546 2564 1658 2632 21).
1719 2567 1865 2636 Ergo
1916 2579 2052 2617 cum

399 2652 587 2710 Judaei
615 2654 939 2727 receperint
968 2669 1216 2727 regnum
1249 2653 1435 2709 Patris
1468 2653 1724 2725 (attende
1783 2652 1938 2723 quod
1959 2651 2053 2706 'di-

400 2746 512 2812 cat,
537 2743 744 2812 Patris,
778 2760 896 2799 non
927 2743 1048 2813 Dei,
1083 2742 1275 2798 omnis
1307 2743 1478 2797 Pater
1507 2757 1720 2797 nomen
1741 2745 1829 2796 est
1860 2740 2008 2810 Filii)
2035 2759 2047 2796 :

401 2848 536 2888 cum
589 2832 853 2905 inquam,
903 2831 1258 2888 crediderint
1340 2832 1401 2886 in
1447 2835 1630 2887 Deum
1686 2834 1940 2899 Patrem,
1993 2835 2051 2885 et

401 2922 707 2978 adduxerit
734 2938 833 2979 eos
861 2922 1034 2978 Pater
1053 2921 1126 2978 ad
1157 2921 1391 2988 Filium,
1423 2925 1565 2976 tunc
1587 2921 1658 2976 de
1692 2919 1824 2974 vino
1845 2935 2048 2975 eorum

394 3010 557 3068 bibet
585 3011 891 3078 Dominus,
923 3011 1053 3068 etin
1085 3010 1536 3067 similitudinem
1557 3009 1774 3082 Joseph
1796 3022 2048 3081 regnans

395 3099 457 3154 in
487 3100 750 3172 Egypto,
781 3099 1168 3157 inebriabitur
1195 3117 1330 3156 cum
1380 3099 1663 3154 fratribus
1715 3097 1838 3153 suis
1888 3096 2041 3166 (Gen.

393 3204 554 3258 XLIII,
580 3189 692 3257 34).

2178 609 2489 680 desperent
2511 608 2782 677 salutem,
2815 609 2918 664 sed
2949 613 3188 680 agentes
3248 608 3654 680 paenitentiam
3688 609 3833 666 libe-

2177 702 2398 752 rentur.
2431 703 2498 752 Et
2527 698 2826 769 signanter
2874 696 3119 764 addidit,
3151 697 3210 752 in
3239 698 3346 752 ista
3391 702 3549 753 nocte
3603 697 3832 754 seanda-

2175 787 2292 841 lum
2338 788 2675 858 patiemini;
2732 785 2871 857 quia
2926 786 3220 857 quomodo
3279 784 3381 857 qui
3439 785 3832 855 inebriantur,

2175 879 2341 930 nocte
2370 875 2736 931 inebriantur
2782 876 2829 946 (Ι
2858 875 3030 930 Thess.
3076 892 3132 945 ν,
3164 875 3258 946 7):
3294 874 3377 930 sic
3425 879 3482 930 et
3523 875 3623 946 qui
3659 892 3831 932 scan-

2174 963 2371 1019 dalum
2405 965 2726 1036 patiuntur,
2760 964 2818 1018 in
2851 969 3019 1020 nocte
3050 968 3108 1018 et
3135 963 3196 1018 in
3223 963 3481 1019 tenebris
3511 965 3831 1032 sustinent,

2171 1053 2287 1109 Nos
2307 1069 2437 1109 vero
2467 1053 2770 1108 dicamus:
2833 1057 2955 1109 Nox
2997 1052 3291 1125 praeteriit,
3338 1051 3452 1108 dies
3499 1056 3682 1109 autem
3736 1070 3834 1126 ap~

2166 1144 2554 1214 propinquavit
2585 1143 2763 1212 (Rom.
2797 1159 2921 1208 xm,
2957 1142 3065 1212 12).

2243 1234 2428 1303 (Vers.
2488 1231 2655 1301 32.)»
2707 1231 2998 1302 Scriptum
3073 1236 3162 1286 est
3225 1231 3417 1288 enim:
3498 1232 3829 1288 Percutiam

2171 1324 2484 1393 pastorem,
2515 1324 2572 1374 et
2611 1318 3021 1392 dispergentur
3050 1335 3184 1375 oves
3227 1319 3443 1392 gregis.
3507 1320 3828 1393 Postquam

2171 1413 2365 1464 autem
2411 1424 2733 1475 resurrexo,
2783 1409 3101 1480 praecedam
3151 1425 3254 1464 vos
3315 1409 3376 1463 in
3435 1409 3754 1478 Galilaeam,
3798 1434 3831 1461 ››

2169 1498 2287 1553 Ηοο
2308 1497 2436 1552 aliis
2467 1497 2660 1554 verbis
2684 1497 2743 1551 in
2776 1496 3053 1553 Zacharia
3073 1498 3358 1569 prapheta
3387 1498 3677 1571 scriptum
3699 1503 3824 1568 est;

2168 1593 2224 1642 et
2254 1587 2335 1659 (ni
2369 1585 2554 1657 fallor)
2582 1603 2650 1641 ex
2682 1603 2930 1658 persona
2969 1587 3264 1658 prophetae
3314 1588 3387 1643 ad
3447 1588 3629 1643 Deum
3679 1587 3826 1644 dici-

2167 1680 2299 1731 tur:
2332 1677 2560 1731 Perc-ute
2583 1679 2880 1747 pastorem,
2932 1680 2986 1730 et
3033 1675 3419 1748 dispergentur
3456 1692 3578 1732 oves
3636 1680 3829 1748 gregis

2167 1764 2328 1819 Zach.
2357 1782 2481 1834 xm,
2511 1764 2588 1832 7).
2623 1763 2991 1836 Sexagesimo
3024 1781 3256 1836 quoque
3305 1770 3361 1820 et
3412 1769 3610 1821 octavo
3662 1764 3827 1838 psal-

2169 1871 2286 1922 mo,
2321 1853 2418 1925 qui
2446 1858 2602 1910 totus
2633 1870 2666 1908 a
2696 1853 2942 1909 Domino
2973 1852 3220 1920 canitur,
3254 1853 3389 1909 huic
3438 1855 3639 1910 sensui
3683 1871 3828 1911 con-

2171 1947 2447 2013 gruente:
2479 1943 2750 2010 Quoniam
2777 1957 2937 2014 quem
2985 1947 3051 1997 tu
3095 1944 3446 2010 percussisti,
3477 1944 3588 2014 ipsi
3637 1959 3826 2015 perse-

2169 2034 2282 2086 cuti
2309 2032 2626 2101 sunt(Psal.
2661 2048 2854 2102 vam,
2885 2031 2999 2103 27).
3052 2030 3204 2088 218
3239 2031 3569 2088 Percutitur
3621 2038 3824 2088 autem

2168 2124 2366 2192 pastor
2398 2121 2608 2190 bonus,
2642 2125 2707 2175 ut
2737 2123 2914 2191 ponat
2945 2119 3203 2175 animam
3247 2137 3416 2176 suam
3467 2137 3570 2192 pro
3613 2121 3824 2178 ovibus

2168 2209 2293 2265 suis
2335 2227 2347 2265 :
2374 2215 2431 2264 et
2462 2210 2532 2264 de
2564 2209 2766 2264 multis
2783 2209 3057 2282 gregibus
3079 2225 3342 2265 errorum
3361 2210 3464 2265 ﬁat
3477 2227 3630 2266 unus
3651 2226 3819 2283 grex,

2165 2303 2222 2354 et
2254 2315 2406 2354 unus
2437 2303 2635 2370 pastor
2665 2299 2843 2369 (Joan.
2877 2316 2931 2352 x.
2967 2299 3074 2368 16).
3108 2298 3188 2355 De
3237 2298 3344 2354 hoc
3391 2299 3723 2355 testimonio
3754 2301 3821 2356 in

2134 2384 2137 2394 λ
2163 2387 2379 2454 libello,
2412 2403 2586 2458 quem
2609 2387 2675 2442 de
2713 2386 2925 2458 Optimo
2954 2403 3148 2457 genere
3177 2387 3583 2460 interpretandi
3611 2389 3633 2423 ²
3671 2389 3824 2444 scri-

2164 2477 2413 2550 psimus,
2449 2475 2679 2548 plenius
2711 2476 2940 2532 dictum
2970 2482 3077 2533 est.

2233 2570 2420 2634 (Vers.
2447 2565 2559 2638 33.)
2588 2587 2610 2617 α
2645 2566 3026 2638 Respondens
3057 2570 3253 2622 autem
3283 2569 3511 2635 Petrus,
3545 2567 3629 2622 ait
3686 2565 3767 2622 illi
3797 2584 3816 2624 :

2162 2654 2308 2710 Etsi
2340 2671 2543 2710 omnes
2574 2653 2948 2711 scandalizati
2997 2655 3216 2710 fuerint
3261 2656 3321 2711 in
3369 2659 3451 2723 te,
3507 2671 3613 2728 ego
3661 2672 3822 2712 nun-

2161 2761 2336 2816 quam
2369 2743 2829 2800 scandalizabor.
2860 2766 2881 2794 ιο
2919 2743 3043 2799 Νοη
3076 2748 3165 2800 est
3181 2744 3505 2816 temeritas,
3521 2761 3626 2801 nec
3641 2761 3819 2802 men-

2160 2833 2426 2901 decium;
2461 2833 2560 2888 sed
2589 2833 2736 2888 fides
2763 2837 2854 2889 est
2884 2833 3127 2906 apostoli
3158 2833 3332 2900 Petri,
3365 2838 3423 2890 et
3472 2835 3684 2890 ardens
3731 2836 3825 2890 af.

2158 2923 2346 2978 fectus
2377 2938 2512 2995 erga
2568 2921 2882 2978 Dominum
2935 2922 3308 2990 Sslvatorem,
3342 2923 3413 2979 de
3463 2939 3578 2995 quo
3626 2940 3815 2996 supra

2157 3010 2563 3170 magis“
2600 3117 2621 3145 ι
2655 3099 2751 3153 Ait
2780 3097 2864 3154 illi
2894 3098 3099 3154 Jesus:
3126 3100 3309 3155 Amen
3345 3099 3473 3155 dico
3504 3099 3630 3169 tibi,
3666 3099 3815 3171 quia

2155 3188 2214 3243 in
2247 3188 2354 3244 hac
2385 3191 2550 3244 nocte
2580 3191 2894 3259 antequam
2928 3186 3120 3260 gallus
3151 3192 3367 3254 cantet,
3401 3193 3490 3243 ter
3519 3204 3613 3244 me
3635 3203 3818 3260 nega-

466 3275 650 3348 (Vers.
683 3277 798 3349 30.)
829 3298 857 3327 ‹.
893 3277 959 3331 Et
995 3275 1212 3349 hymno
1233 3277 1408 3348 dicto,
1469 3277 1733 3332 exierunt
1772 3277 1828 3330 in
1879 3291 2042 3331 mon-
2073 3263 2115 3330 C
2153 3276 2263 3332 bis.
2291 3300 2319 3327 η
2355 3278 2423 3331 Et
2469 3276 2676 3332 Petrus
2733 3276 2804 3331 de
2863 3277 3069 3331 ardore
3119 3275 3252 3331 ﬁdei
3299 3275 3697 3347 promittebat,
3743 3281 3814 3332 et

392 3371 512 3422 tem
540 3365 764 3422 Oliveti.
793 3388 820 3414 ››
853 3370 972 3420 Hoc
992 3370 1082 3420 est
1109 3365 1264 3436 quod
1289 3365 1349 3419 in
1380 3364 1636 3435 quodam
1681 3364 1905 3436 psalmo
1957 3363 2037 3420 le-

389 3456 586 3527 gimus
617 3473 630 3510 :
667 3455 1137 3511 Manducaverunt
1167 3459 1217 3508 et
1274 3453 1640 3509 adoraverunt
1678 3468 1863 3508 omnes
1912 3455 2037 3521 pin-

387 3561 518 3616 gues
557 3549 723 3602 terrae
755 3545 930 3616 (Psal.
992 3561 1106 3608 xxx,
1150 3544 1259 3612 30).
1291 3544 1465 3598 Juxta
1516 3541 1626 3597 hoc
1683 3540 2034 3611 exemplum,

387 3633 489 3704 qui
521 3632 838 3689 Salvatoris
869 3650 1017 3706 pane
1047 3636 1346 3688 saturatus
1405 3635 1463 3687 et
1493 3629 1672 3686 calice
1711 3629 2035 3685 inebriatus

385 3721 582 3789 fuerit,
624 3725 816 3795 potest
874 3722 1111 3778 laudare
1164 3721 1475 3776 Dominum
1519 3725 1593 3796 (et
1650 3719 2036 3775 conscendere

386 3811 448 3866 in
480 3815 740 3868 montem
769 3811 993 3882 Oliveti,
1029 3811 1128 3866 ubi
1149 3811 1416 3866 laborum
1439 3808 2034 3880 refectio,dolorisque

385 3899 684 3969 solatium,
719 3905 778 3958 et
805 3900 925 3957 veri
953 3899 1197 3956 luminis
1228 3899 1437 3956 notitia
1463 3903 1571 3954 est.

458 3990 642 4064 (Vers.
675 3991 790 4064 31.)
819 3991 1030 4046 «Tunc
1060 3988 1203 4044 dicit
1239 3987 1356 4043 illis
1408 3988 1620 4043 Jesus:
1681 3991 1895 4043 Omnes
1930 4003 2034 4042 vos

392 4079 734 4138 scandalum
789 4078 1092 4152 patiemini
1122 4077 1182 4133 in
1214 4093 1307 4133 me
1336 4077 1395 4131 in
1434 4075 1552 4132 ista
1600 4080 1785 4131 nocte.
1814 4098 1842 4125 ››
1889 4075 2034 4131 Ριυω-

462 4279 478 4311 ³
508 4277 650 4333 Tres
684 4275 928 4334 Palatini
962 4277 1128 4333 codd.
1163 4273 1510 4348 expressiori
1542 4289 1740 4341 sensu,
1765 4275 1835 4328 ei.
1871 4271 2033 4330 Unus

387 4348 693 4405 Beccensis
722 4365 899 4420 penes
929 4349 1219 4416 Martian.,
1245 4348 1604 4403 sacramenti.

457 4439 480 4472 ²
509 4439 694 4494 Antea
721 4442 846 4494 erat
884 4440 1202 4493 veritatem:
1266 4436 1431 4492 nobis
1463 4451 1605 4490 mss.
1663 4435 1927 4490 omnium
1960 4436 2032 4488 ii-

387 4510 521 4566 dem
552 4509 717 4581 sequi
750 4509 989 4582 placuit,
1023 4525 1200 4564 sensu
1224 4578 1235 4582 _
1259 4508 1461 4582 eodem
1517 4511 1912 4582 permanente,
1961 4508 2032 4561 de

383 4578 792 4653 veritate'(no'n
825 4583 1034 4653 ﬁgura,
1066 4584 1131 4653 ut
1159 4578 1357 4653 miseri
1387 4578 1636 4653 haeretici
1681 4578 2030 4653 recentiores

383 4656 640 4726 proiecta
664 4649 996 4726 temeritate
1027 4649 1482 4726 calumniantur)
1514 4650 1772 4726 corporis
1804 4654 1859 4703 et
1889 4665 2027 4704 san-

383 4720 738 4798 guinissui,
758 4742 936 4798 quam
967 4724 1027 4798 in
1059 4738 1208 4798 pane
1239 4720 1472 4798 ac_vino
1518 4720 1782 4798 Christus
1813 4735 2026 4798 reprae-

382 4790 649 4852 sentavit.
683 4790 907 4852 Placuit
935 4790 1112 4849 etiam
1146 4793 1267 4848 haec
1311 4790 1500 4862 lectio,
1533 4792 1685 4862 quod
1721 4791 2030 4862 superiori-

379 4866 493 4938 bus
513 4870 574 4923 in
599 4867 1061 4938 praeﬁguratione,
1093 4881 1160 4921 ex
1191 4864 1429 4938 adverso
1473 4863 1840 4938 respondeat.
1874 4893 1942 4938 :-
1966 4864 2028 4938 In

378 4933 613 4994 duobus
634 4933 801 4993 codd.
827 4953 968 4993 mss.
1005 4933 1346 4992 monasterii
1376 4933 1680 4989 Beccensis
1711 4939 1767 4989 et
1787 4938 1838 4987 S.
1878 4933 2026 4988 Petri

379 5024 558 5092 super
585 5008 785 5092 Divam
808 5009 939 5092 haec
971 5007 1100 5092 lcgu
1112 5011 1276 5092 ntur:
1311 5010 1432 5078 Ipse
1460 5006 1776 5092 quoq-acim
1800 5006 2028 5092 ueritate

376 5075 472 5135 sui
493 5082 737 5153 corporis
766 5087 820 5137 et
878 5075 1176 5153 sanguinis
1205 5075 1865 5153 reprazsentare.__liabes
1915 5077 2022 5131 ita-

377 5167 492 5224 que
510 5147 812 5224 veritatem
841 5147 1103 5224 corporis
1149 5156 1208 5206 et
1263 5147 1571 5224 sanguinis
1623 5147 1854 5224 Christi,
1894 5164 2020 5224 _non

373 5219 565 5279 solum
593 5223 842 5290 ﬁguram
885 5219 1188 5279 et'nudam
1239 5219 1532 5285 umbram,
1593 5224 1658 5274 ut
1708 5219 2022 5290 impudens

371 5293 586 5367 dogma
607 5290 957 5367 Novatorum
981 5293 1468 5367 (docetadversus
1482 5361 1496 5367 _
1510 5290 1849 5367 Ecclesium.
1909 5291 2018 5367 Ne-

371 5361 492 5422 scio
535 5383 609 5439 an
643 5365 1068 5439 possétghodie
1109 5365 1254 5439 fides
1310 5361 1596 5439 catholica
1635 5362 2021 5439 manifestius

369 5438 578 5515 esponi
623 5433 799 5515 quam
859 5437 1104 5515 bicaS.
1162 5436 1509 5515 Hieronymo
1567 5434 1676 5488 fuit
1733 5433 2013 5515 esposita.

371 5505 534 5565 Unde
565 5505 781 5564 mirum
817 5509 959 5564 mihi
992 5525 1108 5563 non
1137 5511 1244 5573 est,
1278 5505 1327 5560 si
1357 5505 1519 5560 tanto
1552 5505 1860 5577 supercilio
1885 5505 2016 5560 Hie-

367 5595 681 5652 ronymum
711 5580 1146 5636 calumniantur
1173 5577 1450 5644 haeretici,
1485 5576 1807 5649 praesertim
1831 5577 2016 5648 impe-

364 5651 462 5710 riti
485 5651 717 5708 Clerici.
751 5652 936 5708 MART.

431 5723 738 5799 ’Epistola
792 5725 850 5780 in
911 5726 1112 5799 nostra
1168 5720 1620 5799 ree_ens_ione_57.
1654 5719 1820 5799 Libet
1875 5734 2009 5799 vero

357 5790 760 5879 ipsafquibus
788 5794 1198 5858 testimonium
1232 5791 1380 5853 illud
1437 5790 1770 5863 edisseruit,
1829 5791 2008 5852 verba

2149 3365 2412 3421 Salvator
2437 3364 2605 3436 quasi
2638 3364 2792 3420 Deus
2821 3365 3018 3420 futuro
3047 3367 3302 3420 noverat.
3337 3364 3404 3419 Et
3461 3369 3599 3420 nota
3643 3365 3807 3435 quod

2148 3459 2354 3510 Petrus
2385 3455 2445 3509 in
2472 3458 2638 3509 nocte
2669 3458 2856 3526 neget,
2911 3458 2967 3509 et
3021 3457 3194 3526 neget
3240 3452 3433 3509 tertio.
3488 3453 3806 3525 Postquam

2147 3547 2341 3598 autem
2373 3542 2564 3615 gallus
2619 3542 2849 3610 cecinit,
2907 3547 2957 3598 et
3017 3541 3488 3599 decrescentibus
3545 3541 3808 3598 tenebris

2144 3631 2334 3688 vicina
2363 3630 2464 3686 lux
2485 3631 2751 3686 nuntiata
2783 3635 2890 3701 est,
2914 3647 3227 3687 conversus
3259 3631 3416 3687 ﬂevit
3447 3647 3663 3698 amare,
3697 3645 3806 3685 ne-

2145 3719 2397 3791 gationis
2427 3719 2628 3774 sordes
2658 3720 2679 3752 ‘
2710 3719 3061 3792 poenitentia
3094 3719 3367 3791 lacrymis
3400 3718 3624 3776 lavans.

2215 3809 2399 3879 (Vers.
2432 3808 2545 3880 36.)
2572 3830 2599 3857 »
2624 3809 2789 3864 Tunc
2817 3808 2978 3866 venit
3002 3809 3179 3864 Jesus
3229 3824 3363 3864 cum
3405 3807 3523 3864 illis
3571 3809 3632 3863 in
3688 3808 3800 3864 vil-

2143 3897 2284 3965 lam,
2317 3915 2444 3970 quae
2475 3897 2689 3952 dicitur
2743 3896 3140 3968 Gethsemani,
3189 3901 3246 3953 et
3302 3897 3447 3952 dixit
3492 3895 3802 3970 discipulis

2143 3987 2306 4043 suis:
2339 3986 2544 4043 Sedete
2574 3985 2686 4053 hic,
2727 3985 2938 4041 donec
2987 3987 3198 4041 vadam
3246 3984 3386 4041 illuc
3443 3991 3502 4041 et
3556 4001 3737 4042 orem.
3764 4007 3798 4036 ››

2143 4075 2522 4133 Gethsemani
2551 4076 2986 4148 interpretatur,
3036 4075 3206 4132 va‘ltis
3255 4067 3631 4148 pinguissima
3660 4077 3700 4144 ⁵,
3731 4075 3797 4133 in

2143 4272 2501 4347 describereil
2533 4295 2560 4321 «
2595 4271 2962 4347 InMatthaao
2997 4272 3798 4347 1egi_mus,Dominum_prm-

2143 4345 2435 4417 dicentem
2455 4343 2735 4417 apostolis
2768 4345 2991 4417 fugam,
3025 4343 3220 4417 ethoc
3256 4343 3454 4417 ipsum
3503 4343 3798 4402 Zachariae

2141 4415 2477 4471 testimonio
2496 4415 2982 4489 conﬁrmantem:
3017 4415 3300 4488 Scriptum
3349 4427 3452 4489 est,
3514 4417 3615 4489 ait,
3665 4419 3811 4489 Pier-r

2140 4490 2345 4559 entiam
2387 4489 2746 4559 pastoremﬁet
2803 4486 3186 4559 dispergentur
3247 4503 3393 4544 oves.
3437 4486 3526 4543 'At
3583 4488 3641 4543 in
3692 4488 3796 4545 Se-

2141 4557 2448 4630 ptuaginta
2475 4562 2532 4613 et
2559 4557 2620 4630 in
2648 4557 2899 4630 (Hebraeo
2920 4559 3105 4614 multo
3127 4559 3293 4615 aliter
3317 4585 3332 4628 ;
3368 4575 3503 4615 nom
3535 4560 3694 4615 enim
3723 4576 3798 4617 ex

2060 4634 2107 4698 Ι)
2141 4628 2388 4703 persona
2418 4629 2512 4684 Dei
2547 4628 2778 4703 dicitur,
2831 4635 2897 4685 ut
2942 4631 3307 4703 Evangelista
3361 4631 3518 4687 vult:
3573 4633 3674 4688 sed
3722 4647 3796 4688 ex

2137 4700 2432 4774 prophetae
2457 4705 2635 4755 Deum
2661 4701 2891 4758 Patrem
2915 4700 3207 4773 rogantis:
3240 4703 3474 4758 Percute
3488 4707 3791 4774 pastorem,

2137 4777 2186 4827 et
2216 4773 2598 4843 dispergentur
2625 4787 2763 4828 oves.

2207 4845 2229 4877 ⁴
2261 4844 2442 4898 Penes
2485 4844 2829 4911 Victorium,
2889 4853 3060 4901 ternae
3091 4847 3407 4915 negationis
3463 4844 3646 4901 sordes
3703 4845 3790 4900 la-

2135 4918 2341 4987 crymis
2359 4915 2570 4987 laiians.
2638 4986 2644 4987 γ
3107 4915 3120 4932 “

2206 4989 2227 5019 ⁸
2259 4987 2319 5040 In
2342 4985 2484 5063 aliis
2515 4986 2683 5063 libris
2713 4991 2822 5063 est,
2852 4989 3149 5063 pinguium
3173 4989 3275 5063 {in
3304 4985 3459 5063 aliis,
3493 4990 3638 5063 ut_et
3680 4985 3784 5042 lib.

2134 5057 2300 5112 Nom.
2342 5057 2512 5128 Vallis
2532 5057 2955 5128 pinguedinum.
2986 5059 3276 5114 Victorius
3300 5058 3360 5113 in
3388 5057 3542 5113 hunc
3566 5058 3786 5127 locum,

2134 5151 2161 5176 ‹‹
2187 5127 2276 5194 Ut,
2311 5127 2520 5198 inquit,
2555 5129 2751 5202 uallem
2767 5132 3063 5202 pinguium
3110 5129 3419 5202 signiﬁcet,
3466 5128 3780 5202 legendum

2133 5205 2221 5254 est
2249 5200 2584 5283 Gessema’ni,
2645 5200 2921 5283 quodest
2965 5199 3615 5283 Hebraice,_‘7:DW_-Ru
3667 5199 3783 5283 Ye-

2131 5286 2263 5324 sum
2295 5270 2434 5341 quia
2489 5269 2682 5326 Graece
2731 5272 3014 5342 scriptum
3064 5273 3122 5328 in
3154 5269 3428 5328 Ma'tthaao
3487 5269 3786 5326 invenitur

2130 5340 2445 5411 Γεθσεμανεὶ
2505 5340 2685 5413 aliqui
2730 5344 3009 5399 Hebraice
3039 5343 3230 5414 periti,
3292 5342 3526 5414 Syriaca
3583 5341 3782 5413 potius

2128 5414 2366 5486 nomina
2422 5429 2550 5467 esse
2605 5424 2897 5481 uane-11,
2947 5431 3124 5486 quam
3183 5414 3467 5486 Hebraica
3534 5419 3775 5486 putant:

2126 5483 2571 5556 signiticareque
2602 5491 2897 5553 asserunt,
2943 5483 3212 5542 Pecuaria
3263 5485 3504 5556 butyri:
3539 5483 3774 5556 ‘quippe

2125 5553 2256 5611 cum
2290 5556 2444 5628 apud
2476 5553 2659 5630 Syros
2692 5557 2962 5630 (quorum
2996 5557 3199 5630 lingua
3229 5573 3259 5612 e
3298 5553 3598 5630 Babylone
3648 5553 3779 5630 ave-

2123 5632 2215 5683 cta
2244 5626 2384 5682 tunc
2415 5626 2730 5681 utebantur
2775 5628 2958 5684 δι]όωί
3016 5626 3110 5689 ηε(
3134 5629 3288 5683 idem
3320 5627 3397 5684 sit
3427 5626 3629 5698 'quod,
3657 5626 3779 5684 He-

2120 5699 2315 5754 braice
2344 5707 2514 5784 inpia}
2547 5702 2604 5752 et
2624 5708 2775 5759 mne
2806 5699 2958 5756 idem
2991 5700 3144 5772 quod
3176 5710 3313 5759 nm:
3361 5698 3420 5754 id
3450 5697 3580 5765 est,
3616 5697 3783 5771 buty-

2119 5804 2282 5850 rum:
2315 5785 2495 5846 veluti
2515 5784 2678 5847 locus
2710 5787 2902 5850 dictus
2921 5789 3059 5850 sita
3087 5789 3318 5868 butyro,
3348 5787 3506 5864 quod
3554 5785 3637 5848 ibi
3671 5802 3777 5872 eg-
