4058 6190
430 400 542 459 207

418 531 590 601 juxta
612 526 981 600 Apostolum,
1015 527 1071 582 in
1105 527 1319 600 spiritu
1370 527 1564 583 carnis
1604 542 1780 599 opera
1830 526 2073 581 mortiﬁ-
2106 527 2159 593 Α

429 621 637 672 cantur
656 617 834 688 (Rom.
857 632 983 682 VIII,
1017 617 1128 686 13).

502 704 686 777 (Vers.
721 705 836 774 42.)
858 727 885 754 «
920 704 1136 760 Iterum
1169 705 1426 760 secundo
1461 704 1606 761 abiit
1642 708 1699 759 et
1740 704 1944 771 oravit,
1999 703 2081 758 di-

432 808 608 850 cens:
642 793 811 849 Pater
840 793 943 861 mi,
990 793 1037 848 si
1087 809 1202 848 non
1261 798 1450 864 potest
1496 793 1592 849 hic
1642 792 1793 848 calix
1828 793 2080 848 transire

433 881 546 938 nisi
576 880 774 937 bibam
805 879 1103 949 illum,ﬁat
1133 881 1400 937 voluntas
1431 886 1551 936 tua.
1574 901 1604 933 ι
1635 882 1902 936 Secundo
1927 885 2073 948 orat,

436 974 501 1025 ut
530 969 581 1025 si
609 961 811 1025 Ninive
842 968 1010 1025 aliter
1037 969 1246 1025 salvari
1278 988 1394 1026 non
1436 974 1648 1042 potest,
1697 970 1808 1026 nisi
1858 969 2079 1026 aruerit

437 1056 1155 1129 cucurbita,ﬁatvoluntas
1184 1059 1392 1130 Patris,
1444 1076 1570 1131 qua:
1617 1075 1732 1114 non
1799 1062 1888 1114 est
1943 1075 2078 1113 con-

436 1148 618 1202 traria
644 1145 772 1201 Filii
803 1144 1346 1213 voluntati,dicente
1368 1146 1493 1218 ipso
1543 1164 1646 1219 per
1695 1146 2076 1219 prophetam:

440 1247 502 1302 Ut
520 1252 757 1316 facerem
784 1244 1124 1301 voluntatem
1155 1248 1331 1315 tuam,
1348 1246 1490 1301 Deus
1517 1261 1691 1317 meus,
1724 1246 1879 1301 votui
1908 1245 2077 1316 (Psal.

444 1349 632 1401 xxxrx,
663 1335 740 1404 9).

512 1421 695 1493 (Vers.
729 1422 817 1476 43.
850 1420 963 1493 44).
1002 1442 1024 1469 «
1059 1422 1125 1476 Et
1144 1422 1301 1477 venit
1326 1421 1560 1492 iterum,
1610 1427 1667 1479 et
1714 1421 1934 1477 invenit
1982 1438 2079 1476 eos

441 1510 820 1566 dormientes.
853 1510 1031 1566 Erant
1078 1510 1233 1566 enim
1272 1510 1423 1566 oculi
1469 1527 1671 1567 eorum
1709 1509 1955 1583 gravati.
2017 1514 2084 1565 Et

442 1597 661 1654 relictis
691 1597 828 1663 illis,
862 1598 1073 1655 iterum
1107 1599 1270 1667 abiit,
1303 1604 1361 1654 et
1392 1601 1575 1655 oravit
1600 1599 2083 1668 tertio,eumdem

445 1696 774 1744 sermonem
807 1687 1027 1743 dicens.
1059 1709 1086 1738 »
1113 1687 1284 1744 Solus
1312 1693 1439 1744 orat
1467 1706 1570 1761 pro
1602 1689 1898 1760 omnibus,
1934 1688 2087 1743 sicut

446 1780 504 1834 et
528 1777 690 1833 solus
720 1776 938 1849 patitur
969 1774 1115 1833 221
1153 1794 1257 1850 pro
1289 1777 2088 1850 universis.Languescebant

447 1867 644 1919 autem
674 1866 731 1918 et
753 1862 1237 1935 opprimebantur
1267 1863 1665 1937 apostolorum
1712 1863 1865 1920 oculi
1910 1880 2085 1937 nega-

449 1953 606 2008 tione
633 1952 844 2009 vicina.

519 2041 709 2111 (Vers.
752 2043 862 2116 45).
896 2047 1107 2099 «Tunc
1139 2043 1292 2099 venit
1323 2044 1394 2098 ad
1446 2042 1765 2116 discipulos
1814 2059 1975 2109 suos,
2033 2046 2089 2097 et

451 2130 593 2187 dicit
620 2131 736 2187 illis
768 2149 782 2187 :
815 2132 1237 2202 Dormitejam,
1274 2139 1329 2188 et
1357 2132 1702 2204 requiescite
1735 2148 1748 2187 :
1797 2148 1925 2187 ecce
1983 2149 2087 2204 ap-

450 2219 862 2293 prOpinquavit
881 2220 1042 2287 hora,
1075 2225 1131 2276 et
1178 2220 1358 2277 Filius
1403 2221 1659 2278 hominis
1706 2221 1971 2277 tradetur
2028 2220 2089 2275 in

449 2322 662 2367 manus
691 2313 1081 2381 peccatorum.
1119 2330 1141 2361 ι
1169 2309 1486 2382 Postquam
1517 2310 1688 2366 tertio
1719 2314 1999 2375 oraverat,
2025 2313 2089 2364 ut

445 2397 508 2452 in
537 2414 635 2453 ore
655 2397 905 2454 duorum
937 2397 1022 2453 vel
1052 2398 1232 2453 trium
1254 2399 1493 2454 testium
1525 2403 1707 2454 staret
1736 2414 1908 2453 omne
1960 2413 2086 2453 ver-

444 2487 588 2542 bum
620 2485 826 2557 (Matth.
855 2503 1015 2557 xvm,
1063 2488 1157 2555 19;
1218 2488 1272 2543 11
1323 2489 1443 2543 Cor.
1491 2503 1614 2553 xm,
1656 2488 1727 2559 1),
1778 2491 1835 2543 et
1865 2491 2091 2558 aposto-

448 2574 640 2631 lorum
662 2574 933 2631 timorem
978 2576 1248 2648 sequenti
1296 2575 1639 2648 poenitentia
1680 2576 2089 2648 impetraverat

450 2656 1168 2736 corrigendum,hsecurus
1207 2665 1278 2721 de
1318 2665 1589 2736 passione
1637 2682 1744 2719 sua
1788 2663 1974 2737 pergit
2016 2667 2088 2721 ad

448 2756 871 2825 persecutores,
905 2756 961 2807 et
992 2752 1142 2808 ultro
1165 2768 1226 2810 se
1257 2752 1721 2809 interﬁciendum
1747 2754 1981 2826 praebet,
2003 2754 2087 2809 di-

448 2841 644 2912 citque
677 2840 982 2913 discipulis
1014 2841 1137 2897 suis
1171 2859 1183 2898 :

520 2929 706 3002 (Vers.
739 2931 830 3000 46,
863 2930 969 3004 4‘7).
999 2954 1028 2982 ‹‹
1060 2930 1309 3004 Surgite,
1343 2948 1548 2987 eamus
1575 2951 1588 3001 ;
1612 2948 1742 2988 ecce
1772 2933 2090 3005 appropin-

453 3019 654 3092 quavit
683 3020 782 3092 qui
813 3036 906 3076 me
935 3021 1145 3078 tradet.
1177 3020 1382 3077 Adhuc
1413 3038 1478 3077 eo
1510 3020 1804 3093 loquente,
1840 3038 1970 3078 ecce
1990 3024 2089 3078 Ju-

454 3110 560 3165 das
590 3125 748 3164 unus
767 3109 1347 3181 deduodecimvenit,
1370 3113 1427 3165 et
1454 3127 1590 3166 cum
1616 3127 1681 3167 eo
1714 3110 1883 3167 turba
1904 3111 2091 3170 multa

452 3210 586 3251 cum
616 3195 828 3268 gladiis
855 3201 913 3251 et
942 3197 1216 3267 fustibus,
1251 3196 1417 3255 missi
1448 3216 1482 3254 a
1510 3198 1873 3272 principibus
1906 3216 2097 3256 sacer-

450 3264 675 3357 dotum,
707 3288 760 3340 et
791 3283 1120 3341 senioribus
1150 3286 1367 3358 populi.
1416 3308 1445 3335 ››
1494 3286 1576 3342 Ne
1633 3264 1738 3343 nos
1793 3288 2093 3345 inveniant
2121 3264 2163 3330 Ε

450 3374 617 3447 quasi
649 3374 923 3429 timentes
944 3377 1000 3429 et
1032 3374 1391 3429 retrahentes
1422 3377 1461 3442 ³,
1489 3374 1642 3431 ultro
1674 3392 1987 3448 pergamus
2018 3378 2088 3433 ad

451 3467 723 3532 mortem,
753 3462 1251 3519 utconﬁdentiam
1282 3465 1339 3518 et
1378 3463 1658 3535 gaudium
1712 3452 1946 3536 passuri
2002 3466 2091 3521 vi-

412 3542 417 3551 ’
458 3551 653 3608 deant.

523 3640 711 3712 (Vers.
746 3640 857 3712 48).
892 3662 919 3691 «
953 3641 1061 3707 Qui
1092 3645 1287 3697 autem
1318 3641 1560 3698 tradidit
1589 3659 1748 3712 eum,
1783 3643 1944 3699 dedit
1976 3643 2092 3699 illis

457 3728 923 3801 signum,dicens
947 3746 958 3783 :
994 3730 1410 3803 Quemcunque
1431 3730 1729 3788 osculatus
1759 3731 1939 3800 fuero,
1968 3732 2094 3805 ipse

454 3823 564 3887 est,
600 3822 791 3874 tenete
820 3834 974 3874 eum.
1011 3840 1032 3869 ι
1071 3818 1247 3875 Miser
1274 3819 1478 3890 Judas,
1512 3825 1569 3875 et
1596 3824 1791 3876 tamen
1823 3838 1938 3876 non
1983 3821 2090 3876 mi-

452 3906 739 3977 serabilis,
773 3908 973 3964 eadem
1003 3907 1364 3977 inﬁdelitate,
1398 3926 1513 3981 qua
1534 3910 1883 3982 magistrum
1916 3915 1974 3966 et
1990 3910 2095 3967 Do-

452 3998 681 4056 minum
713 3997 972 4065 tradidit,
1016 3997 1260 4069 putabat
1310 3997 1499 4070 signa,
1552 4014 1678 4068 quae
1736 3997 2090 4055 Salvatorem

449 4089 674 4146 viderat
729 4088 1055 4156 facientem,
1091 4102 1204 4142 non
1236 4089 1541 4157 majestate
1571 4087 1784 4153 divina,
1827 4088 1926 4143 sed
1969 4106 2093 4144 ma-

451 4178 597 4252 gicis
627 4176 852 4233 artibus
883 4177 1053 4232 facta.
1087 4172 1157 4231 Et
1178 4175 1317 4248 quia
1346 4191 1479 4230 eum
1525 4175 1668 4231 forte
1712 4175 1975 4232 audierat
2031 4176 2089 4231 in

452 4269 650 4322 monte
678 4266 1163 4339 transfiguratum
1194 4265 1413 4336 (Matth.
1446 4281 1583 4335 xvn,
1624 4264 1700 4334 3),
1733 4263 1978 4320 timebat
2022 4282 2092 4321 ne

448 4352 629 4411 simili
657 4353 1171 4410 transformatione
1200 4353 1525 4410 elaberetur
1553 4370 1583 4410 e
1609 4352 1886 4409 manibus
1917 4354 2091 4409 mini-

452 4447 731 4500 strorum.
757 4442 864 4497 Dat
899 4456 1034 4512 ergo
1057 4442 1313 4513 signum,
1365 4446 1429 4499 ut
1485 4443 1675 4499 sciant
1721 4442 1915 4515 ipsum
1967 4456 2092 4499 esse

455 4547 631 4605 quem
656 4529 854 4587 osculo
887 4529 1330 4586 demonstraret.

1670 396 1730 459 δ.
1781 393 2090 455 EUSEBll
2139 368 2582 456 HIERONYMl

3709 404 3829 464 208

2261 525 2447 595 (Vers.
2478 527 2589 599 50).
2624 550 2653 578 «
2686 527 2958 601 Dixitque
2988 529 3074 586 illi
3102 535 3269 586 Jesus
3295 547 3308 586 :
3340 531 3558 603 Amice,
3585 533 3659 589 ad
3688 535 3831 606 quid

2184 612 2445 670 venisti?
2474 616 2636 671 Tunc
2667 623 3040 673 accesserunt
3070 624 3126 675 et
3156 637 3369 675 manus
3400 621 3728 692 injecerunt
3769 625 3829 680 in

2186 703 2412 769 Jesum,
2433 708 2489 758 et
2523 709 2835 761 tenuerunt
2863 724 3019 763 eum.
3056 730 3084 756 »
3114 708 3391 778 Verbum,
3444 711 3648 780 Amice,
3698 712 3832 766 κατὰ

2186 790 2493 867 ἀντίφρασιν
2523 792 3089 867 intelligendum,vel
3125 803 3278 853 certe
3302 799 3473 870 juxta
3493 799 3639 855 illud
3673 803 3831 873 quod

2187 897 2366 952 supra
2396 881 2686 953 legimus:
2719 885 2922 956 Amice,
2972 887 3239 956 quomodo
3276 888 3382 943 huc
3432 889 3676 957 intrasti,
3720 906 3834 947 non

2185 968 2387 1024 habens
2421 975 2618 1027 vestem
2645 973 2961 1044 nuptialem
2990 975 3211 1045 (Matth.
3244 993 3387 1048 xxxx,
3420 977 3511 1047 12)
3532 976 3560 1032 ‘I

2259 1057 2445 1128 (Vers.
2476 1060 2587 1132 51).
2617 1083 2645 1111 ‹‹
2676 1062 2744 1117 Et
2772 1077 2911 1118 ecce
2935 1079 3089 1119 unus
3118 1080 3189 1119 ex
3219 1064 3334 1136 his,
3367 1066 3468 1137 qui
3500 1070 3668 1123 erant
3696 1084 3833 1124 cum

2188 1145 2219 1200 J
2227 1161 2327 1201 esu
2340 1146 2511 1213 ,222
2534 1150 2847 1205 extendens
2865 1167 3104 1208 manum
3126 1153 3339 1209 exemit
3354 1152 3615 1227 gladium
3630 1172 3831 1224 suum,

2190 1239 2246 1289 et
2269 1236 2600 1305 percutiens
2627 1254 2860 1294 servum
2892 1239 3172 1313 principis
3206 1242 3598 1315 sacerdotum,
3625 1261 3836 1318 ampu-

2188 1323 2330 1378 tavit
2359 1325 2684 1381 auriculam
2715 1328 2863 1398 ejus.
2893 1350 2920 1376 »
2940 1330 2999 1384 In
3023 1328 3136 1385 alio
3158 1330 3516 1404 evangelista
3536 1332 3835 1404 [ALEvan-

2189 1411 2361 1483 gelio)
2383 1413 2667 1486 scriptum
2697 1420 2805 1483 est,
2835 1417 2990 1489 quod
3024 1418 3227 1475 Petrus
3260 1419 3368 1475 hoc
3390 1420 3608 1490 fecerit,
3633 1423 3839 1479 eodem

2191 1501 2401 1556 mentis
2431 1503 2638 1559 ardore
2669 1520 2784 1575 quo
2815 1508 3196 1574 caetera.(Luc.
3252 1523 3394 1574 xxu,
3452 1509 3566 1577 49).
3630 1514 3843 1568 Servus

2192 1606 2426 1661 quoque
2455 1591 2738 1665 principis
2783 1594 3151 1651 sacerdotum
3211 1595 3458 1654 Malchus
3514 1599 3881 1672 appellatur-

2192 1676 2297 1751 [Αι.
2328 1678 2750 1753 appellabatur]
2786 1683 3089 1748 ;auricula
3119 1702 3244 1756 quae
3281 1692 3645 1760 amputatur,
3703 1691 3842 1746 dex-

2198 1771 2321 1821 tera
2349 1772 2458 1824 est.
2493 1768 2849 1827 Transitorie
2874 1772 3212 1842 dicendum,
3244 1776 3398 1848 quod
3451 1777 3721 1849 Metellus,
3778 1779 3843 1835 id

2196 1860 2304 1924 est,
2340 1872 2439 1911 rex
2468 1859 2763 1929 quondam
2788 1859 3042 1934 p0pulus
3083 1862 3443 1934 Judaeorum,
3503 1882 3707 1923 servus
3753 1866 3843 1923 fa-

2199 1948 2326 2000 ctus
2374 1945 2448 2000 sit
2504 1945 2825 2018 impietatis
2873 1953 2929 2005 et
2986 1951 3374 2009 devorationis
3444 1956 3840 2012 sacerdotum.

2198 2031 2617 2105 Dexteramque
2636 2036 2955 2106 perdiderit
2982 2039 3334 2110 auriculam,
3365 2046 3431 2098 ut
3473 2047 3658 2100 totam
3686 2043 3844 2101 litte-

2198 2138 2272 2175 ras
2303 2121 2585 2178 vilitatem
2610 2124 2632 2158 ²
2660 2125 2860 2181 audiat
2888 2126 2947 2182 in
2979 2127 3217 2185 sinistra
3249 2148 3262 2186 :
3296 2131 3399 2187 sed
3444 2133 3728 2189 Dominus
3776 2134 3843 2190 in

2197 2208 2312 2275 his,
2344 2211 2441 2281 qui
2472 2227 2541 2266 ex
2572 2211 2793 2269 Judaais
2823 2216 3056 2273 credere
3083 2216 3412 2286 voluerunt,
3444 2221 3701 2279 reddidit
3741 2239 3845 2279 au-

2198 2314 2319 2353 rern
2351 2300 2633 2371 dextram,
2667 2306 2724 2358 et
2754 2303 2887 2360 fecit
2918 2307 3152 2362 serv’um
3181 2324 3368 2381 genus
3416 2309 3612 2383 regale
3650 2316 3708 2367 et
3753 2328 3848 2369 ea-

2197 2388 2503 2446 cerdotale.

2267 2478 2454 2547 (Vers.
2479 2479 2592 2552 52).
2627 2503 2653 2530 ‹‹
2687 2482 2849 2537 Tunc
2878 2483 2959 2538 ait
2988 2484 3071 2539 illi
3121 2486 3294 2542 Jesus
3327 2504 3341 2543 :
3396 2491 3672 2546 Converte
3714 2491 3847 2564 gla-

2198 2567 2361 2621 dium
2391 2572 2558 2622 tuum
2592 2569 2647 2625 in
2678 2568 2872 2626 locum
2903 2588 3098 2629 suum.
3133 2574 3349 2631 Omnes
3373 2576 3529 2632 enim
3561 2578 3661 2649 qui
3684 2595 3853 2637 acce-

2198 2656 2390 2727 perint
2414 2655 2897 2731 gladium,gladio
2929 2662 3223 2733 peribunt.
3259 2685 3289 2713 ι»
3318 2664 3387 2719 Et
3413 2665 3464 2721 si
3489 2682 3602 2722 non
3622 2668 3850 2725 frustra

2201 2749 2392 2816 portat
2422 2744 2706 2817 gladium,
2730 2748 2831 2819 qui
2862 2749 3017 2805 ultor
3046 2751 3354 2808 Dominices
3379 2753 3477 2809 ira:
3501 2756 3731 2827 positus
3752 2762 3853 2815 est

2200 2833 2258 2888 in
2289 2849 2445 2902 eum,
2479 2834 2579 2906 qui
2604 2835 2824 2891 malum
2854 2844 3128 2911 Operatur
3150 2841 3325 2913 (Rom.
3366 2859 3492 2911 xm,
3542 2845 3637 2917 4);
3696 2850 3855 2902 atta-

2200 2938 2333 2978 men
2366 2922 2701 2996 quicunque
2729 2925 2992 2998 gladium
3023 2930 3361 3003 sumpserit,
3387 2932 3581 3005 gladio
3630 2935 3857 3006 peribit

2200 3010 2351 3081 (Gen.
2386 3030 2462 3079 1x,
2486 3013 2562 3085 6).
2596 3015 2718 3080 Quo
2745 3013 2937 3087 gladio
2956 3016 2983 3070 ?
3013 3016 3111 3074 illo
3134 3035 3343 3092 nempe
3375 3021 3471 3094 qui
3489 3021 3696 3095 igneus
3714 3039 3855 3081 ver-

2199 3100 2345 3156 titur
2374 3104 2506 3156 ante
2528 3103 2866 3174 paradisum
2899 3106 3053 3176 (Gen.
3086 3107 3172 3180 In)
3206 3126 3220 3177 ;
3254 3113 3309 3164 et
3329 3109 3524 3182 gladio
3573 3112 3851 3185 spiritus,

2200 3191 2301 3261 qui
2332 3189 2390 3244 in
2419 3190 2520 3246 Dei
2569 3192 2918 3248 describitur
2972 3201 3271 3254 armatura
3316 3199 3530 3270 (Ephes.
3590 3219 3669 3258 v1.
3730 3203 3853 3272 i7).

2272 3280 2455 3351 (Vers.
2488 3280 2579 3345 53,
2610 3282 2724 3351 54).
2758 3304 2787 3332 ‹‹
2819 3284 2907 3337 An
2934 3288 3107 3355 putas
3138 3287 3277 3357 quia
3306 3304 3423 3344 non
3454 3305 3697 3362 possum
3747 3308 3856 3349 ro-

2200 3383 2335 3440 gare
2357 3372 2589 3424 Patrem
2619 3385 2836 3442 meum,
2870 3376 2930 3427 et
2973 3372 3271 3431 exhibebit
3314 3377 3460 3432 mihi
3494 3379 3666 3436 modo
3709 3379 3860 3452 plus

2202 3473 2376 3527 quam
2416 3458 2724 3515 duodecim
2782 3460 3041 3533 legiones
3089 3463 3481 3536 angelorum?
3538 3469 3854 3534 Quomodo

2200 3560 2335 3617 ergo
2355 3544 2759 3618 implebantur
2775 3549 3082 3622 Scriptura:
3103 3568 3116 3607 :
3138 3552 3277 3623 quia
3290 3556 3375 3610 sic
3394 3561 3618 3628 oportet
3630 3557 3756 3614 ﬁeri
3778 3559 3857 3614 Ἰ»

2200 3633 2325 3689 Non
2357 3633 2588 3708 indigeo
2621 3637 2927 3695 duodecim
2950 3641 3348 3712 apostolorum
3370 3643 3861 3718 auxilio,etiamsi

2202 3738 2408 3778 omnes
2438 3739 2530 3778 me
2559 3724 3063 3799 defenderent,qui
3092 3744 3335 3800 possum
3366 3730 3581 3789 habere
3625 3733 3860 3792 duode-

2202 3810 2315 3865 cim
2345 3808 2601 3883 legiones
2631 3813 2877 3886 angelici
2906 3815 3209 3873 exercitus.
3244 3818 3373 3875 Una
3400 3818 3550 3893 legio
3577 3823 3731 3893 apud
3755 3840 3865 3880 ve-
3970 3860 3981 3871 ι

2202 3901 2352 3954 teres
2383 3916 2483 3955 sex
2512 3899 2775 3957 millibus
2808 3903 3207 3975 complebatur
3237 3906 3564 3965 hominum.
3586 3909 3693 3967 Pro
3724 3911 3865 3968 bre-

2201 3988 2379 4044 vitate
2410 3990 2690 4062 temporis
2723 4007 3036 4048 numerum
3071 4010 3186 4050 non
3246 3997 3616 4054 occurrimus
3662 3999 3859 4072 expli-

2201 4094 2349 4150 care,
2382 4082 2550 4151 typos
2571 4081 2838 4137 tantum3
2869 4081 3084 4139 dixisse
3116 4084 3371 4140 sufﬁciat
3398 4101 3412 4142 :
3470 4089 3862 4161 septuaginta

2201 4166 2314 4222 duo
2346 4165 2531 4223 millia
2561 4169 2922 4242 angelorum,
2980 4170 3039 4226 in
3090 4177 3233 4245 quot
3281 4179 3486 4246 gentes
3532 4176 3861 4234 hominum

2200 4254 2405 4326 lingua
2432 4255 2617 4312 divisa
2636 4263 2745 4323 est,
2779 4258 3087 4314 duodecim
3145 4260 3477 4333 legionibus
3522 4264 3675 4321 ﬁeri.
3739 4266 3856 4322 Se-

2201 4359 2389 4414 quens
2416 4345 2708 4401 sententia
2733 4352 3068 4417 promptum
3101 4350 3173 4404 ad
3204 4350 3545 4422 patiendum
3599 4353 3861 4411 demon-

2201 4435 2350 4487 strat
2372 4433 2635 4488 animum
2666 4435 2821 4505 quod
2881 4436 3098 4492 frustra
3153 4439 3446 4511 prophetae
3505 4441 3861 4512 cecinerint,

2200 4520 2313 4576 nisi
2343 4521 2627 4578 Dominus
2653 4538 2751 4580 eos
2779 4540 2911 4581 vere
2935 4525 3172 4594 dixisse,
3205 4527 3477 4599 passione
3525 4540 3635 4588 'sua
3683 4548 3863 4591 asse-

526 4622 705 4694 (Vers.
741 4620 849 4692 49).
890 4641 908 4668 ο
936 4622 1004 4674 Et
1030 4619 1340 4675 confestim
1396 4621 1678 4677 accedens
1737 4621 1807 4676 ad
1860 4621 2087 4684 Jesum,
2122 4625 2169 4690 ι)
2202 4609 2404 4666 ruerit-

452 4711 598 4769 dixit
630 4728 644 4766 :
677 4711 808 4778 Ave,
844 4706 1050 4764 Rabbi.
1083 4706 1153 4762 Et
1180 4708 1478 4764 osculatus
1509 4713 1600 4765 est
1628 4725 1785 4764 eum.
1811 4730 1839 4758 »
1888 4713 2093 4781 Impu-

451 4803 598 4858 dens
620 4798 857 4872 quidem
886 4802 943 4852 et
990 4794 1272 4852 scelerata
1327 4796 1698 4861 conﬁdentia,
1741 4796 2090 4869 magistrum

451 4903 677 4960 vocare,
721 4892 780 4944 et
834 4885 1101 4943 osculum
1156 4884 1208 4940 ei
1261 4884 1541 4957 ingerere,
1588 4901 1761 4956 quem
1803 4885 2088 4942 tradebat.

449 4977 670 5034 Tamen
701 4976 889 5031 adhuc
918 4974 1137 5047 aliquid
1172 4973 1347 5030 habet
1383 4974 1454 5029 de
1511 4973 1860 5029 verecundia
1916 4974 2092 5031 disci-

450 5065 742 5139 puli,cum
789 5081 902 5120 non
951 5081 1085 5120 eum
1137 5062 1330 5137 palam
1372 5062 1551 5119 tradit
1598 5064 2087 5135 persecutoribus,

451 5156 551 5212 sed
584 5171 687 5228 per
715 5154 953 5226 signum
983 5153 1188 5210 osculi.
1222 5158 1341 5209 Hoc
1370 5157 1458 5209 est
1487 5152 1746 5224 signum,
1789 5153 1940 5224 quod
1995 5170 2091 5225 po-

448 5244 567 5300 suit
597 5243 751 5299 Deus
782 5242 842 5296 in
873 5240 1038 5308 Cain,
1065 5256 1136 5295 ne
1166 5237 1503 5313 quicunque
1534 5237 1869 5307 invenisset,
1920 5240 2091 5295 inter-

445 5326 645 5390 ficeret
678 5344 815 5387 eum
845 5328 1010 5402 (Gen.
1044 5345 1121 5399 1v,
1156 5330 1262 5402 15.)
1664 5340 1671 5343 ‘

523 5551 535 5586 ³
575 5547 866 5606 Rescribit
895 5546 1109 5605 Victor.
1164 5562 1231 5604 ex
1279 5547 1469 5606 tribus
1517 5514 1818 5607 Florentiae
1877 5545 2086 5604 codici-

447 5621 581 5696 bus,
611 5624 967 5677 retractantes
1000 5636 1014 5678 :
1050 5618 1360 5678 maluerim
1408 5638 1534 5696 ego,
1580 5623 1948 5680 retractantes.
1997 5619 2088 5675 Sic

448 5692 745 5752 Rabanus.
1448 5692 1472 5696 ⁷
1520 5692 1523 5693 ⁷

519 5763 813 5826 ’Palatini
855 5781 1024 5840 mss.,
1073 5769 1138 5824 ut
1182 5770 1365 5824 notam
1412 5765 1608 5823 litterae
1657 5761 1927 5821 vitztatem
1958 5780 1978 5823 :
2022 5776 2089 5820 ac

2274 4698 2458 4767 (Vers.
2491 4700 2602 4773 55).
2629 4723 2657 4751 «
2684 4703 2748 4757 In
2778 4700 2881 4759 illa
2909 4703 3056 4759 hora
3082 4704 3227 4761 dixit
3255 4704 3427 4763 Jesus
3449 4707 3669 4764 turbis:
3695 4710 3866 4767 Tan-

2202 4803 2381 4859 quam
2414 4790 2485 4845 ad
2515 4789 2803 4846 latronem
2834 4791 3039 4848 existis
3069 4808 3201 4849 cum
3234 4795 3445 4868 gladiis
3493 4802 3550 4853 et
3584 4794 3863 4857 fustibus

2200 4877 2690 4950 comprehendere
2730 4896 2824 4935 me
2858 4896 2871 4935 :
2907 4881 3166 4952 quotidie
3195 4884 3347 4955 apud
3382 4901 3486 4942 vos
3544 4885 3863 4956 sedebam,

2200 4967 2414 5023 docens
2444 4966 2503 5022 in
2522 4967 2760 5040 templo,
2790 4973 2985 5025 etnon
3026 4987 3119 5026 me
3166 4972 3463 5031 tenuistis.
3502 4997 3531 5024 »
3568 4962 3866 5033 ‘Stultum

2200 5060 2308 5123 est,
2341 5056 2554 5127 inquit,
2586 5044 2887 5113 eum‘cum
2907 5058 3118 5132 gladiis
3148 5066 3206 5116 et
3257 5062 3511 5120 fustibus
3559 5080 3864 5136 querere,

2201 5144 2301 5215 qui
2337 5143 2490 5200 ultro
2521 5161 2582 5200 se
2614 5146 2807 5201 tradat
2852 5148 3063 5204 vestris
3101 5149 3398 5221 manibus,
3450 5156 3509 5208 et
3563 5152 3624 5207 in
3677 5158 3874 5212 nocte

2201 5233 2353 5289 228
2389 5235 2557 5305 quasi
2585 5234 3003 5305 latitantem,et
3032 5255 3065 5292 a
3093 5240 3304 5295 vestris
3326 5238 3513 5297 oculis
3538 5241 3871 5300 declinan-

2198 5324 2315 5378 tem
2350 5332 2449 5395 p‘er
2478 5324 2831 5397 proditorem
2880 5326 3247 5401 investigare,
3305 5327 3409 5400 qui
3466 5329 3730 5402 quotidie
3792 5329 3876 5389 ixi

2200 5546 2352 5600 certe
2383 5546 2741 5617 postremum
2774 5542 2881 5600 hoc
2909 5544 3149 5601 verbum
3183 5544 3583 5672 reponendum
3614 5542 3723 5600 fuit
3735 5561 3881 5620 pro

2200 5617 2517 5672 utilitatem.
2549 5616 2703 5672 auod
2732 5617 3102 5672 Martianaaus
3132 5616 3244 5672 1θαὶ
3279 5659 3292 5672 .

2198 5616 2517 5690 utilitatem,
2549 5616 2703 5690 quod
2732 5617 3102 5690 Martianaaus
3132 5616 3292 5690 legit.

2264 5687 2286 5723 ³
2318 5691 2381 5745 In
2412 5705 2527 5745 uno
2565 5685 2858 5756 Palatino,
2914 5685 3268 5746 numerorﬁm
3322 5704 3435 5748 non
3491 5688 3873 5752 occurrimus

2262 5761 2480 5841 plicare
2502 5767 2657 5836 typos
2688 5776 2701 5821 :
2734 5762 2969 5833 tantum,
2997 5763 3107 5818 etc.
