4058 6190
258 305 384 371 209

752 308 1269 373 COMMENTAR.
1317 312 1396 373 IN
1442 312 1959 377 EVANGELIUM
2006 310 2384 376 MATTH/El
2428 313 2575 376 LIB.
2622 315 2729 379 IV.
2775 314 2946 377 CAP.
2979 312 3191 379 XXVI.

3558 317 3678 378 210

266 437 491 513 templo
522 439 751 497 doceat.
785 442 895 498 Sed
927 442 1054 498 ideo
1084 443 1391 500 adversum
1425 462 1519 501 me
1557 445 1614 500 in
1661 446 1918 502 tenebris
1949 449 2001 516 Α
2037 449 2093 501 in
2146 447 2329 503 triduo
2385 449 2656 504 suscitabo
2704 448 2845 504 illud
2901 449 3083 519 (Ibid)
3133 447 3305 506 Aliud
3355 453 3445 506 est
3491 450 3672 509 aediﬁ—

263 530 725 603 congregamini,
757 530 898 604 quia
924 537 1182 604 potestas
1211 540 1402 590 vestra
1431 535 1489 590 in
1520 534 1775 590 tenebris
1805 540 1911 590 est.

336 619 520 691 (Vers.
552 620 667 692 56.)
718 643 745 669 «
782 622 897 677 Hoc
946 626 1140 678 autem
1190 629 1383 680 totum
1429 626 1646 679 factum
1697 628 1806 692 est,
1852 629 1915 679 ut

260 708 732 781 adimplerentur
783 711 1095 783 Seripturaa
1149 714 1584 784 prophetarum.
1616 713 1779 768 Tunc
1826 713 1911 766 di-

259 798 474 870 scipuli
525 814 751 866 omnes,
792 799 993 856 relicto
1043 818 1131 873 eo,
1175 804 1535 876 fugerunt.»
1591 802 1725 865 Quae
1774 807 1915 858 sunt

260 886 577 959 Scripturze
625 888 1094 960 prophetarum?
1137 892 1406 947 Foderunt
1449 908 1648 946 manus
1684 908 1831 948 meas
1860 896 1914 948 et

248 976 424 1046 pedes
453 991 599 1032 meos
629 977 798 1047 (Psal.
833 995 948 1048 xxx,
984 979 1110 1049 17);
1161 984 1219 1035 et
1248 979 1385 1035 alibi
1426 998 1438 1034 :
1487 980 1639 1035 Sicut
1675 983 1792 1036 ovis
1838 981 1912 1035 ad

254 1065 549 1121 victimam
594 1065 783 1122 ductus
830 1075 910 1122 est
954 1068 1081 1139 (Isa.
1132 1086 1253 1135 LIII,
1301 1070 1378 1141 7).
1425 1070 1492 1124 Et
1537 1069 1596 1123 in
1640 1069 1752 1126 alio
1802 1071 1907 1141 [AL

255 1154 493 1225 eodem]
540 1154 710 1211 loco:
760 1157 834 1211 Ab
883 1157 1272 1228 iniquitatibus
1312 1159 1507 1231 populi
1558 1160 1667 1213 mei
1715 1159 1910 1214 ductus

253 1239 345 1297 est
372 1243 444 1298 ad
468 1248 696 1299 mortem
726 1244 891 1317 (Ibid.
922 1261 1030 1302 sec.
1065 1247 1238 1317 LXX).

332 1348 518 1421 (Vers.
550 1352 662 1422 57).
714 1375 743 1402 ‹‹
773 1353 845 1408 At
894 1351 978 1407 illi
1026 1356 1290 1409 tenentes
1342 1353 1567 1419 Jesum,
1619 1354 1911 1409 duxerunt

252 1438 331 1494 ad
365 1438 645 1511 Caipham
677 1441 1002 1514 principem
1050 1443 1441 1508 sacerdotum,
1477 1443 1575 1498 ubi
1611 1443 1820 1498 Scriba:
1854 1448 1909 1498 et

251 1526 520 1584 seniores
550 1535 963 1586 convenerant.
991 1551 1018 1582 ω
1052 1532 1300 1602 Moyses,
1324 1532 1439 1587 Deo
1462 1533 1730 1604 jubente,
1762 1550 1906 1605 prae-

253 1621 509 1690 ceperat,
540 1623 606 1673 ut
636 1619 940 1690 pontiﬁces
990 1621 1255 1693 patribus
1288 1622 1684 1689 succederent,
1720 1626 1777 1677 et
1806 1637 1904 1694 ge-
1934 1607 1942 1614 ’

254 1705 576 1761 nerationis
627 1707 687 1762 in
738 1709 1139 1765 sacerdotibus
1184 1709 1363 1766 series
1393 1713 1683 1766 texeretur
1713 1710 1904 1783 (Exod.

250 1811 410 1889 xxix,
467 1796 585 1889 28,-
622 1796 731 1868 44).
791 1797 986 1889 Refert
1039 1799 1336 1889 .‘losephus
1390 1799 1569 1889 istum
1623 1798 1905 1889 Caipham
1938 1825 1984 1889 Β

254 1883 435 1952 unius
468 1887 697 1940 tantum
728 1885 863 1941 anni
894 1885 1339 1969 pontiﬁcatum‘
1375 1887 1447 1942 ab
1467 1889 1693 1944 Herode
1724 1887 1905 1957 pretio

251 1971 594 2029 redemisse.
629 1973 755 2030 Non
788 1991 924 2046 ergo
955 1975 1172 2031 mirum
1204 1979 1311 2043 est,
1345 1976 1393 2030 si
1426 1992 1678 2048 nequam
1712 1976 1901 2048 ponti-

252 2060 346 2116 fex
378 2061 579 2133 inique
609 2063 717 2134 [Αἰ.
750 2063 1012 2136 iniquus]
1036 2064 1280 2136 judicet.

326 2167 509 2240 (Vers.
559 2170 674 2239 58).
729 2192 757 2220 «
792 2174 998 2228 Petrus
1043 2175 1239 2228 autem
1288 2172 1645 2250 sequebatur;
1686 2190 1821 2229 eum
1872 2190 1907 2230 a

248 2253 427 2331 longe
477 2274 662 2331 usque
706 2259 765 2314 in
796 2260 1009 2316 atrium
1042 2261 1323 2333 principis
1354 2263 1743 2318 sacerdotum.
1780 2284 1807 2311 »
1859 2263 1903 2318 A

246 2344 431 2421 longe
462 2348 833 2420 sequebatur,
859 2348 958 2420 qui
990 2349 1303 2405 Dominum
1335 2354 1459 2407 erat
1488 2355 1828 2422 negaturus.

264 2505 269 2509 .
325 2460 520 2531 (Vere.
565 2462 656 2528 59,
704 2464 818 2528 60).
882 2486 909 2514 ‹‹
942 2465 1015 2519 Et
1070 2465 1373 2538 ingressus
1432 2466 1606 2534 intro,
1665 2466 1904 2522 sedebat

248 2566 390 2607 eum
423 2551 734 2623 ministris,
766 2559 833 2608 ut
861 2553 1081 2610 videret
1110 2556 1308 2611 ﬁnem.
1362 2554 1659 2627 Principes
1706 2560 1900 2611 autem

151 2671 159 2689 .
250 2639 623 2696 sacerdotum
672 2646 732 2697 et
768 2657 941 2698 omne
977 2642 1291 2699 concilium
1323 2645 1661 2716 quaerebant
1688 2643 1899 2699 falsum

248 2727 659 2785 testimonium
704 2735 906 2786 contra
948 2731 1176 2800 Jesum,
1210 2736 1275 2788 ut
1318 2733 1492 2788 morti
1531 2749 1665 2788 eum
1705 2733 1897 2788 trade-

251 2819 401 2872 rent.
451 2817 521 2873 Et
567 2834 684 2874 non
734 2817 1104 2884 invenerunt,
1144 2837 1278 2877 cum
1330 2821 1497 2876 multi
1548 2820 1679 2877 falsi
1725 2825 1901 2877 testes

248 2906 661 2963 accessissent.
698 2929 726 2957 ››
775 2907 874 2964 Vel
925 2925 1122 2965 amore
1173 2910 1468 2982 discipuli,
1504 2909 1591 2966 vel
1642 2910 1902 2966 humana

246 2993 590 3051 curiositate
634 2995 786 3053 scire
834 2998 1123 3070 cupiebat,
1157 2998 1297 3070 quid
1340 3000 1634 3070 judicaret
1676 2999 1746 3053 de
1784 2997 1899 3052 Do-

224 3083 414 3139 'mino
445 3084 704 3155 pontifex
738 3103 750 3140 :
794 3090 990 3141 utrum
1020 3104 1156 3142 eum
1188 3087 1315 3142 neci
1345 3087 1658 3150 addiceret,
1687 3104 1758 3141 an
1793 3087 1900 3140 fla-

2034 552 2185 602 care,
2219 536 2376 592 aliud
2413 536 2715 593 suscitare.

2095 611 2280 693 (Vers.
2312 626 2426 695 (32.)
2481 648 2508 675 ‹‹
2540 628 2607 681 Et
2653 642 2902 698 surgens
2951 628 3221 699 princeps
3277 630 3667 702 sacerdotum,

2024 712 2105 768 ait
2132 713 2214 769 illi
2252 732 2264 769 :
2316 714 2470 770 Nihil
2523 717 2842 788 respondes
2872 718 2941 772 ad
2974 733 3040 772 ea
3070 733 3196 787 qua:
3230 716 3322 771 isti
3358 718 3665 775 adversum

2021 807 2079 859 te
2108 803 2499 860 testificantur
2520 804 2567 857 ?~
2592 805 2765 862 Jesus
2805 809 3000 861 autem
3039 805 3286 863 tacebat.
3318 824 3346 856 η
3401 805 3492 861 Ira
3519 823 3664 878 prie-

2021 907 2156 964 ceps
2188 898 2244 947 et
2264 892 2578 965 impatiens
2600 895 2621 927 ²
2652 911 2766 950 non
2788 894 3089 951 inveniens
3119 894 3427 950 calumniae
3448 893 3663 964 locum,

2020 981 2239 1036 excutit
2288 982 2358 1036 de
2410 982 2556 1038 solio
2610 982 2960 1054 pontiﬁcem,
3002 988 3067 1038 ut
3106 983 3402 1039 vesaniam
3452 984 3667 1049 mentis

2020 1074 2183 1125 motu
2215 1071 2472 1143 corporis
2505 1072 2959 1128 demonstraret.
2984 1075 3210 1139 Quanto
3235 1073 3408 1129 Jesus
3437 1072 3669 1129 tacebat

2020 1159 2090 1214 ad
2142 1159 2415 1232 indignos
2465 1161 2846 1233 responsione
2890 1179 3015 1233 sua,
3051 1161 3228 1218 falsos
3264 1165 3437 1218 testes
3477 1166 3533 1218 et
3574 1180 3667 1221 sa-

2018 1248 2276 1304 cerdotes
2308 1248 2544 1321 impios,
2569 1253 2733 1306 tanto
2763 1251 2953 1323 magis
2983 1250 3243 1324 pontifex
3272 1250 3464 1308 furore
3493 1268 3667 1325 supe-

2019 1340 2201 1406 ratus,
2263 1354 2397 1393 eum
2452 1339 2521 1392 ad
2574 1341 3052 1410 respondendum
3109 1345 3430 1413 provocat:
3478 1345 3543 1396 ut
3600 1358 3668 1398 ex

2018 1426 2280 1498 qualibet
2310 1427 2615 1483 occasione
2647 1428 2936 1484 sermonis
2967 1428 3161 1484 locum
3202 1429 3461 1486 inveniat
3489 1446 3666 1487 accu-

2017 1515 2207 1570 sandi.
2240 1515 2637 1572 Nihilominus
2683 1518 2857 1573 Jesus
2906 1519 3151 1574 tacebat.
3205 1518 3435 1574 Sciebat
3481 1519 3662 1591 enim,

2017 1604 2185 1675 quasi
2218 1604 2393 1676 Deus,
2417 1605 2700 1677 quidquid
2736 1607 3135 1679 respondisset
3164 1607 3561 1679 torquendum
3591 1609 3663 1665 ad

2016 1691 2396 1749 calumniam.
2756 1738 2759 1741 λ

2089 1782 2273 1852 (Vers.
2318 1783 2433 1854 63.)
2482 1806 2511 1834 ‹‹
2543 1785 2613 1839 Et
2659 1785 2933 1857 princeps
2984 1786 3353 1841 sacerdotum
3381 1786 3483 1842 .ait
3526 1785 3660 1842 illi:

2014 1872 2237 1942 Adjuro
2291 1878 2347 1927 te
2394 1890 2498 1945 per
2543 1873 2728 1929 Deum
2771 1874 2990 1939 vivum,
3024 1878 3087 1929 ut
3126 1873 3285 1931 dicas
3318 1874 3487 1932 nobis
3517 1877 3566 1931 si
3598 1879 3661 1932 tu

2014 1977 2076 2016 es
2107 1960 2372 2017 Christus
2403 1960 2584 2017 Filius
2613 1962 2762 2017 Dei?
2786 1985 2814 2011 »
2846 1962 2992 2026 Quid
3025 1964 3283 2033 adjuras,
3311 1963 3663 2035 impiissime

2015 2051 2408 2117 sacerdotum,
2443 2056 2508 2104 ut
2555 2067 2815 2120 accuses,
2849 2068 2924 2106 an
2974 2055 3040 2106 ut
3086 2051 3336 2109 credas?
3383 2052 3444 2109 Si
3476 2057 3540 2107 ut
3570 2069 3663 2108 ac-
3702 2045 3713 2052 ’

2015 2153 2205 2205 cuses,
2239 2130 2496 2211 arguunt
2524 2138 2622 2196 alii
2657 2157 2670 2195 :
2712 2140 3137 2195 condemnate3
3164 2142 3476 2196 tacentem.
3508 2140 3568 2197 Si
3601 2146 3667 2197 ut

2014 2227 2238 2295 credas,
2272 2244 2454 2299 quare
2483 2228 2783 2283 confitenti
2813 2228 3045 2284 credere
3076 2227 3364 2284 noluisti?

2084 2316 2270 2386 (Vers.
2304 2317 2420 2388 64.)
2470 2337 2499 2366 ‹‹
2533 2316 2685 2372 Dixit
2734 2316 2816 2371 illi
2864 2317 3086 2373 Jesus:
3144 2318 3229 2372 Tu
3283 2317 3502 2374 dixisti.
3552 2322 3662 2374 Ve-

2012 2409 2342 2460 rumtamen
2375 2405 2506 2461 dico
2536 2406 2702 2461 vobis
2731 2422 2743 2459 :
2780 2406 2990 2463 amodo
3018 2405 3291 2461 videbitis
3321 2405 3532 2465 Filium
3565 2406 3664 2467 ho-

2012 2492 2190 2550 minis
2221 2495 2518 2551 sedentem
2551 2511 2585 2550 a
2614 2495 2866 2551 dexteris
2913 2494 3147 2551 virtutis
3189 2496 3310 2563 Dei,
3344 2499 3403 2551 et
3428 2496 3661 2553 venien-

2012 2587 2130 2637 tem
2178 2583 2237 2638 in
2288 2584 2546 2641 nubibus
2594 2583 2742 2639 cceli.
2778 2606 2807 2632 ››
2852 2584 2923 2639 Et
2954 2584 3263 2640 adversum
3296 2583 3574 2655 Pilatum,
3605 2589 3663 2643 et

2011 2671 2321 2728 adversum
2366 2672 2641 2745 Caipham
2691 2671 2906 2729 similis
2955 2672 3277 2744 responsio,
3312 2679 3378 2728 ut
3427 2674 3662 2747 propria

2011 2760 2301 2817 sententia
2356 2763 2838 2817 condemnentur.

2082 2849 2267 2919 (Vers.
2298 2852 2389 2918 65,
2420 2851 2536 2921 66.)
2581 2873 2609 2899 ‹‹
2641 2850 2803 2904 Tunc
2834 2850 3108 2921 princeps
3142 2849 3514 2905 sacerdotum
3548 2849 3659 2906 sci-

2013 2938 2099 2992 dit
2144 2940 2494 2994 vestimenta
2543 2956 2673 3005 sua,
2706 2938 2952 2993 dicens:
3006 2936 3458 3008 Blasphemavit.
3511 2936 3660 3003 Quid

2017 3027 2209 3082 adhuc
2241 3044 2481 3099 egemus
2512 3027 2807 3091 testibus?
2854 3027 2997 3081 Ecce
3030 3042 3186 3080 nunc
3227 3025 3475 3081 audistis
3505 3025 3660 3082 blas-

2011 3114 2327 3187 phemiam.
2364 3115 2511 3181 Quid
2548 3115 2712 3169 vobis
2742 3112 2968 3169 videtur
2992 3113 3020 3168 ?
3065 3116 3139 3167 At
3177 3112 3262 3167 illi
3304 3114 3659 3185 responden-

244 3169 423 3244 ἒθηίδ
471 3189 692 3274 08?“?!
742 3173 1079 3274 dimittfr‘f’t;
1318 3176 1426 3274 119°
1455 3175 1762 3274 (liv?ljsitas
1794 3175 1897 3230 ἅθ’
1930 3191 1975 3258 C
2010 3169 2119 3274 tes,
2151 3169 2422 3259 dixerurit
2456 3219 2468 3258 :
2522 3202 2677 3258 Reus
2707 3204 2798 3258 est
2827 3201 3055 3258 mortis.
3093 3223 3123 3252 »
3171 3203 3355 3268 Quem
3398 3169 3471 3258 de
3517 3201 3660 3258 solio

245 3276 374 3317 cem
404 3262 809 3333 apostolorum
840 3268 896 3319 et
924 3264 1099 3319 Petri.
1143 3264 1230 3320 Illi
1263 3265 1516 3338 fugiunt,
1544 3264 1678 3345 iste,
1711 3280 1896 3336 quan-

246 3366 430 3421 quam
457 3349 684 3422 procul,
719 3353 984 3424 sequitur
1013 3357 1212 3410 tamen
1242 3353 1619 3410 Salvatorem.

320 3464 506 3535 (Vere.
534 3466 653 3537 61.)
686 3489 714 3516 ‹‹
741 3467 1064 3525 Novissime
1091 3473 1288 3525 autem
1319 3476 1604 3525 venerunt
1624 3470 1738 3525 duo
1764 3469 1896 3524 falsi

242 3558 451 3621 testes,
483 3560 542 3609 et
568 3555 843 3612 dixerunt
874 3574 887 3612 :
942 3558 1039 3613 llic
1078 3558 1226 3613 dixit
1259 3576 1271 3614 :
1324 3559 1565 3614 Possum
1599 3560 1897 3614 destruere

244 3641 544 3714 templum
574 3644 695 3715 Dei,
731 3650 787 3700 et
815 3650 947 3717 post
977 3646 1237 3701 triduum
1278 3647 1626 3702 recediﬁcare
1665 3646 1829 3700 illud.
1868 3668 1894 3695 »

246 3732 556 3795 Quomodo
576 3732 712 3787 falsi
740 3737 918 3789 testes
949 3740 1109 3800 sunt,
1134 3736 1183 3790 si
1212 3752 1279 3791 ea
1309 3736 1534 3802 dicunt,
1560 3753 1685 3807 quae
1713 3735 1899 3790 Domi-

244 3834 396 3874 num
430 3836 613 3892 supra
644 3821 858 3878 dixisse
891 3822 1140 3896 legimus
1165 3824 1192 3877 ?
1240 3825 1338 3879 sed
1382 3824 1565 3880 falsus
1593 3824 1761 3879 testis
1790 3827 1897 3890 est,

249 3907 360 3979 qui
419 3924 540 3963 non
596 3910 655 3964 in
714 3910 917 3966 eodem
983 3928 1160 3968 sensu
1230 3912 1384 3968 dicta
1447 3912 1721 3983 intelligit
1786 3928 1899 3982 quo

248 3995 557 4053 dicuntur.
587 3999 869 4056 Dominus
916 4000 1073 4056 enim
1124 4001 1348 4057 dixerat
1399 4002 1471 4057 de
1520 4000 1735 4073 templo
1774 4017 1898 4055 cor-

247 4085 415 4158 poris
467 4086 561 4142 sui
610 4089 785 4159 (Joan.
819 4106 881 4155 ιι,
912 4090 1024 4158 21).
1080 4091 1186 4145 Sed
1232 4094 1289 4146 et
1317 4091 1376 4145 in
1407 4090 1553 4162 ipsis
1582 4088 1773 4145 verbis
1805 4105 1899 4145 ca-

246 4174 649 4245 lumniantur,
682 4181 739 4233 et
789 4178 994 4250 paucis
1042 4177 1257 4235 additis
1303 4179 1390 4235 vel
1437 4177 1698 4249 mutatis,
1733 4177 1902 4249 quasi

239 4266 477 4338 justam
511 4264 870 4321 calumniam
901 4268 1142 4323 faciunt.
1184 4267 1446 4324 Salvator
1483 4269 1704 4324 dixerat
1737 4287 1748 4323 :
1781 4268 1899 4325 50l-

248 4356 357 4412 uite
387 4353 659 4427 templum
686 4356 841 4413 224
880 4357 976 4412 hoc
1022 4357 1181 4425 (Ibid.
1217 4356 1343 4427 19);
1392 4356 1489 4412 isti
1537 4361 1903 4413 commutant

248 4448 309 4499 et
351 4443 527 4499 aiunt
557 4459 571 4497 :
628 4444 849 4500 Possum
896 4445 1171 4501 destruere
1200 4446 1459 4517 templum
1488 4449 1608 4503 Dei.
1642 4449 1779 4516 Vos,
1813 4447 1901 4500 in-

252 4532 405 4623 quit,
438 4530 666 4623 solvite,
699 4549 814 4588 non
845 4549 990 4606 ego;
1045 4534 1185 4605 quia
1229 4533 1495 4589 illicitum
1546 4539 1653 4601 est,
1690 4541 1751 4589 ut
1793 4535 1900 4606 ipsi
1936 4560 1978 4623 ι)

252 4620 776 4677 nobisint‘eramus
800 4639 1032 4678 manus.
1056 4623 1274 4679 Deinde
1307 4624 1388 4677 illi
1412 4628 1679 4678 vertunt:
1713 4629 1761 4678 et
1790 4628 1905 4696 post

254 4710 509 4766 triduum
562 4708 900 4782 readiﬁcare
951 4712 1141 4767 illud:
1194 4717 1261 4768 ut
1303 4712 1535 4785 preprie
1573 4714 1643 4768 de
1688 4714 1905 4785 templo

251 4798 504 4855 Judaico
534 4798 749 4855 dixisse
770 4799 1057 4856 videatur.
1080 4800 1364 4856 Dominus
1391 4805 1608 4869 autem,
1635 4805 1699 4857 ut
1719 4806 1908 4857 osten-

256 4887 422 4944 deret
447 4886 704 4947 animale
735 4891 793 4944 et
836 4888 1071 4962 spirans
1095 4888 1405 4961 templum,
1428 4889 1650 4946 dixerat
1678 4907 1690 4945 :
1727 4891 1790 4945 Et
1814 4905 1908 4961 ego

328 5066 361 5147 ξ,
381 5069 463 5147 De
490 5064 733 5147 Caipha,
766 5066 1190 5147 siv_e_Josepho,
1224 5066 1318 5147 cui
1348 5067 1665 5147 et‘gaiphae
1696 5085 1909 5147 nomen

258 5136 393 5203 fuit,
426 5135 711 5213 loquitur
760 5137 1001 5213 quidem
1054 5135 1352 5211 'Josephus
1406 5135 1557 5213 libro
1608 5141 1906 5213 Antiquitt.

257 5208 541 5282 xvmbis,
588 5223 716 5280 cap.
756 5208 800 5282 3f
830 5214 887 5265 et
913 5211 992 5282 ,4;
1041 5214 1101 5265 at
1152 5208 1288 5282 eum
1337 5211 1520 5282 pretio
1569 5212 1640 5266 ab
1688 5208 1912 5268 Herode

257 5278 677 5362 pontificatum
704 5281 1045 5353 redemisse,
1073 5278 1357 5337 traditum
1386 5282 1457 5337 ab
1490 5282 1763 5339 historico
1795 5300 1911 5339 non

256 5367 513 5407 IBVBDIO.

326 5423 350 5495 Ξ
378 5422 529 5495 ζιῖξδθε
559 5437 730 5495 mss.,
764 5426 819 5495 et
844 5424 1216 5495 impatientia,
1248 5424 1698 5495 proiimpatiens.

328 5494 352 5527 ³
377 5492 697 5560 Victorius,
730 5494 822 5548 cui
876 5492 1122 5550 mutilus
1161 5492 1332 5549 antea
1363 5492 1672 5559 hic'locus,
1705 5511 1914 5551 sensu-

263 5580 384 5636 que
435 5579 635 5636 carere
673 5564 836 5636 visus
877 5569 985 5631 est,
1019 5566 1090 5620 de
1121 5578 1227 5620 suo
1257 5564 1351 5619 hic
1381 5565 1677 5621 interserit
1708 5567 1919 5621 volunt-

261 5634 393 5710 tjue,
453 5634 699 5708 legens,
737 5635 1033 5709 volantque
1090 5636 1451 5694 condemnare
1506 5640 1789 5693 tacentem.
1851 5641 1923 5692 At

2008 3290 2355 3347 sacerdotali
2380 3292 2542 3347 furor
2572 3295 2922 3359 excusserat,
2950 3290 3151 3346 eadem
3184 3290 3376 3347 rabies
3406 3292 3478 3347 ad
3511 3291 3661 3347 scin-

2008 3381 2230 3437 dendas
2276 3383 2470 3438 vestes
2514 3383 2807 3453 provocat.
2837 3379 3023 3435 Scidit
3067 3382 3263 3435 autem
3310 3380 3659 3435 vestimenta

2008 3487 2135 3533 sua,
2171 3473 2238 3524 ut
2286 3470 2558 3525 ostendat
2602 3469 2835 3524 Judaeos
2882 3467 3193 3524 sacerdotii
3239 3465 3485 3541 gloriam
3524 3483 3658 3540 per-

2008 3559 2246 3626 didisse,
2280 3562 2336 3613 et
2362 3575 2603 3613 vacuam
2637 3559 2835 3613 sedem
2867 3557 3081 3612 habere
3119 3556 3425 3629 pontiﬁces
3449 3556 3490 3610 ³.
3541 3556 3653 3613 Sed

2008 3651 2065 3703 et
2090 3645 2531 3703 consuetudinis
2555 3645 2811 3700 Judaiczn
2844 3649 2955 3711 est,
2980 3662 3113 3700 cum
3137 3644 3359 3712 aliquid
3387 3643 3658 3717 blasphe-

2010 3736 2141 3791 miee
2190 3740 2247 3789 et
2294 3735 2463 3805 quasi
2510 3739 2714 3789 contra
2744 3734 2928 3790 Deum
2962 3733 3274 3799 audierint,
3309 3734 3458 3790 225
3495 3731 3654 3789 scin-

2009 3825 2144 3879 dere
2200 3824 2547 3880 vestimenta
2603 3840 2728 3878 sua.
2791 3823 2953 3889 Quod
3017 3822 3259 3878 Paulum
3316 3837 3550 3894 quoque
3598 3826 3656 3876 et

2009 3913 2357 3980 Barnabam,
2393 3913 2627 3984 quando
2659 3912 2718 3967 in
2753 3912 3033 3983 Lycaonia
3063 3911 3307 3966 deorum
3345 3909 3503 3965 cultu
3549 3909 3654 3964 ho-

2010 4001 2393 4068 norabantur,
2427 4000 2631 4056 fecisse
2661 3999 2912 4072 legimus
2963 4000 3098 4071 (Act.
3132 4015 3245 4068 xiv,
3283 3998 3367 4068 10,
3402 3997 3511 4064 14).
3545 3997 3653 4051 He-

2011 4091 2180 4145 rodes
2229 4095 2446 4157 autem,
2494 4090 2632 4161 quia
2680 4106 2794 4145 non
2843 4088 3005 4143 dedit
3054 4087 3333 4143 honorem
3383 4085 3521 4150 Deo,
3552 4084 3654 4140 sed

2011 4179 2301 4250 acquievit
2355 4178 2739 4233 immoderato
2798 4176 2980 4231 favori
3037 4172 3262 4246 populi,
3324 4172 3525 4228 statim
3583 4171 3656 4225 ab

2011 4267 2216 4341 angelo
2246 4283 2561 4340 percussus
2602 4270 2691 4321 est
2730 4266 2865 4336 (Act.
2897 4280 2994 4330 xu,
3025 4264 3116 4329 21,
3148 4262 3260 4333 23).

2081 4357 2270 4427 (Vers.
2303 4356 2419 4424 67.)
2453 4378 2481 4403 ‹‹
2510 4356 2672 4409 Tunc
2701 4356 3060 4425 exspuerunt
3090 4351 3150 4406 in
3180 4351 3386 4407 faciem
3419 4350 3569 4422 ejus,
3603 4352 3660 4405 et

2013 4444 2274 4516 colaphis
2305 4461 2441 4500 eum
2473 4442 2825 4498 ceciderunt.
2862 4464 2885 4492 ι
2940 4440 3014 4496 Ut
3045 4440 3464 4512 adimpleretur
3502 4439 3658 4512 quod

2013 4532 2234 4588 dictum
2293 4538 2428 4587 est:
2485 4531 2618 4585 Dedi
2672 4530 2942 4585 maxillas
3002 4546 3147 4585 meas
3202 4528 3312 4599 [ΑΙ.
3360 4528 3662 4584 maxillam

2013 4624 2211 4691 meum)
2261 4622 2439 4692 alapis
2488 4628 2537 4674 et
2582 4619 2782 4689 [aciem
2828 4635 3005 4673 meam
3042 4635 3151 4673 non
3192 4619 3367 4672 (werti
3404 4634 3437 4671 a
3475 4618 3661 4684 confu-

2012 4713 2166 4767 sione
2196 4714 2480 4782 spnlorum
2508 4709 2722 4779 (Thren.
2756 4725 2839 4778 111,
2873 4708 2982 4778 30).

2087 4799 2271 4871 (Vers.
2305 4799 2417 4870 68).
2473 4822 2499 4847 ι(
2534 4796 2648 4851 Alii
2699 4800 2893 4852 autem
2934 4794 3159 4867 palmas
3204 4794 3262 4849 in
3297 4793 3503 4850 faciem
3532 4792 3661 4863 ejus

2018 4890 2326 4959 dederunt,
2351 4888 2612 4944 dicentes
2637 4903 2650 4940 ε
2684 4884 3030 4957 Prophetiza
3048 4881 3236 4951 nobis,
3258 4881 3505 4949 Christe,
3529 4879 3662 4954 quis

2020 5070 2410 5140 praeterquam
2462 5063 2619 5140 quod
2663 5059 2816 5140 nihil
2860 5075 3040 5140 supra
3082 5058 3248 5140 cpdd.
3283 5056 3662 5140 mansueto-

2021 5126 2268 5209 i‘itatemf
2302 5126 2699 5209 licere'debet,
2733 5126 3031 5209 superflua
3070 5128 3242 5209 plane
3269 5128 3533 5209 videatur
3563 5126 3665 5209 ad-

2022 5210 2164 5266 ditio
2210 5207 2332 5274 illa,
2383 5208 2716 5262 contextum
2766 5200 3138 5274 mentemque
3176 5202 3236 5258 S.
3269 5200 3551 5274 Doctoris
3580 5201 3665 5252 at-

2024 5270 2440 5349 tendenti,'qui
2473 5273 2912 5352 accusatoribus
2942 5270 3263 5346 principem
3297 5270 3666 5352 sacerdotum

2018 5354 2298 5423 jungens,
2332 5344 2397 5403 ut
2426 5346 2784 5423 superfluam
2816 5344 2977 5423 illam
3016 5344 3145 5423 esse
3176 5346 3463 5423 monstret
3490 5344 3667 5423 inter-

2026 5409 2416 5495 rogationem-
2444 5409 2759 5495 accusandi
2810 5417 2945 5495 ﬁne,
2980 5415 3109 5471 aliis
3146 5416 3340 5495 palam
3372 5409 3667 5485 arguenti-

2029 5487 2163 5559 bus,
2195 5490 2371 5548 simul
2403 5490 2598 5555 infert,
2626 5487 2979 5544 condemnata
3010 5491 3295 5559 tacentem.

2099 5566 2121 5598 ⁸
2152 5558 2314 5619 Unus
2342 5578 2476 5632 ms,,
2503 5560 2775 5632 pontiﬁcis
2796 5576 2815 5618 ;
2837 5563 2961 5613 tum
2988 5558 3111 5629 pari
3132 5568 3667 5632 omnes_consens_u,

2028 5635 2239 5707 aliqua!
2295 5622 2685 5704 blasphémum',
2734 5633 2829 5686 aut
2879 5622 3037 5702 quasi
3081 5637 3271 5687 contra
3319 5628 3509 5698 Deum,
3556 5628 3667 5681 etc.
