4058 6190
345 349 455 410 2H

347 489 438 541 est
472 482 573 554 qui
602 487 658 538 te
688 480 1025 555 percussit?
1057 503 1085 530 »
1120 479 1380 537 Stultum
1408 485 1532 537 erat
1559 479 2001 536 vcrberantibus
2031 478 2084 543 Α

354 572 722 644 respondere,
757 575 813 627 et
866 571 1264 642 prophetizare
1317 571 1630 626 caedentem
1656 572 1696 636 ¹,
1729 585 1860 624 cum
1895 585 2000 640 pa-

356 663 472 718 lam
508 660 887 734 percutientis
918 660 1212 715 videretur
1241 659 1492 715 insania.
1538 659 1645 715 Sed
1691 658 1843 714 sicut
1895 657 2004 713 hoc

357 751 522 808 vobis
552 767 666 805 non
701 749 1087 822 prophetavit,
1112 749 1195 804 sic
1227 747 1370 803 illud
1404 747 1881 804 manifestissime
1913 763 2006 801 va-

358 839 638 896 ticinatus
689 844 800 904 est,
847 838 1002 908 quod
1055 837 1517 893 circumdaretur
1562 835 1891 893 Jerusalem
1931 836 2003 890 ab

358 927 635 995 exercitu,
669 932 725 982 et
756 944 869 982 non
908 927 1337 999 relinqueretur
1365 926 1515 998 lapis
1548 943 1724 998 super
1751 925 2006 996 lapidem
2047 975 2050 979 .

357 1017 419 1073 in
452 1017 669 1088 templo
703 1018 855 1088 (Luc.
888 1035 1004 1085 xxx,
1039 1018 1127 1083 43,
1161 1017 1270 1087 44).

430 1106 615 1178 (Vers.
640 1106 755 1178 69.)
794 1127 822 1159 α
853 1110 1057 1162 Petrus
1089 1122 1221 1161 vero
1253 1105 1498 1161 sedebat
1519 1104 1659 1161 foris
1693 1105 1750 1158 in
1784 1105 2003 1160 atrio.»

360 1196 523 1252 Foris
552 1197 810 1262 sedebat,
840 1200 904 1249 ut
931 1195 1152 1262 videret
1181 1196 1401 1250 exitum
1435 1195 1536 1250 rei.
1565 1196 1632 1249 Et
1666 1210 1776 1248 non
1804 1210 2010 1265 appro-

355 1285 683 1357 pinquabat
730 1285 894 1352 Jesu,
935 1302 1006 1339 ne
1060 1284 1347 1340 ministris
1392 1284 1588 1355 aliqua
1617 1282 1874 1355 suspicio
1905 1299 2008 1336 na-

359 1379 637 1430 sceretur.

431 1463 617 1535 (Vers.
647 1464 760 1532 '72).
812 1485 840 1512 ‹‹
875 1465 942 1518 Et
969 1462 1182 1518 iterum
1222 1462 1452 1534 negavit
1481 1478 1614 1516 eum
1652 1462 2006 1533 juramento,

362 1554 501 1627 quia
527 1570 641 1608 non
666 1552 797 1609 novi
825 1552 1147 1609 hominem.
1177 1554 1246 1607 Et
1276 1557 1408 1624 post
1438 1550 1719 1622 pusillum
1751 1567 2009 1606 accesse-

361 1647 500 1698 runt
530 1642 629 1714 qui
660 1642 916 1708 stabant,
950 1646 1006 1696 et
1035 1641 1307 1696 dixerunt
1339 1641 1524 1696 Petro.
1549 1663 1590 1697 Δ››
1622 1639 1750 1696 Scio
1778 1641 1800 1673 ³
1830 1656 2010 1711 quos-

363 1731 501 1787 dam
533 1730 616 1802 pii
658 1731 900 1785 ail‘ectus
951 1730 1058 1800 [AL
1091 1730 1186 1801 pio
1217 1730 1450 1798 affectu]
1501 1745 1637 1801 erga
1681 1728 2007 1800 apostolum

1606 347 1671 408 S.
1719 342 2036 408 EUSEBlI
2081 341 2527 405 HIERONYMI

3647 346 3762 409 212

2191 477 2348 550 (Cap.
2400 477 2619 533 XXVII.
2670 509 2739 520 —
2787 482 2951 534 Vers.
2989 478 3012 534 1
3048 481 3239 552 seqq.)
3285 501 3313 529 «
3349 478 3518 536 Mane
3566 484 3762 537 autem

2117 567 2285 638 facto,
2317 567 2632 622 consilium
2686 567 2947 624 inierunt
2994 585 3198 624 omnes
3239 568 3533 642 principes
3574 585 3763 626 sacer-

2115 657 2318 712 dotum
2350 661 2406 711 et
2440 657 2700 712 seniores
2735 656 2932 729 populi
2965 657 3246 713 adversus
3275 658 3497 727 Jesum,
3537 663 3601 712 ut
3629 675 3761 714 eum

2114 747 2289 802 morti
2336 747 2648 802 traderent.
2683 747 2750 801 Et
2797 747 3056 802 vinctum
3107 747 3496 814 adduxerunt,
3531 752 3588 802 et
3643 752 3763 803 tra-

2115 836 2389 891 diderunt
2417 852 2550 890 eum
2585 835 2791 891 Pontio
2823 835 3006 891 Pilato
3039 835 3293 908 praesidi.
3330 857 3357 883 ››
3411 836 3533 890 Non
3568 835 3761 892 solum

2115 926 2186 980 ad
2219 923 2492 993 Pilatum,
2527 925 2627 980 sed
2657 924 2836 981 etiam
2876 925 2947 980 ad
2996 926 3284 980 Herodem
3317 925 3528 981 ductus
3559 931 3667 996 est,
3701 932 3767 981 ut

2119 1019 2362 1085 uterque
2393 1013 2636 1070 Domino
2667 1013 2956 1069 illuderet.
3006 1015 3076 1068 Et
3106 1030 3274 1069 cerne
3306 1012 3763 1071 sollicitudinem

2117 1103 2486 1158 sacerdotum
2522 1103 2578 1156 in
2613 1102 2857 1158 malum.
2890 1103 3031 1158 Tota
3062 1106 3227 1157 nocte
3258 1101 3664 1175 vigilaverunt,
3700 1109 3767 1159 ut

2118 1191 2498 1256 homicidium
2527 1193 2797 1246 facerent.
2835 1193 2896 1246 Et
2924 1194 3165 1246 vinclum
3197 1192 3542 1247 tradiderunt
3563 1193 3769 1249 Pilato.

2118 1282 2422 1338 Habehant
2450 1282 2607 1336 enim
2646 1281 2802 1336 hunc
2847 1297 3089 1348 morem,
3124 1284 3189 1334 ut
3220 1296 3394 1352 quem
3427 1281 3770 1352 adjudicas-

2121 1375 2252 1427 sent
2281 1370 2474 1440 morti,
2509 1356 2756 1442 ligatum
2801 1369 2987 1440 judici
3018 1370 3340 1425 traderent.
3371 1409 3380 1413 -

2191 1483 2219 1510 ‹‹
2251 1461 2415 1515 Tunc
2461 1459 2666 1515 videns
2714 1459 2922 1527 Judas,
2972 1457 3073 1529 qui
3121 1475 3254 1514 eum
3306 1459 3568 1531 tradidit,
3612 1461 3769 1532 quod

2100 1551 2434 1606 .damnatus
2464 1553 2637 1616 esset,
2674 1547 3016 1620 pcenitentia
3045 1548 3278 1617 ductus,
3304 1548 3503 1604 retulit
3533 1549 3774 1623 triginta

2120 1642 2426 1709 argenteos
2474 1637 2837 1708 principibus
2886 1637 3255 1692 sacerdotum
3305 1643 3363 1692 et
3411 1639 3769 1707 senioribus,

2121 1728 2323 1782 dicens
2348 1744 2360 1782 :
2387 1726 2638 1796 Peccavi,
2661 1726 2899 1780 tradens
2922 1725 3270 1798 sanguinem
3288 1727 3542 1797 justum.
3573 1751 3593 1776 ι
3629 1733 3773 1784 Ava-

363 1821 621 1884 Petrum,
653 1817 847 1874 locum
893 1818 1051 1873 hunc
1082 1819 1163 1873 ita
1195 1819 1625 1890 interpretatos,
1660 1823 1725 1872 ut
1753 1819 2013 1874 dicerent
2044 1852 2092 1918 B
2123 1816 2267 1871 ritiae
2317 1814 2781 1888 magnitudinem
2831 1815 2936 1888 [AL
2974 1814 3401 1887 magnitudine]
3453 1817 3773 1888 impietatis

366 1909 621 1974 Petrum,
659 1924 772 1962 non
809 1907 987 1962 Deum
1019 1923 1284 1979 negasse,
1318 1909 1417 1963 sed
1450 1907 1769 1978 hominem,
1802 1911 1859 1963 et
1887 1923 2016 1962 esse

337 2012 606 2053 sensum
640 2011 653 2049 :
707 1996 912 2052 Nescio
959 1996 1279 2067 hominem,
1315 1997 1453 2068 quia
1501 1997 1620 2052 scio
1660 2002 1864 2052 Deum.
1896 2001 2016 2051 Hoc

366 2101 547 2157 quam
598 2083 870 2139 frivolum
922 2085 1016 2152 sit,
1052 2085 1309 2157 prudens
1357 2085 1538 2141 lector
1584 2085 1896 2157 intelligit;
1933 2086 2017 2140 sic

369 2174 476 2243 [AL
512 2172 584 2244 si]
634 2173 952 2229 defendunt
1001 2173 1353 2246 apostolum,
1389 2180 1453 2230 ut
1497 2175 1681 2230 Deum
1727 2174 2016 2230 mendacii

369 2278 534 2318 reum
569 2261 803 2318 faciant.
838 2262 894 2318 Si
929 2263 1086 2318 enim
1118 2262 1228 2318 iste
1261 2279 1373 2318 non
1409 2264 1660 2335 negavit,
1693 2281 1830 2335 ergo
1862 2280 2020 2319 men-

366 2351 512 2407 titus
538 2354 628 2406 est
648 2352 946 2419 Dominus,
973 2351 1073 2423 qui
1101 2352 1327 2406 dixerat
1353 2369 1364 2405 :
1398 2353 1567 2408 Amen
1597 2353 1715 2408 dico
1747 2354 1868 2419 tibi,
1889 2355 2020 2424 quia

372 2440 482 2496 hac
511 2449 682 2511 nocte,
715 2444 1007 2512 antequam
1043 2442 1231 2513 gallus
1275 2445 1485 2509 cantet,
1518 2449 1599 2496 ter
1643 2457 1731 2496 me
1776 2442 2016 2512 negabis.

371 2531 553 2586 Cerne
585 2529 684 2601 qui
716 2529 889 2600 dicat,
925 2546 1008 2584 me
1036 2531 1280 2599 negabis,
1316 2547 1431 2585 non
1463 2530 1784 2586 hominem.

445 2617 629 2688 (Vers.
679 2617 794 2689 73.)
847 2640 873 2664 ‹‹
919 2618 1064 2673 Vere
1113 2621 1170 2680 et
1217 2622 1278 2673 tu
1330 2635 1398 2673 ex
1446 2617 1562 2674 illis
1614 2636 1722 2675 es:
1776 2636 1911 2674 nam
1966 2621 2022 2674 et

371 2705 605 2779 loquela
633 2709 735 2762 tua
762 2711 820 2762 te
850 2707 1228 2763 manifestum
1264 2708 1419 2762 facit.
1455 2731 1483 2758 ››
1533 2708 1657 2764 Non
1691 2709 1846 2780 quod
1879 2708 2020 2763 alte-

372 2794 496 2850 rius
546 2793 834 2851 sermonis
879 2799 1034 2850 esset
1083 2795 1304 2863 Petrus,
1357 2801 1457 2851 aut
1539 2796 1730 2867 gentis
1792 2801 2019 2852 exterae.

379 2882 596 2939 Omnes
625 2883 842 2955 quippe
865 2884 1086 2939 Hebraei
1118 2890 1302 2954 erant,
1327 2884 1426 2956 qui
1459 2886 1801 2956 arguebant,
1837 2889 1892 2940 et
1921 2886 2022 2956 qui

377 2973 734 3044 arguebatur
765 2973 871 3045 [AL
913 2973 1331 3046 arguebantur]
1359 2992 1371 3041 ;
1423 2973 1524 3028 sed
1560 2975 1714 3046 quod
1745 2991 2021 3045 unaquae-

378 3061 492 3133 que
521 3061 821 3133 provincia
867 3066 925 3117 et
967 3062 1125 3134 regio
1165 3062 1418 3118 habebat
1446 3065 1830 3134 proprietates
1861 3079 2025 3129 suas,

375 3153 432 3205 et
460 3151 565 3221 [AL
600 3155 683 3216 ut]
731 3150 1108 3207 vernaculum
1142 3151 1420 3223 loquendi
1451 3168 1666 3208 sonum
1697 3153 1878 3208 vitare
1909 3169 2024 3208 non

2124 1905 2354 1978 pondus
2384 1904 2649 1960 exclusit.
2675 1903 2892 1960 Videas
2920 1905 3104 1960 Judas
3137 1905 3449 1960 Dominum
3479 1906 3776 1977 adjudica-

2124 1999 2252 2050 tum
2285 1994 2478 2060 morti,
2513 1993 2765 2065 pretium
2814 1993 3014 2058 retulit
3057 1994 3480 2062 sacerdotibus,
3514 1995 3682 2066 quasi
3716 1995 3776 2050 in

2126 2086 2411 2156 potestate
2458 2099 2566 2138 sua
2611 2086 2765 2138 esset
2805 2088 3249 2154 persecutorum
3282 2088 3511 2140 mutare
3543 2089 3780 2140 senten-

2125 2172 2292 2227 tiam.
2346 2173 2548 2243 Itaque
2605 2171 2740 2226 licet
2797 2172 3107 2226 mutaverit
3164 2171 3526 2228 voluntatem
3585 2190 3782 2240 suam,

2127 2265 2322 2315 tamen
2371 2260 2693 2315 voluntatis
2741 2261 2942 2332 prima:
2992 2261 3212 2315 exitum
3259 2278 3375 2316 non
3417 2263 3684 2318 mutavit.
3719 2263 3780 2318 Si

2129 2354 2323 2404 autem
2353 2349 2610 2420 peccavit
2634 2348 2730 2404 ille
2753 2349 2851 2420 qui
2877 2349 3121 2404 tradidit
3149 2349 3497 2422 sanguinem
3519 2352 3780 2421 justum,

2131 2442 2348 2510 quanto
2409 2437 2597 2509 magis
2653 2436 2837 2492 Judaei
2894 2444 3298 2510 peccaverunt,
3354 2439 3454 2510 qui
3509 2444 3783 2495 emerunt

2128 2526 2477 2598 sanguinem
2522 2528 2774 2598 justum,
2809 2533 2863 2581 et
2903 2527 3194 2582 offerendo
3228 2527 3503 2599 pretium,
3535 2529 3606 2582 ad
3644 2546 3774 2601 pro-

2129 2614 2406 2671 ditionem
2457 2615 2811 2687 discipulum
2874 2617 3312 2687 provocarunt‘?
3357 2617 3466 2680 Qui
3519 2617 3781 2674 diversas

2130 2708 2368 2760 naturas
2421 2709 2707 2760 conantur
2753 2705 3138 2773 introducere,
3194 2711 3249 2760 et
3305 2706 3511 2762 dicunt
3563 2707 3782 2762 Judam

2135 2794 2482 2864 proditorem
2516 2793 2681 2850 malas
2716 2795 2896 2850 fuisse
2928 2799 3171 2862 naturae,
3219 2811 3323 2851 nec
3352 2795 3634 2851 electione
3665 2795 3782 2866 [AL

2131 2881 2472 2938 electionem
2494 2891 2546 2938 et
2565 2882 2816 2954 servare]
2849 2882 3216 2955 apostolatus
3247 2883 3512 2954 potuisse
3543 2884 3785 2950 servari,

2134 2971 2525 3041 respondeant
2573 2972 2866 3043 quomodo
2915 2975 3124 3027 natura
3175 2971 3333 3028 mala
3375 2972 3560 3044 egerit
3599 2972 3796 3045 paeni-

2134 3060 2377 3116 tentiam
2389 3101 2402 3114 .

2210 3149 2391 3220 (Vers.
2418 3151 2500 3221 5.)
2533 3173 2559 3200 «
2587 3149 2771 3205 At-illi
2804 3150 3076 3206 dixerunt
3101 3165 3114 3205 :
3143 3150 3292 3216 Quid
3318 3151 3390 3205 ad
3423 3167 3531 3206 nos
3551 3153 3579 3205 ἶ)
3604 3152 3686 3206 Tu
3709 3151 3796 3205 vi-

375 3218 579 3310 possit.
612 3238 775 3294 Unde
804 3243 862 3292 et
893 3218 1268 3310 Ephrathaai3
1309 3240 1367 3294 in
1397 3240 1672 3296 Judicum
1704 3239 1852 3296 libro
1884 3242 2022 3313 (cap.
2057 3218 2100 3286 (ἶ
2139 3218 2312 3294 deris.
2338 3240 2404 3295 Et
2434 3218 2708 3310 projectis
2739 3238 3032 3310 argenteis
3064 3239 3122 3292 in
3154 3238 3395 3311 templo,
3421 3240 3570 3295 227
3602 3255 3794 3294 reces-

376 3343 476 3392 xn,
509 3342 646 3382 vers.
678 3327 734 3398 6)
766 3343 882 3382 non
914 3332 1162 3398 possunt
1191 3325 1438 3397 σῦνοημα
1470 3329 1679 3383 dicere.

451 3412 634 3484 (Vers.
665 3414 757 3480 74,
788 3413 904 3482 75.)
955 3435 981 3461 ‹‹
1016 3413 1176 3468 Tunc
1208 3413 1382 3485 cmpit
1411 3414 1686 3469 detestari
1733 3421 1789 3470 et
1828 3417 2030 3487 jurare

381 3502 517 3574 quia
553 3519 667 3557 non
690 3502 844 3558 226
877 3501 1135 3557 novisset
1165 3501 1486 3558 hominem.
1511 3503 1580 3557 Et
1607 3504 1883 3560 continuo
1914 3505 2031 3578 gal-

381 3590 475 3645 lus
505 3590 782 3645 cantavit.
831 3590 894 3645 Et
926 3591 1264 3646 recordatus
1311 3596 1400 3647 est
1440 3592 1644 3647 Petrus
1674 3593 1834 3648 verbi
1864 3593 2027 3663 Jesu,

382 3679 538 3750 quod
568 3678 826 3734 dixerat:
863 3679 1206 3749 Priusquam
1239 3680 1430 3753 gallus
1460 3685 1672 3746 cantet.
1701 3685 1786 3738 ter
1812 3699 1904 3738 me
1936 3701 2029 3739 ne-

379 3767 568 3840 gabis.
605 3788 632 3816 »
667 3772 726 3822 In
760 3766 874 3824 alio
907 3768 1214 3839 Evangelio
1246 3769 1499 3840 legimus
1533 3788 1547 3826 :
1597 3770 1737 3842 quia
1767 3775 1897 3843 post
1927 3789 2025 3828 ne-

377 3855 671 3928 gationem
706 3857 878 3924 Petri,
911 3861 968 3911 et
997 3861 1235 3911 cantum
1268 3857 1428 3929 galli,
1464 3860 1780 3930 respexerit
1827 3860 2025 3916 Salva-

377 3949 470 4000 tor
497 3949 756 4014 Petrum,
780 3950 836 4000 et
858 3945 1072 4000 intuitu
1097 3963 1203 4001 suo
1225 3963 1358 4001 eum
1389 3948 1456 4002 ad
1484 3964 1716 4004 amaras
1736 3948 2026 4020 lacrymas

376 4035 773 4105 provocaverit
813 4037 977 4102 (Luc.
1011 4051 1148 4099 xxu,
1183 4037 1273 4102 60,
1305 4037 1420 4102 62).
1469 4035 1584 4090 Nec
1622 4035 1745 4091 fieri
1779 4039 2022 4107 poterat,

376 4126 441 4178 ut
469 4123 528 4178 in
560 4123 887 4196 negationis
917 4122 1175 4179 tenebris
1205 4129 1590 4196 permaneret,
1615 4140 1786 4193 quem
1814 4124 1911 4180 lux
1943 4142 2026 4181 re-

375 4217 643 4284 spexerat
673 4213 900 4268 mundi.

447 4322 475 4348 «
507 4301 577 4354 Et
607 4316 880 4372 egressus
909 4302 1086 4366 foras,
1120 4301 1275 4356 flevit
1305 4318 1522 4356 amare.
1557 4320 1582 4350 π
1635 4305 1694 4356 In
1729 4303 1874 4358 atrio
1905 4305 2024 4358 Cai-

374 4387 502 4460 pha
535 4389 767 4454 sedens,
800 4405 913 4444 non
947 4395 1174 4459 poterat
1202 4407 1372 4463 agere
1405 4390 1824 4462 paenitentiam.
1850 4393 2019 4464 Egre-

374 4476 534 4532 ditur
563 4475 718 4532 foras
748 4478 818 4532 de
849 4477 1164 4548 impiorum
1199 4478 1467 4547 concilio,
1499 4484 1562 4535 ut
1593 4479 1812 4552 pavidae
1845 4498 2018 4554 nega-

372 4564 548 4622 tionis
580 4566 781 4622 sordes
813 4566 1032 4622 amaris
1065 4566 1302 4622 ﬂetibus
1333 4567 1503 4623 lavet.

443 4727 458 4761 ¹
491 4729 671 4801 Antea
721 4727 1039 4801 legebatur;
1071 4727 1414 4783 credentibus.
1466 4729 1669 4801 Verior
1716 4747 1895 4801 quam
1926 4748 2016 4786 re«

369 4799 680 4869 posuimus
711 4799 866 4856 ad’S.
892 4799 1076 4856 Patris
1108 4804 1360 4856 mentem
1387 4800 1649 4855 omnium
1679 4799 1822 4857 mss.
1845 4800 2016 4858 lectio

371 4873 479 4924 est.

441 4941 460 4973 ⁵
493 4941 571 4994 Ex
603 4940 879 5016 his__unus
907 4941 1140 5016 videtur
1170 4943 1228 4998 S.
1262 4942 1627 5016 Ambrosius,
1678 4945 1847 5016 cujus
1896 4943 2015 4999 haec

369 5012 661 5088 sententia
691 5011 858 5088 lib._x
904 5013 962 5088 in
994 5015 1230 5088 Lucam,
1264 5031 1319 5069 n.
1357 5017 1470 5088 62_:
1525 5037 1551 5062 ‹‹
1585 5011 2017 5088 Bene'negavit

369 5080 852 5158 hominequuia
883 5085 1103 5158 sciebat
1125 5086 1330 5142 Deum.
1358 5109 1384 5134 »
1417 5085 1485 5158 Et
1515 5085 1737 5158 pridem
1771 5080 2015 5143 fortasse

368 5153 426 5207 S.
474 5153 598 5225 ipse
649 5153 924 5227 Hilarius,
957 5157 1056 5227 qui
1107 5158 1163 5210 in
1213 5158 1370 5213 hunc
1415 5153 1656 5213 locum:
1711 5179 1738 5206 «
1770 5158 1837 5212 Et
1885 5176 2015 5215 vere

368 5223 564 5295 prope,
602 5223 709 5302 ait,
747 5226 881 5302 iam
932 5223 1058 5282 sine
1089 5229 1338 5302 piaculo
1390 5229 1687 5284 hominem
1739 5231 2010 5302 negabat,

366 5312 543 5364 quam
599 5296 693 5370 Dei
745 5295 956 5370 Filium
1002 5295 1242 5370 .priinus
1304 5306 1698 5370 agnoverat.»
1749 5295 2014 5357 Βὶἷίριιὶηι

365 5367 680 5422 excusandi
714 5368 946 5433 allectu,
983 5367 1096 5425 n'on
1131 5375 1192 5424 ut
1224 5367 1455 5442 culp—am
1497 5379 1796 5444 negarent.

435 5455 728 5528 3Tesscra
778 5456 1070 5528 militaris,
1104 5457 1276 5528 vulgo
1324 5461 1479 5528 apud
1529 5477 1636 5516 nos
1688 5460 1740 5515 te
1787 5463 1896 5515 νηοὶ
1938 5460 2013 5516 du

360 5530 506 5604 guet,
533 5527 836 5582 dicebatur
867 5525 1028 5604 σύνφῃ
1042 5525 1114 5599 μα
1145 5525 1236 5604 vel
1263 5525 1562 5600 σύμϐολον,
1587 5531 1822 5604 signum
1854 5533 2010 5604 quod

362 5597 431 5653 ad
468 5614 723 5670 pugnam
755 5597 1106 5654 exeuntibus
1147 5597 1394 5656 dabatur
1439 5597 1684 5658 vitanda:
1715 5597 2007 5658 confusio-

366 5669 456 5726 nis
489 5669 683 5726 causa.
717 5670 1048 5728 Gabaaditae
1097 5689 1234 5745 ergo
1278 5672 1572 5730 habebant
1612 5692 1714 5746 pro
1745 5673 1910 5746 signo
1943 5691 2007 5730 ac

2140 3328 2215 3382 sit
2250 3345 2262 3382 :
2295 3332 2352 3383 et
2383 3327 2604 3394 abiens,
2641 3327 2849 3398 laqueo
2881 3343 2942 3382 se
2974 3327 3300 3400 suspendit.
3329 3350 3356 3375 »
3387 3326 3542 3382 Nihil
3574 3327 3798 3400 proluit

2139 3416 2328 3488 egisse
2378 3415 2803 3488 pmnitentiam,
2837 3433 2939 3487 per
2985 3433 3166 3488 quam
3198 3418 3218 3449 ⁴
3265 3415 3456 3472 scelus
3500 3416 3792 3489 corrigere

2140 3521 2255 3561 non
2287 3505 2495 3577 potuit.
2521 3505 2578 3560 Si
2611 3505 2845 3576 quando
2877 3504 2960 3560 sic
2992 3505 3168 3560 frater
3199 3508 3400 3577 peccat
3431 3505 3490 3560 in
3523 3506 3786 3572 fratrem,

2137 3599 2202 3649 ut
2222 3595 2532 3650 emendare
2553 3593 2740 3649 valeat
2763 3594 2916 3664 quod
2949 3594 3225 3666 peccavit,
3249 3598 3443 3666 potest
3467 3595 3518 3650 ei
3545 3594 3786 3650 dimitti.

2137 3683 2237 3738 Sin
2279 3687 2474 3738 autem
2521 3689 2864 3754 permanent
2911 3700 3107 3756 Opera,
3143 3683 3329 3754 frus_ta
3357 3699 3491 3738 voce
3523 3682 3786 3738 assumi-

2136 3777 2232 3826 tur
2279 3772 2636 3842 poenitentia.
2689 3772 2805 3827 Hoc
2852 3776 2941 3828 est
2991 3773 3144 3843 quod
3197 3773 3256 3826 in
3302 3771 3528 3843 psalmo
3573 3772 3644 3828 de
3685 3786 3783 3827 eo-

2137 3862 2267 3918 dem
2300 3861 2701 3917 infelicissimo
2731 3860 2884 3916 Juda
2913 3861 3127 3915 dicitur
3160 3877 3172 3914 :
3225 3862 3288 3915 Et
3318 3862 3498 3915 oratio
3536 3862 3654 3932 ejus
3681 3858 3790 3932 ﬁat

2136 3953 2195 4006 in
2224 3955 2499 4022 peccatum
2547 3951 2714 4022 (PsaL
2748 3967 2901 4017 cvm,
2933 3950 3027 4020 7);
3079 3953 3143 4003 ut
3187 3965 3301 4004 non
3352 3948 3544 4004 solum
3582 3965 3800 4021 emen-_

2135 4040 2271 4094 dare
2320 4039 2645 4110 nequiverit
2694 4037 3040 4110 proditionis
3091 4038 3274 4102 nefas,
3326 4038 3427 4093 sed
3485 4038 3557 4092 ad
3620 4038 3787 4108 prius

2135 4127 2326 4184 scelus
2375 4127 2551 4182 etiam
2604 4125 2821 4198 proprii
2865 4125 3166 4181 homicidii
3208 4126 3429 4182 crimen
3471 4126 3782 4182 addiderit.

2131 4215 2269 4272 Tale
2321 4216 2460 4287 quid
2505 4219 2562 4270 et
2604 4215 2919 4286 Apostolus
2950 4215 3009 4270 in
3042 4215 3302 4270 secunda
3331 4216 3403 4270 ad
3449 4214 3785 4271 Corinthios

2135 4305 2391 4376 Epistola
2439 4304 2698 4376 loquitur
2731 4321 2742 4359 :
2793 4308 2876 4360 Ne
2916 4304 3306 4360 abundantiori
3333 4305 3560 4360 tristitia
3588 4304 3783 4359 absor-

2134 4397 2328 4450 beatur
2355 4397 2528 4458 frater
2553 4396 2573 4428 ⁵
2603 4394 2673 4464 (ll
2705 4394 2825 4448 Cor.
2859 4411 2920 4464 ιι,
2953 4396 3030 4463 7).

2203 4483 2387 4555 (Vers.
2420 4485 2502 4554 6.)
2539 4507 2559 4533 α
2598 4481 2890 4554 Principes
2924 4486 3122 4537 autem
3154 4481 3544 4551 sacerdotum,
3577 4497 3781 4553 accep-

2051 4587 2096 4650 Β
2130 4571 2206 4627 tis
2237 4571 2549 4644 argenteis,
2584 4571 2854 4626 dixerunt
2889 4587 2901 4624 :
2952 4570 3075 4625 Non
3122 4570 3256 4626 licet
3298 4586 3395 4626 eos
3445 4570 3677 4625 mittere
3716 4571 3777 4625 in

2128 4730 2496 4803 synthemate
2528 4748 2727 4786 vocem
2755 4714 2950 4796 nhnni,
2978 4729 3328 4794 schibboleth,
3354 4743 3533 4800 quam
3561 4727 3782 4799 Ephra-

2127 4821 2262 4892 thazi
2297 4819 2776 4892 pronuntiabant,
2811 4804 3295 4892 manumanu.
3330 4816 3475 4892 Yide
3501 4816 3778 4892 Judicum

2127 4891 2228 4947 lib.
2292 4887 2418 4959 cap.
2480 4910 2588 4956 xu,
2649 4907 2797 4946 vers.
2857 4892 2911 4945 6.
2971 4890 3157 4944 MART.
3216 4921 3283 4929 ——
3343 4888 3532 4944 Videri
3592 4887 3782 4959 possit

2126 4963 2142 5017 i
2191 4980 2318 5018 sum
2347 4957 2686 5017 Srhibboleth
2712 4962 2976 5027 verbum,
2998 4978 3100 5032 pro
3123 4975 3237 5033 quo
3261 4959 3536 5015 Sibbolcth
3561 4957 3775 5030 Ephrao

2126 4981 2259 5089 tliazi
2288 5033 2766 5089 pronuntiabant.
2796 5034 3158 5089 nronnaitum
3192 5031 3476 5089 exemplo.
3513 5031 3650 5086 Mss.
3687 5035 3775 5085 ta-

2127 5049 2259 5089 tnazi
2288 5049 2766 5106 pronuntiabant,
2795 5049 3158 5103 propnsnum
3192 5049 3476 5103 exemplo.
3513 5049 3650 5086 mss.
3687 5049 3771 5085 ta-

2127 5122 2260 5161 men
2313 5102 2840 5174 ὴᾶὺθηῐσύνθημα,
2888 5111 2992 5158 aut
3040 5103 3237 5159 Latine
3274 5103 3578 5173 synt/zema,
3615 5101 3771 5174 quod

2126 5176 2221 5248 hic
2253 5176 2482 5248 proprie
2509 5173 3086 5248 signum,inota,_gsive
3115 5175 3385 5248 indicium
3415 5180 3524 5237 est,
3553 5189 3668 5248 quo
3699 5173 3774 5228 ab

2126 5243 2490 5318 Ephrathaeis
2544 5245 2858 5302 Galaadita:
2916 5244 3449 5318 distinguebantur.
3503 5243 3772 5318 Diximus

2124 5314 2194 5372 de
2219 5318 2325 5374 hoc
2350 5319 2524 5374 verbo
2549 5318 2684 5374 alibi
2710 5319 2779 5374 ad
2804 5319 2972 5390 epist.
3004 5314 3204 5390 118⁷ᾶᾴ
3228 5316 3549 5390 Julianuin,
3578 5314 3766 5383 initio,

2122 5390 2447 5472 ubiutamen
2481 5391 2706 5445 diverso
2740 5387 3035 5460 paulisper
3063 5389 3135 5443 ab
3168 5388 3276 5444 hoc
3307 5387 3639 5460 signiﬁcatu
3669 5403 3766 5442 ac-

2121 5465 2354 5531 cipitur.

2191 5534 2212 5566 ‘
2244 5533 2422 5588 Penes
2455 5532 2790 5601 Vietorium,
2824 5531 2884 5585 ni

2121 5605 2220 5670 lia,
2246 5621 2342 5675 per
2371 5621 2555 5675 quam,
2585 5607 2693 5658 etc.

2190 5676 2210 5710 ⁵
2238 5671 2476 5732 Addunt
2507 5673 2772 5732 nonnulli
2805 5689 2971 5744 mss.,
3005 5674 3099 5747 qui
3125 5671 3394 5745 ejusmodi
3421 5676 3518 5728 est.

2888 5531 2968 5585 hil
2991 5533 3204 5602 profuit
3231 5532 3291 5586 ei
3327 5545 3451 5585 sera
3489 5501 3766 5601 paniten-
