4058 6190
280 325 412 390 213

278 460 602 519 corbonam
635 457 741 529 [ΑΙ.
775 460 1139 530 corbanam],
1206 460 1344 531 quia
1398 460 1653 532 pretium
1699 459 1937 537 sapgui-
1967 460 2022 527 Α
2050 457 2223 514 Jesus

280 551 380 608 nis
425 555 533 607 est.
594 572 624 599 »
682 548 831 604 Vere
873 548 1118 604 culicem
1167 547 1480 621 liquantes,
1539 553 1597 604 et
1651 549 1939 605 camelum

275 640 619 714 glutientes.
650 638 710 693 Si
742 635 900 693 enim
932 637 1059 694 ideo
1112 654 1227 693 non
1259 638 1505 693 mittunt
1536 638 1843 706 pecuniam
1881 639 1939 693 in

276 730 623 795 corbonam,
658 727 767 783 hoc
807 730 897 782 est
926 731 984 780 in
1042 726 1522 799 gaZOphylacium
1551 730 1608 782 et
1636 727 1789 782 dona
1821 726 1939 791 Dei,

275 820 425 892 quia
453 817 705 891 pretium
738 815 1045 889 sanguinis
1106 820 1212 887 est,
1270 833 1374 872 cur
1429 816 1555 888 ipse
1587 815 1831 889 sanguis
1860 816 1940 871 ef-

273 906 553 964 funditur
585 908 608 941 ι
625 906 656 961 ?

356 997 547 1068 (Vers.
576 995 633 1061 7,
673 994 753 1065 8.)
785 1016 815 1044 κ
848 994 1107 1051 Consilio
1140 999 1335 1051 autem
1366 993 1556 1059 initio,
1583 996 1853 1050 emerunt
1875 1009 1943 1050 ex

271 1083 408 1141 illis
450 1100 655 1157 agrum
705 1082 895 1156 ﬁguli,
944 1082 1003 1137 in
1054 1081 1419 1154 sepulturam
1450 1081 1940 1156 peregrinorum:

270 1179 523 1247 propter
577 1172 685 1229 hoc
741 1177 985 1229 vocatus
1038 1178 1128 1228 est
1185 1188 1323 1245 ager
1352 1171 1449 1227 ille
1492 1171 1940 1239 Acheldemach,

272 1264 396 1319 hoc
424 1267 512 1319 est
538 1278 676 1335 ager
703 1261 1228 1335 sanguinis,usque
1252 1261 1311 1317 in
1339 1260 1690 1317 hodiernum
1722 1261 1941 1316 diem.»

274 1350 373 1408 Illi
404 1350 646 1423 quidem
677 1351 940 1406 fecerunt
986 1350 1099 1406 alia
1155 1349 1477 1419 voluntate,
1539 1353 1606 1406 ut
1660 1354 1941 1405 aeternum

273 1440 601 1513 impietatis
633 1456 750 1496 suis
781 1438 1178 1517 relinquerent
1196 1457 1265 1495 ex
1286 1440 1409 1512 agri
1434 1439 1729 1511 emptione
1760 1439 1945 1495 moni-

274 1532 570 1585 mentum.
616 1528 897 1585 Caeterum
948 1545 1073 1597 nos,
1130 1529 1231 1601 qui
1280 1526 1572 1600 peregrini
1624 1544 1860 1583 eramus
1909 1545 1943 1583 a

274 1617 406 1690 lege
437 1621 493 1674 et
522 1616 845 1690 prophetis,
878 1633 1056 1689 prava
1104 1633 1305 1673 eorum
1337 1617 1535 1673 studia
1570 1616 1941 1689 suscepimus

272 1702 340 1759 in
363 1702 617 1759 salutem
677 1720 691 1757 :
741 1709 799 1760 et
840 1705 899 1759 in
927 1703 1112 1777 pretio
1141 1704 1461 1779 sanguinis
1485 1706 1613 1776 ejus
1634 1704 1943 1777 requiesci-

274 1808 436 1898 mus.
491 1792 690 1898 Figuli.
730 1798 924 1898 autem
974 1809 1112 1867 ager
1163 1792 1516 1868 appellatur,
1550 1793 1693 1866 quia
1721 1793 1939 1867 ﬁgulus
1968 1835 2015 1898 Β

277 1886 488 1938 noster
517 1886 607 1939 est
633 1881 921 1939 Christus.

353 1970 546 2041 (Vers.
577 1972 634 2042 9,
668 1972 780 2044 10.)
818 1992 840 2022 ι
873 1972 1040 2028 Tunc
1071 1970 1380 2043 impletum
1403 1976 1493 2028 est
1525 1972 1681 2044 quod
1713 1971 1937 2028 dictum

272 2063 368 2116 est
402 2075 508 2131 per
532 2059 849 2117 Jeremiam
881 2058 1254 2133 prophetam,
1302 2060 1593 2125 dicentem
1628 2079 1641 2116 :
1674 2062 1743 2117 Et
1772 2078 1937 2118 acce-

274 2153 494 2224 perunt
521 2149 764 2223 triginta
786 2150 1378 2222 argenteos,pretium
1402 2150 1940 2224 appretiati,quem'

276 2239 755 2313 appretiaverunt
806 2255 840 2293 a
898 2237 1037 2293 ﬁliis
1095 2237 1296 2306 Israel,
1328 2242 1384 2294 et
1428 2239 1717 2295 dederunt
1747 2256 1847 2295 eos
1877 2241 1935 2294 in

273 2344 493 2402 agrum
524 2326 708 2400 ﬁguli,
734 2327 887 2383 sicut
922 2326 1229 2382 constituit
1257 2326 1399 2381 mihi
1434 2328 1737 2383 Dominus.
1771 2351 1799 2377 ››
1821 2328 1938 2384 Hoc

270 2416 683 2487 testimonium
741 2416 895 2473 228
952 2414 1013 2470 in
1071 2414 1325 2471 Ieremia
1376 2433 1494 2472 non
1526 2415 1839 2473 invenitur.
1873 2417 1935 2472 In

272 2505 561 2563 Zacharia
589 2522 716 2561 vero
744 2506 788 2572 ³,
846 2505 946 2577 qui
1008 2521 1154 2577 pene
1213 2504 1459 2562 ultimus
1509 2510 1599 2562 est
1630 2506 1937 2562 duodecim

279 2593 723 2667 prophetarum,
755 2594 1022 2666 quaedam
1071 2592 1398 2649 similitudo
1431 2594 1616 2650 fertur
1646 2595 1827 2667 (Zach.
1854 2613 1934 2661 x1,

279 2685 370 2752 12)
421 2701 435 2750 ;
521 2687 578 2739 et
630 2698 970 2755 quanquam
1028 2698 1238 2738 sensus
1313 2682 1567 2738 multum
1625 2683 1934 2756 discrepet,

272 2774 473 2827 tamen
504 2775 563 2826 et
588 2771 730 2826 ordo
789 2774 848 2825 et
902 2769 1081 2825 verba
1108 2770 1339 2825 diversa
1384 2774 1543 2826 sunt.
1586 2770 1719 2844 Legi
1750 2788 1936 2843 nuper

274 2860 335 2915 in
397 2860 652 2932 quodam
708 2858 991 2917 Hebraico
1042 2857 1362 2927 volumine,
1424 2861 1577 2932 quod
1608 2861 1931 2915 Nazarene

152 3002 159 3005 _
271 2953 433 3005 secte
461 2948 607 3004 mihi
634 2948 912 3004 Hebraeus
942 2946 1176 3013 obtulit,
1213 2947 1476 3003 Jeremiae
1508 2949 1930 3022 apocryphum,

271 3037 332 3093 in
369 3053 484 3109 quo
512 3037 636 3093 haec
669 3037 742 3092 ad
793 3038 1034 3093 verbum
1094 3036 1313 3109 scripta
1351 3037 1555 3110 reperi.
1591 3038 1700 3094 Sed
1734 3045 1928 3094 tamen

270 3126 421 3183 mihi
450 3126 684 3182 videtur
711 3126 900 3199 magis
929 3128 1000 3182 de
1028 3126 1305 3182 Zacharia
1334 3130 1637 3198 sumptum
1672 3127 1931 3182 testimo-

267 3214 440 3271 nium
472 3230 487 3269 :
519 3214 1012 3287 evangelistarum
1066 3219 1123 3270 et
1160 3214 1558 3288 apostolorum
1598 3232 1758 3272 more
1803 3214 1932 3270 vul-
1962 3203 2005 3269 C
2042 3221 2099 3274 et
2117 3218 2283 3289 justo
2312 3215 2397 3271 illi

267 3309 431 3378 gato,
486 3304 586 3376 qui
632 3304 939 3359 verborum
999 3303 1200 3359 ordine
1257 3304 1671 3376 praetermisso,
1720 3321 1931 3360 sensus

266 3398 507 3449 tantum
558 3392 753 3449 Veteri
815 3393 1193 3448 Testamento
1244 3393 1550 3465 proferunt
1618 3393 1679 3448 in
1735 3409 1931 3449 exem-

267 3482 464 3555 plum.

346 3570 532 3639 (Vers.
567 3571 679 3641 11.)
712 3593 741 3621 ‹‹
771 3573 943 3627 Jesus
973 3575 1171 3627 autem
1230 3570 1391 3627 stetit
1421 3576 1557 3628 ante
1596 3571 1927 3644 prasidem,

268 3665 335 3718 et
364 3660 742 3733 interrogavit
768 3676 904 3716 eum
934 3677 1168 3733 praeses,
1229 3660 1459 3717 discens
1492 3678 1504 3717 :
1540 3662 1626 3716 Tu
1683 3677 1746 3717 es
1831 3678 1929 3715 rex

267 3748 661 3805 Judaorum?
692 3770 722 3797 ››
754 3748 938 3804 Pilato
970 3748 1115 3803 nihil
1144 3747 1303 3803 aliud
1333 3748 1698 3821 interogante
1729 3749 1927 3804 crimi-

269 3837 396 3903 nis,
450 3836 568 3892 nisi
623 3841 824 3893 utrum
897 3853 996 3892 rex
1050 3837 1388 3893 Judaeorum
1448 3838 1544 3907 sit,
1598 3841 1930 3910 arguuntur

268 3922 605 3997 impietatis
629 3923 834 3994 Judei,
868 3925 1024 3997 quod
1078 3941 1153 3981 ne
1184 3924 1330 3981 falso
1382 3926 1621 3997 quidem
1670 3925 1929 3982 invenire

268 4011 580 4087 potuerint
632 4014 784 4087 quod
842 4014 1139 4086 objectent
1183 4013 1484 4070 Salvatori.
1546 4038 1574 4065 ‹‹
1634 4014 1788 4069 Dixit
1842 4013 1927 4068 illi

354 4138 367 4220 ξ
402 4137 620 4246 Iberum
670 4155 849 4211 penes
876 4138 1225 4210 Victorium,
1256 4155 1356 4194 cur
1382 4140 1567 4210 ipsum
1601 4140 1929 4211 sanguinem

354 4225 426 4246 nn
470 4226 540 4246 nn

266 4226 304 4265 ε
354 4210 618 4264 undunt.’
678 4210 685 4211 “
1710 4210 1713 4211 ⁷

304 4210 371 4364 "ff
427 4280 846 4364 Reposuimus.
876 4298 1059 4353 quem,
1120 4281 1193 4364 ad
1227 4282 1681 4364 mss._omnium
1712 4282 1928 4364 quibus

272 4352 527 4425 utimur),
574 4352 774 4425 (idem,
830 4352 959 4425 ipso
1006 4352 1679 4425 praetereaqadmonente
1730 4352 1928 4409 Grazco

273 4428 464 4490 textu,
496 4421 552 4476 ὅν
584 4421 927 4495 tilitatem-Eo.
960 4421 1147 4481 Antea
1177 4423 1480 4495 legebatur
1507 4423 1664 4495 quod.

349 4495 373 4528 ³
397 4494 701 4569 Αιρυθμὶιει
727 4496 966 4569 quidem
997 4496 1152 4569 apud
1181 4494 1494 4569 Jeremiam
1539 4494 1755 4569 lectum
1787 4494 1927 4549 olim

271 4564 454 4639 hocce
483 4564 888 4639 testimonium
921 4564 1512 4639 opinatur‘Eusebius
1543 4566 1643 4639 lib.
1676 4583 1713 4621 x
1741 4570 1930 4621 linan-

270 4637 463 4763 gelicz
483 4636 1230 4722 Demonstrationis'medyel
1277 4653 1511 4719 erasum
1546 4638 1680 4693 inde
1727 4643 1933 4723 postea

317 4708 618 4763 udaorum
652 4710 914 4763 perﬁdia.
941 4709 1026 4763 vel
1086 4709 1181 4763 hic
1224 4709 1612 4763 substitutum
1642 4710 1931 4763 Zachariae

317 4708 618 4765 uda-orum
651 4708 914 4782 perﬁdia,
941 4709 1026 4782 vel
1086 4709 1181 4782 hic
1224 4709 1612 4782 substitutum
1636 4708 1931 4782 Alae/iuriae

276 4794 632 4853 nomen_pro
652 4780 920 4838 lleremiee
937 4780 1325 4853 librariorum
1381 4780 1707 4836 oscitantia.
1739 4781 1931 4853 Auguf

274 4850 471 4922 stinus
501 4849 548 4905 l.’
576 4868 660 4920 in,
693 4868 743 4907 c.
801 4855 855 4919 7,
914 4851 980 4908 de
1027 4852 1301 4922 Consensu
1356 4849 1929 4922 evangelistarumi‘id

274 4921 511 4977 videtur
541 4924 755 4978 referre
784 4923 857 4978 ad
892 4924 1185 4979 memoriae
1241 4921 1473 4994 lapsum
1499 4921 1565 4977 in
1596 4939 1760 4977 sacro
1792 4922 1932 4977 scri-

276 4996 469 5066 ptore,
490 4994 650 5066 quod
681 5010 831 5066 aegre
861 4994 1099 5066 quidem
1123 4993 1530 5066 concesserim.
1562 4993 1931 5049 Recentiores

276 5063 550 5138 turbatos
607 5063 835 5121 Graecos
880 5063 1330 5138 prophetiarum
1384 5065 1647 5138 Jeremiie
1704 5066 1932 5138 codices

277 5134 629 5209 plerumque
662 5134 1139 5209 caueantur.'Alii
1175 5136 1233 5209 in
1289 5137 1647 5209 autographo
1676 5136 1931 5192 Matthzei

276 5209 476 5264 Greco
506 5207 971 5281 scriptumplim
1024 5208 1405 5281 suspicantur
1435 5207 1648 5281 ἶῃρίου
1680 5225 1782 5280 pro
1814 5224 1930 5279 quo

278 5277 1049 5352 annuenses'similitudine
1096 5277 1426 5352 litterarum
1466 5277 1698 5352 decepti
1721 5277 1929 5352 posue-

277 5347 609 5431 rintjlpleo,
642 5366 981 5431 quanquam
1011 5349 1351 5431 hujusmodi
1374 5347 1748 5431 scriptionem
1770 5368 1929 5431 com-

275 5421 497 5493 pendia
524 5421 646 5479 tam
660 5421 905 5493 antiqui
926 5437 1071 5477 usus
1101 5421 1397 5478 exstitisse
1427 5421 1670 5477 minime
1694 5423 1930 5479 videan-

273 5492 395 5566 tur.
426 5492 835 5566 Quamobrem
876 5508 946 5566 ea
1000 5492 1236 5566 propior
1286 5493 1564 5566 ead-fidem
1597 5493 1791 5566 opinio
1820 5499 1928 5564 est,

275 5563 569 5639 scriptum
592 5564 664 5639 ab
687 5561 1043 5639 evangelista
1063 5561 1348 5639 absolute,
1373 5561 1424 5617 ἐν
1439 5567 1573 5639 597.;
1599 5561 1929 5639 τεροφῇταιςζ

274 5636 345 5708 in,
363 5634 672 5708 prophetis,
693 5634 1200 5708 quemadmodum
1216 5634 1503 5708 nonnulli
1534 5651 1565 5692 e
1594 5634 1932 5708 Grmg'cisqpa-

275 5706 501 5775 tribus,
530 5706 941 5782 precipueque
972 5708 1032 5765 S.
1066 5707 1428 5780 Epiphanius
1456 5707 1688 5765 videtur
1716 5706 1929 5781 legisse

758 321 1277 389 consumma.
1322 324 1402 388 IN
1445 322 1962 389 EVANGELIUM
2006 321 2389 386 myrram
2433 321 2586 385 LIB.
2631 320 2735 385 ιν.
2782 318 2952 384 CAP.
2997 310 3233 385 xxvu.
3334 300 3341 303 ⁷
3382 318 3385 327 ·

3585 316 3706 384 914

2298 473 2311 512 :
2385 457 2471 513 Tu
2548 454 2716 513 dicis.
2778 474 2804 507 η
2869 454 2964 511 Sic
3020 454 3321 527 respondit
3388 456 3455 510 ut
3506 451 3700 512 virum

2050 546 2267 603 diceret
2314 550 2372 602 et
2420 562 2611 602 sermo
2660 545 2789 617 ejus
2838 543 3141 600 calumniae
3190 560 3304 599 non
3352 547 3593 616 pateret.
3628 544 3701 602 Et

2050 636 2284 693 attende
2316 636 2469 707 quod
2504 634 2710 700 Pilato,
2751 632 2850 706 qui
2882 632 3099 689 invitus
3130 633 3433 705 promebat
3470 638 3701 690 senten-

2050 725 2213 793 tiam,
2257 725 2455 797 aliqua
2484 741 2553 780 ex
2612 727 2775 796 parte
2805 722 3172 795 responderit
3224 738 3239 778 :
3297 722 3698 780 sacerdotibus

2050 819 2245 870 autem
2278 819 2334 869 et
2368 813 2733 886 principibus
2764 812 3113 885 respondere
3132 809 3405 880 noluerit,
3425 810 3699 885 indignos

2052 920 2155 959 suo
2190 919 2460 959 sermone
2482 903 2781 975 judicans.

2124 991 2308 1063 (Vers.
2362 993 2429 1046 13
2477 992 2666 1064 seqq.)
2733 1013 2762 1041 ‹‹
2813 992 2977 1047 Tunc
3024 990 3165 1046 dicit
3216 988 3443 1046 Pilatus
3498 1007 3518 1046 :
3572 989 3698 1047 Non

2051 1080 2223 1137 audis
2280 1084 2503 1152 quanta
2559 1081 2869 1137 adversum
2926 1082 2983 1135 te
3047 1079 3253 1135 dicunt
3310 1079 3416 1151 [AL
3475 1078 3699 1151 dicant]

2051 1168 2378 1227 testimonia
2396 1170 2424 1224 *ἲ
2452 1169 2521 1225 Et
2549 1186 2665 1225 non
2696 1168 2998 1241 respondit
3017 1168 3067 1224 ei
3091 1168 3163 1224 ad
3190 1166 3376 1224 ullum
3408 1168 3698 1227 verbum‘:

2051 1260 2133 1315 ila
2188 1266 2254 1314 ut
2309 1258 2624 1315 miraretur
2665 1274 2880 1330 praeses
2926 1258 3316 1315 vehementer.
3375 1262 3486 1315 Per
3538 1258 3697 1315 diem

2052 1353 2247 1405 autem
2279 1348 2603 1404 solemnem
2626 1352 3002 1404 consueverat
3031 1364 3243 1420 praeses
3273 1346 3487 1420 populo
3508 1347 3703 1405 dimit-

2050 1442 2171 1494 tere
2224 1454 2409 1493 unum
2439 1438 2720 1504 vinctum,
2771 1453 2942 1507 quem
2974 1435 3315 1493 voluissent.
3353 1460 3381 1487 ››
3415 1436 3697 1494 Ethnicus

2051 1527 2290 1598 quidem
2322 1532 2432 1596 est,
2462 1527 2563 1600 qui
2610 1528 2963 1584 condemnat
2990 1531 3189 1582 Jesum
3251 1543 3263 1582 :
3324 1526 3426 1583 sed
3457 1542 3698 1584 causam

2051 1616 2224 1672 refert
2280 1616 2341 1671 in
2399 1615 2681 1690 populum
2743 1617 3250 1674 Judzeorum.N0n
3278 1615 3437 1672 audis
3492 1620 3701 1689 quanta

2048 1705 2343 1762 adversum
2375 1710 2425 1761 te
2452 1705 2643 1763 dicunt
2690 1705 3064 1763 testimonia?
3117 1706 3292 1762 Jesus
3348 1707 3544 1762 autem
3601 1721 3697 1762 re-

2049 1794 2336 1867 spondere
2365 1793 2556 1851 noluit
2584 1811 2657 1851 ne
2687 1795 2906 1852 crimen
2925 1794 3154 1851 diluens
3176 1812 3211 1851 a
3230 1793 3475 1867 praeside
3504 1792 3702 1850 dimit-

2044 1888 2285 1957 teretur,
2318 1888 2376 1940 et
2404 1884 2597 1940 crucis
2629 1884 2851 1940 utilitas
2880 1884 3231 1940 diﬂ‘erretur.

2116 1972 2300 2041 (Vers.
2338 1974 2405 2027 16
2461 1973 2648 2044 seqq.)
2691 1992 2714 2021 ι
2746 1972 3010 2028 Habebat
3038 1976 3234 2028 autem
3264 1976 3406 2028 tunc
3427 1970 3694 2028 Vinctum

2044 2061 2359 2133 insignem,
2411 2061 2514 2132 qui
2579 2060 2884 2116 dicebatur
2942 2060 3256 2116 Barabbas.
3317 2060 3696 2132 Congregatis

2044 2166 2180 2222 ergo
2202 2149 2492 2221 illis,dixit
2516 2148 2771 2205 Pilatus:
2805 2151 2986 2216 Quem
3009 2147 3187 2204 vultis
3214 2146 3506 2205 dimittam
3540 2150 3697 2207 229

2044 2239 2230 2307 vobis,
2258 2236 2609 2305 Barabbam,
2641 2255 2713 2292 an
2744 2238 2970 2305 Jesum,
3005 2236 3105 2309 qui
3134 2236 3354 2294 dicitur
3381 2237 3647 2296 Christus
3670 2237 3699 2292 ?

2044 2327 2278 2383 Sciebat
2298 2327 2456 2383 enim
2487 2327 2640 2399 quod
2669 2343 2770 2399 per
2798 2325 3486 2384 invidiam'tradidissent
3503 2343 3696 2383 eum.»

2046 2417 2159 2473 Iste
2180 2415 2239 2471 in
2262 2414 2572 2487 Evangelio
2595 2416 2753 2488 quod
2771 2414 3231 2489 scribiturjuxta
3253 2416 3704 2489 Hebrieos,ﬁlius

2044 2506 2308 2575 magistri
2334 2522 2523 2562 eorum
2552 2505 2991 2579 interpretatur,
3051 2505 3152 2578 qui
3184 2509 3424 2578 propter
3453 2505 3703 2564 seditio-

2044 2612 2175 2650 nem
2206 2599 2264 2650 et
2283 2593 2663 2651 homicidium
2685 2594 2874 2651 fuerat
2919 2595 3553 2653 condemnatus.0l'fert
3600 2613 3702 2653 au-

2043 2688 2160 2740 tem
2192 2684 2485 2757 optionem
2520 2683 2741 2740 Pilatus
2771 2683 3110 2741 dimittendi
3166 2700 3343 2756 quem
3384 2684 3587 2756 velint,
3620 2684 3705 2741 la-

2050 2777 2300 2840 tronem,
2351 2791 2423 2829 an
2478 2774 2682 2829 Jesum
2719 2794 2738 2828 :
2770 2790 2886 2829 non
2944 2773 3218 2830 dubitans
3269 2774 3473 2830 Jesum
3503 2774 3702 2845 potius

2050 2861 2619 2935 eligendum,sciens
2650 2878 2782 2918 eum
2815 2866 3052 2935 propter
3078 2861 3359 2917 invidiam
3390 2861 3697 2918 traditum.

2049 2951 2233 3023 Igitur
2260 2968 2439 3008 causa
2463 2951 2652 3008 crucis
2683 2950 2993 3008 manifeste
3022 2951 3244 3008 invidia
3271 2955 3383 3007 est.

2120 3041 2304 3111 (Vers.
2342 3042 2407 3094 19
2437 3040 2623 3112 seqq.)
2660 3058 2686 3092 α
2715 3040 2965 3095 Sedente
3001 3043 3197 3095 autem
3250 3038 3350 3094 illo
3380 3056 3483 3111 pro
3513 3038 3696 3096 tribu-

2047 3128 2190 3195 nali,
2220 3128 2381 3185 misit
2410 3128 2482 3183 ad
2513 3144 2648 3183 eum
2677 3144 2819 3183 uxor
2847 3127 2996 3198 ejus,
3029 3126 3251 3198 dicens,
3301 3126 3460 3183 Nihil
3515 3128 3621 3184 tibi
3670 3129 3694 3162 ³

2460 3232 2474 3271 :
2528 3216 2716 3271 multa
2761 3215 2915 3270 enim
2965 3231 3143 3287 passa
3191 3232 3325 3271 sum
3374 3216 3545 3272 hodie
3592 3234 3697 3290 per

2038 3306 2229 3362 visum
2264 3309 2499 3377 propter
2544 3320 2702 3359 eum.
2751 3303 3051 3376 Principes
3098 3308 3293 3362 autem
3325 3305 3695 3362 sacerdotum

2038 3398 2097 3473 et
2124 3393 2384 3450 seniores
2438 3392 3153 3466 persuaserunt‘populis
3191 3397 3257 3449 ut
3283 3396 3505 3465 peteret
3555 3393 3694 3450 Bar-

2039 3483 2311 3551 rabbam,
2362 3482 2534 3539 Jsum
2592 3498 2727 3538 vero
2785 3482 3114 3553 perderent.
3166 3482 3549 3553 Respondens
3589 3499 3697 3538 au-

2040 3578 2159 3628 tem
2193 3588 2426 3644 praeses,
2462 3570 2543 3626 ait
2570 3569 2687 3626 illis
2709 3587 2722 3627 :
2745 3572 2927 3636 Quem
2959 3570 3135 3626 vultis
3163 3570 3328 3627 vobis
3363 3570 3432 3627 de
3461 3570 3695 3628 duobus

2037 3661 2307 3717 dimitti?
2362 3664 2439 3715 At
2468 3659 2554 3714 illi
2587 3659 2898 3715 dixerunt:
2924 3659 3270 3716 Barabbam.
3296 3681 3325 3710 »
3356 3660 3505 3716 Nota
3534 3660 3691 3732 quod

2037 3750 2311 3822 gentibus
2342 3765 2492 3821 saepe
2522 3765 2556 3803 a
2586 3752 2697 3802 Deo
2756 3748 2987 3804 somnia
3044 3750 3412 3818 revelentur;
3444 3753 3503 3805 et
3533 3749 3689 3821 quod

2038 3839 2095 3894 in
2127 3837 2311 3894 Pilato
2338 3842 2395 3894 et
2420 3853 2596 3893 uxore
2628 3838 2757 3908 ejus
2798 3836 3026 3907 iustum
3059 3837 3371 3893 Dominum
3404 3839 3690 3895 conﬁten-

2035 3928 2197 3983 tibus
2224 3926 2460 4000 gentilis
2491 3926 2692 3999 populi
2715 3926 3121 3982 testimonium
3153 3925 3248 3982 sit.

2108 4015 2291 4088 (Vers.
2349 4016 2441 4082 22,
2498 4016 2618 4083 23.)
2671 4013 2821 4069 Dicit
2872 4013 2992 4070 illis
3023 4014 3225 4070 Pilatis
3257 4031 3271 4070 :
3304 4014 3451 4080 Quid
3509 4015 3691 4087 igitur

2037 4144 2109 4195 At
2165 4156 2458 4221 nonnemo
2514 4138 2817 4221 studiosus
2862 4139 2946 4221 .de
2976 4138 3215 4221 nomine
3261 4138 3457 4221 ipsum
3486 4137 3690 4195 volens

2036 4212 2384 4284 prophetam
2441 4210 2702 4275 laudare,
2763 4209 3064 4293 scripserit
3108 4210 3180 4264 ad
3236 4209 3455 4292 cedicis
3500 4225 3688 4292 oram,

2035 4284 2349 4363 Zachariae,
2372 4283 2527 4363 quod
2562 4297 2769 4363 nomen
2805 4296 3004 4363 priori,
3028 4296 3089 4334 ιη
3111 4280 3410 4363 prophetis,
3441 4279 3691 4363 lectione

2038 4359 2357 4436 eapuncta,
2388 4351 2500 4435 'al_ii
2538 4353 2615 4435 .in
2648 4351 2876 4436 textum
2924 4351 3316 4434 importarint.
3349 4353 3533 4436 Eerte
3563 4369 3689 4436 qm-

2039 4422 2204 4480 nium
2238 4424 2721 4497 antiquissimum
2755 4422 3297 4498 Latinze‘versionis
3349 4423 3691 4498 Evangelia-

2040 4512 2171 4551 rum
2230 4494 2564 4552 Veronense
2615 4494 2913 4553 exemplar
2962 4496 3219 4553 Jeremiae
3277 4494 3539 4552 nomen'
3573 4513 3690 4553 non

1966 4572 2007 4636 1)
2039 4568 2324 4648 agnoscit,
2355 4567 2613 4648 legitque
2642 4566 3309 4648 ab_s.olute,__'dictum‘est_
3324 4583 3425 4648 per
3447 4568 3688 4648 prophe-

2041 4636 2171 4694 tdm.
2205 4639 2312 4694 Sed
2341 4644 2398 4711 et
2417 4636 2638 4695 'notatu
2690 4637 2869 4711 digna
2920 4636 3345 4711 Theophylaoti
3397 4636 3692 4711 sententia

2041 4716 2152 4776 est,
2211 4711 2311 4783 qui
2368 4709 2529 4783 legit,
2564 4706 3036 4783 _per_.l'eremiaqn
3083 4706 3690 4783 et'propheiagnql‘wé

2038 4774 2185 4853 xous,
2227 4774 2457 4853 inquit:
2515 4774 2769 4853 ξδ’Καῖ,
2829 4779 2919 4853 xui
2978 4774 3328 4853 ἀναγίνὼσξιέ,
3391 4774 3486 4853 Sta
3533 4777 3690 4853 Ἱερε-

2044 4846 2178 4933 pios
2206 4850 2300 4937 θεαὶ
2330 4846 2451 4904 ’τοῦ
2490 4846 2796 4937 προεξήςού,
2846 4847 3035 4937 ἤγτζυνῆ
3066 4846 3357 4935 Ζαχαρίοξ.
3413 4846 3689 4935 Σύχχυὲτις

2040 4910 2142 4997 ίίάρ
2202 4922 2310 4999 ἐᾳτε
2364 4927 2498 4999 τὼν.
2659 4910 3228 4999 ξάμφόῖνηρηθξντίιξνί
3285 4920 3354 4999 τᾲ
3410 4910 3687 4999 πφῖῗτῆξ

2038 4990 2207 5082 ﬁt“
2234 4994 2262 5046 δ
2294 4992 2563 5069 Ζαχαρίας
2613 4990 2776 5066 λέγέί
2810 4990 2944 5067 me!
2993 4992 3077 5043 ια”
3121 4990 3190 5044 τὰ
3227 4990 3487 5066 περὶτοῦ
3517 4990 3691 5082 ἀγροῦ

2048 5065 2059 5082 ’
2118 5066 2138 5082 ’
2288 5064 2297 5082 ⁹
2590 5066 2630 5082 Ν
2714 5066 2727 5082 ι
2880 5063 3072 5082 γλ-ν--.ι-
3124 5065 3291 5082 zu---“
3352 5067 3395 5082 ,ι
3646 5081 3667 5082 η

2041 5065 2069 5118 ὁ
2101 5063 2517 5141 Ἰξρεμίαςᾶέφ.
2571 5066 2651 5141 ιϐ’]
2692 5063 3402 5141 ;»1nimadvei:te_ipsam'___et
3428 5063 3694 5141 cepaliam

2040 5153 2104 5193 ac
2135 5133 2402 5209 légeLper
2430 5133 2741 5192 Jeremiam
2774 5138 2830 5189 et
2860 5133 3202 5209 prophetam
3230 5134 3440 5209 scilicet
3470 5133 3690 5209 Zacha-

2040 5206 2210 5264 riam'.
2242 5206 2533 5263 Miscentur
2559 5209 2708 5261 enim
2735 5222 2849 5260 una
2876 5206 3064 5271 simul,
3097 5220 3223 5277 quae
3250 5221 3283 5261 (ι
3311 5206 3521 5264 duobus
3546 5207 3692 5262 dicta

2038 5283 2185 5337 sunt.
2248 5280 2376 5347 Qua:
2432 5280 2668 5349 pretium
2750 5280 3022 5350 spectant,
3067 5277 3365 5333 Zacharias
3421 5278 3687 5350 loquitur,

2038 5368 2160 5423 cap.
2219 5367 2297 5405 x1.
2358 5348 2498 5420 Quae
2527 5349 2827 5421 respiciunt
2853 5348 3186 5420 emptionem
3229 5350 3375 5421 agri,
3406 5348 3692 5416 Jefemias,

2108 5450 2111 5451 ν
2141 5462 2157 5478 .
2193 5439 2308 5477 xix.

2039 5440 2138 5528 cui")
2161 5493 2268 5549 Pro
2298 5490 2679 5565 subsequenti
2700 5489 2851 5547 sacri
2879 5494 3068 5565 textus
3097 5490 3385 5565 pericope,
3417 5492 3539 5549 hac
3565 5507 3690 5565 me:

2039 5565 2112 5619 do
2144 5561 2513 5619 substituunt
2543 5579 2684 5617 mss.
2720 5562 2902 5617 nostri
2935 5561 3129 5619 verba:
3157 5561 3313 5620 Jesus
3332 5566 3512 5619 autem
3542 5561 3692 5618 nihil

2039 5636 2360 5708 respondere
2388 5635 2586 5700 voluit,
2615 5633 2881 5708 ethnicus,
2915 5639 3028 5690 etc.

2110 5705 2134 5743 ⁵
2161 5709 2523 5766 Interserunt
2549 5705 2789 5779 quidam
2824 5722 2966 5763 mss.
3000 5706 3096 5762 sit.
