4058 6190
380 287 515 361 915,

1623 290 1689 349 S.
1728 286 2048 351 ‘EUS'EBII
2084 282 2541 349 'HIERONYMI

3669 284 3784 345 216

380 420 591 483 faciam
621 421 694 480 de
716 420 880 496 Jesu,
910 420 1013 495 qui
1041 420 1257 478 dicitur
1306 420 1623 478 Christus?
1658 422 1866 478 Dicunt
1897 438 2018 476 om-
2055 422 2107 487 Α
2139 422 2317 474 retur.
2356 440 2383 467 »
2417 416 2910 484 Barabbaslatro,
2944 415 3040 488 qui
3085 415 3401 473 seditiones
3442 414 3695 475 faciebat
3723 416 3780 473 in

384 528 489 569 nes
521 528 534 568 :
566 509 1076 586 Crucitigatur.Ait
1104 509 1223 567 illis
1250 527 1465 582 praeses
1491 528 1504 567 :
1534 511 1681 577 Quid
1705 511 1862 568 enim
1894 509 2032 567 mali

386 601 522 658 fecit
542 601 570 658 ‘t
596 604 672 659 At
700 599 785 656 illi
815 600 1004 672 magis
1034 599 1388 671 clamabant,
1448 600 1708 656 dicentes
1740 618 1753 656 :
1786 600 2031 656 Crucili—

383 696 575 766 gatur.
610 710 638 740 ››
671 689 886 747 Multas
929 688 1216 745 liberandi
1272 688 1586 745 Salvatoris
1619 689 1837 745 Pilatus
1868 705 2031 745 occa-

387 780 583 839 siones
614 778 793 835 dedit.
820 777 1115 847 Primum,
1175 777 1462 835 latronem
1509 771 2031 851 justo'conferens.

391 869 605 926 Deinde
635 866 893 924 inferens
926 884 940 923 :
975 867 1117 937 Quid
1159 869 1335 938 igitur
1383 869 1590 939 faciam
1639 867 1704 924 de
1757 872 1909 938 Jesu,
1941 869 2037 940 qui

384 958 603 1023 dicitun
621 956 871 1013 Christus
890 957 917 1011 ?
946 955 1057 1013 hoc
1086 960 1195 1026 est,
1226 957 1328 1029 qui
1361 967 1462 1015 rex
1490 961 1683 1014 vester
1719 960 1828 1015 est.
1862 957 2034 1014 Cum-

386 1061 499 1119 que
538 1045 980 1118 responderent,
1004 1046 1398 1118 'Cruciﬁgatur,
1426 1063 1544 1103 non
1575 1045 1777 1102 statim
1809 1044 2039 1117 acquie—

381 1135 467 1203 vit
497 1153 509 1187 :
544 1135 646 1192 sed
668 1134 840 1205 juxta
868 1134 1308 1207 suggestionem
1340 1135 1562 1206 uxoris,
1618 1151 1746 1207 quae
1800 1135 2036 1190 manda-

383 1227 544 1282 verat
575 1240 589 1279 :
621 1222 789 1279 Nihil
819 1223 921 1279 tibi
942 1224 1091 1295 justo
1124 1222 1239 1289 illi,
1268 1223 1393 1295 ipse
1432 1240 1668 1296 quoque
1697 1223 2033 1295 respondit:

392 1312 537 1382 Quid
564 1312 716 1368 enim
748 1313 889 1367 mali
914 1313 1044 1382 fecit
1065 1316 1091 1366 .9
1113 1312 1234 1368 Hoc
1264 1311 1758 1377 dicendo,Pilatus
1789 1310 2040 1368 absolvit

382 1402 613 1459 Jesum.
661 1402 735 1459 At
794 1400 878 1457 illi
910 1401 1099 1474 magis
1151 1401 1504 1471 clamabant,
1536 1402 1796 1457 dicentes
1822 1418 1833 1456 :
1859 1401 2042 1457 Cruci-

385 1492 613 1564 ﬁgatur.
674 1490 749 1547 Ut
806 1488 1152 1563 impleretur
1207 1492 1362 1562 quod
1421 1490 1480 1546 in
1536 1489 1819 1563 vigesimo
1850 1490 2039 1561 primo

387 1578 616 1653 psalmo
646 1580 873 1637 dixerat
922 1597 936 1635 ε
991 1579 1475 1636 Circumdederunt
1523 1596 1609 1636 me
1636 1596 1801 1635 canes
1829 1581 1992 1635 multi
2022 1598 2040 1634 .-

388 1675 443 1726 ει
470 1670 831 1739 congregatio
891 1669 1325 1738 malignantium
1362 1667 1566 1723 obsedit
1592 1685 1681 1723 me
1710 1668 1882 1741 (Psal.
1922 1686 2038 1740 χχι,

394 1758 504 1829 12).
544 1758 615 1814 Et
667 1756 814 1813 iliud
870 1756 1133 1813 Ieremia:

390 1862 513 1903 mea
565 1847 707 1902 sicut
764 1846 847 1901 (eo
900 1846 961 1901 in
987 1846 1128 1902 silva
1183 1862 1201 1901 :
1256 1845 1526 1903 dederunt
1553 1863 1719 1919 super
1740 1863 1833 1903 me
1859 1863 2039 1904 vocem

390 1951 552 1991 suam
580 1935 797 2006 (Jerem.
824 1951 934 2003 'xu,
962 1935 1041 2004 8).
1074 1933 1224 1991 Isaia
1250 1948 1485 2008 quoque
1515 1936 1576 1991 in
1609 1936 1718 1993 hac
1746 1936 2040 1993 sententia

395 2026 750 2098 congruente
778 2040 795 2079 ;
827 2025 1124 2095 Expectan
1148 2027 1210 2079 ut
1265 2027 1511 2096 facerent
1538 2025 1841 2098 judicium,
1894 2029 2035 2098 fece—

391 2116 530 2173 runt
552 2116 740 2169 autem
761 2114 1138 2186 iniquitatem,
1169 2118 1223 2171 et
1256 2130 1367 2171 non
1398 2115 1688 2182 iustitiam,
1716 2115 1808 2171 sed
1835 2116 2037 2172 clamo-

391 2217 510 2259 Nm
538 2201 666 2273 (Isa.
691 2218 747 2269 v,
777 2202 854 2272 7).

463 2318 652 2389 (Vere.
704 2315 821 2388 24.)
880 2338 909 2367 ‹‹
967 2316 1184 2375 Videas
1239 2320 1439 2376 autem
1472 2319 1694 2376 Pilatus
1722 2320 1864 2393 quia
1891 2320 2042 2376 nihil

393 2405 829 2480 prdﬂceret,sed
860 2405 1051 2479 magis
1080 2406 1372 2464 tumultus
1405 2409 1589 2480 fieret,
1621 2412 1858 2482 accepta
1886 2410 2044 2467 280

393 2509 569 2568 aqua,
596 2493 738 2550 lavit
766 2510 978 2550 manus
1016 2511 1211 2551 coram
1270 2495 1509 2569 populo,
1538 2497 1741 2554 dicens
1794 2513 1807 2553 :
1866 2498 2044 2554 Inno-

397 2593 536 2641 cans
560 2597 671 2656 ego
716 2598 852 2639 sum
884 2599 919 2638 a
977 2584 1264 2657 sanguine
1307 2584 1456 2656 justi
1490 2585 1670 2658 hujus
1712 2603 1856 2643 :vos
1885 2587 2045 2643 vide-

397 2670 546 2729 ritis.
579 2692 609 2722 η
634 2669 861 2727 Pilatus
889 2671 1113 2745 accepit
1141 2688 1358 2745 aquam
1381 2660 1554 2745 juxta
1580 2673 1724 2730 illud
1756 2674 2048 2748 propheti-

396 2772 533 2817 cum
565 2778 581 2817 :
616 2761 837 2818 Lanato
865 2762 1010 2818 inter
1038 2763 1354 2819 innocentes
1405 2779 1609 2819 manus
1662 2780 1819 2820 meas
1873 2765 2044 2834 (Psat.

396 2862 527 2918 xxv,
555 2847 610 2921 6)
657 2865 673 2918 ;
736 2852 802 2905 ut
855 2848 912 2904 in
964 2848 1196 2907 lavacro
1233 2867 1522 2907 manuum
1552 2852 1682 2923 ejus
1740 2851 2049 2929 gentilium

397 2953 574 3011 opera
602 2941 1013 3010 purgarenmr,
1037 2942 1095 2994 et
1123 2938 1197 2995 al)
1223 2938 1522 3011 impietate
1551 2940 1911 3008 Judaeorum,
1949 2940 2050 3011 qui

398 3026 819 3092 clamverunt,
879 3025 1156 3101 Cruciﬁge
1200 3044 1346 3098 eum,
1382 3045 1488 3084 nos
1537 3028 1758 3085 alienos
1816 3030 2048 3097 faceret,

400 3115 834 3187 quodammodo
864 3115 975 3172 hoc
996 3121 1365 3187 contestans,
1394 3122 1454 3174 et
1483 3118 1685 3174 dicens
1719 3134 1732 3173 :
1767 3118 1886 3191 Ego
1916 3118 2052 3190 qui-

401 3204 537 3260 diem
567 3203 939 3260 innocentem
990 3204 1148 3261 volui
1180 3204 1464 3275 liberare;
1496 3208 1600 3262 sed
1626 3208 1912 3279 quoniam
1945 3209 2050 3280 [AL

401 3290 604 3366 etiam]
626 3288 843 3349 seditio
869 3293 1075 3365 oritur,
1116 3299 1174 3351 et
1210 3293 1633 3367 perduellionis
1681 3296 1827 3352 mihi
1859 3302 2060 3353 contra

403 3384 686 3439 mearem
715 3380 936 3438 crimen
984 3381 1341 3456 impingitur
1396 3399 1410 3438 :
1464 3386 1725 3440 Innocens
1754 3401 1847 3457 ego
1875 3402 1999 3440 sum
2027 3402 2061 3441 a

402 3472 678 3543 sanguine
692 3472 841 3543 justi
870 3471 1246 3544 hujus.Judex
1278 3472 1376 3544 qui
1409 3472 1640 3544 cogitur
1668 3478 1873 3529 contra
1894 3472 2058 3529 Chri-

403 3566 567 3618 stum
600 3560 950 3617 sententiam
984 3561 1151 3633 ferre,
1189 3577 1300 3617 non
1335 3563 1577 3618 damnat
1608 3560 1908 3632 oblatum;
1961 3564 2057 3619 sed

409 3648 608 3723 arguit
656 3648 984 3718 otl’erentee,
1037 3652 1267 3721 justum
1322 3667 1450 3707 esse
1515 3651 1904 3723 pronuntians
1960 3651 2063 3724 qui

411 3738 844 3810 mitigandas
873 3743 981 3795 est.
1024 3740 1140 3805 Vos,
1172 3738 1386 3811 inquit,
1418 3739 1685 3795 videritis.
1738 3740 1855 3813 Ego
1882 3741 2062 3797 mini-

408 3831 696 3885 scorteum
724 3827 923 3901 legum
957 3844 971 3882 :
1006 3832 1201 3884 vestra
1229 3844 1337 3884 vox
1367 3828 1716 3900 sanguinem
1749 3830 1960 3886 fundit.

482 3952 672 4026 (Vers.
702 3953 820 4020 25.)
876 3972 897 4000 ι
961 3952 1029 4007 Et
1058 3952 1420 4025 respondens
1449 3952 1758 4010 universus
1787 3954 2060 4028 populus,

411 4040 558 4098 dixit
589 4056 602 4096 :
636 4040 888 4114 Sanguis
919 4039 1049 4111 ejus
1081 4056 1259 4113 super
1317 4057 1421 4096 nos
1460 4045 1517 4096 et
1547 4058 1724 4114 super
1751 4042 1902 4098 ﬁlios
1959 4060 2062 4099 no-

406 4134 586 4187 stros.
624 4152 652 4179 »
680 4129 1017 4187 Perseverat
1045 4144 1236 4200 usque
1265 4128 1324 4184 in
1381 4135 1727 4202 praesentem
1756 4132 1910 4187 diem
1943 4131 2065 4187 haec

410 4218 757 4292 imprecatio
789 4234 967 4292 super
992 4217 1248 4290 Judaaos,
1280 4222 1338 4273 et
1382 4218 1627 4290 sanguis
1685 4219 1917 4275 Domini
1948 4236 2063 4276 non

415 4308 713 4363 auferetur
768 4309 842 4362 ab
900 4301 1005 4365 eis.
1056 4304 1226 4365 "Unde
1266 4325 1369 4382 per
1398 4308 1609 4364 Isaiam
1668 4306 1931 4381 loquitur
1962 4326 1975 4364 :
2006 4309 2068 4364 Si

412 4394 731 4451 [evaseritis
777 4393 849 4450 ad
903 4411 990 4452 me
1043 4412 1262 4465 manus,
1302 4412 1413 4452 non
1442 4396 1737 4453 eaaudiam
1791 4412 1899 4453 vos.
1939 4401 2064 4454 Ma-

409 4498 520 4540 m
547 4483 697 4540 enim
750 4486 948 4539 vestra:
1002 4484 1175 4555 plenae
1234 4492 1365 4543 sunt
1413 4487 1682 4557 sanguine
1719 4486 1848 4558 (Isa.
1881 4502 1920 4556 ι,
1950 4487 2063 4560 15).

416 4571 709 4648 Optimam
740 4571 1140 4630 haereditatem
1170 4573 1351 4629 Judaei
1388 4572 1526 4629 ﬁliis
1575 4573 1915 4648 relinquunt
1943 4576 2063 4648 [Αἰ.

414 4662 823 4738 reliquerunt],
856 4662 1118 4719 dicentes
1179 4679 1191 4718 :
1243 4662 1489 4736 Sanguis
1517 4663 1629 4735 ejus
1679 4681 1841 4736 super
1869 4680 1987 4733 nos,
2016 4668 2067 4721 et

410 4768 579 4827 super
605 4755 750 4825 filios
775 4757 1001 4810 nostros.

488 4870 675 4941 (Vere.
707 4868 822 4940 26.)
853 4891 881 4918 ‹‹
913 4871 1074 4924 Tunc
1128 4866 1355 4924 dimisit
1407 4866 1527 4925 illis
1582 4868 1927 4937 Barabbam,
1959 4868 2057 4935 Je-

405 4960 781 5016 isumautem
812 4955 1171 5030 ﬂagellatam
1230 4956 1471 5013 tradidit
1527 4956 1612 5015 eis
1669 4962 1735 5012 ut
1764 4957 2066 5031 crucifige-

486 5084 505 5118 ¹
538 5082 646 5138 Pro
676 5081 847 5155 hisce
874 5081 1086 5155 verbis,
1142 5083 1355 5139 dicente
1409 5082 1699 5155 scriptura
1757 5084 1831 5138 ad
1884 5082 2065 5138 virum

416 5156 639 5226 iustum,
672 5153 789 5209 duo
813 5152 1239 5227 _Palatin.’mss.
1274 5152 1575 5210 secundum
1631 5155 1775 5227 quod
1803 5155 2067 5226 scriptum

416 5223 518 5292 est,
551 5229 781 5281 tantum
813 5223 1049 5281 habent.

486 5300 509 5333 ²
530 5295 823 5370 Victorius
856 5301 977 5370 tam
1010 5296 1279 5370 in‘textu,
1343 5313 1517 5370 quam
1541 5368 1549 5370 _
1570 5297 1627 5370 in_
1669 5296 2061 5370 Commentar.

404 5367 665 5451 reponit,
697 5369 1033 5451 matorium
1065 5385 1078 5423 :
1113 5369 1265 5439 quod
1285 5367 1506 5451 melior
1536 5368 1843 5451 isthmcsit
1872 5368 2063 5451 lectio,

416 5438 500 5498 uti
559 5444 647 5495 est
698 5438 760 5495 in
790 5438 1042 5512 vulgatis
1093 5438 1590 5512 emendatioribus
1620 5439 1929 5512 codicibus
1959 5440 2065 5512 im-

402 5512 660 5584 pressis.
695 5511 836 5584 Eam
867 5509 1108 5582 insuper
1158 5509 1446 5584 retineant
1472 5510 1670 5584 omnia
1695 5512 1875 5567 ferme
1907 5510 2064 5582 apud

416 5580 483 5642 se
517 5598 658 5638 mss.
696 5581 839 5637 Biin
874 5580 1041 5637 orum
1101 5580 1476 5650 exemplaria,
1510 5582 1618 5637 hoc
1675 5586 1764 5638 est
1823 5580 2064 5638 numero

417 5654 811 5731 quadraginta
843 5652 997 5710 inter
1040 5668 1169 5725 quae
1228 5652 1441 5709 librum
1500 5653 1755 5710 Coenobii
1784 5652 1843 5710 S.
1876 5652 2063 5722 Pauli,

1194 1772 1206 1813 :
1272 1758 1441 1858 facta
1468 1764 1545 1814 est
1573 1758 1718 1813 mihi
1745 1756 2043 1814 hereditas
2070 1792 2119 1858 Β

2143 507 2354 572 turbis,
2386 505 2486 579 qui
2517 505 2967 581 homicidiorum
3001 508 3203 561 auctor
3231 505 3666 575 erat,dimissus
3694 511 3783 563 est

2144 598 2356 670 pepulo
2411 596 2775 663 Judceorum,
2834 594 2891 650 id
2950 599 3058 662 est,
3119 594 3408 663 diabolus,
3439 596 3541 668 qui
3599 614 3786 670 usque

2143 685 2314 742 hodie
2344 688 2549 757 regnat
2575 683 2636 739 in
2666 683 2771 754 eis,
2806 688 2864 739 et
2908 682 3125 741 idcirco
3181 701 3384 757 pacem
3422 685 3638 743 habere
3670 704 3786 743 non

2142 778 2410 849 possunt.
2440 775 2611 830 Jesus
2642 777 2836 830 autem
2871 790 2904 830 a
2950 772 3165 829 Judaeis
3224 774 3498 843 traditus,
3531 774 3783 831 absolvi-

2142 869 2240 921 tur
2267 864 2338 920 ab
2370 879 2546 919 uxore
2578 861 2769 929 Pilati,
2801 866 2858 917 et
2913 862 2985 918 ab
3016 862 3143 934 ipso
3175 862 3420 934 praeside
3456 863 3657 934 justus
3684 880 3788 936 ap-

2145 951 2417 1027 pellatur.
2482 953 2553 1007 Et
2612 951 2882 1008 centurio
2932 950 3240 1008 conﬁtetur
3286 953 3441 1025 quod
3491 968 3621 1008 vere
3687 952 3789 1008 Dei

2146 1042 2330 1099 Filius
2373 1040 2474 1099 sit.
2516 1042 2746 1108 Quaerat
2791 1039 3057 1097 eruditus
3100 1039 3300 1108 lector,
3351 1043 3645 1113 quomodo
3677 1041 3793 1096 sibi

2146 1130 2450 1187 conveniat
2476 1129 2725 1185 Pilatum
2753 1129 2966 1185 lavisse
2996 1147 3209 1186 manus
3241 1147 3401 1203 suas,
3434 1135 3492 1186 et
3519 1131 3741 1189 dixisse
3776 1149 3790 1186 :

2146 1222 2413 1277 Innocens
2443 1236 2536 1291 ego
2564 1236 2686 1274 sum
2715 1236 2749 1274 a
2777 1235 3047 1287 sanguine
3067 1221 3208 1291 justi
3237 1219 3418 1288 huius,
3476 1224 3534 1275 et
3590 1224 3796 1292 postea

2147 1309 2504 1382 ﬂagellatam
2566 1308 2880 1364 tradidisse
2919 1308 3124 1364 Jesum
3182 1313 3248 1365 ut
3303 1309 3797 1383 cruciﬁgeretur?

2148 1399 2260 1455 Sed
2321 1395 2621 1455 sciendum
2678 1401 2769 1453 est
2824 1397 3104 1453 Romanis
3161 1414 3294 1453 eum
3352 1397 3580 1469 legibus
3617 1397 3795 1454 mini-

2148 1490 2384 1550 strasse,
2418 1486 2635 1558 quibus
2665 1485 2955 1541 sancitum
3001 1490 3110 1551 est,
3169 1491 3233 1542 ut
3287 1487 3385 1560 qui
3429 1487 3797 1560 crioiﬁgitur,

2150 1574 2313 1647 prius
2345 1574 2592 1648 flagellis
2646 1575 2999 1631 verberetur.
3033 1576 3309 1632 Traditus
3356 1580 3445 1633 est
3473 1578 3673 1649 itaque
3699 1577 3798 1634 Je-

2150 1681 2253 1721 sus
2283 1663 2569 1719 militibus
2597 1665 3015 1736 verberandus,
3065 1669 3122 1721 et
3149 1664 3295 1721 illud
3327 1666 3801 1723 sacratissimum

2151 1770 2384 1826 corpus,
2418 1756 2739 1825 pectusque
2789 1753 2885 1809 Dei
2944 1769 3144 1827 capax.
3204 1752 3435 1827 ﬂagella
3462 1759 3797 1812 secuerunt.

2147 1842 2266 1899 Hoc
2314 1845 2511 1898 autem
2564 1842 2782 1897 factum
2832 1846 2941 1913 est,
2999 1846 3061 1897 ut
3108 1841 3247 1915 quia
3288 1842 3576 1916 scriptum
3624 1847 3801 1901 erat:

2147 1932 2316 1987 Multa
2341 1932 2562 2004 ﬂagella
2587 1939 2952 2003 peccatorum.
2990 1932 3163 2003 (Psal.
3221 1949 3361 2000 xxu,
3418 1933 3530 2002 10),
3563 1931 3662 1989 illo
3695 1932 3805 1989 ﬂa-

2148 2019 2381 2094 gellato,
2444 2037 2550 2076 nos
2610 2037 2645 2075 a
2696 2020 3036 2077 verberibus
3060 2020 3470 2089 liberaremur,
3527 2022 3672 2078 231
3711 2021 3805 2076 di-

2150 2113 2312 2166 cente
2343 2108 2643 2183 Scriptura
2673 2110 2744 2165 ad
2774 2109 2965 2166 virum
2988 2110 3220 2181 justum
3257 2114 3271 2146 ί
3309 2127 3323 2166 :
3358 2110 3664 2182 Flagellum
3686 2112 3810 2167 non

2150 2200 2611 2272 appropinquabit
2638 2199 2995 2256 tabernaculo
3026 2204 3118 2254 tuo
3147 2200 3318 2271 (Psat.
3353 2216 3443 2271 xc,
3478 2201 3587 2271 10).

2223 2288 2406 2360 (Vers.
2465 2289 2538 2341 27
2591 2288 2780 2361 seqq.)
2813 2311 2841 2339 «
2875 2289 3038 2344 Tunc
3079 2287 3307 2345 milites
3325 2287 3591 2361 praesidis
3619 2287 3813 2345 susci-

2152 2378 2377 2450 pientes
2406 2381 2607 2434 Jesum
2638 2377 2700 2433 in
2762 2377 3027 2449 praetorio
3083 2378 3123 2448 ³,
3182 2381 3680 2451 congregaverunt
3737 2376 3815 2432 ad

2154 2483 2289 2524 eum
2324 2466 2656 2522 universam
2706 2466 3029 2534 cohortem,
3061 2470 3118 2521 et
3145 2470 3424 2523 exuentes
3464 2482 3623 2537 eum,
3653 2463 3821 2522 chla-

2158 2556 2388 2628 mydem
2421 2556 2754 2611 coccineam
2804 2555 3315 2611 circumdederunt
3342 2555 3417 2611 ei.
3450 2556 3518 2611 Et
3545 2554 3817 2627 plecten-

2156 2649 2246 2700 tes
2278 2661 2550 2701 coronam
2576 2644 2647 2699 de
2666 2644 3221 2717 spinis,posuerunt
3246 2660 3426 2717 super
3453 2648 3629 2717 caput
3654 2644 3816 2715 ejus,

2158 2738 2216 2791 et
2243 2734 2595 2791 arundinem
2625 2733 2685 2788 in
2718 2734 2954 2790 dextera
2982 2734 3112 2804 ejus
3146 2750 3159 2789 :
3193 2737 3251 2789 et
3294 2749 3450 2806 genu
3494 2733 3640 2791 ﬂexo
3669 2738 3819 2790 ante

2162 2839 2320 2892 eum,
2380 2822 2705 2878 illudebant
2760 2821 2832 2891 ei,
2895 2822 3155 2879 dicentes
3188 2839 3201 2877 :
3234 2826 3374 2892 Ave,
3427 2837 3528 2879 rex
3577 2821 3814 2879 ,Ιυάωο-

2161 2928 2313 2968 rum.
2349 2932 2377 2960 »
2406 2910 2617 2967 Milites
2673 2910 2909 2984 quidem
2950 2910 3089 2983 quia
3143 2927 3241 2967 rex
3294 2911 3633 2968 Judeorum
3690 2911 3819 2967 fue-

2161 3004 2252 3055 rat
2317 2999 2664 3073 appellatus,
2750 3005 2807 3056 et
2884 3001 3013 3056 hoc
3074 3001 3122 3057 ei
3207 3000 3419 3057 Scriba:
3499 3005 3557 3056 et
3622 3016 3822 3056 sacer-

2164 3088 2327 3145 dotes
2386 3081 2615 3145 crimen
2683 3090 3038 3162 objecerant,
3106 3090 3261 3161 quod
3331 3088 3443 3144 sibi
3494 3087 3555 3143 in
3596 3087 3823 3162 populo

2085 3163 2127 3229 C
2170 3177 2339 3235 Israel
2372 3182 2683 3249 usurparet
2715 3177 3054 3250 imperium,
3085 3177 3399 3233 illudentes
3428 3177 3537 3234 hoc
3567 3175 3822 3249 faciunt,

2168 3270 2234 3323 ut
2261 3268 2487 3323 nudum
2522 3266 2788 3339 pristinis
2834 3266 3114 3338 vestibus,
3167 3266 3415 3323 induant
3444 3265 3824 3339 chlamydem

2169 3356 2497 3412 coccineam
2520 3372 2626 3427 pro
2644 3355 2987 3413 rufoalimbo
3009 3372 3125 3427 quo
3147 3371 3312 3427 reges
3335 3359 3553 3412 veteres
3577 3354 3827 3411 uteban-

2168 3448 2267 3499 tur
2289 3433 2306 3499 ε’
2327 3448 2384 3499 et
2412 3460 2515 3516 pro
2548 3444 2877 3499 diademate
2898 3449 3117 3517 ponant
3146 3444 3197 3499 ei
3220 3460 3495 3500 coronam
3526 3443 3823 3517 spineam;
3896 3440 3905 3445 ’

2171 3550 2273 3605 pro
2303 3538 2531 3605 sceptro
2564 3531 2743 3604 regali
2776 3533 2915 3588 dent
2940 3532 3256 3602 calamum,
3277 3539 3334 3588 et
3365 3534 3609 3589 adorent
3646 3530 3825 3604 quasi

2170 3621 2511 3695 regem.Nos
2542 3626 2734 3677 autem
2759 3621 2880 3678 haec
2911 3622 3112 3677 omnia
3129 3621 3529 3694 intelligamus
3553 3619 3823 3694 mystice.

2170 3710 2470 3777 Quomodo
2531 3710 2687 3767 enim
2745 3710 2999 3784 Caiphae
3055 3710 3204 3767 dixit
3271 3728 3283 3766 ε
3348 3711 3565 3783 Oportet
3646 3726 3829 3766 unum

2171 3798 2452 3856 hominem
2480 3800 2625 3855 mori
2650 3816 2754 3871 pro
2782 3790 3041 3855 oinnibus
3069 3802 3252 3868 (Joan.
3286 3817 3365 3869 x1,
3401 3799 3516 3867 50),
3551 3798 3828 3856 nesciens

2170 3888 2315 3961 quid
2369 3888 2589 3944 diceret
2646 3905 2659 3943 :
2722 3887 2805 3943 sic
2859 3893 2915 3943 et
2962 3888 3056 3944 isti
3118 3904 3479 3961 quaecunque
3533 3887 3822 3957 fecerunt,

2171 3977 2307 4034 licet
2337 3976 2451 4033 alia
2482 3980 2676 4033 mente
2706 3977 2985 4046 fecerunt,
3046 3981 3243 4033 tamen
3274 3976 3464 4047 nobis,
3498 3975 3601 4048 qui
3632 3975 3825 4032 credi-

2173 4084 2328 4135 mus,
2362 4064 2729 4122 sacramenta
2756 4066 3108 4121 tribuerunt.
3143 4068 3203 4121 In
3237 4065 3498 4139 clamyde
3528 4064 3826 4135 coccinea,

2173 4170 2348 4227 opera
2389 4155 2652 4226 gentium
2701 4158 2941 4210 cruenta
2988 4158 3324 4210 sustentat:
3356 4153 3417 4209 in
3463 4169 3678 4210 corona
3707 4153 3830 4226 spi-

2174 4260 2305 4309 nea,
2367 4242 2744 4299 maledictum
2804 4242 2978 4299 solvit
3022 4243 3331 4314 antiquum
3395 4259 3408 4297 :
3463 4242 3522 4297 in
3569 4240 3824 4307 calamo,

2169 4336 2457 4388 venenata
2510 4331 2721 4388 occidit
2778 4330 3074 4388 animalia.
3132 4332 3262 4388 Sive
3319 4330 3610 4388 calamum
3660 4334 3828 4386 tene-

2174 4422 2275 4477 bat
2306 4420 2366 4476 in
2399 4415 2600 4489 manu,
2633 4424 2699 4475 ut
2724 4419 3099 4492 sacrilegium
3154 4419 3433 4476 scriberet
3458 4420 3825 4477 Judaeorum.

2246 4510 2431 4581 (Vers.
2465 4509 2579 4580 30.)
2611 4532 2639 4558 ‹‹
2671 4509 2741 4564 Et
2769 4513 3119 4580 exspuentes
3165 4508 3225 4564 in
3282 4525 3439 4578 eum,
3473 4513 3832 4580 acceperunt

2176 4598 2547 4666 arundinem,
2580 4603 2637 4653 et
2664 4596 3066 4670 percutiebant
3121 4602 3295 4670 caput
3323 4598 3471 4669 ejus.
3507 4618 3535 4648 ››
3566 4596 3645 4657 Eo
3674 4601 3830 4655 tem-

2166 4703 2318 4759 pore
2345 4686 2721 4760 completum,
2754 4692 2843 4742 est
2902 4704 2914 4740 :
2975 4687 3094 4742 Non
3121 4688 3298 4742 averti
3351 4687 3556 4759 faciem
3581 4702 3763 4743 meum
3794 4703 3828 4741 α

2175 4778 2493 4845 confusione
2547 4783 2834 4849 sputorum
2889 4776 3011 4848 (Isa.
3078 4794 3159 4852 ιλ
3184 4776 3263 4846 6),
3323 4780 3380 4831 et
3437 4779 3633 4839 tamen
3682 4791 3826 4831 cum

2177 4871 2351 4939 caput
2407 4865 2534 4937 ejus
2593 4864 2921 4937 percutiant
2977 4865 3263 4921 arundine
3320 4864 3574 4921 sustinet
3614 4869 3827 4921 cuncta

2178 4956 2483 5028 patienter,
2534 4959 2597 5009 ut
2657 4955 2808 5011 232
2866 4953 3023 5010 Isaia:
3079 4970 3282 5011 verum
3321 4953 3593 5013 ostendat
3619 4953 3823 5012 vatici-

2178 5097 2331 5154 saepe
2361 5097 2396 5135 a
2424 5095 2485 5154 se
2517 5077 2906 5154 nominatum,
2954 5076 3829 5154 plurimiiacit._Assentiantur

2178 5148 2410 5224 quoque
2441 5149 2579 5224 huic
2610 5148 2845 5224 lectioni
2889 5148 3328 5224 _antiguissimi__
3349 5148 3563 5206 Montis
3593 5149 3825 5224 Cassini

2178 5219 2426 5288 codices,
2472 5219 2936 5295 Longobardicis
2992 5219 3427 5295 characteribus
3449 5290 3459 5295 _
3483 5220 3823 5295 conscripti,

2180 5311 2423 5349 numero
2454 5290 2652 5348 decem
2687 5297 2745 5348 et
2770 5296 3015 5364 septem,
3038 5300 3091 5347 et
3123 5290 3569 5364 Lovaniensium
3599 5290 3822 5364 theolo-

2180 5381 2386 5437 gerum
2449 5380 2671 5420 omnes.
2731 5362 2963 5437 Grzncus
3020 5364 3199 5437 codex
3252 5363 3515 5437 ejusdem
3551 5362 3824 5420 lectionis

2179 5432 2331 5501 ibus,
2362 5437 2487 5509 ipse
2519 5451 2753 5509 quoque
2783 5434 2957 5509 legat,
2989 5432 3068 5509 si;
3098 5433 3158 5487 τὸ
3181 5432 3534 5509 πράιτῴρξον.

2249 5510 2270 5542 ³
2312 5504 2551 5565 Rectius
2604 5504 2867 5564 fortasse
2903 5504 3084 5561 Palat.
3147 5504 3289 5561 mes.
3351 5504 3587 5576 habent,
3642 5519 3824 5562 mae.

2180 5578 2504 5637 Trebellius
2536 5579 2592 5633 in
2614 5577 2939 5649 Claudio,et
2972 5575 3251 5649 Vopiscus
3283 5578 3338 5631 in
3377 5575 3685 5637 Aureliano
3714 5576 3827 5632 hu-

2170 5652 2435 5724 jusmodi
2465 5666 2666 5707 russas
2692 5648 2920 5705 tunicas
2950 5663 3153 5722 regum
3184 5653 3532 5707 memorant.
