4058 6190
306 276 422 341 247

772 275 1289 344 COMMENTAR.
1335 282 1414 343 lN
1457 282 1973 351 EVANGELIUM
2014 281 2399 345 MATTHIEI
2446 281 2594 344 LIB.
2639 281 2745 346 IV.
2790 282 2963 346 CAP.
3010 282 3254 348 XXVII.

3598 287 3721 351 218

305 410 493 477 nium,
542 407 837 469 dicentis:
892 411 1233 469 Arundinem
1287 424 1601 486 quassatam
1658 434 1766 472 non
1823 434 1955 472 con-
1985 417 2038 484 Α
2068 413 2276 471 noxius
2308 413 2762 487 cruciﬁgeretur.
2789 414 2891 471 Sin
2922 418 3115 471 autem
3148 416 3445 489 quispiam
3477 423 3714 477 conten-

305 501 515 571 [ringet
543 499 673 569 (Lm.
701 517 842 560 XLII.
875 502 952 573 3.)

380 586 571 658 (Vers.
604 587 770 659 3i.)«
802 589 871 645 Et
903 594 1213 663 postquam
1237 591 1549 650 illuserunt
1579 595 1651 665 ei,
1677 600 1960 652 exuerunt

314 692 449 733 eum
482 674 789 748 chamyds,
820 678 1139 736 induerunt
1165 697 1298 737 eum
1330 684 1693 741 vestimentis
1722 686 1870 757 ejus,
1903 690 1961 742 et

312 765 604 820 duxerunt
632 782 793 841 eum,
830 771 895 822 ut
941 769 1370 842 cruciﬁgerent.
1408 796 1436 823 »
1491 773 1731 838 Quando
1762 775 1958 848 ﬂagel-

311 852 469 909 latur
498 853 696 920 Jesus,
724 859 781 910 et
815 857 1187 930 conspuitur,
1220 865 1277 915 et
1307 861 1603 933 irridetur,
1639 882 1751 920 non
1785 864 1961 921 habet

307 942 549 1016 propria
594 945 965 1017 vestimenta,
1018 948 1119 1004 sed
1175 965 1243 1004 ca
1295 967 1422 1021 quas
1480 958 1716 1026 propter
1758 957 1961 1011 nostra

309 1035 554 1104 peccata
584 1039 936 1105 sumpserat.
969 1040 1112 1093 Cum
1153 1043 1348 1095 autem
1400 1042 1779 1115 cruciﬁgitur,
1813 1047 1869 1097 et
1897 1043 1961 1097 i1-

311 1119 564 1177 lusionis
593 1125 770 1194 atque
824 1123 1118 1185 irrisionis
1170 1144 1385 1200 pompa
1428 1131 1789 1201 praeterierit,
1822 1135 1961 1187 tunc

310 1208 591 1281 pristinas
619 1216 812 1268 vestes
844 1214 1069 1287 recipit,
1096 1220 1152 1271 et
1182 1218 1483 1289 preprium
1516 1220 1767 1275 assumit
1798 1238 1965 1277 orna-

308 1303 474 1354 tum:
509 1300 828 1373 statimque
858 1301 1149 1361 elementa
1202 1307 1538 1376 turbantur,
1598 1314 1655 1365 et
1704 1308 1965 1365 testimo-

308 1385 475 1443 nium
508 1388 761 1445 Creatori
792 1390 892 1447 dat
929 1398 1224 1450 creatura.
1460 1404 1467 1405 ’

376 1476 568 1548 (Vers.
601 1478 715 1551 32.)
747 1501 775 1528 α
809 1481 1098 1539 Exeuntss
1129 1489 1349 1550 autem,
1382 1486 1730 1543 invenerunt
1780 1488 1971 1546 homi-

306 1580 442 1622 nem
460 1569 823 1639 Cyrenaeam,
848 1571 1086 1629 nomine
1101 1573 1395 1630 Simonem
1416 1593 1428 1643 ;
1455 1575 1609 1631 hunc
1630 1582 1965 1650 angariave-

307 1660 469 1723 runt,
499 1659 565 1712 ut
594 1655 825 1714 tolleret
852 1675 1085 1717 crucem
1114 1663 1263 1733 ejus.
1293 1684 1322 1717 ι
1354 1663 1437 1720 Ne
1468 1665 1599 1737 quis
1632 1672 1796 1739 putet
1828 1669 1967 1727 huic

2066 503 2204 558 dere
2235 504 2504 568 voluerit,
2558 502 2685 559 ideo
2733 502 2811 558 ibi
2848 503 3173 567 Dominum
3223 506 3590 575 cruciﬁxum,
3650 514 3714 566 ut

2068 592 2311 664 sanguis
2342 592 2528 664 ipsius
2556 609 2733 664 super
2761 592 2894 647 Adae
2927 592 3220 649 tumulum
3261 595 3598 661 distillaret,
3632 598 3715 654 in-

2067 685 2433 754 terrogemus
2465 697 2621 750 eum,
2655 698 2835 752 quare
2886 686 2943 736 et
3003 680 3102 736 alii
3134 679 3387 739 latrones
3418 684 3477 740 in
3508 687 3710 743 eodem

2068 769 2194 826 loco
2227 770 2485 826 cruciﬁxi
2518 770 2688 826 sint?
2709 772 2790 826 Ex
2820 787 2935 844 quo
2968 774 3212 841 apparet
3240 771 3562 829 Calvarium
3596 792 3710 832 non

2071 859 2402 932 sepulcrum
2457 859 2627 931 primi
2676 859 2952 930 hominis,
3003 860 3104 916 sed
3159 859 3353 915 locum
3386 860 3714 934 signiﬁcare

2071 948 2507 1015 decollatorum,
2546 954 2607 1003 ut
2643 949 2740 1004 ubi
2790 947 3109 1004 abundavit
3165 954 3487 1020 peccatum,
3521 966 3720 1023 super-

2071 1038 2399 1093 abundaret
2421 1037 2605 1109 gratia
2630 1039 2823 1110 ((Rom.
2853 1056 2905 1103 ν,
2946 1038 3055 1109 20).
3108 1039 3291 1093 Adam
3345 1055 3478 1094 vero
3527 1039 3717 1111 sepul-

2072 1132 2196 1183 tum
2220 1129 2389 1198 juxta
2424 1127 2646 1183 Hebron
2679 1132 2734 1183 et
2767 1128 2944 1182 Arbee
2965 1129 3005 1191 ’,
3042 1127 3100 1181 in
3131 1127 3270 1183 Jesu
3304 1127 3407 1182 ﬁlii
3439 1131 3594 1184 Nave
3626 1146 3716 1184 vo-

2071 1216 2295 1272 lumine
2327 1216 2579 1288 legimus
2610 1218 2790 1287 (Josue
2818 1233 2929 1285 xiv,
2968 1217 3072 1287 15).

2144 1305 2329 1372 (Vers.
2353 1306 2467 1375 34.)
2490 1328 2517 1355 ‹‹
2552 1306 2616 1361 Et
2644 1306 2934 1361 dederunt
2956 1305 3005 1361 ei
3048 1308 3277 1361 acetum
3299 1307 3320 1340 ³
3349 1306 3549 1362 bibere
3580 1323 3714 1363 cum

2074 1393 2205 1451 felle
2236 1394 2501 1463 mistum,
2522 1398 2578 1450 et
2599 1411 2731 1449 cum
2755 1398 3068 1466 gustasset,
3087 1394 3274 1449 noluit
3293 1395 3544 1450 bibere.»
3563 1396 3718 1453 Deus

2074 1483 2340 1556 loquitur
2358 1484 2429 1539 ad
2448 1482 2771 1539 Jerusalem
2790 1501 2801 1538 :
2819 1485 2928 1555 Ego
2949 1488 3001 1538 te
3014 1484 3264 1555 plantavi
3278 1487 3495 1539 vineam
3514 1501 3715 1556 veram,

2076 1576 2337 1644 quomodo
2377 1574 2523 1642 facta
2553 1589 2605 1628 es
2636 1574 2696 1627 in
2742 1572 3169 1628 amaritudinem
3196 1574 3327 1629 vitis
3358 1572 3569 1630 aliena:
3600 1572 3715 1645 [AL

2076 1663 2283 1733 aliena]
2316 1664 2541 1733 (Jerem.
2575 1678 2636 1727 ιι,
2661 1662 2750 1732 21)
2771 1660 2798 1716 ‘?
2825 1664 3031 1717 Amara
3060 1660 3192 1717 vitis
3220 1678 3483 1717 amarum
3513 1661 3714 1739 vinum

305 1741 694 1853 iu‘coJoannis
716 1747 1083 1821 evangelista
1107 1749 1415 1808 historiam
1438 1770 1568 1811 esse
1589 1758 1962 1827 contrariam.
1998 1788 2046 1853 Β
2079 1751 2235 1818 facit,
2252 1751 2403 1822 quod
2430 1751 2702 1823 propinat
2714 1751 2956 1807 Domino
2969 1750 3130 1818 Jesu,
3150 1755 3211 1806 ut
3230 1749 3544 1823 impleatur
3563 1752 3716 1829 quod

308 1831 412 1889 Ille
442 1833 603 1910 enim
637 1835 799 1904 dixit,
858 1842 1164 1913 exeuntem
1214 1840 1531 1900 Dominum
1576 1846 1647 1901 de
1697 1848 1964 1919 praetorio

306 1926 580 1994 portasse
624 1940 861 1983 crucem
918 1942 1088 1982 suam
1130 1929 1306 1997 (toan.
1340 1948 1455 1998 XIX,
1491 1933 1611 2005 t7);
1656 1934 1965 1993 Matthznus

306 2015 509 2067 autem
528 2012 704 2088 refert
724 2014 880 2085 quod
904 2014 1254 2073 invenerunt
1279 2018 1577 2077 hominem
1605 2023 1962 2098 Cyrenaeum,

306 2099 552 2156 nomine
579 2100 900 2171 Simonem,
932 2121 1107 2177 quem
1141 2108 1514 2179 angariantes
1556 2110 1969 2184 impasuerunt

308 2187 363 2244 ei
394 2204 633 2245 crucem
675 2190 845 2248 Jesu.
890 2194 1005 2249 Sed
1055 2194 1164 2251 hoc
1211 2196 1660 2269 intelligendum
1690 2207 1782 2257 est
1810 2204 1967 2274 quod

308 2277 620 2350 egrediens
644 2279 721 2336 de
769 2282 1041 2351 praetorio
1101 2284 1296 2353 Jesus,
1326 2285 1452 2358 ipse
1491 2290 1808 2359 portaverit
1835 2308 1966 2347 cru-

312 2381 445 2422 cem
478 2382 683 2425 suam:
733 2373 942 2440 postea
992 2372 1234 2429 obvium
1285 2373 1600 2432 habuerint
1644 2377 1965 2449 Simonem,

315 2454 414 2510 cui
446 2456 793 2527 portandam
828 2474 1063 2517 crucem
1097 2460 1506 2533 imposuerint.
1549 2468 1725 2523 Juxta
1752 2484 1967 2542 anago-

313 2559 429 2619 gen
462 2560 615 2616 vero,
649 2561 880 2603 crucem
909 2547 1051 2604 Jesu
1100 2551 1435 2623 suscipiunt
1472 2554 1757 2625 nationes,
1789 2562 1846 2613 et
1874 2575 1971 2630 pe-

315 2632 594 2705 regrinus
627 2633 906 2692 obediens
938 2642 1131 2709 portat
1160 2639 1548 2715 ignominiam
1580 2643 1913 2704 Salvatoris.
1934 2670 1965 2699 »

387 2724 579 2791 (Vers.
631 2724 748 2793 33.)
779 2725 846 2780 Et
894 2731 1179 2783 venerunt
1224 2727 1285 2784 in
1346 2729 1539 2787 locum
1598 2732 1698 2804 qui
1757 2734 1970 2791 dicitur

316 2809 630 2883 Gotgotha,
664 2813 941 2885 quodest
969 2814 1243 2893 calvariae
1270 2816 1457 2876 locus.
1486 2842 1514 2869 ››
1536 2820 1743 2877 Audivi
1764 2840 1969 2894 quem-

317 2897 457 2956 dam
487 2901 828 2971 exposuisse
859 2901 1128 2961 Calvarias
1159 2904 1352 2962 locum
1376 2908 1415 2974 ¹,
1448 2908 1505 2963 in
1548 2926 1664 2981 quo
1703 2912 1970 2983 sepultus

316 2992 408 3045 est
440 2989 645 3057 Adam,
703 2994 761 3046 et
817 2991 945 3048 ideo
982 2992 1069 3049 sic
1118 2994 1473 3067 appellatum
1528 3014 1677 3064 esse,
1711 3000 1851 3070 quia
1888 3000 1969 3056 ibi

2076 1839 2360 1913 scriptum
2391 1844 2512 1896 est:
2539 1840 2810 1896 Dederunt
2841 1842 2898 1895 in
2929 1857 3107 1897 escam
3138 1857 3315 1896 meam
3340 1841 3435 1911 fet,
3458 1844 3509 1897 et
3534 1841 3592 1899 in
3621 1841 3721 1896 siti

2074 1946 2191 1986 mea
2237 1932 2557 2001 potaverunt
2600 1945 2687 1984 me
2732 1937 2881 1985 aceto
2929 1930 3101 2001 (Psat.
3153 1946 3345 1995 vam,
3392 1930 3507 1998 22.)
3550 1916 3715 1993 Quod

2076 2023 2271 2075 autem
2302 2018 2551 2075 dicitur:
2586 2023 2653 2073 Et
2678 2034 2801 2074 eum
2833 2021 3121 2088 gustasset,
3155 2018 3331 2073 notuit
3373 2017 3577 2085 bibere,
3609 2017 3717 2072 hoc

2074 2107 2314 2175 indicat,
2349 2108 2500 2178 quod
2532 2107 2855 2178 gustaverit
2886 2106 3123 2177 quidem
3158 2123 3261 2178 pro
3310 2106 3480 2161 nobis
3514 2104 3720 2161 mortis

2077 2196 2552 2265 amaritudinem,
2586 2196 2687 2251 sed
2718 2195 2889 2251 tertia
2920 2194 3013 2251 die
3045 2196 3380 2251 resurrexit.

2084 2340 2089 2345 ,
2150 2285 2332 2352 (Vers.
2357 2285 2470 2353 35.)
2498 2306 2525 2334 ‹‹
2549 2289 2867 2356 Postquam
2899 2292 3094 2340 autem
3144 2284 3557 2341 crucitixerunt
3584 2300 3720 2340 eum

2077 2374 2402 2430 diviserunt
2447 2374 2796 2430 vestimenta
2843 2375 2991 2445 ejus,
3043 2378 3260 2430 sortem
3315 2373 3611 2429 mittentes
3653 2376 3721 2429 ut

2077 2462 2419 2536 impleretur
2447 2463 2601 2534 quod
2634 2463 2853 2518 dictum
2878 2469 2969 2523 est
3000 2480 3103 2535 per
3128 2462 3493 2535 prophetam,
3526 2461 3723 2518 dicen~

2077 2557 2195 2610 tem
2222 2571 2233 2607 :
2269 2551 2601 2608 Diviserunt
2628 2551 2742 2607 sibi
2773 2552 3121 2608 vestimenta
3145 2570 3296 2620 mea,
3319 2556 3375 2608 et
3407 2568 3584 2623 super
3603 2566 3726 2628 ves-

2078 2646 2195 2698 tem
2242 2658 2431 2697 meam
2480 2641 2767 2696 miserunt
2814 2645 3050 2696 sortem.
3094 2666 3119 2689 ››
3173 2646 3241 2695 Et
3287 2641 3484 2696 hocin
3517 2640 3721 2696 eodem

2078 2730 2307 2805 psalmo
2339 2731 2527 2787 fuerat
2556 2730 2966 2804 prephetatum
3002 2745 3015 2784 :
3069 2731 3381 2785 Diviserunt
3424 2729 3535 2784 sibi
3566 2730 3725 2784 vesti-

2077 2828 2259 2881 menta
2289 2838 2427 2892 mea,
2459 2824 2509 2875 et
2563 2835 2727 2891 super
2772 2828 2972 2875 uestem
3016 2835 3198 2897 meam
3226 2819 3498 2873 miserunt
3523 2826 3725 2892 sortem

2080 2910 2249 2979 (Psat.
2278 2926 2396 2975 xxx,
2430 2909 2536 2979 19).

2152 2998 2337 3068 (Vers.
2373 2998 2486 3067 36.)
2522 3019 2548 3047 «
2577 3000 2642 3052 Et
2672 2996 2942 3052 sedentes
2970 2995 3285 3050 servabant
3326 3010 3482 3049 eum.
3520 3014 3539 3042 ιι
3589 2990 3725 3059 Dili-

318 3075 548 3149 antiqui
578 3078 837 3136 hominis
882 3080 964 3136 sit
1010 3081 1311 3139 conditum
1372 3091 1565 3157 caput,
1600 3091 1657 3142 et
1701 3068 1809 3143 hoc
1840 3104 1969 3145 esse
2013 3154 2039 3158 μ
2080 3086 2276 3158 gentia
2306 3085 2560 3140 militum
2593 3089 2647 3139 et
2705 3083 3075 3138 sacerdotum
3132 3082 3299 3137 nobis
3356 3068 3607 3153 proﬁcit,
3662 3083 3724 3135 ut

317 3166 477 3237 quod
505 3167 820 3238 Apostolus
849 3168 1043 3225 dicat:
1076 3170 1250 3239 Surge
1276 3174 1376 3243 qui
1403 3154 1626 3243 dormis,
1656 3185 1706 3231 et
1737 3192 1970 3249 exsurge
1999 3154 2043 3220 (ἶ
2082 3154 2265 3244 major
2294 3178 2349 3228 et
2379 3173 2633 3244 apertior
2663 3171 3024 3242 resurgentis
3053 3170 3239 3225 virtus
3271 3174 3565 3241 appareat.

313 3271 349 3311 α
385 3257 647 3321 mortuis,
679 3260 729 3313 et
760 3258 1105 3314 ittuminabit
1150 3266 1201 3315 te
1259 3261 1411 3318 2.33
1463 3262 1718 3319 Christus
1748 3265 1961 3336 (Ephes.

314 3359 368 3411 v,
412 3344 527 3415 14.)
558 3344 911 3401 Favorabilis
942 3346 1340 3420 interpretatio
1370 3355 1427 3406 et
1466 3351 1734 3409 mulcens
1764 3370 1963 3410 aurem

312 3431 540 3505 populi,
573 3449 681 3490 nec
711 3437 908 3490 tamen
940 3451 1094 3492 vera.
1146 3438 1320 3493 Extra
1368 3440 1572 3496 urbem
1605 3442 1758 3498 enim
1786 3447 1843 3499 et
1880 3445 1968 3499 fo-

312 3536 413 3579 ras
444 3525 694 3593 portam,
728 3522 856 3581 loca
883 3532 1026 3581 sunt
1057 3526 1114 3580 in
1138 3526 1356 3597 quibus
1386 3532 1739 3586 truncantur
1778 3532 1968 3604 capita

315 3607 758 3681 damnatorum,
805 3618 863 3667 et
926 3611 1218 3686 Calvarizc,
1264 3614 1321 3669 id
1378 3621 1486 3684 est,
1548 3619 1966 3677 decollatorum

318 3714 630 3769 sumpsere
659 3715 892 3758 nomen.
928 3701 1238 3774 Propterea
1279 3711 1474 3761 autem
1527 3706 1605 3762 ibi
1656 3710 1967 3766 cruciﬁxus

317 3791 411 3846 est
441 3787 750 3857 Dominus,
785 3793 849 3845 ut
881 3790 977 3847 ubi
1011 3790 1175 3862 prius
1204 3797 1331 3850 erat
1359 3810 1492 3850 area
1532 3796 1966 3869 damnatorum,

318 3875 399 3933 ibi
434 3876 800 3950 erigerentur
840 3878 1047 3935 vexilla
1098 3882 1357 3954 martyrii
1386 3900 1400 3949 ;
1458 3888 1513 3940 et
1542 3888 1834 3956 quomodo
1865 3904 1968 3961 pro

330 3963 509 4020 nobis
537 3964 911 4023 maledictum
954 3968 1143 4025 crucis
1175 3971 1362 4026 factus
1401 3977 1508 4043 est,
1550 3979 1606 4028 et
1643 3975 1969 4049 ﬁagellatus

320 4055 434 4119 est,
468 4057 523 4109 et
555 4054 909 4113 cruciﬁxus:
943 4056 1026 4113 sic
1076 4074 1179 4129 pro
1227 4060 1493 4116 omnium
1550 4062 1740 4120 salute
1798 4065 1969 4137 quasi

395 4178 412 4259 ξ
447 4178 750 4263 Atqueiia
780 4179 1368 4263 quidemnsenserunt
1418 4184 1597 4263 Paulu
1642 4191 1710 4263 et_
1754 4187 1966 4263 Eusto-

319 4247 521 4323 obium
540 4247 733 4323 Epist.
793 4247 943 4309 inter
986 4252 1473 4322 Hieronymianas
1520 4258 1609 4323 46,
1640 4258 1710 4314 ad
1745 4260 1969 4315 Marcel-

321 4321 1049 4413 lgiitcui_:uonscribendze
1096 4321 1341 4413 sensus.
1357 4321 1653 4411 praistisse
1690 4330 1967 4413 Hieruny-

322 4406 513 4459 mum,
543 4391 804 4472 vulgaris
848 4394 1044 4472 cpi_nio
1080 4402 1201 4472 _est.
1258 4418 1283 4445 ‹‹
1323 4391 1529 4472 Ιξοουξ,
1552 4399 1874 4472 _inquiunt,
1906 4391 1968 4457 in

322 4478 443 4545 quo
468 4464 782 4545 'mciﬁxus
812 4464 904 4521 est
926 4464 1214 4545 Dominus
1244 4472 1444 4545 noster
1473 4464 1732 4545 Calvar'ia
1770 4464 1965 4545 appel-

320 4520 499 4610 ιξηυτ,
532 4534 775 4610 agam,
810 4520 963 4607 quod
988 4520 1085 4610 ibi
1109 4520 1439 4610 sumas
1484 4520 1741 4597 nam;
1771 4520 1971 4599 “eam.
2001 4520 2047 4584 D

319 4605 412 4686 Eia
434 4606 701 4686 gaudita,
763 4605 844 4664 ut
875 4609 1169 4686 secundus
1224 4605 1434 4686 Adam,
1462 4611 1539 4686 _id
1587 4619 1694 4680 est,
1726 4615 1970 4686 sanguis

320 4675 837 4757 Christide_Cruce
867 4680 1116 4757 stillaus,
1166 4682 1348 4757 primi
1357 4753 1374 4757 _
1396 4682 1602 4757 Adam
1622 4675 1690 4741 et"
1716 4675 1971 4757 jacentis

364 4747 670 4822 rotoplasti
700 4755 930 4822 peccata
964 4747 1229 4808 dilueret.
1269 4775 1305 4815 ιι,
1325 4752 1540 4809 Verum
1589 4747 1739 4811 hanc
1793 4757 1969 4812 veluti

385 4818 589 4896 bulam
640 4818 949 4896 ipseualibi
998 4822 1387 4896 Hieronymus
1452 4826 1741 4881 exsufﬂet.
1788 4832 1970 4891 Quem

325 4907 462 4949 vero
500 4892 597 4949 hic
629 4908 694 4949 se
746 4892 893 4951 dicit
937 4892 1253 4961 audivisse,
1303 4895 1375 4950 in'
1413 4898 1860 4955 Commentariis
1910 4900 1970 4955 in

321 4961 510 5038 Epist.
574 4963 643 5018 ad
686 4963 970 5038 Ephesios
1019 4982 1070 5038 v,
1117 4967 1211 5038 A14,
1265 4966 1604 5038 diligentius
1653 4968 1968 5026 describit:

332 5034 520 5108 (Scio
551 5050 664 5101 me,
697 5034 910 5108 inquit,
936 5036 1228 5108 audivisse
1256 5034 1575 5108 quemdam
1607 5040 1678 5096 de
1707 5040 1816 5096 hoc
1846 5042 1970 5098 loco

324 5103 751 5185 disputuntem,
766 5103 947 5185 (iui-in
962 5107 1249 5185 theatrale
1274 5103 1650 5185 miraculum,
1667 5129 1971 5185 nunquam

492 5172 682 5259 visam
708 5172 928 5259 populo
958 5178 1206 5259 formam
1252 5180 1534 5259 exhibuit,
1566 5172 1649 5238 ut'
1668 5172 1969 5259 placeret:

327 5246 733 5322 testimonium
778 5246 1251 5322 hoc,_inquiens,
1295 5252 1374 5322 ad,
1417 5246 1601 5308 Adam
1651 5246 1866 5311 dicitur
1912 5255 1970 5310 in

325 5315 453 5399 loco
470 5316 745 5402 Qalvariaa
764 5315 1075 5402 sepultum
1222 5315 1535 5402 cruciﬁxus
1556 5327 1970 5402 estDominus,

328 5389 432 5474 qui
454 5389 737 5476 petituris:
761 5389 977 5476 idcirco
1002 5392 1335 5476 appellatus
1365 5396 1662 5476 est,_quod
1710 5396 1788 5476 ibi
1822 5389 1970 5454 antil

324 5459 441 5533 Qui
458 5459 904 5541 hominisesset
923 5459 1222 5541 conditum
1240 5472 1429 5536 caput.
1457 5459 1576 5541 Illo
1592 5482 1728 5541 ergo
1750 5472 1865 5541 tem
1874 5486 1973 5541 po-

326 5532 409 5603 re,
443 5547 561 5610 quo
590 5532 904 5610 cruciﬁxus
934 5534 1243 5610 Dominus,
1294 5532 1471 5610 super
1526 5532 1976 5610 ejus'pendebat

324 5603 688 5675 sepulcrum,
734 5605 855 5661 haec
908 5606 1209 5689 prophetia
1256 5603 1574 5679 completa'
1594 5603 1704 5675 est;
1735 5609 1970 5667 dicens:

320 5674 515 5747 Surge,
548 5675 748 5748 Adam,
811 5679 911 5749 qui
964 5676 1196 5745 dormzs,
1226 5685 1277 5734 et
1304 5693 1544 5750 exsurge
1571 5697 1603 5736 ιι
1634 5684 1885 5750 mortuis,
1918 5686 1977 5739 et

500 5720 515 5747 ,
548 5716 748 5748 ‘nwwu',
811 5716 908 5749 ιικυ
964 5716 1047 5733 υινι
1069 5716 1196 5745 nutu,
1226 5716 1277 5734 ν’
1304 5716 1542 5750 υνυσυυυυ
1571 5716 1603 5736 ιι
1635 5716 1742 5737 ιιιυι
1761 5716 1885 5751 uno,

2149 3261 2331 3333 (Vers.
2365 3263 2480 3331 37.)
2512 3283 2540 3311 «
2576 3262 2643 3317 Et
2691 3260 3101 3332 imposuerunt
3144 3275 3321 3330 super
3366 3262 3543 3328 caput
3589 3259 3719 3333 ejus

2076 3366 2318 3408 causam
2348 3351 2536 3422 ipsius
2564 3349 2864 3421 scriptam.
2897 3347 3000 3404 Hic
3031 3352 3120 3403 est
3147 3352 3343 3413 Jesus,
3368 3364 3467 3402 rex
3495 3347 3720 3401 Judae-

2076 3457 2230 3496 rum.
2266 3462 2293 3489 ››
2316 3439 2440 3496 Non
2472 3456 2713 3511 possum
2746 3437 2919 3510 digne
2972 3437 3249 3493 admirari
3307 3453 3408 3506 pro
3454 3436 3607 3493 234
3639 3433 3724 3490 rei

2078 3528 2500 3601 magnitudine,
2516 3528 2672 3599 quod
2697 3527 3014 3598 redemptis
3036 3525 3219 3597 pretio
3246 3524 3406 3580 falsis
3428 3524 3723 3599 testibus‘,

2077 3623 2133 3675 et
2159 3620 2231 3674 ad
2264 3617 2608 3674 seditionem
2641 3614 3075 3687 clamoremque
3105 3613 3320 3689 infelici
3353 3613 3566 3685 populo
3588 3628 3721 3691 con-

2078 3710 2273 3775 citato,
2299 3706 2521 3762 nullam
2543 3704 2717 3761 aliam
2752 3703 3078 3761 invenerint
3107 3719 3346 3759 causam
3372 3702 3725 3758 interfectio-

2079 3799 2171 3853 nis
2200 3797 2349 3865 ejus,
2385 3793 2494 3849 nisi
2525 3794 2679 3866 quod
2709 3810 2807 3848 rex
2836 3792 3171 3850 Judaeorum
3200 3796 3372 3847 esset.
3404 3792 3473 3846 Et
3497 3789 3582 3846 illi
3613 3790 3727 3845 for—

2079 3887 2228 3943 sitan
2262 3883 2571 3939 illudentes
2604 3881 2978 3954 ridentesque
3008 3882 3117 3937 hoc
3148 3880 3409 3937 fecerint.
3439 3882 3721 3936 Caeterum

2077 3973 2300 4030 Pilatus
2330 3972 2504 4029 etiam
2536 3970 2872 4027 nolentibus
2927 3969 3263 4043 respondit:
3320 3969 3469 4037 Quod
3496 3970 3718 4039 scripsi,

2076 4064 2295 4134 scripsi.
2328 4060 2551 4125 Velitis,
2572 4060 2789 4129 nolitis,
2811 4060 3015 4128 Judaei,
3042 4058 3234 4115 omnis
3263 4057 3427 4112 vobis
3456 4055 3718 4128 gentium

2078 4204 2223 4252 non,
2280 4188 2345 4240 ut
2404 4184 2675 4253 legimus,
2728 4181 3005 4256 émcpauaat
3071 4202 3159 4256 eet
3201 4179 3450 4256 XPLAO'Tt‘JC,
3502 4180 3558 4235 id
3606 4183 3717 4256 est,

2077 4250 2290 4315 orietur
2326 4257 2428 4312 tibi
2459 4250 2727 4325 Christus,
2760 4250 2859 4310 sed
2894 4250 3198 4325 ἐπιψαύσει,
3249 4250 3313 4306 id
3358 4257 3466 4315 est,
3489 4253 3719 4325 sentin-

2077 4332 2169 4400 get
2186 4332 2238 4386 te
2271 4323 2720 4400 Christus._0u_ia
2764 4323 3030 4400 videlicet
3072 4330 3243 4400 tactu
3292 4323 3599 4396 sanguinis
3632 4324 3718 4394 ip-

2079 4396 2224 4472 sius,
2257 4404 2313 4455 et
2343 4398 2599 4469 corporis
2631 4396 3011 4468 dependentis
3033 4396 3372 4472 viviﬁcetur,
3393 4403 3571 4472 atque
3590 4411 3721 4449 con-

2079 4466 2281 4544 surgat
2310 4475 2368 4525 et
2398 4466 2767 4544 tunc_ty_puin
2812 4483 3044 4539 quoque
3095 4467 3259 4522 illum
3290 4466 3528 4521 veritate
3557 4482 3715 4544 coin-

2078 4536 2255 4617 pleri,
2277 4542 2511 4611 quando
2542 4536 3083 4617 Elisaausmortuus
3134 4544 3429 4617 murtuum
3470 4536 3717 4617 suscita-

2077 4607 2177 4670 vit.
2214 4607 2343 4668 Haec
2376 4618 2571 4667 utrum
2604 4628 2737 4668 vera
2765 4611 2902 4681 sint,
2954 4625 3154 4676 necne,
3205 4610 3436 4681 lectoris
3478 4607 3718 4662 arbitrio

2079 4683 2442 4755 derelinquo.
2476 4686 2636 4755 Certe
2670 4688 2806 4738 tunc
2838 4678 2896 4755 in
2930 4681 3143 4755 populo
3171 4682 3325 4735 dicta
3353 4678 3715 4755 placuerunt,

2078 4761 2135 4812 et
2164 4748 2427 4828 quodam»
2452 4753 2755 4828 plausuAac
2785 4748 3040 4828 tripudio
3071 4756 3210 4828 sunt
3239 4748 3493 4828 excepta,
3531 4770 3557 4828 ξ)
3604 4748 3719 4828 Nos

2080 4818 2347 4899 quaadam
2379 4818 2823 4901 observabimus
2866 4818 2940 4901 ad
2993 4823 3292 4901 hujusmet
3334 4818 3602 4901 Epistolas
3635 4818 3717 4901 lo-

2081 4893 2257 4954 cum:
2321 4895 2969 4969 astipulatoremuenim
3023 4895 3086 4969 S.‘
3132 4893 3506 4969 Ambrosium
3568 4893 3721 4969 inter

2081 4975 2314 5026 caeteros
2347 4961 2543 5041 magni
2578 4965 2834 5024 nominis
2881 4965 3032 5019 viros
3064 4964 3194 5041 haec
3250 4962 3443 5041 opiniu
3492 4961 3718 5041 habuit,

2080 5033 2477 5103 Commentary.
2509 5042 2565 5094 in
2603 5044 2815 5094 Lucam
2846 5054 2970 5103 xm,
3021 5036 3121 5090 ubi
3169 5042 3244 5099 et,
3278 5033 3433 5106 quod
3471 5033 3721 5106 dil'ﬁcile

2081 5117 2171 5168 est
2199 5111 2442 5177 creditu,
2477 5111 2903 5182 propugnatam
2935 5107 3005 5162 ab
3036 5104 3312 5163 Hchrteis
3331 5104 3511 5161 tradit
3539 5105 3722 5160 fuisse

2081 5184 2450 5239 sententiam.
3662 5198 3671 5201 —

2152 5256 2175 5288 ²
2204 5252 2412 5309 Confer
2450 5250 2666 5306 librum
2717 5250 2782 5305 de
2830 5250 3002 5318 Loris,
3047 5249 3117 5303 ad
3176 5264 3372 5305 vocem
3402 5247 3589 5303 Arboc.
3622 5245 3723 5300 Vi-

2082 5324 2311 5379 dendus
2342 5338 2574 5394 quoque
2604 5320 2664 5376 S.
2698 5320 3058 5392 Epiphanius
3089 5326 3289 5376 contra
3317 5320 3649 5394 Tatisnum.

2153 5397 2176 5429 ³
2204 5390 2895 5465 Plerique-omnesmsst,
2926 5395 3112 5465 vinum
3144 5408 3246 5465 pro
3278 5394 3423 5448 aceto
3457 5390 3726 5465 hic‘pras-

2082 5468 2297 5523 ferunt.
2329 5460 2436 5521 Sed
2470 5462 2724 5536 etGraeci
2758 5460 3313 5536 archetypivariant
3342 5460 3723 5534 exemplaria:

2084 5538 2213 5595 aliis
2246 5541 2416 5607 οἶνον,
2451 5534 2580 5607 aliis
2610 5527 2731 5604 ὅξος
2763 5527 3219 5607 praeferentibus.

2156 5578 2368 5665 ‘vanus
2398 5578 2729 5673 l’alatintis:
2752 5578 2889 5679 qruod
2939 5605 3212 5679 credentis
3258 5604 3420 5677 [atszs
3469 5602 3728 5661 testibus:

2083 5679 2181 5738 alii
2212 5696 2410 5739 vocem
2435 5680 2615 5752 pretio
2646 5682 2875 5736 tantum
2910 5678 3379 5750 praetermittunt.
3432 5714 3439 5723 ς
