4058 6190
322 288 444 350 219

1568 290 1629 352 S.
1679 288 1986 355 EUSEBII
2029 289 2479 356 HIERONYMI

3611 286 3733 352 220

328 422 504 479 turba
533 421 878 494 respondet:
933 422 1107 480 Jesus
1163 439 1263 480 rex
1317 425 1651 494 Judaeorum
1711 432 1817 499 est,
1861 428 1969 484 hoc
2002 427 2056 493 Α
2087 426 2325 483 daverit.
2361 429 2421 483 In
2455 424 2684 482 duobus
2715 420 3044 482 latronibus
3073 424 3318 496 uterque
3364 416 3638 496 populus,
3671 426 3730 480 et

330 516 436 576 est,
466 512 781 583 imperator
810 513 1172 570 credentium
1206 519 1263 571 et
1292 517 1715 573 conﬁtentium.

400 601 584 671 (Vers.
618 601 734 672 38.)
765 624 793 650 «
829 603 991 658 Tunc
1023 603 1281 659 cruciﬁxi
1313 610 1452 662 sunt
1481 624 1611 662 cum
1645 624 1710 663 eo
1741 608 1855 664 duo
1884 607 1966 664 la-

330 694 545 757 trones,
579 707 735 745 unus
763 708 795 745 a
825 692 1060 759 dextris,
1142 700 1198 748 et
1246 711 1400 750 unus
1451 713 1483 749 a
1539 696 1814 752 sinistris.
1848 720 1875 747 ››
1910 698 1968 752 Si

329 778 615 851 Golgotha
647 779 912 835 tumulus
943 785 1032 836 est
1059 783 1263 853 Adam,
1295 790 1350 838 et
1410 801 1526 840 non
1557 785 1969 842 damnatorum

327 867 512 935 locus,
545 873 602 922 et
633 869 760 924 idco
795 870 1075 927 Dominus
1109 871 1183 927 ibi
1217 873 1596 946 cruciﬁgitur,
1630 879 1694 928 ut
1729 874 1972 930 suscitet

327 957 536 1023 Adam,
573 957 687 1012 duo
719 958 972 1014 latrones
1005 976 1184 1030 quare
1214 961 1271 1016 in
1307 961 1428 1018 loco
1461 963 1573 1018 isto
1605 964 1806 1019 eodem
1840 981 1968 1019 cru-

327 1045 646 1116 ciﬁguntur
665 1047 692 1100 ?

397 1135 584 1203 (Vers.
616 1139 686 1191 39
716 1138 902 1210 seqq.)
942 1162 961 1187 ι
998 1143 1416 1197 Prastereuntes
1450 1146 1642 1198 autem
1695 1141 1965 1213 blasphe-

327 1227 569 1280 mabant
613 1242 744 1281 eum
808 1232 1103 1284 moventes
1147 1233 1336 1302 capita
1380 1249 1506 1295 sua,
1555 1238 1609 1286 et
1672 1232 1966 1286 dicentes:

330 1313 452 1368 Vah
485 1311 496 1367 Σ
532 1315 632 1386 qui
666 1317 921 1371 dcstruis
954 1318 1237 1389 templum
1270 1320 1392 1386 Dei,
1427 1325 1483 1376 et
1512 1320 1568 1374 in
1603 1320 1794 1376 triduo
1826 1319 1966 1374 illud

329 1402 665 1474 reaediﬁcas,
695 1404 852 1460 salva
883 1407 1262 1478 temetipsum
1295 1428 1306 1473 ;
1339 1409 1388 1464 si
1422 1409 1602 1464 Filius
1632 1409 1732 1464 Dei
1763 1427 1844 1476 es,
1880 1411 1972 1464 de-

329 1492 539 1547 scende
571 1493 639 1547 de
687 1510 877 1549 cruce.
926 1495 1208 1551 Similiter
1259 1502 1314 1552 et
1361 1498 1654 1568 principes
1703 1498 1968 1554 sacerdo-

329 1584 476 1648 tum,
511 1580 824 1638 illudentes
879 1601 1011 1639 cum
1073 1586 1282 1642 scribis
1339 1592 1396 1642 et
1444 1587 1794 1654 senioribus,
1822 1587 1971 1642 dice-

328 1668 491 1724 bant.
530 1692 556 1718 »
587 1669 1101 1744 Blasphemabant,
1155 1674 1292 1747 quia
1349 1676 1974 1748 praetergrediebantur

329 1758 504 1824 viam,
558 1764 616 1814 et
665 1759 722 1814 in
781 1778 914 1817 vero
974 1762 1177 1820 itinere
1209 1765 1640 1837 Scripturarum
1673 1765 2050 1867 ambulareB

331 1847 624 1904 nolebant.
679 1850 984 1906 Movebant
1034 1854 1225 1924 capita
1282 1872 1409 1919 sua,
1459 1855 1596 1926 quia
1635 1858 1760 1928 jam
1801 1860 1972 1910 antea

330 1937 643 1992 movebant
689 1939 884 2009 pedes,
932 1945 989 1995 et
1047 1958 1161 1996 non
1217 1944 1452 1998 stabant
1497 1960 1676 2015 super
1721 1947 1966 2016 petram.

322 2025 583 2096 Idipsum
635 2032 828 2082 autem
882 2029 1193 2097 insultans,
1245 2031 1386 2086 dicit
1442 2033 1637 2088 fatuus
1695 2032 1966 2105 populus,

321 2115 475 2183 quod
509 2114 638 2168 falsi
671 2120 848 2172 testes
877 2119 1295 2174 conﬁnxerant.

393 2203 579 2271 (Vers.
610 2204 720 2274 42.)
754 2227 775 2253 α
804 2204 960 2260 Alios
983 2207 1172 2262 salvos
1212 2209 1368 2276 fecit,
1415 2210 1673 2282 seipsum
1721 2227 1834 2265 non
1868 2228 1968 2282 po-

322 2295 438 2346 test
467 2291 693 2346 salvum
729 2293 933 2348 facere.
969 2316 994 2345 ιο
1043 2296 1227 2352 Etiam
1279 2297 1563 2366 nolentes,
1616 2301 1972 2355 confitentur

324 2380 537 2436 Scriba)
569 2385 625 2437 et
656 2381 951 2450 Pharisaei,
986 2385 1140 2454 quod
1190 2385 1336 2442 alios
1385 2386 1575 2442 salvos
1607 2387 1821 2442 fecerit.
1858 2388 1968 2442 Ita-

324 2484 438 2539 que
487 2486 588 2525 vos
644 2475 835 2526 vestra
894 2473 1246 2529 condemnat
1293 2475 1599 2530 sententia.
1651 2475 1756 2539 Qui
1810 2476 1967 2530 enim

325 2557 474 2614 alios
504 2557 693 2614 salvos
726 2559 878 2629 fecit,
913 2562 1116 2633 utique
1148 2562 1194 2617 si
1226 2563 1416 2630 vellet,
1451 2563 1710 2635 seipsum
1745 2563 1968 2620 salvare

322 2650 566 2717 poterat.

397 2735 584 2806 (Vers.
628 2737 736 2809 43).
787 2761 815 2787 ‹‹
849 2738 903 2792 Si
959 2755 1058 2795 rex
1106 2740 1280 2796 Israel
1328 2746 1436 2810 est,
1491 2743 1845 2800 descendat'
1895 2745 1966 2800 de

325 2839 517 2890 cruce,
549 2829 607 2881 et
627 2827 921 2883 credimus
952 2829 1024 2884 ei.
1058 2828 1308 2886 Conﬁdit
1335 2829 1394 2886 in
1427 2835 1540 2888 Deo
1566 2857 1579 2899 ;
1609 2832 1812 2889 liberet
1831 2849 1964 2888 eum

325 2929 482 2968 nunc
513 2913 561 2969 si
593 2915 736 2970 vult.
788 2917 935 2972 Dixit
981 2918 1159 2986 enim,
1211 2921 1348 2991 quia
1397 2920 1575 2976 Filius
1613 2921 1715 2976 Dei
1746 2938 1899 2978 sum.
1935 2944 1962 2972 »

322 3002 712 3060 Fraudulente
738 3006 1066 3077 promissio.
1102 3007 1249 3072 Quid
1280 3013 1370 3065 est
1398 3010 1530 3082 plus
1559 3011 1630 3066 de
1661 3026 1831 3068 cruce
1863 3013 1966 3066 ad-

323 3089 436 3144 huc
467 3093 814 3150 descendere
842 3097 1237 3161 viventem,an
1263 3099 1333 3154 de
1364 3099 1628 3170 sepulcro
1665 3104 1962 3156 mortuum

322 3181 674 3251 resurgere?
732 3182 1087 3248 Resurrexit,
1149 3192 1204 3240 et
1257 3204 1372 3242 non
1429 3187 1780 3244 credidistis.
1815 3190 1962 3262 Ergo
1994 3170 2037 3236 Ο

323 3267 371 3322 si
407 3267 584 3322 etiam
613 3270 684 3324 de
715 3287 885 3326 cruce
915 3272 1311 3342 descenderet,
1363 3276 1635 3332 similiter
1682 3295 1801 3333 non
1833 3295 1962 3334 cre-

323 3355 673 3413 deretis.Sed
697 3359 840 3414 mihi
863 3360 970 3416 hoc
1004 3362 1274 3418 videntur
1314 3365 1606 3422 demones
1629 3362 1960 3424 immittere.

321 3445 527 3502 Statim
560 3447 714 3503 enim
745 3454 810 3504 ut
839 3451 1153 3507 crucifixus
1181 3456 1273 3506 est
1319 3453 1624 3520 Dominus,
1658 3461 1965 3512 senserunt

323 3534 598 3590 virtutem
631 3537 841 3605 crucis,
865 3543 920 3592 et
967 3538 1382 3596 intellexerunt
1423 3535 1636 3598 fractas
1657 3559 1784 3599 esse
1816 3546 1965 3600 vires

327 3637 486 3687 suas,
520 3627 577 3677 et
624 3622 733 3678 hoc
787 3631 988 3697 agunt,
1023 3634 1089 3684 ut
1131 3630 1202 3684 de
1232 3647 1402 3686 cruce
1431 3631 1778 3700 descendat;
1812 3635 1960 3692 235

328 3709 429 3765 sed
462 3710 746 3767 Dominus
777 3715 967 3771 sciens
1020 3717 1485 3775 adversariorum
1537 3721 1802 3793 insidias,
1837 3740 1964 3796 per-

326 3802 526 3854 manet
555 3799 613 3854 in
647 3802 928 3872 patibulo,
966 3810 1030 3860 ut
1060 3806 1358 3864 diabolum
1385 3810 1667 3866 destruat.

396 3888 728 3958 (Vera/14.)
787 3914 815 3942 ‹‹
856 3893 1118 3964 Idipsum
1177 3901 1371 3952 autem
1431 3903 1488 3953 et
1541 3899 1814 3967 latrones,
1867 3901 1967 3974 qui

332 3976 594 4032 cruciﬁxi
625 3985 791 4035 erant
821 3998 953 4038 cum
985 3999 1072 4052 eo,
1097 3984 1573 4058 imprOperabant
1594 3989 1665 4044 ei.
1688 4012 1716 4040 »
1747 3990 1844 4044 Hic
1869 4008 1972 4062 per

329 4072 579 4137 tropum,
615 4071 714 4140 qui
746 4069 1075 4142 appellatur
1105 4069 1380 4146 αὐλληψις
1401 4077 1442 4147 ⁸,
1467 4094 1570 4148 pro
1603 4095 1718 4133 uno
1748 4078 1970 4134 latrone

328 4158 575 4226 uterque
605 4156 904 4214 inducitur
933 4161 1394 4234 blasphemasse.
1430 4165 1615 4221 Lucas
1655 4183 1787 4222 vero
1817 4185 1971 4224 asse-

327 4242 424 4310 rit,
457 4246 611 4314 quod
646 4245 824 4303 altero
856 4248 1319 4324 blasphemante,
1361 4253 1507 4309 alter
1539 4256 1840 4311 confessus
1872 4257 1970 4311 sit:

333 4335 389 4384 et
441 4336 763 4391 econtrario
826 4337 1209 4410 increpaverit
1258 4341 1762 4416 blasphemantem
1817 4344 1965 4416 (Luc.

329 4436 489 4486 xxm,
521 4422 610 4489 39,
647 4424 754 4494 40).
790 4428 914 4480 Non
948 4430 1098 4499 quod
1131 4431 1462 4504 discrepent
1493 4435 1807 4509 Evangelia
1832 4453 1844 4502 ;
1866 4436 1963 4491 sed

2079 516 2409 588 gentilium,
2441 521 2496 570 et
2523 516 2860 572 Judeorum
2908 514 3167 586 primum
3225 512 3538 569 Dominum
3571 509 3727 568 blas-

2081 605 2394 678 phemavit.
2425 606 2630 662 Postea
2660 605 2964 677 signorum
2998 601 3406 675 magnitudine
3455 600 3600 657 alter
3630 617 3724 657 ex-

2080 695 2316 751 territus
2347 695 2464 767 egit
2494 694 2916 767 poenitentiam,
2967 697 3024 748 et
3067 707 3256 764 usque
3287 690 3458 747 hodie
3483 691 3728 751 Judaeos

2081 783 2341 857 increpat
2370 786 2475 856 [ΑΙ.
2511 782 2884 855 increpuerit]
2915 781 3412 853 blasphemantes.

2152 874 2334 946 (Vers.
2369 875 2480 945 45.)
2517 897 2543 924 ‹‹
2575 878 2621 927 Α
2652 877 2812 928 sexta
2837 876 3033 927 autem
3063 871 3228 937 hora,
3277 869 3528 925 tenebrae
3561 870 3722 925 facta:

2080 968 2218 1019 sunt
2249 980 2426 1035 super
2455 963 2786 1018 universam
2817 965 3031 1016 terram
3063 976 3253 1031 usque
3281 959 3352 1014 ad
3385 958 3590 1014 horam
3622 975 3724 1014 no-

2080 1070 2238 1108 nam.
2274 1075 2301 1102 »
2361 1051 2466 1116 Qui
2517 1051 2881 1123 scripserunt
2933 1052 3134 1105 contra
3161 1047 3492 1120 Evangelia,
3525 1047 3724 1119 suspi-

2079 1144 2288 1196 cantur
2345 1141 2667 1212 deliquium
2737 1139 2900 1206 solis,
2945 1139 3097 1210 quod
3151 1137 3321 1193 certis
3369 1136 3726 1208 statutisque

2080 1230 2445 1302 temporibus
2496 1229 2756 1285 accidere
2805 1227 2971 1293 solet,
3022 1224 3343 1298 discipulos
3397 1224 3612 1281 Christi
3651 1226 3724 1282 ob

2080 1319 2438 1390 imperitiam
2469 1334 2646 1390 super
2671 1315 3093 1373 resurrectione
3124 1314 3354 1371 Domini
3383 1314 3728 1386 interpreta-

2078 1413 2170 1463 tos
2203 1423 2216 1454 :
2252 1424 2384 1462 cum
2418 1407 2678 1462 defectus
2711 1405 2852 1463 solis
2883 1420 3209 1476 nunquam,
3243 1403 3354 1459 nisi
3389 1407 3515 1458 ortu
3549 1402 3722 1468 lunae,

2080 1496 2204 1552 fieri
2237 1495 2437 1552 soleat.
2470 1495 2626 1551 Nulli
2659 1500 2853 1550 autem
2905 1494 3156 1550 dubium
3203 1497 3291 1548 est
3319 1491 3548 1564 pascha:
3575 1496 3724 1547 tem-

2081 1602 2218 1657 pore
2248 1585 2449 1642 lunam
2481 1585 2662 1641 fuisse
2688 1583 3116 1656 plenissimam.
3151 1586 3218 1637 Et
3263 1597 3336 1636 ne
3366 1580 3610 1638 forsitan
3636 1580 3722 1636 vi-

2081 1675 2315 1730 deretur
2345 1675 2556 1730 umbra
2601 1679 2788 1740 terras,
2839 1671 2928 1729 vel
2975 1670 3134 1729 orbis
3162 1671 3314 1727 lunai
3346 1669 3452 1726 soli
3483 1669 3723 1742 opposi-

2079 1768 2196 1830 tus,
2224 1763 2426 1820 breves
2475 1767 2532 1818 et
2579 1761 2942 1835 ferrugineas
2991 1761 3200 1817 fecisse
3227 1758 3722 1824 tenebras,trium

2081 1852 2358 1908 horarum
2408 1853 2664 1925 spatium
2712 1851 2968 1923 ponitur,
2999 1853 3064 1906 ut
3108 1848 3302 1905 omnis
3352 1847 3722 1904 causantium

2081 1942 2306 1998 occasio
2337 1941 2657 1998 tolleretur.
2689 1941 2750 1996 Ei
2783 1941 2893 1996 hoc
2937 1940 3153 1995 factum
3213 1953 3343 1993 reor
3371 1940 3438 1992 ut
3467 1935 3722 2009 comple-

2079 2035 2238 2086 retur
2269 2029 2380 2102 [Αἰ.
2415 2029 2797 2102 compleatur]
2823 2027 3145 2100 prophetia,
3175 2026 3412 2082 dicens:
3445 2025 3727 2082 accumbe:

2075 2119 2156 2172 sol
2184 2118 2438 2188 meridie,
2487 2126 2539 2172 et
2585 2117 3062 2174 contenebrabitur
3105 2131 3268 2187 super
3311 2127 3519 2170 terram
3547 2115 3605 2169 in
3633 2115 3724 2170 die

2079 2208 2181 2262 lux
2212 2207 2390 2278 (Amos
2415 2224 2537 2273 νηί,
2559 2207 2615 2278 9)
2644 2224 2657 2270 ;
2692 2210 2749 2260 et
2779 2205 2836 2260 in
2869 2205 2981 2261 alio
3010 2204 3135 2260 loco
3159 2221 3172 2258 :
3199 2204 3462 2260 Occubuit
3488 2203 3570 2260 sol
3601 2220 3724 2259 eum

2079 2295 2254 2351 adhuc
2285 2296 2466 2351 media
2496 2303 2630 2351 esset
2657 2295 2770 2351 dies
2832 2295 3046 2366 (Jerem.
3099 2311 3189 2362 xv,
3237 2293 3316 2364 9.)
3367 2291 3724 2364 Videturque

2080 2384 2225 2440 mihi
2257 2384 2653 2441 clarissimum
2714 2384 2914 2440 lumen
2968 2382 3196 2447 mundi,
3245 2381 3354 2437 hoc
3401 2384 3509 2450 est,
3556 2380 3724 2436 lumi-

2081 2489 2217 2529 nare
2248 2476 2441 2546 majus
2475 2472 2784 2530 retraxisse
2812 2472 3006 2528 radios
3037 2488 3196 2540 suos,
3231 2487 3303 2526 ne
3333 2475 3436 2526 aut
3474 2471 3724 2542 penden-

2077 2567 2195 2618 tem
2241 2563 2464 2620 videret
2505 2563 2841 2629 Dominum,
2890 2566 2993 2618 aut
3035 2559 3201 2633 impii
3243 2559 3721 2632 blasphemantes

2077 2669 2186 2708 sua
2216 2651 2345 2708 luce
2378 2653 2725 2708 fruerentur.

2149 2741 2329 2812 (Vers.
2390 2742 2502 2812 46.)
2552 2764 2579 2790 ‹‹
2625 2742 2694 2796 Et
2737 2740 2887 2796 circa
2941 2739 3146 2796 horam
3177 2755 3417 2811 nonam,
3449 2738 3724 2795 clamavit

2074 2830 2250 2886 Jesus
2300 2845 2437 2887 voce
2485 2847 2720 2904 magna,
2775 2829 3016 2886 dicens:
3062 2828 3172 2900 Eli,
3197 2827 3306 2896 Eli,
3351 2827 3590 2896 lamma,
3623 2845 3723 2883 sa-

2075 2920 2351 2975 bacthani
2371 2921 2410 2974 ³.
2445 2919 2563 2975 Hoc
2591 2924 2699 2988 est,
2723 2924 2874 2975 Deus
2905 2935 3093 2984 meus,
3117 2917 3273 2974 Deus
3303 2922 3559 2988 meus,ut
3579 2917 3721 2989 quid

2074 3008 2440 3080 dereliquisti
2474 3008 2613 3065 me?
2647 3031 2667 3060 υ
2706 3006 2999 3080 Principio
3031 3007 3186 3064 236
3213 3005 3476 3062 vicesimi
3507 3005 3680 3081 primi
3704 3007 3726 3040 ‘

2073 3097 2284 3170 psalmi
2317 3099 2540 3154 abusus
2571 3100 2680 3166 est,
2712 3097 2976 3167 illudque
3018 3097 3174 3168 quod
3223 3095 3286 3151 in
3318 3095 3511 3152 medio
3542 3095 3722 3152 vers'r-

2076 3186 2207 3242 culo
2238 3186 2453 3260 legitur
2484 3205 2496 3242 :
2531 3189 2752 3258 Respice
2779 3188 2839 3241 in
2866 3202 2972 3256 me,
3005 3187 3370 3257 superfluum
3415 3188 3524 3242 est.
3561 3184 3722 3258 Legi-

2072 3281 2168 3331 tur
2197 3277 2349 3331 enim
2382 3275 2441 3331 in
2475 3276 2748 3331 Hebraeo:
2785 3280 2928 3332 Deus
2967 3291 3142 3346 meus,
3174 3276 3316 3330 Deus
3345 3290 3519 3339 meus,
3551 3289 3724 3345 quare

2072 3380 2158 3420 me
2186 3365 2577 3435 dereliquisti?
2635 3365 2821 3437 Ergo“
2868 3364 3034 3436 impii
3087 3368 3229 3419 sunt
3275 3362 3375 3435 qui
3422 3362 3716 3436 psalmum

2075 3454 2255 3508 istum
2288 3469 2356 3508 ex
2389 3470 2640 3526 persona
2672 3453 2868 3521 David,
2905 3452 3023 3508 sive
3052 3452 3260 3508 Esther
3289 3456 3346 3506 et
3375 3450 3721 3508 Mardochaai

2074 3541 2295 3598 dictum
2327 3545 2556 3613 putant,
2591 3557 2725 3596 cum
2756 3541 2930 3598 etiam
2959 3540 3326 3614 evangelista
3376 3539 3721 3597 testimonia

2075 3647 2144 3686 ex
2173 3647 2239 3686 eo
2273 3635 2511 3702 sumpta
2557 3647 2734 3702 super
2779 3630 3071 3688 Salvatore
3119 3629 3489 3703 intelligant:
3541 3632 3607 3685 ut
3633 3633 3726 3684 est

2075 3719 2218 3775 illud
2246 3736 2258 3774 :
2292 3721 2606 3776 Diviserunt
2634 3721 2751 3776 sibi
2775 3721 3102 3776 vestimenta
3125 3735 3264 3791 mea,
3297 3727 3350 3776 et
3400 3735 3566 3791 super
3612 3734 3727 3774 ves-

2074 3813 2181 3864 tem
2210 3825 2384 3864 meam
2415 3809 2703 3866 miserum:
2717 3813 2939 3865 sortem.
2965 3809 3136 3876 (Psal.
3161 3825 3276 3876 xxr,
3297 3810 3410 3876 19.)
3433 3810 3501 3865 Et
3525 3807 3682 3864 aliud
3706 3825 3718 3863 :

2075 3899 2344 3954 Foderunt
2389 3915 2588 3954 manus
2634 3915 2783 3953 meas
2827 3901 2882 3954 et
2924 3897 3082 3970 pedes
3128 3914 3276 3953 meos
3303 3897 3460 3966 (Ibid.
3497 3897 3610 3967 17.)
3640 3896 3724 3952 Ne

2076 3987 2308 4043 mireris
2341 3989 2650 4043 verborum
2677 3985 3068 4043 humilitatem
3101 3990 3159 4042 et
3196 3985 3599 4058 querimonias
3621 3985 3720 4041 de-

2079 4075 2282 4145 relicti,
2317 4093 2447 4131 cum
2480 4077 2728 4132 formam
2759 4075 2907 4131 servi
2957 4074 3170 4142 sciens,
3205 4072 3547 4130 scandalum
3595 4090 3725 4129 cru~

2077 4166 2161 4219 cis
2189 4163 2406 4220 videas.

2151 4253 2336 4324 (Vera.
2371 4250 2483 4320 47.)
2514 4275 2542 4302 ‹‹
2571 4253 2819 4316 Quidam
2869 4255 3068 4310 autem
3116 4251 3234 4308 illic
3277 4254 3500 4308 stantes
3530 4254 3589 4307 et
3617 4267 3723 4306 au-

2078 4341 2326 4407 dientes,
2362 4340 2668 4396 dicebant:
2703 4341 2891 4397 Eliam
2921 4344 3087 4398 vocat
3115 4340 3245 4396 iste.
3273 4362 3300 4390 »
3334 4339 3460 4397 Non
3493 4355 3722 4409 omnes,

2078 4431 2180 4486 sed
2211 4429 2451 4502 quidam
2484 4446 2631 4502 quos
2661 4430 2914 4485 arbitror
2942 4429 3158 4486 milites
3195 4428 3377 4484 fuisse
3405 4428 3722 4494 Romanos,

327 4511 480 4604 quod
507 4511 763 4583 primum
797 4519 1040 4587 uterque
1072 4517 1580 4590 blasphemaverit,
1607 4523 1814 4579 dehinc
1847 4524 1969 4580 solo
2001 4540 2046 4604 D
2080 4537 2193 4575 non
2227 4518 2618 4591 intelligentes
2650 4519 2939 4575 sermonis
2989 4517 3253 4575 Hebraici
3284 4517 3722 4590 proprietatem,

326 4598 603 4672 fugiente,
638 4606 792 4658 terra
821 4611 1132 4675 commota,
1166 4609 1436 4679 saxisque
1465 4611 1768 4684 disruptis,
1803 4617 1859 4667 et
1889 4613 1971 4667 in-

325 4691 673 4759 gruentibus
702 4693 978 4759 tenebris,
1012 4711 1165 4750 unus
1215 4698 1522 4752 crediderit
1568 4698 1626 4752 in
1659 4699 1882 4764 Jesum,
1913 4705 1970 4755 et
2013 4765 2018 4770 δ

326 4776 579 4846 priorem
622 4782 990 4852 negationem
1041 4785 1307 4854 sequenti
1356 4787 1720 4842 confessione
1769 4803 1966 4842 emen-

402 4902 415 4982 ξ
448 4902 807 4982 ipt_erserunt
841 4905 1081 4976 quidam
1116 4924 1258 4982 mss.
1293 4913 1576 4982 voculam,
1611 4927 1776 4982 nunc.

392 4973 416 5052 ξ
448 4971 736 5060 Videntur
757 4971 1015 5060 veterum
1071 4980 1236 5060 codd.
1273 4971 1656 5060 exscriptpres
1697 4981 1808 5060 legi
1841 4999 1965 5038 ma-

323 5041 504 5098 luisse
536 5042 813 5118 σήμμιξις,
848 5051 1000 5118 quod
1035 5056 1119 5105 est
1149 5041 1491 5114 commistio}
1518 5053 1632 5108 fere
1652 5041 1807 5108 enim
1842 5071 1966 5110 om-

325 5117 771 5197 nesprazferunt
810 5117 1146 5197 quanquam
1183 5125 1463 5180 mendosa
1520 5124 1832 5197 scriptura,
1868 5124 1968 5179 σῦ-

329 5189 564 5262 μῌΚ-ῖις,
599 5193 698 5243 aut
730 5189 1014 5262 συμέωξιςῖ

394 5257 425 5340 ξ.
447 5259 592 5340 Tres
623 5257 1346 5340 mss.,'LcriIasabactliani;
1381 5272 1436 5322 et
1492 5283 1645 5333 mox,
1677 5285 1851 5340 quare
1878 5269 1966 5325 de-

321 5331 613 5400 reliquisti,
646 5336 752 5386 etc.

392 5401 926 5482 ‘Eseudofﬂieron.
960 5407 1262 5482 _Breviario
1310 5409 1369 5464 in
1423 5408 1723 5466 Psalmos:
1782 5433 1802 5459 α
1849 5411 1964 5466 Hoc

318 5471 605 5554 versiculo
645 5475 927 5554 Dominus
957 5477 1012 5532 in
1066 5495 1236 5535 cruce
1284 5483 1542 5554 pendens
1577 5499 1720 5536 usus
1751 5485 1860 5554 est,
1895 5498 1962 5554 ex

321 5558 435 5612 quo
467 5547 990 5622 animadvertimus
1029 5554 1214 5606 totum
1248 5547 1540 5622 psalmum
1568 5570 1600 5608 a
1631 5553 1871 5608 Domino
1903 5553 1962 5607 in

318 5632 487 5674 cruce
510 5621 698 5692 posito
721 5622 1202 5688 decantari.Quod
1229 5621 1422 5679 autem
1448 5624 1623 5682 habet
1661 5624 1718 5679 in
1747 5623 1960 5693 medio,

2079 4609 2180 4664 sed
2211 4625 2280 4664 ex
2305 4623 2372 4663 eo
2400 4607 2553 4679 quod
2587 4607 2765 4664 dixit:
2810 4609 2918 4675 Eli,
2969 4608 3078 4679 Eli,
3110 4610 3382 4680 putantes
3430 4605 3616 4662 Eliam
3649 4606 3725 4662 ab

2079 4712 2144 4751 eo
2172 4696 2523 4751 invocatum.
2557 4693 2657 4750 Sin
2689 4699 2884 4750 autem
2915 4695 3150 4750 Judaeos
3180 4693 3281 4765 qui
3311 4693 3421 4748 hoc
3450 4689 3723 4760 dixerint,

2077 4782 2403 4857 intelligere
2432 4783 2814 4851 voluerimus,
2845 4788 2904 4839 et
2929 4782 3039 4839 hoc
3086 4797 3246 4838 more
3300 4780 3411 4838 sibi
3441 4778 3614 4837 solito
3646 4779 3726 4836 fa-

2077 4910 2296 4966 Intende
2325 4909 2484 4975 mihi,
2519 4908 2577 4964 in
2639 4907 2891 4964 Hebraeis
2939 4906 3238 4964 codicibus
3287 4921 3402 4961 non
3450 4904 3723 4973 habetur,

2076 4986 2133 5037 et
2162 4982 2499 5052 appositum
2529 4995 2638 5034 vox
2668 4980 2896 5052 Domini
2927 4977 3348 5050 declarat,qua
3366 4975 3542 5032 etiam
3573 4975 3720 5034 illud

2076 5053 2133 5107 in
2167 5050 2478 5124 Evangelio
2509 5050 2902 5124 praetermisit,
2937 5073 2964 5100 »
2988 5055 3108 5124 _etc_.

2145 5125 2166 5158 ⁵
2200 5118 2358 5178 Ideni
2414 5122 2473 5176 in
2509 5118 3092 5194 'ipsiusmethpsalmi
3139 5118 3417 5194 titulum:
3479 5142 3509 5170 «
3559 5122 3723 5175 Hanc

2076 5195 2514 5265 inscriptionem
2545 5191 2766 5265 Hebraei
2795 5191 2962 5248 aliter
2992 5193 3239 5248 habent:
3282 5191 3392 5246 Pro
3419 5205 3573 5265 cerua
3601 5207 3722 5245 ma-

2073 5262 2276 5347 tutino;
2306 5265 2372 5347 Et
2401 5263 2877 5347 interpretatione
2932 5279 3204 5346 perversa
3250 5266 3460 5347 putant
3505 5262 3576 5316 de
3628 5266 3724 5316 Es.

2073 5337 2204 5392 ther
2248 5341 2434 5391 totum
2512 5334 2878 5408 vicesimum,
2925 5334 3183 5408 primum
3243 5334 3542 5408 psalmum
3584 5347 3722 5408 esse

2074 5408 2485 5480 compositum.
2519 5408 2681 5480 Quod
2713 5403 3007 5480 videlicet_
3032 5407 3218 5480 ipsius
3243 5403 3721 5480 'periculo_et_in-

2072 5473 2424 5551 tercéssione
2453 5473 2607 5550 apud
2640 5494 2832 5551 regem
2865 5479 2942 5534 sit
2977 5473 3334 5551 de'pericu'lo
3365 5473 3720 5533 Israeliticae

2073 5549 2326 5623 populus
2352 5549 2654 5606 liberatus.
2690 5549 2718 5598 ›ἱ
