4058 6190
259 352 371 417 221

726 347 1244 415 COMMENTAR.
1292 349 1373 411 IN
1423 346 1940 414 EVANGELIUM

2060 349 2367 411 ΑΤΤΗιΕῙ
2413 350 2560 412 LIB.
2608 350 2709 413 ιν.
2757 353 2929 415 CAP.
2976 353 3220 417 XXVII.

3564 354 3683 417 222

272 488 455 554 ciunt,
480 488 547 542 ut
569 484 887 542 Dominum
908 483 1632 577 imbecilitatisinfament,
1667 483 1924 557 quiElite
1953 485 2006 550 Α
2039 484 2289 540 Lazarus
2313 490 2585 541 mortuus
2616 487 2936 542 resurrexit
2991 487 3167 559 (Joan.
3199 506 3278 557 x1,
3339 488 3449 561 44),
3501 488 3584 546 sic
3625 494 3683 545 et

264 575 548 633 auxilium
580 575 944 645 deprecetur.

340 682 524 752 (Vers.
560 682 676 749 48.)
712 702 734 729 ι
774 681 844 735 Et
891 680 1168 735 continuo
1219 669 1463 735 currens
1511 697 1666 735 unus
1716 696 1784 735 ex
1813 679 1919 747 eis,

271 776 567 844 acceptam
628 767 938 841 spongiam
996 768 1260 841 implevit
1316 772 1514 824 aceto:
1549 773 1604 823 et
1643 767 1926 841 imposuit

269 860 569 927 arundini,
598 862 656 915 et
689 858 864 913 dabat
894 858 945 913 ei
975 856 1191 914 bibere.
1230 880 1257 907 »
1291 858 1498 913 Ethaae
1524 860 1676 913 facta
1699 864 1840 913 sunt
1861 861 1926 912 ut

268 948 665 1021 compleretur
710 945 1051 1018 prophetia:
1111 948 1172 1001 In
1203 947 1300 1001 siti
1338 963 1468 1002 mea
1485 951 1814 1018 putaverunt
1840 963 1928 1001 me

274 1047 437 1096 aceto
466 1037 636 1109 (Psnl.
671 1052 870 1102 Lxxm,
899 1036 1014 1105 22).
1050 1034 1246 1106 Usque
1298 1035 1472 1091 hodie
1500 1034 1690 1091 Judaei
1721 1040 1778 1091 et
1802 1053 1926 1091 om-

275 1144 383 1184 nes
438 1124 724 1182 increduli
779 1123 1097 1180 Dominicie
1155 1124 1600 1180 resurrectionis
1657 1129 1816 1180 aceto
1873 1129 1930 1180 et

276 1216 412 1274 felle
439 1218 642 1288 potant
670 1214 896 1283 Jesum,
938 1216 996 1268 et
1043 1213 1186 1267 dant
1229 1212 1281 1268 ei
1327 1213 1529 1269 vinum
1562 1213 1928 1286 myrrhatum

278 1310 345 1361 ut
372 1320 505 1361 eum
538 1301 902 1375 consopiant,
936 1305 993 1355 et
1032 1301 1188 1357 mala
1216 1318 1418 1358 eorum
1461 1319 1577 1358 non
1606 1302 1820 1358 videat.

344 1410 536 1480 (Vers.
577 1409 694 1477 50.)
730 1430 758 1459 ‹‹
786 1407 959 1464 Jesus
991 1411 1187 1463 autem
1241 1408 1455 1463 iterum
1505 1408 1765 1464 clamans
1794 1425 1931 1465 voce

272 1516 495 1574 magna
522 1497 720 1555 emisit
766 1496 1064 1570 spiritum.
1101 1520 1129 1546 ››
1182 1497 1397 1552 Divinas
1447 1498 1755 1570 potestatis
1784 1497 1932 1553 indi-

272 1591 434 1646 cium
460 1591 553 1644 est
571 1586 841 1643 emittere
863 1585 1161 1659 spiritum,
1186 1590 1250 1642 ut
1269 1586 1395 1657 ipse
1413 1602 1647 1659 quoque
1666 1587 1892 1643 dixerat
1916 1603 1927 1642 :

278 1679 447 1736 Nemo
488 1678 662 1751 patest
720 1675 910 1731 tollere
964 1677 1216 1731 animam
1269 1692 1447 1732 meam
1503 1693 1689 1744 ame;
1724 1676 1814 1732 sed
1834 1692 1933 1746 ego

272 1784 424 1843 pono
455 1783 574 1823 cam
604 1783 638 1821 a
663 1781 753 1821 me
786 1766 924 1838 ipso,
956 1769 1008 1821 et
1036 1781 1259 1820 rursum
1289 1766 1568 1835 accipiam
1604 1782 1727 1822 eain
1751 1768 1930 1835 (Joan.

2035 572 2221 628 multa
2250 590 2494 646 corpora
2524 579 2861 631 sanctorum
2895 583 3353 642 resurrexerunt,
3386 583 3452 634 ut
3481 578 3679 635 Domi-

2036 678 2178 717 num
2215 664 2591 720 ostenderent
2621 664 3137 737 resurgentem.Et
3164 668 3358 721 tamen
3390 684 3520 722 cum
3556 684 3678 723 mo-

2035 756 2321 807 numenta
2368 756 2567 824 aperta
2625 751 2764 820 sint,
2818 769 2934 825 non
2986 757 3157 808 antea
3213 760 3677 826 resurrexerunt,

2036 857 2214 912 quam
2248 840 2529 897 Dominus
2556 846 2905 914 resurgeret,
2944 847 3009 896 ut
3036 847 3191 898 esset
3249 843 3677 916 primogenitus

2037 930 2477 986 resurrectionis
2501 946 2569 986 ex
2599 932 2845 986 mortuis
2879 932 3097 1003 (Coloss.
3143 950 3183 1002 ι,
3234 933 3348 1003 18).
3407 933 3683 989 Sanctam

2037 1024 2232 1075 autem
2264 1019 2555 1075 civitatem
2588 1020 2648 1074 in
2670 1036 2787 1091 qua
2815 1020 2924 1074 visi
2957 1025 3099 1076 sunt
3155 1026 3546 1094 resurgentes,
3584 1026 3686 1078 aut

2036 1108 2459 1180 Jerosolymam
2492 1108 2785 1165 cmlestcm
2818 1108 3236 1183 intelligamus,
3258 1115 3359 1166 aut
3387 1110 3536 1167 hanc
3565 1115 3687 1167 ter-

2038 1214 2261 1268 renam,
2296 1214 2422 1269 qua:
2455 1202 2587 1253 ante
2614 1202 2816 1254 sancta
2836 1197 3045 1255 fuerat.
3077 1199 3241 1254 Sicut
3271 1204 3327 1255 et
3381 1200 3688 1257 Matthmus

2039 1285 2367 1358 appellatur
2396 1286 2745 1356 publicanus
2802 1288 3010 1358 (Matth.
3036 1306 3092 1359 x,
3119 1288 3196 1359 3),
3245 1306 3360 1345 non
3420 1290 3575 1361 quod
3633 1294 3691 1346 et

2042 1374 2355 1447 Apostolus
2382 1375 2574 1431 adhuc
2604 1383 2944 1448 permaneat
2966 1376 3334 1449 publicanus,
3356 1379 3471 1433 'sed
3532 1379 3689 1451 quod

2042 1465 2358 1536 pristinum
2376 1465 2726 1521 vocabulum
2758 1470 2968 1522 teneat.
3015 1467 3229 1522 Sancta
3283 1466 3692 1539 appellabatur

2042 1554 2243 1609 civitas
2274 1553 2601 1611 Jerusalem
2637 1559 2876 1627 propter
2907 1554 3193 1627 templum
3225 1560 3281 1612 et
3312 1555 3519 1613 sancta
3556 1572 3691 1613 san-

2042 1648 2269 1700 ctorum
2303 1644 2432 1715 (lsa.
2468 1661 2563 1711 LII,
2602 1644 2675 1715 1),
2709 1649 2769 1699 et
2816 1646 2888 1700 ob
2954 1643 3386 1701 distinctionem
3441 1644 3692 1700 aliarum

2046 1733 2305 1801 urbium,
2338 1733 2397 1788 in
2431 1733 2649 1804 quibus
2675 1733 2830 1789 idola
2848 1732 3209 1789 colebantur.
3262 1734 3504 1799 Quando
3560 1750 3693 1790 vero

1968 1858 2015 1923 B
2048 1820 2283 1892 dicitur,
2309 1826 2691 1892 apparuerunt
2717 1822 2927 1891 multis,
2956 1820 3300 1877 ostenditur
3358 1838 3474 1878 non
3522 1836 3695 1895 gene-

2050 1910 2190 1967 ralis
2224 1911 2404 1966 fuisse
2450 1911 2821 1981 resurrectio,
2869 1926 2995 1982 qua:
3034 1910 3310 1965 omnibus
3370 1921 3697 1982 appareret,

2051 2001 2151 2057 sed
2185 1999 2455 2072 specialis
2490 2001 2561 2054 ad
2590 1999 2900 2072 plurimos,
2934 2004 2998 2054 ut
3029 1998 3089 2053 hi
3120 1997 3272 2054 288
3294 1998 3557 2054 viderent
3595 1999 3697 2070 qui

2052 2106 2286 2146 cernere
2319 2090 2713 2145 merebantur.

2124 2180 2310 2251 (Vers.
2339 2180 2457 2251 5-4.)
2492 2202 2518 2230 ‹‹
2547 2178 2824 2234 Centurio
2855 2181 3049 2233 autem
3076 2182 3134 2232 et
3161 2177 3262 2249 qui
3295 2193 3427 2234 cum
3451 2194 3517 2233 eo
3534 2180 3702 2234 erant

2053 2268 2448 2324 custodientes
2479 2268 2703 2336 Jesum,
2736 2268 2860 2323 viso
2882 2271 3216 2323 terremotu
3247 2271 3304 2323 et
3332 2266 3425 2323 his
3455 2284 3582 2338 quas
3603 2268 3699 2333 fie-

2053 2357 2558 2425 bant,timuerunt
2589 2356 3214 2427 valde,dicentes:Vere
3247 2355 3428 2412 Filius
3451 2356 3548 2412 Dei
3578 2358 3704 2411 erat

2055 2447 2186 2503 iste.
2222 2448 2333 2501 nIn
2371 2446 2487 2503 alio
2519 2446 2830 2520 Evangelia
2881 2451 3014 2518 post
3061 2450 3463 2501 terraemorum
3522 2445 3702 2500 mani—

2055 2528 2259 2593 festior
2289 2553 2469 2592 causa
2498 2535 2765 2592 miraculi
2787 2534 3148 2592 centurionis
3166 2533 3477 2607 exponitur
3508 2550 3521 2590 :
3545 2534 3703 2607 quod

2057 2643 2191 2682 cum
2221 2625 2467 2683 vidisset
2500 2642 2635 2681 eum
2666 2625 2943 2697 spiritum
2969 2622 3536 2690 dimisisse,dixerit:
3578 2625 3703 2679 Vere

2055 2716 2236 2771 Filius
2258 2716 2359 2771 Dei
2384 2723 2505 2770 erat
2530 2717 2649 2770 iste.
2684 2712 2891 2769 Nullus
2913 2714 3069 2769 enim
3128 2712 3303 2768 habet
3356 2715 3705 2784 potestatem

2057 2802 2393 2860 dimittendi
2424 2803 2697 2873 spiritum
2728 2802 2843 2859 nisi
2870 2800 2971 2857 ille
2992 2801 3092 2873 qui
3126 2801 3457 2855 animarum
3503 2799 3707 2855 condi-

2058 2896 2150 2947 tor
2179 2896 2287 2947 est.
2321 2891 2604 2963 Spiritum
2626 2895 2822 2946 autem
2855 2890 2914 2944 in
2948 2890 3055 2945 hoc
3079 2888 3201 2943 loco
3228 2905 3329 2960 pro
3365 2887 3560 2944 anima
3617 2887 3707 2942 in-

274 1875 329 1912 x.
368 1857 480 1929 18).
524 1928 537 1933 _

340 1962 534 2036 (Vers.
565 1962 682 2033 5t.)
714 1984 741 2010 «
774 1960 841 2015 Et
877 1975 1006 2015 ecce
1056 1957 1250 2015 velum
1304 1959 1507 2033 templi
1567 1960 1817 2017 scissum
1851 1966 1940 2018 est
2020 1992 2031 2001 ο

278 2054 345 2109 in
389 2052 539 2108 duas
569 2054 765 2124 partes
795 2067 829 2105 a
862 2065 1095 2105 summo
1127 2065 1315 2120 usque
1353 2050 1649 2106 deorsum.
1676 2074 1705 2099 »
1729 2050 1938 2107 Velum

286 2140 495 2214 templi
526 2139 778 2196 scissum
818 2144 926 2208 est,
952 2143 1006 2193 et
1029 2138 1229 2193 omnia
1254 2137 1402 2211 legis
1429 2145 1797 2196 sacramenta
1818 2157 1941 2211 quas

288 2231 461 2304 prius
517 2228 885 2301 tegebantur,
920 2227 1150 2299 prodita
1180 2231 1340 2295 sunt,
1376 2232 1553 2299 atque
1584 2229 1652 2284 ad
1677 2228 1942 2301 gentium

276 2317 569 2391 populum
627 2316 1009 2372 transierunt.
1069 2318 1133 2371 In
1195 2316 1504 2388 Evangelio
1563 2320 1733 2390 cujus
1786 2335 1940 2391 saape

282 2408 542 2463 facimus
599 2404 977 2471 mentionem,
1036 2403 1486 2478 superliminare
1544 2406 1747 2478 templi
1812 2407 1942 2462 infi-

283 2497 429 2553 nitae
462 2494 881 2568 magnitudinis
918 2494 1170 2550 fractum
1222 2495 1372 2551 287
1425 2511 1553 2550 esse
1601 2500 1776 2568 atque
1804 2496 1945 2552 divi-

289 2602 429 2642 sum
460 2584 713 2657 legimus
772 2584 880 2655 [ΑΙ.
938 2581 1096 2657 legi].
1154 2582 1444 2657 Josephus
1502 2601 1735 2657 quoque
1774 2586 1948 2643 refert

290 2673 543 2729 virtutes
616 2671 928 2746 angelicas,
1006 2672 1281 2743 praesides
1352 2673 1649 2745 quondam
1718 2673 1945 2747 templi,

286 2768 435 2820 tunc
486 2762 708 2835 pariter
745 2760 1182 2818 conclamasse:
1236 2763 1597 2819 Transeamus
1634 2781 1703 2819 ex
1747 2764 1833 2820 his
1860 2780 1943 2821 se-

294 2852 506 2909 dibus‘.

366 2959 549 3030 (Vers.
580 2958 700 3029 52.)
736 2979 763 3007 ‹‹
793 2957 863 3013 Et
891 2960 1048 3013 terra
1077 2960 1237 3013 mota
1283 2962 1396 3026 est,
1442 2961 1501 3013 et
1548 2962 1722 3030 petra;
1752 2959 1941 3016 scissae

2060 2957 2419 3052 telligamus,
2446 2996 2549 3035 seu
2579 2978 2734 3051 quod
2759 2977 3063 3050 spirituale
3087 2980 3145 3031 et
3166 2957 3344 3031 vitale
3372 2992 3587 3048 corpus
3628 2976 3706 3030 fa.

298 3052 463 3116 sunt:
493 3051 554 3140 9t
579 3050 967 3140 φξδηυαξεῖξξίίξ
1018 3050 1219 3140 ager“
1245 3050 1488 3140 ,εαξη-,γ
1520 3046 1673 3103 Num
1703 3048 1950 3140 dubium
2061 3046 2334 3139 ciat,vseu
2357 3068 2512 3140 quod
2536 3046 2946 3137 animaeipsius
2977 3064 3306 3120 substantia
3337 3046 3583 3137 spiritus
3608 3065 3705 3133 sit,

288 3142 387 3192 est
407 3135 552 3209 quin
577 3136 686 3204 [AL
720 3134 888 3207 quid]
912 3134 1205 3207 signiticet
1232 3135 1402 3207 juxta
1430 3135 1683 3191 litteram
1724 3138 1941 3207 magni-

2060 3134 2226 3228 juxta
2254 3134 2399 3211 illud
2442 3156 2597 3228 quod
2613 3134 2898 3227 scriptum
2922 3156 3010 3209 est
3042 3170 3055 3207 :
3090 3155 3317 3225 Auferes
3344 3134 3606 3225 spiritum
3626 3169 3711 3209 eo-

296 3226 439 3316 m‘lo
469 3226 806 3297 είεςαοτιιω»
839 3228 905 3280 Ut
948 3223 1292 3316 “@me
1340 3224 1655 3280 Dominum
1688 3242 1864 3316 sum“
1895 3230 1952 3316 βτί
1980 3228 2024 3295 C
2056 3223 2205 3312 rum,
2237 3247 2287 3301 et
2310 3223 2564 3316 deﬁcient
2595 3244 2707 3315 (Ps.
2734 3223 2859 3310 cui,
2891 3243 3003 3313 29).
3058 3245 3126 3297 Et
3168 3223 3279 3297 hoc
3334 3223 3711 3298 consideran-

295 3314 508 3406 “ﬁlum
542 3318 602 3406 εἷ’
631 3317 786 3368 terra
814 3318 871 3369 et
902 3311 1101 3406 omnia
1144 3314 1635 3406 df’_m003t’a’ent-
1666 3314 1773 3369 sed
1808 3315 1955 3370 mihi
2064 3311 2227 3405 dum,
2261 3311 2418 3406 quod
2450 3311 2711 3389 centurio
2744 3335 2878 3387 ante
2908 3311 3140 3387 crucem
3165 3329 3224 3385 in
3261 3331 3388 3403 ipso
3436 3330 3712 3387 seandalo

293 3403 532 3458 videtur
579 3405 949 3458 terraamotus
1006 3405 1063 3457 et
1121 3400 1348 3474 reliqua
1397 3407 1603 3475 typum
1662 3404 1809 3459 ferre
1838 3419 1957 3460 cre-

300 3492 592 3560 dentium,
638 3490 793 3563 quod
838 3489 1105 3564 pristinis
1135 3506 1399 3547 errorum
1450 3490 1607 3547 vitiis
1636 3492 1955 3562 derelictis,

299 3584 359 3636 et
382 3580 581 3636 cordis
608 3577 870 3635 emollita
898 3579 1135 3649 duritia,
1172 3578 1273 3651 qui
1317 3579 1481 3651 prius
1533 3580 1759 3638 similes
1791 3585 1957 3637 erant

299 3668 554 3725 tumulis
584 3672 973 3736 mortuorum,
1006 3671 1211 3741 postea
1241 3668 1582 3742 agnoverint
1599 3670 1951 3726 Creatorem.

2064 3422 2357 3496 passionis
2390 3439 2521 3477 vere
2552 3421 2655 3477 Dei
2675 3419 2889 3476 Filium
2920 3421 3298 3476 confiteatur:
3333 3424 3390 3476 et
3418 3419 3599 3475 Arius
3649 3418 3712 3475 in

2064 3512 2322 3568 Ecclesia
2350 3510 2622 3583 praedicet
2643 3514 2991 3565 creaturam.

2135 3600 2322 3673 (Vers.
2354 3601 2443 3667 55,
2468 3600 2615 3671 56.)«
2649 3600 2831 3654 Erant
2862 3604 3059 3654 autem
3092 3598 3172 3653 ibi
3206 3596 3486 3654 mulieres
3516 3596 3714 3653 multas

371 3775 560 3846 (Vers.
589 3774 711 3845 53.)
769 3796 798 3824 «
830 3774 900 3829 Et
945 3772 1134 3829 multa
1183 3790 1428 3847 corpora
1479 3778 1816 3831 sanctorum
1849 3776 1951 3848 qui

296 3863 685 3929 dormierant,
744 3867 1141 3918 surrexerunt.
1204 3863 1271 3918 Et
1326 3867 1600 3919 exeuntes
1644 3864 1715 3919 de
1746 3880 1953 3921 monu-

300 3952 526 4008 mentis
553 3954 682 4023 post
710 3951 1199 4007 resurrectionem
1224 3952 1274 4022 ej
1286 3968 1377 4022 us,
1405 3955 1689 4007 venerunt
1726 3953 1785 4008 in
1817 3971 1952 4010 san-

297 4045 459 4096 ctam
491 4038 780 4095 civitatem
811 4044 868 4095 et
894 4043 1294 4112 apparuerunt
1322 4039 1545 4096 multis.
1590 4061 1618 4090 ‹‹
1653 4043 1952 4107 Quomodo

376 4168 392 4202 ί
428 4164 790 4240 Impgsuisse
817 4164 1064 4240 videtur_
1104 4164 1452 4240 Hieronymo
1513 4166 1817 4240 Eusebius,
1852 4167 1951 4240 qui

298 4235 412 4293 hoc
441 4234 769 4295 ex'Joseph
824 4234 1179 4291 miraculum
1233 4235 1294 4291 in
1321 4234 1635 4293 'Chronico
1666 4234 1954 4295 memorat

298 4308 371 4363 ad
406 4323 633 4379 annum
663 4304 878 4379 Christi
907 4307 997 4379 33,
1031 4307 1111 4379 ad,
1137 4323 1311 4379 quem
1342 4308 1468 4377 eius
1498 4312 1555 4364 et
1584 4315 1829 4365 mortem
1862 4326 1952 4365 re-

298 4381 407 4435 fert
434 4395 449 4433 :
487 4400 516 4428 u
545 4377 841 4450 Josephus
870 4378 1068 4450 etiam,
1101 4377 1313 4449 inquit,
1344 4379 1695 4435 vernaculus
1722 4380 1953 4436 Judaeo-

299 4465 437 4505 rum
468 4447 712 4519 scriptor
744 4447 906 4521 circa
953 4448 1074 4504 haec
1126 4447 1390 4521 tempera
1412 4450 1531 4521 idie
1561 4454 1951 4521 Pentecostes,

298 4521 635 4595 sacerdotes
666 4519 935 4595 primum
956 4519 1381 4577 commotiones
1409 4520 1671 4595 lgcorum
1702 4527 1759 4578 et
1780 4519 1953 4595 quos;

298 4592 435 4649 dam
463 4590 739 4666 __sonitus_
783 4590 1039 4666 sensisse
1097 4595 1366 4666 testatur.
1426 4592 1655 4666 Deinde
1681 4610 1750 4648 ex
1780 4590 1951 4666 adyto
1985 4597 2033 4662 D

296 4662 503 4735 templi
520 4662 885 4735 repentinam
900 4662 1586 4735 subitoerupissevocem
1601 4662 1921 4721 dicentium
1940 4683 1952 4722 :

302 4733 778 4816 Traiismigremus
807 4750 880 4789 ex
907 4733 994 4816 Itis
1021 4733 1258 4816 sedibus.
1291 4755 1318 4784 ››
1347 4734 1566 4816 Exinde
1597 4737 1950 4816 noster,_qui

295 4804 634 4931 properanti
661 4804 888 4887 calamo
929 4804 1107 4860 hosce
1153 4805 1615 4886 Commentarios
1648 4804 1950 4877 fundebat,

334 4892 449 4932 cna
469 4876 585 4933 ﬁde
608 4876 843 4942 hausxt;
887 4892 994 4931 nec
1031 4875 1270 4947 Josephi
1293 4881 1517 4931 textum
1558 4877 1791 4932 videtur
1811 4895 1948 4933 con-

290 4947 585 5003 suluisse:
612 4947 1114 5020 quemadmodum
1138 4963 1329 5020 neque
1350 4963 1483 5003 cum
1502 4947 1779 5020 epistolas
1802 4950 1866 5002 18
1883 4949 1952 5004 ad

300 5016 705 5091 Damasum'et
728 5019 833 5091 420
851 5016 922 5091 ad
951 5016 1431 5091 Edibiqm,daret
1463 5016 1667 5090 quiest.
1700 5021 1734 5073 8
1774 5024 1952 5091 atque

298 5090 458 5145 alibi.
482 5090 593 5145 Sed
620 5105 755 5147 cum
778 5090 834 5143 in
860 5088 1073 5144 Isaiam
1121 5088 1446 5145 Comment.
1480 5088 1795 5159 scriberet,
1830 5088 1949 5147 me-

301 5159 430 5232 liori
462 5177 611 5216 usus
630 5159 879 5216 consilio
903 5159 974 5215 ad
1006 5158 1319 5231 ipsiusmet
1345 5160 1583 5232 Josephi
1608 5158 1948 5218 historicam

298 5231 638 5305 tidem,,n_on
656 5248 773 5305 quo
796 5246 950 5305 anno
973 5234 1242 5305 mortuus
1263 5234 1352 5305 est
1384 5231 1670 5305 Christus,
1694 5234 1796 5289 sed
1820 5237 1952 5305 post

291 5302 410 5376 fere
436 5301 689 5376 triginta
710 5303 862 5376 duos
883 5301 965 5376 ab
998 5301 1126 5373 ejus
1160 5302 1457 5376 passione,
1488 5302 1594 5358 hoc
1618 5301 1948 5376 monstrum

296 5373 453 5446 inter
472 5371 563 5443 ei,
588 5390 717 5446 qua
737 5371 1253 5445 excidium‘tem—pli
1278 5373 1622 5446 clademque
1638 5374 1799 5431 urbis
1823 5376 1949 5431 Hie-

290 5444 724 5518 rosolymitana
778 5444 1646 5518 antecesserunt,“rectissime
1702 5452 1947 5504 censet:

290 5516 392 5583 Eo,
424 5514 641 5589 inquit,
672 5520 938 5589 tempore
968 5514 1197 5585 (excidii
1237 5514 1768 5589 Hierosolymitani)
1800 5522 1857 5573 et
1887 5518 1947 5573 in

291 5589 458 5655 urbe,
491 5586 549 5644 et
578 5586 1069 5660 intemploLtam
1103 5586 1473 5660 sacerdotum
1505 5586 1564 5642 et
1594 5586 1947 5657 Levitarum,

292 5674 475 5731 quam
506 5657 667 5731 vulgi
697 5656 998 5758 ignobilis,
1052 5656 1503 5744 mulierumque,
1531 5675 1597 5714 ac
1629 5656 1945 5741 puerorum

294 5728 562 5789 ulalutus
592 5729 832 5789 auditus
860 5730 987 5787 est.
1021 5728 1257 5800 quando
1283 5730 1536 5790 reddidit
1562 5730 1847 5790 Dominus
1864 5747 1948 5790 re-

2064 3690 2287 3762 alonge
2304 3706 2430 3761 qua:
2462 3694 2674 3744 secutas
2708 3688 2939 3743 fuerant
2960 3688 3161 3743 Jesum
3194 3703 3228 3743 a
3257 3685 3513 3754 Galilaea,
3545 3686 3715 3742 mini-

2063 3783 2319 3835 strantes
2342 3777 2394 3833 ei
2430 3795 2443 3843 ;
2479 3777 2631 3832 inter
2660 3793 2808 3848 quas
2839 3782 2961 3832 erat
3005 3777 3186 3832 Maria
3234 3774 3597 3848 Magdalene,
3657 3780 3713 3831 et

2063 3867 2246 3923 Maria
2273 3865 2497 3931 Jacobi,
2528 3871 2585 3920 et
2615 3865 2834 3937 Joseph
2860 3870 3067 3931 mater,
3099 3875 3154 3921 et
3211 3869 3399 3921 mater
3454 3864 3711 3920 filiorum

2063 3955 2343 4011 Zebedaii.
2378 3978 2400 4007 ι
2441 3952 2902 4010 Consuetudinis
2930 3953 3186 4009 Judaicai
3219 3954 3347 4023 fuit,
3371 3969 3475 4007 nec
3532 3953 3709 4007 duce-

2063 4045 2236 4100 batur
2267 4042 2327 4098 in
2354 4042 2585 4115 culpam
2622 4058 2782 4097 more
2807 4042 2998 4113 gentis
3030 4041 3295 4112 antiquo,
3321 4045 3383 4096 ut
3433 4038 3707 4096 mulieres

2060 4167 2442 4223 tributionem
2475 4165 2729 4221 inimicis
2751 4165 3155 4235 suis,implens
3193 4163 3707 4219 comminationem

2062 4254 2181 4310 qua
2210 4238 2470 4310 dixerat:
2509 4238 2870 4310 Retinquetur
2896 4236 3046 4290 vobis
3067 4236 3476 4310 domusgvestra
3520 4236 3707 4291 deser-

2063 4307 2205 4376 {luet
2234 4309 2395 4364 illam
2448 4307 2817 4379 prophetiam
2833 4324 2863 4379 _:
2916 4308 3200 4378 Βενθιίᾳαὶ
3255 4308 3477 4364 domum
3532 4323 3713 4362 meam

2064 4381 2299 4451 quando
2333 4377 2608 4452 praesides
2643 4377 2846 4452 templi
2877 4377 3134 4452 consona
3162 4379 3523 4452 angelivoce
3548 4379 3709 4452 dixe-

2063 4449 2203 4533 runt.
2234 4449 2649 4533 :'Tr‘a1_zseamu§
2672 4465 2743 4533 ex
2768 4449 2854 4533 Itis
2882 4449 3119 4533 sedibus,
3143 4451 3226 4533 de
3248 4449 3494 4533 ;quibus
3538 4450 3710 4533 Jose-

2104 4521 2220 4577 hus
2245 4521 2499 4578 Judaicee
2524 4520 2773 4591 scriptor
2788 4520 3070 4587 historiae,
3103 4526 3214 4578 etc.
3250 4520 3344 4577 Sic
3382 4537 3579 4576 revera
3609 4523 3711 4574 ha-

2106 4538 2220 4577 nus
2245 4538 2499 4578 suasisse
2524 4538 2773 4591 scriptor
2790 4538 3070 4587 maiorue,
3103 4538 3214 4578 etc.
3250 4538 3344 4577 Sic
3382 4538 3579 4576 revera
3609 4538 3708 4574 na-

2064 4538 2164 4649 Eet
2193 4592 2431 4664 Josephi
2453 4591 3073 4664 t_estimoniumlib.v1,
3112 4610 3238 4664 cap.
3270 4594 3324 4660 2,
3384 4592 3483 4646 ubi
3509 4591 3708 4664 Asigna,

2064 4681 2191 4735 quas
2223 4661 2759 4736 Hierosolymorum
2787 4661 3245 4736 destructionem
3286 4661 3711 4736 portendebant

2104 4728 2607 4806 raecesseruntque
2664 4734 2944 4806 proxime,
3005 4735 3211 4806 recitat
3246 4728 3454 4806 ε’Κατᾴ
3501 4728 3585 4806 δξε
3606 4733 3704 4801 τήν

2094 4808 2260 4891 ορτῄν
2410 4801 2759 4891 Ιιεγέεκρσέξῂ.
2794 4801 3061 4891 χαλκεῖτςαι,
3121 4802 3330 4889 χύκτωρ
3390 4803 3457 4891 ,οἱ
3543 4804 3706 4891 ἱεελεῖς

2061 4872 2622 4951 pergameis-readers
2681 4872 2829 4951 ἴένρογ
2893 4874 3073 4951 ἱερὸν)
3114 4872 3311 4951 ὣσπερς
3349 4872 3559 4951 αὐτοῖςΔ
3588 4872 3705 4935 ἔθος

2060 4943 2147 5021 ἦν’
2180 4947 2322 5021 ςπρρς
2360 4943 2898 5021 ντάςηλειτουρλίᾳς,
2942 4943 3178 5021 ’πρῶτον
3409 4948 3706 5021 Δκινήσεως

2060 5012 2680 5095 ἇνεςιλὰϐἑσθαι-ἔφᾳσαν
2721 5012 2819 5069 ’καί
2878 5012 3112 5095 Ξτρτὲου,
3190 5012 3322 5095 μεὲά
3377 5012 3461 5095 Αόὲ
3538 5012 3706 5073 r1511

2059 5089 2148 5143 mi
2195 5097 2385 5166 φωνῆς
2436 5081 2654 5166 ἀθρᾴαςλ
2724 5081 3479 5166 Μεταξαίνωμὲνῌ’ξντεῦθεν.
3552 5095 3707 5166 [festo

2058 5160 2245 5217 autem
2301 5162 2408 5231 die,
2455 5160 2552 5231 qui
2620 5161 2933 5231 Pentecoste
2974 5160 3337 5231 appellatur,
3406 5163 3711 5217 sacerdotes

2057 5236 2226 5288 noctu
2257 5230 2521 5303 templum
2552 5232 2791 5303 ingressi
2819 5230 2892 5285 ad
2930 5230 3175 5286 obeunda
3211 5248 3281 5287 ex
3329 5248 3478 5288 more
3534 5234 3709 5288 mini-

2056 5305 2244 5376 steria,
2295 5301 2541 5376 primum
2594 5301 2817 5373 quidem
2892 5306 3121 5376 motum,
3192 5320 3255 5359 ac
3308 5304 3600 5376 strepitum
3653 5320 3709 5361 se

2056 5373 2344 5431 exaudisse
2363 5374 2653 5446 dixerunt,
2700 5380 2819 5446 tum
2881 5373 3085 5446 deinde
3137 5389 3317 5446 vocem
3368 5373 3531 5446 quasi
3581 5390 3709 5446 con-

2083 5449 2221 5505 tra?
2251 5444 2627 5501 multitudinis
2654 5444 2822 5516 simul
2843 5444 3153 5516 clamantis,
3202 5444 3524 5516 Migremus
3571 5445 3710 5502 hinc

2106 5516 2405 5574 erosimile
2425 5519 2515 5571 est
2545 5516 2686 5571 adeo
2717 5515 3033 5571 Eusebium
3065 5516 3124 5571 in
3160 5515 3387 5574 vitiafos
3432 5534 3497 5573 ac
3554 5516 3709 5573 male

2058 5591 2338 5661 confusos
2360 5586 2600 5661 Josephi
2625 5587 2853 5643 codices
2893 5586 3171 5643 incidisse
3208 5605 3221 5642 :
3281 5589 3432 5661 quod
3482 5587 3708 5661 pridem

2056 5661 2246 5718 doctis
2280 5658 2421 5716 viris
2450 5658 2715 5718 notatum
2746 5663 2853 5715 est.
