4058 6190
291 352 407 413 223

1528 345 1594 407 S.
1641 342 1954 407 EUSEBII
1999 336 2448 402 HIERONYMI

3581 322 3701 391 εει

294 489 365 546 de
398 486 726 546 substantia
748 503 856 543 sua
872 484 1092 543 victum
1115 489 1288 558 atque
1326 484 1600 542 vestitum
1626 481 1938 552 prmcepto-
1972 476 2028 541 Α
2056 474 2184 532 lene
2212 478 2271 531 et
2299 473 2479 532 altera
2524 470 2720 539 Maria,
2774 468 3042 527 sedentes
3085 466 3291 521 contra
3336 452 3696 532 sepulcrum'

297 578 460 634 ribus
485 577 908 633 ministrarent.
936 577 1053 632 Hoc
1078 576 1216 646 quia
1242 575 1581 632 scandalum
1621 574 1804 629 facere
1837 588 1936 644 po-

295 671 444 723 terat
473 666 529 720 in
565 666 923 730 nationibus,
954 664 1171 721 Paulus
1220 665 1500 737 abjecisse
1535 679 1598 719 se
1630 667 1934 717 memorat.

294 757 443 812 Dicit
471 756 627 811 enim
662 756 822 828 ipse:
866 755 1129 827 Nunquid
1177 771 1284 810 non
1336 755 1597 810 habemus
1622 755 1938 824 potestatem

296 862 509 903 sorores
537 846 793 901 mulieres
830 844 1291 910 circumducendi,
1341 846 1484 899 sicut
1512 846 1564 899 et
1591 842 1782 899 caeteri
1809 842 1941 911 Apo-

294 935 424 991 δεοιί
450 935 672 1005 faciunt
715 936 758 1005 (ι
817 935 936 991 Cor.
995 951 1069 999 1x,
1127 934 1232 1004 5)?
1288 933 1691 988 Ministrabant
1745 933 1937 985 autem

296 1023 543 1080 Domino
566 1024 637 1078 de
660 1024 988 1079 substantia
1017 1039 1143 1089 sua,
1168 1027 1233 1078 ut
1253 1026 1495 1077 meteret
1517 1037 1717 1076 earum
1741 1035 1941 1075 carna-

296 1112 398 1179 lia,
430 1112 601 1183 cujus
633 1111 745 1167 illze
798 1113 1091 1168 metebant
1137 1110 1464 1183 spiritualia
1511 1109 1668 1182 (Ibid.
1704 1110 1786 1181 ιι).
1815 1108 1939 1162 Non

304 1202 459 1273 quod
488 1200 774 1272 indigeret
805 1200 949 1256 cibis
984 1200 1263 1256 Dominus
1297 1204 1721 1263 creaturarum,
1754 1197 1852 1252 sed
1878 1202 1942 1250 ut

302 1296 507 1363 typum
541 1291 872 1346 ostenderet
903 1290 1340 1363 magistrorum,
1392 1289 1545 1360 quod
1578 1288 1732 1342 victu
1766 1291 1942 1356 atque

299 1380 512 1435 vestitu
557 1396 625 1435 ex
664 1379 974 1450 discipulis
1022 1380 1298 1435 deberent
1344 1395 1471 1434 esse
1520 1376 1798 1433 contenti.
1830 1374 1942 1430 Sed

296 1466 599 1521 videamus
631 1466 835 1537 quales
857 1464 1100 1523 comites
1120 1465 1393 1520 habuerit
1418 1482 1430 1519 :
1454 1464 1695 1520 Mariam
1718 1460 1945 1533 Magda-

297 1555 514 1624 lenam,
545 1572 578 1609 a
606 1572 724 1627 qua
764 1557 915 1612 239
968 1560 1191 1626 septem
1250 1552 1534 1609 daemonia
1590 1553 1858 1622 ejecerat,
1890 1552 1946 1602 et

297 1643 540 1701 Mariam
569 1645 795 1709 Jacobi,
848 1648 904 1699 et
957 1643 1175 1714 Joseph
1240 1647 1511 1708 matrem,
1570 1644 1944 1695 materteram

299 1749 467 1790 suam
517 1749 783 1788 sororem
843 1732 1031 1788 Maria:
1064 1733 1268 1788 matris
1301 1730 1549 1795 Domini,
1583 1734 1639 1784 et
1698 1731 1945 1783 matrem

294 1821 555 1881 ﬁliorum
586 1822 863 1887 Zebedei,
896 1839 1023 1893 quae
1065 1821 1238 1894 paulo
1287 1825 1419 1876 ante
1471 1835 1715 1890 regnum
1748 1815 1947 1871 liberis

303 1910 715 1982 postulaverat,
749 1915 808 1967 et
854 1911 999 1967 alias
1046 1928 1193 1982 quas
1244 1909 1302 1965 in
1351 1909 1573 1965 caeteris
1623 1904 1947 1978 Evangeliis

300 2000 555 2073 legimus
583 2002 736 2072 (Luc.
770 2004 914 2068 VIII).

379 2116 567 2186 (Vers.
600 2117 690 2185 57,
720 2117 835 2187 58.)
869 2138 895 2165 ‹‹
934 2116 1077 2171 Cum
1120 2120 1315 2171 autem
1360 2130 1487 2170 sero
1520 2111 1741 2169 factum
1772 2115 1945 2175 esset,

303 2203 463 2259 venit
494 2204 734 2275 quidam
778 2204 953 2260 homo
1004 2206 1163 2260 dives
1213 2206 1285 2259 ab
1335 2202 1679 2269 Arimathia,
1714 2200 1950 2255 nomine

306 2291 546 2364 Joseph,
584 2292 682 2364 qui
719 2296 775 2347 et
803 2292 928 2363 ipse
959 2292 1283 2365 discipulus
1314 2295 1437 2348 erat
1463 2292 1624 2347 Jesu.
1662 2291 1823 2346 Tunc
1852 2288 1950 2343 Pi-

309 2380 468 2437 latus
493 2380 677 2452 jussit
701 2381 864 2437 reddi
896 2398 1126 2453 corpus.
1162 2404 1188 2432 »
1242 2382 1409 2436 Dives
1457 2381 1705 2435 refertur
1732 2395 1847 2432 non
1881 2378 1951 2431 de

300 2469 588 2540 jactantia
618 2470 938 2541 scriptoris,
973 2487 1088 2542 quo
1110 2469 1298 2525 virum
1322 2468 1573 2524 nobilem
1598 2474 1771 2538 atque
1792 2463 1952 2520 ditis-

309 2558 526 2613 simum
584 2559 794 2613 referat
848 2559 988 2614 Jesu
1047 2559 1227 2614 fuisse
1278 2556 1678 2629 discipulum;
1737 2554 1835 2609 sed
1888 2555 1952 2606 ut

308 2645 581 2701 ostendat
610 2661 848 2702 causam
882 2663 1063 2719 quare
1111 2664 1145 2701 a
1201 2644 1383 2701 Pilato
1439 2661 1651 2717 corpus
1678 2643 1816 2698 Jesu
1850 2655 1949 2712 po-

310 2733 487 2790 tuerit
515 2734 847 2807 impetrare.
883 2735 1161 2808 Pauperis
1191 2734 1347 2791 enim
1379 2739 1434 2791 et
1474 2734 1653 2805 ignoti
1684 2749 1800 2789 non
1831 2732 1954 2785 erat

311 2823 385 2878 ad
406 2822 655 2878 Pilatum
680 2822 983 2896 praesidem
1029 2825 1301 2880 Romana
1332 2822 1640 2897 potestatis
1660 2819 1950 2887 accedere,

296 2914 368 2967 et
397 2912 655 2967 cruciﬁxi
686 2929 895 2984 corpus
930 2913 1262 2987 impetrare.
1313 2913 1377 2969 In
1427 2912 1540 2968 alio
1589 2907 1955 2987 Evangelista

314 3002 465 3071 (Luc.
498 3019 660 3069 xxm,
691 3003 782 3072 50)
812 2984 1035 3076 Joseph
1070 3003 1183 3059 iste
1216 2998 1518 3077 βουλευτὴς
1550 2999 1879 3073 appellatus
1910 2984 1951 3065 κ

315 3088 374 3144 id
432 3094 522 3145 est
576 3093 955 3160 consiliarius,
1013 3095 1071 3147 et
1121 3093 1191 3148 de
1264 3092 1393 3165 ipso
1451 3092 1692 3163 quidam
1747 3091 1957 3161 putant

315 3176 572 3249 primum
607 3179 900 3250 psalmum
923 3198 1051 3237 esse
1073 3183 1465 3254 compositum
1492 3199 1505 3236 :
1532 3183 1731 3235 Beatus
1752 3179 1838 3234 vir
1861 3178 1958 3249 qui

314 3281 426 3321 non
461 3266 599 3322 abiit
626 3270 688 3323 in
711 3270 940 3343 consilio
969 3271 1286 3340 impiorum,
1318 3274 1375 3325 et
1404 3269 1646 3341 reliqua.

387 3382 570 3452 (Vers.
602 3384 718 3456 59.)
751 3407 779 3433 «
812 3385 880 3439 Et
908 3389 1143 3457 accepto
1173 3400 1432 3455 corpore,
1477 3383 1693 3454 Joseph
1724 3359 1958 3438 ﬁ“invol-

314 3470 396 3527 vit
425 3471 568 3527 illud
600 3471 659 3526 in
704 3473 947 3528 sindone
998 3473 1238 3527 munda.
1277 3494 1305 3522 ››
1356 3472 1435 3527 Ex
1483 3471 1735 3544 simplici
1766 3470 1960 3542 sepul-

316 3563 451 3614 tura
471 3560 726 3632 Domini,
750 3561 992 3617 ambitio
1023 3561 1269 3618 divitum
1300 3561 1749 3626 condemnatur,
1767 3560 1862 3630 qui
1890 3574 1962 3613 ne

316 3647 384 3709 in,
408 3648 657 3704 tumulis
686 3649 923 3720 quidem
968 3655 1218 3722 possunt
1247 3666 1443 3706 carere
1472 3648 1713 3704 divitiis.
1746 3647 1959 3703 Possu—

319 3751 453 3791 mus
484 3739 676 3791 autem
701 3737 1349 3811 juxtaintelligentiam
1381 3736 1747 3811 spiritualem
1777 3740 1834 3792 et
1854 3735 1962 3791 hoc

321 3823 556 3891 sentire,
580 3826 733 3896 quod
762 3842 973 3899 corpus
1011 3826 1241 3883 Domini
1283 3843 1399 3882 non
1437 3843 1603 3891 auro,
1626 3825 1875 3897 gemmis
1906 3828 1964 3879 et

320 3912 527 3984 serico,
552 3914 654 3970 sed
674 3913 1016 3971 linteamine
1041 3932 1186 3987 puro
1207 3915 1629 3971 obvolvendum
1655 3915 1752 3979 sit,
1770 3928 1961 3985 quan-

322 4017 498 4074 quam
520 4009 578 4058 et
596 4003 705 4058 hoc
733 4003 1041 4077 significet,
1083 4004 1237 4076 quod
1274 4003 1370 4058 ille
1391 4004 1450 4057 in
1473 4003 1723 4058 sindona
1744 4001 1965 4057 munda

321 4090 561 4147 involvit
586 4091 810 4159 Jesum,
841 4094 942 4165 qui
974 4109 1121 4165 pura
1150 4097 1343 4148 mente
1381 4108 1515 4148 eum
1546 4089 1890 4162 susceperit.

396 4207 581 4278 (Vers.
609 4208 724 4280 60.)
758 4230 785 4257 ‹‹
813 4208 883 4263 Et
923 4208 1117 4280 pbsuit
1144 4207 1290 4263 illud
1340 4207 1400 4262 in
1448 4208 1829 4262 monumento
1860 4219 1966 4259 suo

325 4311 494 4362 novo,
529 4298 684 4365 quod
715 4297 1004 4353 exciderat
1048 4298 1110 4353 in
1164 4302 1345 4370 petra,
1400 4300 1459 4352 et
1514 4294 1731 4351 adolvit
1760 4308 1967 4349 saxum

328 4399 609 4455 magnum
642 4384 714 4439 ad
745 4385 961 4440 ostium
994 4385 1385 4451 monumenti,
1417 4388 1473 4439 et
1492 4383 1654 4439 abiit.
1686 4405 1707 4431 »
1736 4383 1796 4436 In
1823 4396 1968 4435 novo

225 4501 229 4505 -
328 4471 996 4545 penitur‘monumento,
1031 4491 1101 4528 ne
1123 4478 1253 4545 post
1273 4472 1780 4538 resurrectionem,
1802 4473 1969 4525 crete-

2047 566 2243 621 Altera
2274 569 2466 619 autem
2501 563 2593 618 die
2624 578 2750 633 quae
2781 563 2870 615 est
2908 559 3040 629 post
3089 567 3462 625 parasceven,
3494 566 3700 606 conve-

2048 659 2262 711 nerunt
2290 653 2583 727 principes
2616 650 2984 707 sacerdotum
3028 650 3085 700 et
3130 640 3406 698 Pharisaei
3438 641 3592 697 240
3625 640 3697 695 ad

2049 744 2322 811 Pilatum,
2355 745 2618 799 dicentes
2649 759 2660 796 :
2692 739 2957 807 Domine,
2993 731 3277 793 recordati
3308 746 3538 799 sumus,
3562 729 3701 801 quia

2050 834 2321 890 seductor
2364 832 2461 887 ille
2519 830 2667 886 dixit
2722 828 2913 883 adhuc
2969 825 3204 879 vivens:
3260 821 3400 875 Post
3426 824 3544 873 tres
3574 818 3700 874 dies

2050 940 2405 996 resurgam.»
2441 920 2675 976 Caeteris
2703 912 3171 986 relinquentibus
3203 907 3536 975 Dominum,
3570 923 3698 961 mu-

2049 995 2239 1069 lieres
2280 1013 2338 1067 in
2399 1010 2589 1066 officio
2648 1007 3040 1079 perseverant,
3101 1000 3505 1072 exspectantes
3543 995 3697 1067 quod

2051 1102 2401 1173 promiserat
2430 1100 2630 1164 Jesus,
2663 1102 2720 1151 et
2748 1095 2876 1150 ideo
2914 1092 3265 1147 meruerunt.
3287 1085 3490 1158 primae
3509 1084 3703 1139 videre

2053 1187 2626 1263 resurgentem,quia
2656 1187 2751 1256 qui
2775 1179 3204 1256 perseveraverit
3232 1190 3403 1247 usque
3430 1175 3491 1228 in
3508 1171 3702 1246 ﬁnem,

2053 1282 2142 1337 hic
2165 1280 2349 1335 salvus
2381 1279 2492 1334 erit
2508 1275 2715 1348 (Matth.
2749 1293 2802 1340 x,
2845 1272 2952 1335 2‘3;
2981 1286 3131 1333 xxxv,
3164 1266 3274 1337 13).

2125 1371 2311 1441 (Vers.
2345 1369 2411 1422 64
2447 1365 2636 1439 seqq.)
2661 1387 2688 1414 «
2714 1362 2863 1418 Jube
2882 1376 3019 1432 ergo
3058 1353 3337 1413 custodiri
3364 1350 3700 1424 sepulcrum

2053 1475 2243 1531 usque
2272 1459 2332 1513 in
2364 1456 2514 1512 diem
2547 1453 2809 1517 tertium,
2858 1467 2931 1505 ne
2980 1448 3126 1503 forte
3171 1444 3408 1500 veniant
3428 1438 3701 1512 discipuli

2054 1529 2204 1619 ejus,
2238 1551 2295 1602 et
2323 1547 2589 1599 furentur
2618 1559 2774 1608 eum,
2826 1544 2883 1594 et
2930 1538 3130 1593 dicant
3178 1532 3356 1607 plebi,
3381 1529 3643 1585 Surrexit
3669 1545 3704 1582 a

2054 1635 2325 1710 mortuis,
2386 1638 2442 1690 et
2498 1631 2607 1688 erit
2664 1627 3022 1685 novissimus
3081 1639 3241 1678 error
3297 1619 3459 1692 pejor
3488 1617 3700 1690 priore.

2054 1723 2150 1779 Ait
2180 1707 2296 1778 illis
2329 1722 2555 1785 Pilatus
2583 1737 2596 1775 ε
2629 1717 2872 1774 Habetis
2920 1711 3269 1769 custodiam.
3305 1711 3387 1764 Ite
3415 1705 3702 1763 custodite

1979 1847 2024 1911 B
2057 1812 2211 1869 sicut
2230 1812 2414 1868 scitis.
2449 1809 2539 1865 Illi
2567 1812 2764 1864 autem
2799 1806 3104 1871 abeuntes,
3137 1798 3481 1855 munierunt
3508 1793 3704 1865 sepul-

2311 1900 2323 1911 .
2497 1903 2505 1911 .
2630 1897 2640 1911 ι
2729 1895 2778 1911 σι
2940 1907 3059 1911 ,μμΑ
3122 1887 3462 1911 ----ι-.ι;ι...-..
3518 1906 3543 1911 μ.
3579 1883 3699 1911 \Tnn

2057 1917 2244 1967 crum,
2279 1900 2579 1972 signantes
2627 1895 2882 1967 lapidem
2933 1907 3067 1947 cum
3115 1887 3484 1945 custodibus.
3518 1906 3546 1935 »
3579 1883 3703 1939 Non

2058 1990 2364 2046 suffecerat
2406 1985 2771 2059 principibus
2820 1981 3213 2044 sacerdotum,
3272 1980 3330 2032 et
3377 1973 3596 2031 Scribis
3637 1989 3704 2028 ac

2058 2077 2385 2147 Pharisaeis,
2417 2074 2775 2131 cruciﬁxisse
2813 2070 3123 2128 Dominum
3177 2065 3557 2130 Salvatorem,
3591 2061 3703 2117 nisi

2059 2166 2393 2240 sepulcrum
2447 2162 2829 2231 custodirent,
2887 2158 3186 2215 cohortem
3244 2154 3594 2227 acciperent,
3626 2150 3704 2206 si-

2058 2260 2302 2328 gnarent
2331 2254 2608 2328 lapidem,
2642 2256 2927 2323 quantum
2961 2249 3021 2303 in
3054 2246 3174 2302 illis
3199 2249 3308 2311 est,
3341 2257 3582 2298 manum
3606 2256 3706 2311 op-

2058 2353 2337 2419 ponerent
2380 2342 2724 2419 resurgenti,
2780 2344 2844 2395 ut
2900 2335 3204 2411 diligentia
3261 2348 3462 2389 eorum
3494 2334 3705 2386 nostra;

2060 2434 2193 2490 ﬁdei
2227 2435 2567 2506 proficeret:
2599 2433 2818 2503 quanto
2848 2430 3005 2483 enim
3055 2423 3313 2497 amplius
3357 2424 3705 2482 reservatur,

2058 2528 2220 2581 tanto
2243 2523 2431 2596 magis
2453 2517 2897 2576 resurrectionis
2933 2516 3121 2571 virtus
3163 2511 3510 2569 ostenditur.
3544 2507 3707 2563 Unde

2060 2612 2204 2669 etin
2239 2614 2616 2668 monumento
2673 2625 2840 2676 novo,
2901 2605 3055 2678 quod
3112 2602 3372 2659 excisum
3429 2599 3615 2671 fuerat
3643 2596 3703 2650 in

2060 2706 2245 2775 petra,
2276 2699 2548 2756 conditus
2581 2702 2670 2754 est
2698 2716 2710 2754 :
2745 2713 2815 2752 ne
2846 2696 2895 2751 si
2926 2711 2996 2749 ex
3023 2691 3226 2748 multis
3253 2688 3548 2761 lapidibus
3568 2684 3704 2740 uadi-

2061 2774 2300 2846 iicatum
2333 2794 2507 2855 esset,
2541 2787 2810 2843 suffossis
2841 2782 3054 2839 tumuli
3090 2777 3511 2842 fundamentis,
3543 2774 3703 2831 abla-

2059 2884 2158 2936 tus
2187 2880 2341 2935 furto
2385 2877 2692 2934 diceretur.
2751 2874 2913 2939 Quod
2972 2874 3167 2928 autem
3223 2869 3284 2924 in
3315 2864 3579 2939 sepulcro
3610 2880 3709 2935 po-

2062 2970 2292 3026 nendus
2324 2972 2501 3037 esset,
2534 2965 2826 3038 prophetas
2858 2960 3264 3018 testimonium
3290 2960 3397 3025 est,
3422 2953 3666 3011 dicentis
3693 2970 3707 3007 :

2063 3060 2162 3115 Hic
2189 3057 2461 3114 habitabit
2514 3057 2575 3111 in
2632 3053 2818 3110 enisa
2873 3050 3145 3123 spelunca
3192 3054 3363 3120 petrae
3389 3043 3712 3116 fortissima:

2070 3150 2194 3221 (15a.
2224 3163 2422 3213 xxxm,
2459 3144 2569 3216 16).
2629 3141 2954 3212 Statimqﬁe
3011 3140 3145 3211 post
3201 3136 3348 3191 duos
3391 3129 3712 3189 versiculos

1990 3214 2033 3283 CI
2072 3214 2374 3308 sequitur:
2409 3214 2602 3302 Regem
2633 3247 2755 3287 cum
2776 3230 2953 3300 glorta
2979 3226 3233 3283 videbitis
3264 3222 3422 3295 (Ibid.
3459 3221 3569 3292 17).

2138 3325 2300 3397 (Cap.
2332 3323 2574 3379 XXVIII.
2606 3351 2676 3362 ——
2706 3323 2871 3375 Vers.
2908 3319 2983 3386 1.)
3018 3337 3047 3367 «
3075 3319 3327 3387 Vespere
3356 3315 3553 3367 autem
3573 3308 3716 3364 Sab-

2068 3415 2190 3471 bati
2221 3430 2345 3483 quae
2373 3410 2613 3467 lucescit
2665 3410 2725 3463 in
2784 3407 2973 3479 prima
3029 3402 3281 3471 sabbati,
3339 3400 3500 3456 venit
3539 3397 3718 3453 Maria

2071 3501 2413 3574 Magdalene
2470 3503 2527 3555 et
2582 3497 2764 3553 altera
2820 3496 2997 3550 Maria
3050 3494 3245 3549 videre
3300 3489 3655 3561 sepulcrum.
3686 3506 3716 3535 »

2072 3591 2230 3658 Quod
2265 3590 2495 3645 diversa
2524 3596 2790 3659 tempora
2817 3585 3064 3640 istarum
3097 3581 3410 3637 mulierum
3442 3579 3500 3633 in
3521 3577 3717 3632 Evan-

2072 3679 2242 3752 geliis
2272 3676 2706 3742 describuntur,
2737 3691 2853 3731 non
2904 3670 3193 3728 mendacii
3242 3669 3478 3741 signum
3509 3669 3617 3734 est,
3650 3666 3718 3719 ut

2070 3768 2237 3840 impii
2283 3765 2585 3838 objiciunt,
2636 3764 2737 3821 sed
2788 3760 3007 3819 sedula:
3056 3756 3404 3815 visitationis
3432 3752 3714 3822 olﬂcium,

2072 3857 2213 3912 dum
2246 3856 2445 3911 crebro
2478 3855 2694 3910 abeunt
2723 3869 2789 3908 ac
2819 3852 3147 3916 recurrunt,
3180 3850 3238 3903 et
3265 3861 3381 3902 non
3413 3842 3719 3916 patiuntur

2074 3963 2108 4001 a
2136 3944 2403 4017 sepulcro
2425 3942 2653 3999 Domini
2686 3942 2784 3997 diu
2819 3941 3024 3996 abesse
3053 3937 3141 3994 vel
3173 3935 3432 4008 longius.

2145 4034 2328 4105 (Vers.
2360 4035 2416 4101 2,
2462 4034 2542 4103 ‘2.)
2593 4054 2621 4081 «
2678 4032 2748 4086 Et
2776 4046 2908 4086 ecce
2962 4030 3329 4084 terreamotns
3384 4023 3573 4078 factus
3629 4021 3721 4075 est

2075 4139 2348 4195 magnus.
2382 4119 2639 4193 Angelus
2669 4119 2825 4175 enim
2856 4116 3090 4174 Domini
3120 4111 3424 4171 descendit
3451 4111 3524 4167 de
3553 4106 3716 4179 celo.

2076 4215 2134 4266 et
2153 4209 2453 4275 accedens,
2478 4207 2718 4264 revolvit
2738 4206 3014 4279 lapidem,
3039 4209 3098 4261 et
3116 4203 3717 4270 sedebatsupereum,

2046 4364 2049 4367 Α
2078 4299 2217 4354 Erat
2237 4302 2432 4354 autem
2455 4300 2725 4368 aspectus
2746 4296 2875 4366 ejus
2915 4293 3069 4350 sicut
3111 4289 3308 4364 fulgur
3345 4289 3453 4360 [Αι.
3485 4284 3719 4358 fulgor],

2077 4392 2135 4444 et
2162 4387 2574 4442 vestimentum
2607 4386 2736 4455 ejus
2779 4383 2931 4440 sient
2980 4382 3099 4437 nix.
3132 4404 3155 4433 ι
3210 4376 3495 4435 Dominus
3526 4378 3725 4429 noster

2078 4493 2233 4532 unus
2250 4480 2427 4548 atque
2449 4475 2602 4531 idem
2628 4473 2811 4529 Filius
2833 4472 2934 4528 Dei
2951 4477 3008 4528 et
3031 4469 3211 4528 Filius
3231 4466 3510 4530 hominis,
3527 4466 3721 4538 juxta,

330 4560 409 4617 ris
467 4561 808 4634 corporibus
865 4562 1324 4628 remanentibus,
1385 4560 1771 4617 resurrexisse
1820 4558 1970 4614 alius
2003 4570 2391 4640 Dutramque
2445 4567 2738 4630 naturam,
2799 4559 3122 4617 divinitatis
3179 4562 3238 4616 et
3295 4555 3511 4622 carnis,
3569 4553 3717 4621 241

331 4652 667 4725 ﬁngeretur.
705 4655 900 4707 Potest
930 4654 1125 4706 autem
1155 4654 1213 4706 et
1243 4666 1454 4705 novum
1486 4649 1821 4721 sepulcrum
1854 4648 1973 4702 Ma-

330 4740 426 4795 ria:
484 4739 826 4812 virginalem
881 4744 1114 4795 uterum
1162 4738 1601 4794 demonstrare:
1647 4751 1973 4807 saxumque

330 4828 478 4884 ostio
504 4828 860 4902 appositum,
893 4832 951 4883 et
979 4842 1185 4882 saxum
1216 4842 1496 4897 magnum
1519 4827 1822 4881 ostendere
1842 4824 1972 4878 abs-

332 4933 445 4989 que
476 4916 690 4973 auxilio
737 4916 1126 4989 plurimorum
1175 4914 1513 4988 sepulcrum
1565 4932 1678 4970 non
1714 4914 1974 4987 potuisse

329 5021 594 5062 reserari.

403 5104 588 5175 (Vers.
618 5105 685 5159 61
720 5104 908 5176 seqq.)
940 5126 967 5153 «
995 5104 1130 5159 Erat
1160 5106 1355 5160 autem
1399 5101 1479 5157 ibi
1526 5101 1707 5156 Maria
1736 5099 1974 5173 Magda-

404 5303 418 5336 ‘
453 5302 591 5359 Mss.
627 5301 914 5367 BOI‘AHC,
949 5299 1073 5372 pari
1105 5314 1388 5372 consensu
1421 5297 1643 5372 legunt.
1674 5299 1849 5372 Porro
1879 5317 1975 5372 ne-

331 5376 472 5431 dum
504 5372 882 5445 quibusdam,
915 5368 1015 5427 sed
1050 5368 1252 5424 multis
1272 5368 1572 5445 placuisse
1603 5370 1754 5445 hanc
1783 5371 1855 5426 de
1882 5371 1975 5427 Jo-

331 5386 472 5431 dum
504 5386 882 5445 quibusnam,
915 5386 1015 5427 seu
1050 5386 1252 5424 multis
1324 5386 1572 5426 iacuisse
1604 5386 1754 5426 nanc
1783 5386 1855 5426 ne
1882 5386 1974 5427 J0-

331 5446 513 5519 sepho
551 5443 924 5513 sententiam,
977 5446 1228 5519 testatur
1272 5386 1564 5519 Expositio
1597 5444 1974 5519 psalmorum

247 5538 251 5543 θ
335 5511 535 5581 altera,
567 5531 745 5587 quam
778 5531 846 5569 ex
876 5511 1038 5587 parte
1070 5511 1357 5587 Breviario
1388 5511 1446 5587 in
1477 5511 1746 5587 psalmos
1781 5512 1974 5568 Hiero-

334 5580 843 5665 nymoperperam
875 5580 1165 5665 ascripto,
1196 5580 1342 5665 falso
1372 5586 1429 5637 et
1474 5580 1974 5665 ipsamtributam

332 5654 749 5732 subjun‘gimus
776 5673 788 5711 :
824 5680 851 5708 «
883 5654 1240 5713 Generaliter
1263 5654 1335 5710 de
1375 5654 1638 5724 quolibet
1658 5656 1823 5727 justo
1852 5655 1975 5712 viro

2082 4670 2237 4709 nunc
2267 4651 2693 4725 magnitudinis
2723 4667 2860 4717 suae,
2892 4665 3048 4705 nunc
3065 4645 3420 4703 humilitatis
3435 4643 3610 4715 signa
3628 4640 3725 4696 de-

2082 4746 2390 4799 monstrat.
2425 4741 2589 4798 Unde
2629 4744 2687 4795 et
2735 4740 2799 4795 in
2850 4737 3121 4812 praesenti
3174 4736 3322 4804 loco,
3383 4746 3722 4805 quanquam

2082 4832 2256 4887 homo
2287 4830 2363 4886 sit
2390 4830 2491 4903 qui
2522 4829 2833 4886 crucifixus
2863 4835 2971 4895 est,
3021 4827 3123 4898 qui
3172 4822 3438 4897 sepultus
3479 4822 3590 4886 est,
3622 4819 3724 4891 qui

2081 4920 2319 4977 clausus
2348 4919 2598 4987 tumulo,
2632 4933 2807 4990 quem
2838 4916 2988 4989 lapis
3019 4914 3321 4988 oppositus
3355 4910 3612 4980 cohibet,
3640 4913 3726 4965 ta-

2084 5024 2219 5065 men
2248 5026 2378 5080 quas
2411 5008 2551 5064 foris
2580 5010 2856 5080 aguntur,
2888 5004 3205 5062 ostendunt
3241 5000 3454 5059 Filium
3481 4997 3606 5067 Dei,
3636 4994 3723 5055 sol

2083 5097 2334 5172 fugiens,
2362 5097 2612 5152 tenebras
2632 5095 2996 5167 ingruentes,
3016 5096 3172 5150 terra
3193 5093 3511 5157 commota,
3530 5085 3725 5143 velum

2084 5295 2319 5361 dicitur,
2351 5293 2486 5351 licet
2515 5291 2686 5366 multi
2716 5295 2927 5366 putent
2959 5292 3050 5366 de_
3075 5286 3292 5366 Joseph
3345 5287 3568 5366 dictum
3598 5296 3731 5366 epse

2086 5367 2184 5423 illo
2216 5366 2287 5422 ab
2308 5353 2666 5434 'Arimathia,
2699 5353 2800 5437 qui
2833 5380 2949 5421 non
3000 5353 3236 5419 abierit'
3254 5360 3314 5415 in
3343 5354 3588 5418 oonsilio
3616 5353 3729 5410 Ju-

2085 5440 2341 5565 6830132?
2339 5460 2531 5580 jugeph
2561 5504 2819 5570 nomine,
2851 5509 2970 5563 tres
3001 5502 3248 5560 Palatini
3292 5464 3436 5557 mea.
3466 5501 3598 5556 lem
3619 5495 3728 5551 ha-

2088 5582 2244 5652 bent,
2277 5581 2333 5635 id
2369 5584 2459 5635 est
2485 5593 2709 5650 corpore
2735 5580 2889 5633 Jesu.
