4058 6190
372 343 487 403 235

824 335 1338 415 COMMENTAR.
1384 335 1463 395 IN
1507 333 2016 399 EVANGELIUM
2062 337 2443 405 MA'l‘TH/El
2492 298 2635 406 Ll'B.
2683 349 2787 410 IV.
2833 350 3005 411 CAP.
3040 350 3315 413 XXVIII.

3648 356 3767 415 226

373 472 648 538 scissum,
671 484 815 525 saxa
840 466 1096 539 dirupta,
1120 466 1332 522 mortui
1356 467 1644 534 suscitati,
1674 470 2015 540 angelorum
2047 475 2101 537 Α
2130 472 2559 532 observandum
2607 484 2711 534 est
2746 497 2759 534 :
2810 482 2967 552 quod
3021 484 3254 553 quando
3299 485 3602 556 augustior
3658 487 3781 557 [Αἱ.

373 559 722 623 ministeria,
747 574 887 627 qua.
906 556 979 610 ab
1010 556 1176 610 initio
1199 555 1517 611 nativitatis
1536 558 1665 625 ejus
1688 557 1869 612 Deum
1890 576 2021 629 pro-

374 651 609 707 habent.
642 645 732 700 Ad
765 643 1009 700 Mariam
1040 642 1271 699 Gabriel
1300 643 1644 713 venit,.cum
1675 643 1890 715 Joseph
1920 661 2022 701 an-

388 748 553 812 gelus
582 734 850 806 loquitur
880 730 1025 805 (Luc.
1060 750 1098 797 1,
1129 734 1235 799 26;
1268 731 1455 787 Matth.
1492 750 1529 800 ι,
1562 732 1675 803 20),
1704 731 1857 788 idem
1892 749 2023 804 pas-

376 827 604 883 toribus
648 822 907 887 nuntiat,
937 821 1276 895 angelorum
1320 824 1516 893 postea
1546 820 1783 876 auditur
1812 821 2024 876 chorus

373 914 694 972 dicentium
728 928 742 966 :
773 910 963 966 Gloria
1008 912 1071 965 in
1117 911 1347 976 excelsis
1376 911 1507 975 Deo,
1538 918 1589 965 et
1631 912 1871 965 interra
1917 927 2028 981 pax

376 1002 693 1061 hominibus
721 1001 873 1055 bona:
923 999 1213 1055 voluntatis
1244 998 1395 1069 (Luc.
1430 1015 1491 1065 ιι,
1526 999 1613 1063 10,
1650 998 1757 1069 14).
1812 999 2026 1053 Tenta-

383 1100 485 1150 tur
512 1093 571 1147 in
599 1088 937 1156 solitudine,
958 1091 1014 1143 et
1044 1090 1173 1158 post
1201 1086 1503 1143 victoriam
1534 1087 1732 1148 statim
1763 1087 2027 1143 serviunt

384 1179 569 1254 angeli
601 1179 808 1250 (Matth.
852 1193 925 1245 ιν,
962 1177 1069 1245 11).
1104 1176 1268 1231 Nunc
1320 1191 1553 1248 quoque
1600 1175 1842 1246 angelus
1870 1176 2030 1231 venit

380 1275 574 1327 custos
603 1265 855 1339 sepulcri
893 1264 1197 1331 Dominici,
1231 1269 1289 1319 et
1320 1264 1380 1318 in
1431 1264 1643 1319 vestitu
1670 1263 1918 1319 candido
1948 1264 2025 1320 si-

374 1363 519 1432 gnat
548 1355 796 1430 gloriam
822 1352 1269 1425 triumphantis.
1305 1352 1541 1407 Necnon
1574 1353 1924 1408 ascendente
1953 1353 2048 1412 ad.

376 1445 552 1504 oculos
580 1443 848 1512 Domino,
881 1441 997 1496 duo
1029 1439 1221 1513 angeli
1240 1439 1299 1496 in
1319 1439 1524 1496 Oliveti
1556 1445 1754 1495 monte
1784 1457 2029 1496 cernun-

376 1542 494 1603 tur,
525 1532 865 1606 pollicentes
895 1527 1178 1602 apostolis
1219 1529 1548 1585 secundum
1577 1528 1892 1584 Salvator-is
1922 1530 2023 1585 ad-

379 1627 616 1680 ventum
645 1622 782 1690 (Act.
815 1637 857 1687 ι,
886 1618 1002 1689 11).

450 1710 636 1783 (Vers.
668 1709 722 1781 4,
753 1708 833 1779 5.)
864 1728 893 1758 ‹‹
926 1709 1051 1761 Prae
1104 1706 1315 1762 timore
1359 1709 1558 1762 autem
1586 1706 1735 1778 ejus,
1769 1706 2027 1762 exterriti

379 1804 520 1857 sunt
545 1798 841 1861 custodes,
873 1799 931 1851 et
960 1793 1096 1851 facti
1138 1799 1277 1851 sunt
1306 1794 1464 1851 velut
1495 1796 1731 1851 mortui.
1766 1795 2026 1867 Respon-

378 1890 527 1945 deus
555 1891 755 1944 autem
802 1884 1067 1958 angelus,
1099 1884 1244 1939 dixit
1268 1883 1616 1940 mulieribus
1663 1901 1677 1939 :
1728 1883 1918 1940 Nolite
1946 1884 2025 1939 ti-

382 1992 543 2034 mere
577 1992 701 2032 vos.
735 1974 862 2030 Scio
909 1973 1069 2029 enim
1120 1973 1276 2045 quod
1325 1973 1528 2035 Jesum
1577 1973 1678 2045 qui
1723 1972 2032 2028 crucifixus

378 2072 487 2134 est,
521 2062 783 2139 quaeritis
815 2080 831 2118 :
866 2062 993 2118 Non
1026 2064 1117 2116 est
1148 2062 1264 2128 hic,
1297 2061 1550 2117 surrexit
1579 2061 1738 2116 enim
1772 2061 1925 2117 sicut
1952 2060 2035 2115 di-

381 2154 483 2210 xit.
517 2176 545 2204 »
572 2151 877 2222 Custodes,
898 2152 1110 2205 timore
1132 2149 1424 2221 perterriti
1447 2149 1635 2205 instar
1663 2155 2030 2206 mortuorum

380 2241 693 2315 stupefacti
721 2241 943 2312 jacent,
976 2243 1035 2293 et
1062 2243 1264 2294 tamen
1316 2236 1563 2310 angelus
1594 2254 1707 2293 non
1743 2237 1895 2306 illos,
1929 2237 2030 2292 sed

383 2332 659 2388 mulieres
684 2328 1049 2387 consolatur.
1081 2325 1270 2383 Nolite
1292 2326 1498 2382 timere
1527 2343 1644 2381 vos.
1672 2326 1782 2393 Illi,
1816 2326 2029 2397 inquit,

387 2421 634 2477 timeant
661 2434 676 2474 :
706 2419 767 2473 in
798 2417 892 2472 his
940 2420 1266 2489 perseveret
1295 2431 1492 2487 pavor,
1525 2415 1584 2468 in
1636 2413 1849 2485 quibus
1902 2431 2032 2486 per-

319 2510 329 2519 ’
388 2500 587 2565 manet
614 2505 1010 2563 incredulitas.
1042 2505 1327 2561 Ceterum
1358 2520 1458 2559 vos
1489 2503 1626 2575 quia
1646 2504 1849 2558 Jesum
1885 2520 2035 2576 quae-

384 2598 512 2653 ritis
556 2597 919 2664 cruciﬁxum,
951 2594 1150 2649 audite
1178 2593 1333 2664 quod
1384 2592 1762 2648 resurrexerit
1809 2597 1868 2647 et
1898 2609 2031 2664 pro-

384 2687 570 2743 missa
597 2684 924 2758 perfecerit.

456 2776 641 2848 (Vers.
674 2775 731 2840 6,
760 2773 841 2845 7.)
876 2793 903 2822 ‹‹
935 2770 1160 2839 Venite,
1193 2775 1251 2827 et
1300 2770 1489 2826 videte
1519 2770 1712 2826 locum
1748 2771 1762 2804 ¹
1797 2769 1895 2824 ubi
1929 2788 2032 2842 po-

384 2866 535 2922 situs
567 2867 692 2920 erat
720 2860 1023 2918 Dominus.
1062 2861 1132 2915 Et
1160 2859 1275 2915 cito
1310 2864 1537 2930 euntes,
1570 2859 1742 2914 dicite
1773 2859 2033 2931 discipu-

385 2954 460 3009 lis
507 2954 659 3023 ejus.
695 2973 724 3001 »
774 2950 850 3005 Ut
879 2949 928 3004 si
962 2949 1110 3005 meis
1155 2947 1348 3025 verbis
1386 2964 1511 3005 non
1562 2947 1818 3015 creditis,
1851 2963 2032 3003 vacuo

389 3041 639 3104 credatis
669 3037 957 3112 sepulcro,
982 3043 1039 3094 et
1069 3038 1252 3110 gradu
1285 3038 1508 3092 concito
1533 3035 1752 3108 pergite
1783 3052 1849 3092 ac
1880 3052 2031 3091 nun-

386 3132 526 3187 tiate
577 3127 888 3199 discipulis
935 3128 1111 3199 ejus:
1171 3146 1193 3174 ι
1245 3126 1389 3190 Quia
1438 3125 1710 3191 surrexit,
1752 3129 1811 3180 et
1857 3126 2033 3180 ecce’

390 3218 662 3293 praecedit
686 3233 789 3273 vos
817 3216 877 3271 in
906 3215 1202 3271 Galilaeam
1238 3233 1251 3271 :
1285 3215 1364 3269 ibi
1387 3231 1519 3270 eum
1548 3214 1823 3269 videbitis
1854 3232 1867 3269 :
1901 3230 2030 3269 ecce
2061 3205 2104 3270 C

386 3307 627 3382 praedixi
666 3306 847 3362 vobis.
884 3327 912 3355 »
945 3304 1063 3359 Hoc
1112 3309 1202 3360 est
1230 3305 1289 3358 in
1321 3303 1691 3359 volutabrum
1743 3303 2030 3375 gentium,

389 3398 492 3453 ubi
539 3400 673 3453 ante
702 3411 864 3451 error
908 3397 1031 3449 erat
1076 3396 1133 3449 et
1178 3392 1489 3460 lubricum,
1524 3397 1581 3447 et
1622 3392 1787 3447 firmo
1819 3408 1884 3447 ac
1916 3396 2031 3447 sta-

386 3486 492 3543 bili
523 3486 669 3558 pede
698 3482 1009 3555 vestigium
1042 3498 1156 3537 non
1190 3481 1459 3554 ponebat.

459 3578 648 3647 (Vera.
678 3574 759 3644 8.)
795 3596 816 3622 ι
854 3572 921 3627 Et
950 3572 1213 3627 exierunt
1240 3571 1354 3626 cito
1385 3572 1456 3626 de
1490 3576 1867 3626 monumento
1899 3587 2032 3625 cum

388 3665 598 3720 timore
625 3667 682 3718 et
710 3661 925 3735 gaudio
957 3677 1191 3733 magno,
1224 3664 1524 3715 currentes
1558 3660 1828 3715 nuntiare
1859 3658 2033 3716 disci-

389 3753 546 3827 pulis
578 3751 729 3823 ejus.
755 3773 784 3800 ››
814 3749 1038 3822 Duplex
1066 3753 1293 3804 mentes
1344 3747 1655 3803 mulierum
1689 3750 1922 3804 tenebat
1951 3748 2033 3803 af-

391 3843 600 3907 fectus,
630 3839 857 3895 timoris
905 3843 963 3894 et
993 3837 1192 3910 gaudii
1228 3855 1240 3891 :
1277 3836 1424 3892 alter
1469 3838 1541 3892 de
1570 3835 1836 3891 miraculi
1869 3852 2033 3908 mag-

395 3930 683 3998 nitudine,
714 3927 867 3984 242
898 3925 1044 3982 alter
1090 3943 1160 3997 ex
1207 3923 1496 3981 desiderio
1547 3925 1946 3996 resurgentis;
1980 3928 2037 3978 et

396 4024 594 4075 tamen
629 4022 868 4087 uterque
899 4016 1218 4071 femineum
1249 4014 1578 4069 concitabat
1606 4012 1873 4085 gradum.
1908 4012 2036 4066 Per-

393 4106 610 4179 gebant
640 4106 710 4160 ad
737 4103 1052 4177 apostolos,
1086 4110 1149 4158 ut
1191 4120 1292 4177 per
1321 4101 1454 4158 illos
1485 4102 1619 4157 fidei
1651 4101 2033 4157 seminarium

393 4198 784 4268 spargeretur.
1126 4190 1129 4193 ’

464 4283 652 4353 (Vers.
683 4282 762 4353 9.)
795 4304 822 4331 «
856 4282 925 4337 Et
953 4296 1086 4337 ecce
1113 4281 1287 4337 Jesus
1319 4279 1573 4335 occurrit
1613 4280 1750 4348 illis,
1785 4280 2032 4367 dicens:

391 4376 587 4428 Avete.
623 4395 653 4421 »
683 4373 816 4437 Quae
867 4370 951 4426 sic
1006 4370 1363 4442 quaerebant,
1398 4385 1523 4441 quae
1574 4369 1655 4424 ita
1702 4369 2032 4435 currebant,

398 4461 773 4518 merebantur
810 4459 1044 4516 obvium
1102 4458 1315 4513 habere
1363 4458 1675 4513 Dominum
1726 4471 2036 4528 resurgen-

2135 564 2456 634 angustior]
2486 566 2685 638 aliqua
2731 570 3069 640 apparuerit
3119 572 3281 637 visio,
3314 574 3567 644 primum
3602 577 3779 632 timor

2135 650 2387 722 pellitur,
2419 660 2483 709 ut
2514 656 2595 711 sic
2624 663 2832 736 mente
2876 657 3122 728 placata,
3153 660 3379 730 possint
3409 678 3535 732 quae
3569 664 3775 720 dicun-

2133 741 2232 793 tur
2262 740 2365 810 [Αι.
2400 743 2645 813 dicunt],
2679 745 2889 800 audiri.

2211 866 2233 895 «
2272 847 2369 915 Ite,
2411 851 2675 905 nuntiate
2723 853 3000 908 fratribus
3034 854 3199 923 meis,
3236 860 3299 909 ut
3347 862 3481 911 eant
3528 859 3588 914 in
3622 860 3776 915 Gali-

2135 933 2326 1002 lazam,
2357 936 2436 990 ibi
2470 954 2561 993 me
2607 939 2903 997 videbunt.
2940 943 3073 1006 Quae
3123 960 3255 998 cum
3309 944 3610 1013 abiissent,
3645 965 3774 1004 ecce

2137 1023 2377 1093 quidam
2426 1027 2498 1081 de
2541 1029 2884 1085 custodibus
2936 1038 3223 1087 venerunt
3270 1032 3329 1088 in
3379 1034 3691 1104 civitatem,
3725 1042 3781 1093 et

2137 1112 2555 1170 nuntiaverunt
2602 1116 2965 1189 principibus
3014 1122 3382 1177 sacerdotum
3416 1125 3614 1179 omnia
3653 1142 3779 1197 quae

2136 1198 2289 1255 facta
2334 1202 2582 1259 fuerant.
2631 1228 2656 1253 ν
2710 1205 2809 1260 His
2858 1206 3135 1263 fratribus
3166 1210 3238 1265 de
3287 1210 3503 1282 quibus
3556 1212 3615 1268 in
3665 1213 3778 1269 alio

2136 1287 2261 1343 loco
2292 1290 2440 1346 dixit
2471 1307 2484 1345 :
2518 1295 2863 1351 Annuntz’abo
2916 1312 3110 1351 nomen
3140 1303 3296 1354 tuum
3342 1302 3615 1370 fratribus
3645 1306 3782 1360 meis

2137 1377 2425 1447 (Psat.xx1,
2457 1381 2548 1452 23)
2587 1400 2599 1437 :
2635 1382 2735 1454 qui
2784 1384 3145 1441 Salvatorem
3178 1404 3550 1462 nequaquam
3583 1391 3640 1446 in
3670 1393 3777 1447 Ju-

2135 1465 2259 1520 daea
2289 1469 2673 1540 conspiciunt,
2709 1473 2809 1527 sed
2840 1472 2898 1527 in
2931 1475 3193 1544 gentium
3236 1476 3635 1536 multitudine.

2207 1572 2390 1642 (Vers.
2428 1577 2493 1630 12
2520 1577 2670 1649 seq.)
2718 1600 2746 1627 «
2779 1579 2847 1633 Et
2876 1583 3207 1654 congregati
3260 1600 3394 1639 cum
3425 1585 3778 1661 senioribus,

2136 1660 2377 1717 consilio
2447 1671 2701 1737 accepto,
2762 1669 3068 1739 pecuniam
3134 1672 3437 1743 copiosam
3494 1660 3780 1733 dederunt

2137 1749 2442 1819 militibus,
2478 1753 2736 1810 dicentes
2770 1772 2783 1810 :
2824 1757 3020 1827 Dicite,
3052 1759 3190 1830 quia
3219 1761 3491 1834 discipuli
3522 1765 3650 1833 ejus
3671 1783 3774 1821 no-

2057 1840 2106 1905 B
2139 1842 2227 1893 ote
2255 1845 2558 1906 venerunt,
2590 1847 2648 1897 et
2678 1844 2852 1900 furati
2885 1851 3025 1901 sunt
3056 1863 3216 1916 eum,
3248 1850 3417 1906 nobis
3447 1853 3787 1911 dormienti-

2144 1927 2274 1982 bus.
2309 1928 2377 1983 Et
2404 1929 2453 1983 si
2484 1930 2593 1986 hoc
2623 1933 2910 2003 .auditum
2944 1935 3117 1991 fuerit
3145 1954 3179 1992 a
3208 1939 3472 2009 praeside,
3508 1959 3616 1999 nos
3648 1959 3784 2000 sua-

2140 2015 2411 2073 debimus
2437 2017 2509 2083 ei,
2542 2023 2599 2074 et
2626 2037 2863 2077 securos
2893 2040 2994 2079 vos
3024 2024 3327 2082 faciemus.
3364 2030 3434 2082 At
3466 2029 3548 2084 illi
3581 2047 3783 2105 accep-

2140 2107 2199 2158 ta
2224 2105 2491 2176 pecunia,
2518 2107 2779 2164 fecerunt
2807 2112 2957 2166 sicut
2986 2117 3151 2168 erant
3180 2115 3389 2171 edocti.
3420 2116 3485 2172 Et
3514 2118 3782 2193 divulga-

2139 2198 2267 2247 tum
2298 2199 2386 2248 est
2431 2196 2671 2251 verbum
2701 2198 2857 2253 istud
2906 2202 3060 2272 apud
3091 2205 3323 2260 Judacos
3372 2224 3561 2279 usque
3590 2208 3648 2264 in
3682 2210 3787 2267 bo-

2140 2280 2409 2337 diernum
2441 2283 2617 2339 diem.
2643 2307 2670 2334 »
2704 2285 2987 2345 Custodes
3013 2290 3364 2349 miraculum
3387 2297 3780 2354 conﬁtentur:

2139 2369 2212 2424 ad
2244 2371 2447 2426 urbem
2480 2374 2689 2429 conciti
2722 2377 3659 2456 redeunt,nuntiantprincipibus
3689 2404 3784 2442 sa-

2140 2459 2440 2515 cerdotum
2494 2479 2622 2533 quae
2669 2465 2938 2532 viderint,
2992 2484 3121 2540 quae
3153 2471 3304 2526 facta
3356 2475 3782 2544 conspexerint.

2143 2547 2231 2602 Illi
2262 2549 2361 2619 qui
2392 2551 2713 2608 debuerant
2741 2557 2993 2611 converti
3045 2558 3116 2613 ad
3150 2561 3575 2631 paenitentiam,
3608 2568 3665 2620 et
3691 2567 3781 2621 Je-

2140 2653 2271 2691 sum
2305 2654 2560 2708 quaerere
2591 2648 3012 2716 resurgentem,
3045 2660 3416 2717 perseverant
3448 2652 3504 2707 in
3538 2653 3781 2726 malitia,

2139 2729 2196 2779 et
2228 2728 2532 2795 pecuniam
2566 2746 2692 2800 quae
2724 2732 2795 2786 ad
2830 2749 2973 2788 usus
3003 2736 3205 2807 templi
3239 2733 3374 2793 data
3407 2740 3618 2809 fuerat,
3652 2760 3782 2801 ver-

2138 2818 2271 2868 tunt
2302 2814 2358 2869 in
2377 2817 2835 2889 redemptionem
2868 2823 3178 2891 mendacii,
3199 2824 3351 2880 sicut
3376 2833 3546 2881 antea
3577 2830 3782 2901 trigin-

2139 2905 2198 2956 ta
2227 2909 2531 2973 argenteos
2579 2906 2859 2963 dederant
2898 2909 3061 2964 Judze
3092 2912 3388 2982 proditori.
3424 2913 3638 2971 Omnes
3668 2918 3781 2990 igi-

2140 2994 2234 3044 tur
2281 2993 2379 3061 qui
2412 2993 2561 3064 stipe
2614 2994 2840 3066 templi,
2872 3001 2927 3051 et
2977 2997 3068 3052 his
3100 3015 3227 3069 quae
3276 3002 3658 3058 conferuntur
3708 3007 3780 3061 ad

2141 3094 2284 3132 usus
2318 3079 2580 3135 Ecclesiae
2629 3081 2954 3138 abutuntur
2982 3085 3041 3138 in
3071 3085 3202 3142 aliis
3234 3088 3429 3158 rebus,
3464 3092 3617 3147 248
3651 3094 3782 3165 qui-

2141 3183 2307 3221 suam
2339 3167 2602 3238 expleant
2626 3168 3008 3238 voluntatem,
3035 3174 3259 3231 similes
3290 3182 3432 3232 sunt
3453 3180 3782 3237 scribarum

2144 3260 2198 3309 et
2228 3257 2618 3325 sacerdotum,
2654 3260 3065 3318 redimentium
3100 3265 3467 3321 mendacium
3502 3274 3558 3324 et
3589 3269 3783 3325 Salva-

2142 3344 2285 3399 toris
2311 3347 2678 3416 sanguinem.

2215 3451 2399 3524 (Vers.
2454 3454 2695 3523 16,17.)
2749 3479 2769 3505 ι
2823 3456 3209 3515 Undecimum
3262 3466 3456 3518 autem
3513 3463 3787 3537 discipuli

2144 3540 2414 3596 abierunt
2445 3541 2501 3596 in
2532 3542 2847 3612 Galilaeam,
2880 3545 2939 3601 in
2973 3552 3233 3603 montem
3265 3550 3365 3604 ubi
3399 3552 3788 3610 constituerat

2142 3628 2261 3685 illis
2289 3631 2477 3686 Jesus.
2513 3630 2578 3685 Et
2606 3630 2864 3688 videntes
2897 3652 3054 3701 eum,
3084 3637 3473 3695 adoraverunt
3507 3659 3519 3708 ;
3546 3642 3786 3713 quidam

2146 3722 2361 3785 autem.
2387 3720 2818 3777 dubitaverunt.
2857 3745 2884 3771 ››
2918 3722 3052 3779 Post
3098 3729 3583 3784 resurrectionem
3613 3731 3787 3787 Jesus

2144 3807 2203 3861 in
2253 3811 2449 3862 monte
2496 3807 2741 3863 Galilasze
2789 3813 3166 3883 conspicitur,
3212 3814 3410 3888 ibique
3462 3819 3782 3876 adoratur:

2144 3894 2278 3951 licet
2310 3896 2546 3967 quidam
2572 3898 2861 3963 dubitent,
2883 3906 2940 3955 et
2968 3902 3253 3958 dubitatio
3285 3921 3485 3960 eorum
3519 3914 3779 3965 nostram

2145 3990 2353 4056 augeat
2401 3986 2595 4040 fidem.
2631 3988 2793 4043 Tunc
2844 3990 3211 4047 manifestius
3258 3994 3587 4049 ostenditur
3629 3996 3785 4052 Tho-

2145 4090 2273 4141 mze,
2324 4078 2380 4127 et
2425 4072 2579 4129 latus
2624 4073 2825 4131 lancea
2870 4077 3261 4145 vulneratum,
3296 4086 3353 4134 et
3400 4098 3612 4138 manus
3641 4084 3785 4139 fixas

2144 4162 2505 4216 demonstrat
2534 4162 2711 4218 clavis
2742 4164 2917 4234 (Joan.
2946 4183 3039 4232 xx,
3071 4167 3181 4236 27).

2216 4267 2397 4338 (Vers.
2434 4268 2539 4339 18.)
2564 4291 2592 4317 ‹‹
2626 4269 2694 4323 Et
2741 4271 3019 4325 accedens
3067 4273 3236 4328 Jesus
3285 4274 3513 4331 locutus
3563 4280 3651 4333 est
3680 4279 3786 4343 eis,

2147 4356 2347 4411 dicens
2393 4373 2405 4409 ε
2449 4356 2593 4411 Data
2623 4362 2712 4411 est
2743 4356 2916 4437 mihi‘
2936 4360 3129 4416 omnis
3160 4366 3418 4433 potestas
3467 4365 3528 4420 in
3559 4366 3701 4423 coelo
3734 4373 3791 4424 et

2145 4445 2204 4500 in
2252 4449 2424 4499 terra.
2459 4466 2486 4493 »
2520 4443 2606 4499 Illi
2652 4450 2911 4516 potestas
2964 4448 3102 4503 data
3155 4455 3263 4521 est,
3294 4450 3393 4522 qui
3440 4454 3613 4524 paulo
3654 4461 3789 4511 ante

390 4554 536 4616 tem,
563 4553 622 4604 et
648 4547 905 4622 primum
937 4546 1159 4617 audire,
1190 4547 1372 4616 Avete,
1404 4549 1469 4601 ut
1500 4545 1876 4601 maledictum
1908 4545 2032 4600 Eva:

2151 4532 2482 4601 cruciﬁxus,
2516 4532 2617 4604 qui
2671 4534 2938 4605 sepultus
2988 4536 3044 4591 in
3094 4539 3343 4606 tumulo,
3375 4542 3473 4611 qui
3521 4548 3790 4599 mortuus

396 4637 663 4694 mulieris
692 4638 753 4693 in
783 4636 1130 4692 mulieribus
1161 4636 1613 4690 subverteretur.

473 4750 495 4775 ι
530 4724 645 4781 Illae
702 4730 898 4781 autem
955 4727 1371 4794 accesserunt,.
1403 4726 1460 4778 et
1505 4727 1819 4778 tenuerunt
1867 4723 2042 4794 pedes

399 4816 553 4887 ejus,
581 4817 640 4870 et
682 4813 1068 4869 adoraverunt
1118 4828 1271 4867 eum.
1308 4834 1335 4861 n
1372 4811 1496 4867 Ista:
1545 4811 1827 4865 accedunt
1870 4816 1928 4865 et
1956 4815 2038 4866 te-

396 4908 539 4961 nent
567 4902 746 4975 pedes
774 4902 923 4972 ejus,
956 4901 1092 4973 quia
1140 4900 1529 4956 adoraverunt
1563 4915 1720 4954 eum.
1754 4902 2034 4955 Caterum

399 4992 524 5059 illa,
560 5007 688 5063 qua:
718 4990 1016 5063 quaerebat
1041 4990 1328 5045 viventem
1360 5005 1494 5045 cum
1523 4987 1791 5052 mortuis,
1823 4992 1879 5042 et
1910 5004 2040 5043 nes-

400 5081 593 5137 ciebat
622 5079 813 5135 adbuc
837 5079 1050 5134 Filium
1088 5077 1184 5134 Dei
1214 5078 1555 5144 surrexisse,
1589 5076 1794 5133 merito
1826 5077 1992 5131 audit
2025 5094 2038 5133 :

399 5170 477 5226 Ne
524 5173 721 5240 tangas
766 5184 874 5236 me,
923 5168 1170 5223 nondum
1221 5169 1368 5222 enim
1424 5168 1646 5223 escendi
1698 5166 1768 5222 ad
1820 5167 2043 5221 Patrem

401 5274 582 5315 meum
610 5258 788 5329 (Joan.
814 5273 908 5324 xx,
945 5256 1051 5328 17).

471 5347 663 5418 (Vers.
697 5347 814 5415 10.)
845 5368 874 5395 ‹‹
905 5345 1067 5400 Tunc
1084 5345 1165 5400 ait
1182 5343 1296 5401 illis
1314 5344 1485 5400 Jesus
1509 5360 1521 5398 :
1543 5344 1732 5400 Nolite
1763 5344 1987 5400 timere.
2014 5366 2042 5393 ››

400 5435 471 5492 Et
499 5436 562 5491 in
611 5432 790 5491 veteri
840 5437 898 5489 et
945 5432 1007 5488 in
1056 5449 1200 5490 novo
1231 5434 1627 5503 Testamento,
1660 5433 1769 5489 hoc
1816 5449 2047 5505 semper

477 5653 495 5691 ί
525 5653 743 5709 Vocem
774 5650 953 5709 locum
981 5647 1230 5709 Palatini
1261 5666 1404 5711 mss.
1427 5648 1723 5726 ignorant.

2143 4623 2428 4694 jacuerat,
2462 4621 2562 4693 qui
2605 4627 2803 4693 postea
2850 4630 3181 4682 resurrexit.
3232 4630 3294 4682 In
3339 4628 3477 4683 coelo
3507 4634 3701 4685 autem
3734 4636 3792 4688 et

2150 4712 2211 4764 in
2243 4715 2395 4765 terra
2422 4714 2679 4783 potestas
2710 4712 2844 4768 data
2873 4717 2980 4784 est,
3016 4720 3080 4768 ut
3108 4715 3209 4785 qui
3260 4720 3393 4771 ante
3426 4718 3701 4786 regnabat
3730 4721 3789 4775 in

2150 4799 2315 4865 oculo,
2348 4814 2448 4870 per
2478 4799 2651 4854 ﬁdem
2682 4801 3042 4856 credentium
3075 4808 3277 4875 regnet
3301 4802 3361 4858 in
3392 4806 3583 4861 terris.

2222 4905 2409 4976 (Vers.
2445 4907 2553 4977 19.)
2588 4928 2615 4955 ‹‹
2648 4907 2862 4963 Euntes
2892 4924 3048 4979 ergo,
3081 4909 3281 4965 docete
3329 4927 3532 4968 omnes
3564 4918 3789 4985 gentes,

2152 4994 2514 5065 baptizantes
2544 5012 2642 5050 eos
2676 4996 2733 5049 in
2785 4995 3023 5050 nomine
3046 4996 3261 5083 Patris,
3293 5003 3349 5053 et
3399 4998 3549 5067 Filii,
3581 5007 3637 5057 et
3663 5003 3790 5076 Spi-

2150 5081 2299 5137 ritus
2356 5082 2559 5138 sancti.
2621 5104 2649 5131 ››
2712 5082 2974 5138 Primum
3048 5081 3259 5140 dooent
3310 5104 3511 5142 omnes
3566 5096 3787 5162 gentes,

2151 5171 2360 5225 deinde
2407 5172 2605 5226 doctas
2659 5170 2957 5243 intingunt
2999 5190 3169 5245 aqua.
3219 5175 3345 5230 Non
3394 5176 3550 5232 enim
3602 5184 3790 5250 potest

2152 5259 2276 5313 ﬁeri
2310 5263 2374 5312 ut
2402 5275 2613 5330 corpus
2654 5260 2809 5315 244
2838 5260 3117 5333 baptismi
3164 5264 3404 5336 recipiat
3455 5282 3785 5335 sacramen-

2152 5350 2300 5414 tum,
2334 5347 2446 5402 nisi
2475 5348 2627 5418 {ante
2675 5348 2874 5404 anima
2916 5350 3048 5406 ﬁdei
3100 5353 3421 5425 susceperit
3465 5356 3787 5414 veritatem.

2153 5434 2529 5507 Baptizantur
2570 5440 2766 5493 autem
2817 5437 2876 5493 in
2927 5440 3162 5496 nomine
3211 5441 3417 5511 Patris,
3448 5448 3506 5500 et
3553 5444 3702 5515 Filii,
3734 5450 3791 5503 et

2223 5652 2246 5691 9
2272 5652 2376 5713 Hic
2407 5669 2640 5731 quoque
2670 5654 2911 5714 verbum
2939 5671 3058 5714 ecce
3096 5654 3275 5715 Palat.
3309 5671 3452 5717 mss.
3485 5655 3784 5717 omittunt.
