4058 6190
371 409 488 466 299

827 399 1326 465 TRANSLATIO
1371 403 1879 467 HOMILIARUM
1924 405 2291 466 ORIGENIS
2337 405 2412 465 IN
2461 408 2753 469 LUCAM.
2789 441 2866 453 —
2895 404 3326 473 PROLOGUS.

3663 418 3785 476 230

1094 851 1220 955 S.
1277 852 1955 956 EUSEBII
2025 854 3055 958 HIERONYMI

1525 1158 2085 1222 STRIDONENSIS
2127 1159 2621 1221 PRESBYTERI

741 1441 1396 1589 TBANSLATIO
1501 1440 2160 1590 HOMILIARUM
2261 1443 2752 1591 ORIGENIS
2852 1447 2954 1593 IN
3059 1447 3404 1596 LUGAM

1404 1791 1523 1853 AD
1563 1789 1924 1855 PAULAM
1963 1792 2090 1856 ET
2122 1792 2715 1858 EUSTOCHIUM.

1639 2309 2280 2401 PROLOGUS
2303 2304 2487 2403 “‘90).

420 2861 568 2918 245
603 2860 740 2915 Ante
765 2873 968 2930 paucos
997 2857 1118 2914 dies
1145 2855 1515 2929 quorumdum
1554 2855 1612 2910 in
1655 2854 1963 2911 Matthwum
1991 2857 2044 2910 et
2074 2857 2134 2910 in
2161 2857 2363 2913 Lucam
2412 2858 2843 2916 Commentarios
2894 2877 2984 2918 vos
3036 2863 3230 2933 legisse
3266 2864 3506 2930 dixistis,
3555 2882 3584 2921 e
3633 2870 3755 2937 qui-

350 2956 450 3008 bus
480 2952 617 3006 alter
645 2956 696 3005 et
722 2948 970 3004 sensibus
1016 2945 1175 3002 hebes
1220 2954 1400 3022 esset,'
1427 2948 1482 3000 et
1527 2944 1704 3000 verbis
1721 2960 1740 3005 ;
1782 2945 1924 3000 alter
1971 2947 2030 2999 in
2073 2948 2256 3001 verbis
2305 2947 2533 3014 luderet,
2578 2950 2637 3002 in
2684 2952 2971 3004 sententiis
3013 2951 3352 3008 dormitaret.
3397 2954 3753 3020 Quamobrem

343 3041 558 3111 petistis
587 3040 666 3109 ut,
697 3037 1012 3108 contemptis
1043 3033 1350 3090 istiusmodi
1375 3033 1560 3104 nugis,
1589 3031 1788 3087 saltem
1819 3032 2058 3105 triginta
2086 3037 2138 3088 et
2167 3050 2356 3089 novem
2388 3037 2520 3105 (91).
2555 3036 2876 3090 Adamantii
2918 3040 3095 3093 nostri
3134 3039 3192 3092 in
3238 3044 3448 3097 Lucam
3494 3042 3754 3099 homilias

347 3131 494 3184 sicut
515 3130 575 3182 in
603 3126 783 3182 Graeco
814 3125 1103 3190 habentur,
1136 3125 1461 3193 interpreter
1493 3139 1510 3176 :
1540 3123 1821 3177 molestam
1850 3137 1967 3176 rem
1995 3129 2050 3176 et
2073 3129 2340 3178 tormento
2369 3123 2634 3180 similem.
2666 3126 2869 3191 alieno,
2911 3129 2970 3180 ut
2999 3129 3078 3181 ait
3109 3127 3339 3199 Tullius,
3379 3131 3654 3188 stomacho
3702 3141 3754 3188 et

347 3234 462 3274 non
487 3233 584 3273 suo
613 3215 852 3271 scribere
880 3233 899 3269 :
931 3231 1102 3286 quam
1132 3221 1311 3268 tamen
1344 3213 1545 3268 idcirco
1575 3227 1724 3266 nunc
1751 3213 1979 3281 faciam,
2010 3213 2142 3282 quia
2169 3213 2504 3268 sublimiora
2535 3229 2640 3268 non
2669 3217 2910 3285 poscitis.
2944 3216 3224 3287 Siquidem
3256 3218 3396 3272 illud
3436 3221 3575 3289 quod
3622 3223 3760 3276 olim

347 3309 536 3363 Rom
561 3314 760 3361 sancta
787 3303 1040 3360 Blasilla
1061 3304 1433 3372 ﬂagitaverat,
1466 3308 1523 3356 ut
1552 3302 1751 3371 viginti
1776 3301 2015 3372 quinque
2045 3301 2156 3371 (92)
2191 3311 2359 3356 tomos
2403 3303 2560 3357 illius
2604 3303 2662 3357 in
2718 3303 3072 3375 Matthzeum,
3120 3313 3170 3360 et
3218 3308 3460 3378 quinque
3508 3309 3648 3364 alios
3698 3311 3756 3365 in

346 3400 582 3462 Lucam,
613 3403 664 3450 et
687 3395 922 3464 triginta
949 3392 1081 3448 duos
1112 3392 1220 3462 (93)
1253 3392 1312 3446 in
1342 3391 1650 3460 Joannem,
1683 3397 1882 3445 nostra:
1905 3392 2115 3462 linguae
2138 3392 2440 3460 traderem,
2473 3408 2570 3446 nec
2600 3395 2805 3448 virium
2852 3411 3123 3465 mearum,
3175 3411 3272 3450 nec
3313 3398 3431 3462 otii,
3483 3413 3581 3452 nec
3612 3397 3757 3453 labo-

344 3487 428 3539 ris
456 3490 557 3540 est.
589 3484 910 3554 Perspicitis
939 3483 1110 3548 enim,
1140 3487 1409 3554 quantum
1458 3479 1610 3551 apud
1642 3496 1729 3534 me
1772 3483 1821 3534 et
1863 3483 2166 3536 auctoritas
2207 3485 2407 3548 vestra,
2457 3484 2506 3536 et
2557 3483 2817 3539 voluntas
2860 3485 3021 3539 valet.
3074 3486 3421 3540 Praetermisi
3462 3487 3760 3556 paululum

343 3573 758 3629 Hebraicarum
807 3570 1206 3637 Quaestionum
1247 3569 1434 3636 libros,
1469 3574 1528 3624 ut
1555 3569 1625 3622 ad
1652 3569 1950 3624 arbitrium
1978 3577 2212 3624 vestrum
2259 3570 2546 3626 lucrativis
2595 3573 2773 3642 operis
2821 3571 2955 3639 haec,
3006 3573 3412 3644 qualiacunque
3451 3583 3598 3642 sunt,
3649 3590 3759 3630 non

342 3678 484 3731 mea,
513 3661 605 3718 sed
629 3663 815 3717 aliena
843 3660 1105 3715 dictarem
1136 3676 1154 3713 :
1185 3660 1494 3728 praesertim
1518 3675 1641 3713 cum
1669 3675 1700 3713 a
1731 3659 1958 3713 sinistro
1993 3660 2230 3714 oscinem
2273 3675 2494 3715 corvum
2541 3659 2766 3714 audiam
2813 3663 3170 3716 crocitantem
3203 3661 3336 3733 (94),
3369 3666 3420 3717 et
3448 3663 3652 3718 mirum
3701 3666 3759 3718 in

340 3749 558 3804 modum
586 3750 998 3806 decunctarum
1025 3749 1213 3802 avium
1244 3747 1440 3802 ridere
1470 3746 1759 3816 coloribus,
1808 3762 1936 3800 cum
1982 3751 2126 3802 totus
2170 3750 2284 3817 ipse
2331 3749 2650 3803 tenebrosus
2696 3750 2788 3803 sit.
2842 3752 3042 3804 Fateor
3086 3751 3269 3821 itaque
3315 3755 3612 3820 antequam
3660 3752 3758 3806 ille
3843 3781 3848 3788 -

341 3837 589 3909 objiciet,
621 3840 683 3894 in
712 3837 797 3892 his
827 3836 1115 3907 Origenem
1144 3835 1470 3891 tractatibus
1501 3836 1660 3906 quasi
1684 3850 1918 3906 puerum
1949 3835 2062 3906 (95)
2091 3833 2230 3890 talis
2259 3834 2445 3891 ludere
2475 3855 2493 3890 :
2525 3837 2647 3892 alia
2674 3841 2799 3891 sunt
2830 3838 3020 3892 virilia
3047 3840 3190 3909 ejus,
3223 3843 3276 3894 et
3319 3841 3438 3894 alia
3465 3842 3756 3895 senectutis

417 4152 592 4224 (1-90)
614 4151 782 4224 Hanc
811 4149 1102 4224 ipsemet;
1131 4149 1358 4224 integro
1396 4146 1817 4224 praefationem,
1849 4163 1988 4224 pos-

417 4165 592 4224 (ιονυ)
623 4165 782 4208 uane
811 4166 998 4224 ipsam
1034 4166 1102 4205 ex
1131 4165 1358 4221 integro
1396 4165 1817 4220 praemuonem,
1833 4165 1958 4274 dpos

341 4230 564 4280 strema
593 4223 873 4279 duntaxat
902 4222 1143 4294 periodo
1170 4221 1530 4294 detruncata,
1563 4220 1770 4275 recitat
1797 4236 1830 4274 a
1869 4291 1881 4294 _
1901 4219 1958 4274 in

339 4295 558 4368 vidium
606 4291 938 4368 Origeniani
989 4293 1246 4368 nominis
1294 4291 1642 4368 Hieronymo
1673 4291 1988 4347 creandum

340 4367 592 4422 Ruﬁnus
621 4364 1024 4422 Inv'ectivarum
1052 4364 1152 4419 lib.
1189 4381 1251 4430 ιι,
1284 4380 1447 4419 num.
1478 4364 1568 4417 21.

413 4438 528 4508 (9|)
557 4437 905 4494 Suﬁ‘ecimus
945 4453 1014 4492 ex
1038 4435 1233 4508 Ruﬁni
1266 4434 1508 4508 lectione
1540 4449 1852 4508 numerum
1883 4436 1985 4489 tri-

335 4504 497 4578 ginta
512 4504 577 4564 et
602 4525 812 4575 novem,
842 4508 1036 4580 quiin
1061 4505 1311 4580 vulgatis
1330 4511 1524 4580 _a_ntea_
1552 4504 1727 4580 libris
1768 4506 1984 4580 deerat,

337 4576 404 4652 ut
433 4595 660 4652 omnes,
692 4576 878 4652 atque
906 4579 1048 4634 adeo
1075 4649 1084 4652 Α
1107 4576 1291 4652 multo
1330 4577 1422 4632 his
1471 4576 1666 4652 plures
1719 4577 1986 4652 homilias

336 4651 399 4706 in
431 4651 648 4707 Lucam
679 4669 749 4708 ex
768 4647 1125 4706 hdamantio
1166 4649 1368 4704 Latine
1411 4647 1736 4704 reddidisse
1763 4649 1985 4704 videre-

333 4727 451 4778 tur.
483 4723 629 4779 Nam
662 4723 846 4779 multo
875 4721 1072 4795 plures
1101 4721 1284 4776 fuisse
1312 4720 1386 4775 ab
1417 4719 1660 4795 origene
1681 4719 1980 4795 elucubra-

334 4800 448 4861 tas,
509 4795 569 4849 in
627 4791 895 4867 preﬁxa'
924 4794 1061 4848 huic
1123 4798 1282 4848 tomo
1340 4791 1671 4863 praefatione
1727 4791 1981 4846 ostendi-

337 4882 493 4921 mus.

407 4938 519 5009 (92)
548 4936 770 4994 Vitiose
800 4941 856 4992 et
889 4935 1035 5009 falso
1066 4934 1162 5009 hic
1192 4933 1499 5009 legebatur,
1521 4936 1726 5009 antea,
1741 4934 1984 5009 triginta

331 5003 450 5081 sese,
463 5003 731 5081 itemque
765 5024 943 5081 penes
972 5003 1273 5081 Ruﬁnum,
1295 5007 1500 5081 viginti
1515 5020 1636 5059 sex.
1661 5003 1819 5081 Nihil
1847 5020 1980 5058 vero

333 5075 734 5135 dubitavimus
765 5075 1105 5145 restituere,
1138 5078 1334 5147 viginti
1379 5079 1638 5147 quinque,
1669 5075 1823 5146 quod
1876 5091 1979 5130 nec

374 5149 532 5207 lures
565 5168 669 5207 nec
699 5151 1003 5223 pauciores
1030 5149 1276 5223 ipsemet
1306 5147 1692 5220 Hieronymus
1740 5147 1797 5223 in
1846 5163 1980 5223 pro-

331 5166 532 5275 piures
565 5168 669 5207 nec
699 5167 1003 5223 pauciores
1030 5166 1276 5220 ipsemet
1306 5166 1692 5220 meronymus
1740 5166 1797 5201 In
1846 5166 1978 5219 pro-

355 5237 462 5294 ogo
493 5225 792 5280 Comment.
841 5225 901 5276 in
947 5221 1259 5276 Matt/meum
1289 5227 1581 5294 numeret.
1617 5220 1852 5294 Legisse,
1886 5218 1978 5272 in-

377 5288 483 5363 u'it,
514 5311 604 5350 me
630 5296 808 5367 fateor
843 5297 972 5349 ante
1012 5307 1191 5347 annos
1232 5288 1512 5367 plurimos
1558 5291 1618 5367 in
1664 5288 1979 5346 Matt/laeum

381 5361 586 5435 rigenis
630 5361 850 5421 stratam
896 5379 1151 5426 QUINQUE
1195 5361 1524 5435 volumina:
1556 5361 1614 5414 in
1647 5377 1977 5435 quem__nu-

331 5431 562 5492 merum
592 5441 650 5492 et
679 5435 968 5492 Eusebius
999 5433 1291 5491 consentit
1320 5431 1420 5486 lib.
1461 5447 1516 5485 vx
1567 5433 1765 5486 Eccles.
1815 5433 1975 5497 Hist.,

329 5523 458 5589 cap.
492 5509 582 5562 36.
616 5507 746 5564 Hinc
775 5523 1004 5580 quoque
1033 5510 1198 5560 vetus
1229 5508 1352 5559 erat
1378 5502 1684 5558 verissima
1713 5502 1882 5559 lectio
1919 5503 1975 5557 in

327 5577 755 5661 olilmnyulgatis
788 5575 1410 5661 Invectiv‘arum‘Ruﬁni
1430 5573 1758 5658 codicibus.
1834 5646 1856 5661 η

402 5650 518 5722 (93)
550 5645 655 5724 Ηῖθ
683 5667 913 5724 quoque
965 5648 1112 5705 falso
1141 5645 1443 5724 editilibri
1475 5661 1678 5724 omnes
1709 5646 1973 5724 praefere-

325 5719 508 5797 bant,
526 5719 756 5802 triginta
779 5719 994 5796 nbvem,
1026 5724 1128 5779 aut
1155 5719 1391 5790 triginta
1420 5721 1672 5794 quatuor,
1721 5732 1826 5799 pro
1873 5719 1974 5776 tri-

2098 4151 2257 4219 ginta
2286 4150 2439 4223 duos,
2467 4167 2642 4223 quam
2691 4150 2999 4207 lectionem
3048 4169 3116 4208 ex
3165 4152 3359 4207 Ruﬁni
3407 4152 3742 4209 testimonio

2100 4221 2501 4292 reposuimus;
2521 4223 2808 4278 Eusebius
2845 4224 3015 4278 modo
3061 4223 3295 4278 laudato
3339 4226 3491 4279 Hist.
3544 4225 3742 4281 Eccles.

2099 4291 2246 4348 libro
2277 4294 2426 4348 duos
2456 4299 2683 4348 tantum
2717 4298 2772 4348 et
2795 4293 3040 4363 vinginti
3058 4309 3126 4349 ex
3148 4294 3255 4350 hac
3284 4295 3556 4351 universa
3585 4295 3750 4352 Com—

2100 4365 2523 4436 mentariorum
2564 4369 2734 4436 strue
2778 4366 2936 4418 novit
2969 4381 2980 4420 :
3012 4381 3212 4422 verum
3245 4367 3492 4423 fortasse
3528 4372 3586 4423 et
3638 4369 3739 4436 ibi,

2096 4435 2332 4502 triginta
2372 4435 2528 4502 duos,
2563 4434 2872 4507 legendum
2921 4441 3027 4493 est.
3075 4437 3241 4493 Nunc
3287 4438 3380 4493 vix
3425 4434 3743 4512 supersunt

2097 4521 2324 4560 novem.

2167 4576 2277 4645 (94)
2308 4575 2711 4632 Calumniatur
2740 4579 3009 4648 Ruﬁnus,
3058 4580 3244 4636 notari
3287 4580 3380 4634 hic
3413 4582 3517 4636 abs
3550 4581 3742 4634 Hiero-

2096 4664 2269 4719 nymo
2300 4649 2410 4704 sub
2438 4649 2593 4722 corvi
2614 4649 2859 4722 nomine
2896 4652 2956 4707 S.
3003 4651 3378 4706 Ambrosium
3411 4669 3423 4705 :
3479 4650 3737 4722 primum

2095 4735 2163 4794 ex
2192 4735 2291 4794 eo,
2311 4719 2451 4794 quod
2481 4719 2624 4790 apud
2653 4721 2873 4794 Latinos
2901 4724 3073 4794 ipsius
3103 4731 3314 4794 tantum
3344 4726 3395 4775 et
3437 4719 3553 4794 non
3593 4721 3737 4794 alte-

2094 4793 2242 4864 rius,
2271 4793 2331 4864 in
2375 4792 2592 4864 Lucam
2617 4792 3082 4864 ﬂCommentarius
3131 4793 3406 4864 ferebatur
3449 4809 3467 4844 :
3519 4792 3733 4860 deinde,

2093 4862 2248 4937 quod
2272 4863 2586 4937 ipsiusmet
2614 4863 2946 4937 Hieronymi
2969 4862 3144 4936 penes
3175 4879 3237 4918 se
3266 4863 3506 4937 haberet
3535 4866 3734 4937 cpisto-

2093 4935 2238 5007 tam,
2257 4935 2316 4988 in
2346 4951 2473 5007 qua,
2505 4935 2603 4990 hoc
2633 4935 2925 5007 ipsum'de
2969 4935 3099 4990 aliis
3144 4950 3430 5007 excusans
3465 4935 3526 4988 in
3572 4936 3734 4990 illum

2090 5006 2514 5077 (Ambrosium)
2567 5005 2889 5062 converterit
2941 5007 3325 5077 suspicionem.
3385 5005 3565 5061 Nemo
3630 5024 3734 5062 au-

2089 5081 2206 5130 tem
2237 5076 2322 5131 vel
2349 5079 2546 5147 jurato
2577 5077 2786 5132 Ruﬁno
2838 5076 3054 5144 credat,
3103 5077 3161 5132 id
3211 5077 3426 5133 sentire
3477 5077 3547 5132 de
3595 5079 3731 5132 Am-

2087 5147 2283 5202 brosio
2311 5148 2568 5220 potuisse
2598 5147 2656 5202 S.
2690 5149 3072 5220 Partrem,rqui
3106 5165 3239 5205 eum
3271 5148 3508 5220 plurimi
3537 5150 3733 5220 conti-

2090 5234 2205 5272 nuo
2249 5219 2400 5285 fecit,
2434 5234 2538 5273 nec
2587 5235 2716 5273 raro
2763 5219 2822 5274 in
2873 5219 3193 5276 suislibris
3241 5219 3302 5276 re
3353 5223 3490 5275 nata
3535 5219 3735 5276 lauda-

2088 5289 2190 5342 vit.

2160 5359 2271 5435 (95)
2323 5358 3046 5435 Restituimus,_puerum,
3106 5379 3209 5435 pro
3271 5379 3385 5435 quo
3453 5363 3732 5435 mendose

2087 5430 2407 5503 legebatur,
2449 5433 2670 5486 iterum.
2715 5430 2846 5506 Mox
2898 5430 3150 5506 quoilue,
3200 5430 3404 5503 ludere,
3457 5434 3732 5506 emenda:

2088 5519 2241 5573 mus,
2276 5518 2376 5573 pro
2408 5509 2701 5578 corrupto,
2735 5505 2977 5578 luderem
3005 5505 3205 5578 {quas
3244 5505 3522 5578 lectiones
3552 5522 3619 5560 ex
3647 5505 3729 5578 rei

2086 5589 2411 5650 sensusque
2439 5574 2702 5650 veritate,
2737 5576 2924 5650 Raﬁni
2958 5574 3198 5650 insuper
3228 5577 3544 5650 accedente
3566 5576 3729 5631 testi-

2086 5644 2304 5721 monio,
2335 5644 2807 5720 comprobemus.
2843 5648 2950 5706 Pro
2974 5644 3116 5707 talis'
3145 5649 3206 5707 in
3254 5648 3384 5707 aliis
3413 5646 3581 5706 libris
3619 5651 3728 5721 est,

2086 5717 2320 5777 tabulis.
