4058 6190
308 311 434 375 233

813 303 1312 369 TRANSLATIO
1353 307 1860 372 HOMILIARUM
1906 309 2276 374 ORIGENIS
2317 313 2396 405 IN
2444 315 2740 381 LUCAM.
2772 352 2850 366 —
2877 323 3150 389 HOMIL.
3194 329 3246 390 Ι.

3608 341 3727 401 234

312 459 442 514 nes,
473 444 532 497 et
561 439 753 496 Lucas
782 455 900 494 non
931 443 1071 495 sunt
1092 439 1281 495 conati
1304 438 1559 496 scribere
1582 457 1596 509 ;
1621 439 1723 496 sed
1744 439 1963 513 Spiritu
1991 442 2048 510 Α
2077 445 2426 517 Dei,quibus
2458 446 2619 504 illam
2651 450 2948 524 aspiciunt
2973 457 3072 526 qui
3105 465 3418 522 merentur.
3452 463 3628 527 Porro
3658 471 3721 528 in

313 534 520 590 sancto
550 529 711 604 pleni
745 528 1110 602 scripserunt
1137 529 1467 603 Evangelia.
1490 529 1658 586 Multi
1681 530 1860 604 igitur
1879 548 1970 588 co-

312 621 442 680 nati
475 623 612 677 sunt
641 618 915 676 ordinare
945 617 1338 676 narrationem
1385 620 1457 676 de
1487 619 1578 676 bis
1610 620 1806 693 rebus,
1839 637 1966 693 quas

313 707 799 769 manifestissime
820 708 1063 781 cognitos
1094 713 1234 764 sunt
1254 709 1313 764 in
1344 709 1534 765 nobis.
1554 708 1808 765 Ecclesia
1827 725 1967 781 qua-

316 810 447 857 tuor
472 799 650 855 habet
678 795 1012 870 Evangelia,
1047 793 1297 854 haereses
1319 797 1574 871 plurima
1594 797 1704 871 (97)
1733 824 1745 854 :
1772 815 1802 854 e
1834 799 1964 871 qui-

309 889 426 947 bus
456 887 755 962 quoddam
786 886 1062 942 scribitur
1087 888 1413 943 secundum
1444 887 1762 961 Egyptios,
1803 887 1962 944 aliud

301 981 483 1052 juxta
511 975 816 1034 duodecim
844 975 1163 1048 apostolos.
1209 982 1407 1033 Ausus
1438 977 1548 1032 fuit
1594 982 1652 1034 et
1680 975 1964 1034 Basilides

311 1068 576 1126 scribere
600 1064 997 1138 Evangelium,
1031 1069 1088 1121 et
1116 1082 1224 1121 suo
1255 1065 1396 1121 illud
1428 1066 1665 1122 nomine
1702 1066 1958 1123 titulare.

311 1156 486 1214 Multi
518 1155 705 1213 conati
734 1157 877 1211 sunt
895 1155 1150 1211 scribere
1179 1171 1192 1212 :
1217 1156 1318 1212 sed
1343 1157 1398 1211 et
1421 1155 1589 1211 multi
1611 1156 1802 1212 conati
1825 1160 1964 1212 sunt

311 1245 604 1303 ordinare.
637 1246 900 1312 Quatuor
927 1247 1161 1299 tantum
1193 1243 1499 1316 Evangelia
1529 1248 1668 1300 sunt
1696 1244 1958 1317 probata,

307 1351 338 1392 e
368 1333 589 1408 quibus
623 1333 734 1388 sub
766 1348 1018 1405 persona
1063 1331 1295 1387 Domini
1327 1336 1384 1388 et
1431 1331 1746 1389 Salvatoris
1777 1334 1961 1390 nostri

309 1423 660 1497 proferenda
688 1425 830 1477 sunt
856 1421 1152 1494 dogmata.
1187 1419 1317 1477 Scio
1359 1421 1653 1493 quoddam
1698 1421 1960 1496 Evange-

310 1511 480 1581 lium,
505 1510 659 1584 quod
686 1509 1016 1583 appellatur
1044 1510 1368 1566 secundum
1388 1510 1700 1579 Thomam,
1723 1515 1779 1568 et
1790 1512 1961 1583 juxta

306 1601 608 1669 Mathiam,
648 1603 706 1656 et
733 1598 848 1656 alia
876 1599 1047 1672 plura
1075 1597 1348 1672 legimus,
1393 1615 1465 1656 ne
1514 1600 1656 1672 quid
1690 1601 1958 1674 ignorare

309 1691 659 1758 videremur,
684 1693 922 1762 propter
949 1704 1048 1745 eos
1073 1687 1174 1762 qui
1195 1705 1257 1745 se
1288 1693 1497 1761 putant
1535 1689 1754 1762 aliquid
1787 1690 1956 1760 scire,

309 1781 358 1838 si
388 1781 503 1836 ista
532 1777 924 1852 cognoverint.
958 1778 1068 1834 Sed
1100 1777 1158 1833 in
1191 1777 1283 1834 his
1315 1778 1591 1835 omnibus
1621 1777 1768 1834 nihil
1798 1778 1956 1834 aliud

308 1871 648 1944 probamus,
683 1867 799 1924 nisi
831 1867 987 1940 quod
1018 1866 1300 1936 Ecclesia,
1330 1867 1389 1923 id
1419 1871 1510 1924 est
1543 1872 1796 1940 quatuor
1825 1872 1956 1924 tan-

305 1965 433 2016 tum
477 1957 796 2031 Evangelia
842 1954 1192 2028 recipienda.
1251 1961 1382 2012 Haec
1440 1956 1676 2024 idcirco,
1727 1958 1866 2031 quia
1896 1956 1956 2012 in

303 2047 590 2121 principio
619 2047 840 2103 lectum
891 2051 1014 2102 est:
1074 2046 1226 2102 Multi
1274 2048 1459 2102 conati
1512 2051 1642 2102 sunt
1697 2045 1958 2102 ordinare

300 2139 684 2196 uenationem
715 2134 781 2192 de
807 2136 895 2193 his
951 2135 1118 2192 rebus
1165 2150 1289 2208 quae
1343 2136 1684 2206 conﬁrmata:
1738 2143 1866 2192 sunt
1893 2137 1954 2192 in

302 2226 478 2283 nobis.
504 2225 592 2282 Illi
613 2227 984 2282 tentaverunt
1005 2229 1180 2296 atque
1201 2224 1392 2281 conati
1415 2229 1555 2280 sunt
1575 2225 1646 2281 de
1666 2225 1758 2280 his
1779 2225 1956 2280 rebus

303 2316 588 2381 scribere,
617 2331 742 2387 qua:
773 2314 831 2369 in
872 2313 1040 2370 nobis
1091 2313 1569 2370 manifestissime
1617 2318 1757 2371 sunt
1803 2330 1956 2370 com-

306 2409 510 2479 pertas.
545 2403 817 2460 Effectum
849 2419 1026 2459 suum
1063 2403 1250 2459 Lucas
1299 2403 1521 2459 in'dicat
1547 2420 1616 2460 ex
1665 2419 1953 2476 sermone,

305 2511 428 2568 quo
481 2493 602 2550 ait:
635 2496 698 2548 In
728 2492 883 2548 nobis
928 2494 1382 2564 manifestissime
1426 2500 1552 2549 sunt
1596 2501 1840 2565 ostensa,
1895 2493 1953 2549 id

306 2588 420 2650 est,
459 2577 1044 2658 πεπληροφορημένων
1099 2583 1276 2654 (quod
1326 2599 1444 2638 uno
1491 2583 1664 2639 verbo
1715 2583 1956 2640 Latinus

306 2688 504 2728 sermo
529 2688 645 2727 non
669 2669 918 2744 explicat
948 2671 1105 2744 [98]).
1129 2673 1295 2728 Certa
1317 2671 1474 2727 enim
1498 2672 1610 2729 ﬁde
1631 2676 1688 2728 et
1733 2673 1956 2729 ratione

307 2765 680 2834 cognoverat,
713 2776 906 2832 neque
934 2760 992 2816 in
1024 2759 1220 2832 aliquo
1259 2761 1602 2827 ﬂuctuabat,
1648 2765 1845 2818 utrum
1876 2763 1957 2819 ita

306 2855 484 2919 esset,
514 2867 584 2906 an
617 2848 809 2906 aliter.
843 2853 962 2906 Hoc
992 2854 1186 2906 autem
1214 2849 1332 2906 illis
1363 2850 1570 2918 evenit,
1604 2851 1704 2923 qui
1738 2851 1954 2908 fidelis-

305 2939 461 2996 sime
512 2939 907 3012 crediderunt,
955 2943 1011 2994 et
1039 2939 1096 2994 id
1148 2938 1300 3012 quod
1350 2939 1638 3012 Propheta
1667 2941 1952 3009 obsecrat,

303 3029 605 3085 consecuti
635 3032 796 3097 sunt,
828 3031 886 3084 et
914 3027 1156 3084 dicunt:
1197 3027 1470 3100 Con/ima
1499 3045 1587 3085 me
1633 3030 1694 3084 in
1744 3045 1952 3086 sermo-

302 3118 471 3176 uilius
499 3127 611 3176 tuts
635 3118 715 3186 5‘;
765 3117 920 3174 unde
964 3121 1022 3174 et
1065 3117 1380 3190 Apostolus
1409 3118 1480 3174 de
1526 3117 1620 3173 his
1660 3117 1761 3190 qui
1791 3123 1956 3174 erant

306 3206 488 3274 ﬁrmi,
517 3206 972 3281 atquerobusti,
1004 3205 1084 3262 ait
1105 3185 1135 3262 ε.
1157 3207 1221 3264 Ut
1245 3208 1366 3262 sitis
1396 3206 1630 3262 radicati
1657 3185 1708 3263 ἐι
1733 3207 1956 3278 fundati
1984 3185 2028 3253 (ἶ

307 3299 376 3353 is
399 3296 586 3368 ﬁde“.
619 3296 678 3352 Si
709 3295 844 3368 quis
873 3294 1030 3352 enim
1061 3295 1357 3352 radicatus
1388 3297 1447 3351 in
1488 3295 1601 3351 ﬁde
1645 3299 1736 3351 est
1780 3300 1954 3368 atque

307 3386 617 3454 fundatus,
647 3385 785 3442 licet
813 3388 1132 3457 tempestas
1163 3385 1336 3440 fuerit
1365 3389 1583 3453 exorta,
1617 3383 1754 3442 licet
1798 3386 1956 3442 venti

309 3475 600 3549 ﬂaverint,
631 3474 767 3531 licet
798 3490 860 3530 se
892 3473 1080 3530 imber
1107 3473 1395 3542 effuderit,
1434 3491 1550 3530 non
1581 3473 1958 3546 convellatur,

310 3583 424 3626 nec
452 3569 702 3636 corruet,
733 3564 875 3638 quia
918 3579 1097 3636 super
1142 3568 1368 3636 petram
1419 3563 1730 3620 aedificium
1775 3563 1963 3620 solida

311 3657 472 3718 mole
502 3655 809 3713 fundatum
839 3657 929 3710 est
946 3653 1011 3707 ⁵⁸.
1038 3652 1152 3708 Nec
1173 3657 1452 3726 putemus
1473 3652 1659 3710 oculis
1687 3653 1817 3710 istis
1841 3669 1963 3709 car-

311 3746 554 3805 nalibus
584 3744 922 3800 ﬁrmitatem
953 3741 1088 3797 ﬁdei
1119 3741 1267 3808 dari,
1299 3758 1477 3812 quam
1532 3758 1698 3798 mens
1729 3747 1786 3797 et
1814 3741 1962 3797 ratio

310 3835 548 3895 tribuit.
580 3830 846 3888 [nfideles
876 3829 1092 3903 quique
1121 3830 1360 3885 credant
1398 3829 1583 3902 signis
1632 3833 1806 3902 atque
1836 3846 1966 3901 por-

311 3921 524 3991 tentis,
557 3933 686 3990 qua
713 3917 968 3974 humana
1004 3915 1157 3972 acies
1205 3921 1536 3972 contuetur.
1591 3916 1800 3972 Fidelis
1830 3934 1963 3973 vero

311 4011 516 4085 magis
541 4007 801 4083 prudens
831 4012 1007 4079 atque
1037 4007 1315 4063 robustus
1347 4005 1629 4063 rationem
1681 4011 1965 4079 sequatur

312 4107 379 4159 et
403 4099 672 4166 verbum,
702 4100 758 4153 et
776 4095 861 4152 sic
890 4095 1172 4167 dijudicet
1193 4096 1333 4167 quid
1364 4112 1586 4164 verum,
1621 4096 1834 4168 quidve
1863 4096 1965 4152 fal-

309 4205 454 4248 sum
475 4190 572 4245 sit.
609 4188 770 4244 Sicut
797 4184 1152 4241 tradiderunt
1176 4184 1353 4254 nobis,
1399 4187 1496 4256 qui
1523 4188 1592 4241 ab
1641 4187 1812 4244 initio
1858 4187 1968 4258 ipsi

313 4279 597 4344 viderunt,
619 4280 669 4332 et
688 4275 940 4330 ministri
955 4275 1182 4346 fuerunt
1200 4275 1487 4330 sermonis.
1512 4273 1575 4330 In
1603 4275 1797 4331 Exodo
1823 4276 1964 4346 scri-

311 4373 487 4442 ptum
515 4370 604 4422 est
628 4381 641 4421 :
675 4363 914 4438 Populus
942 4363 1157 4419 videbat
1176 4379 1362 4419 vocem
1380 4364 1480 4420 Dei
1508 4365 1571 4419 ⁸⁷.
1596 4365 1663 4420 Et
1682 4369 1836 4421 certe
1856 4382 1967 4420 vox

2078 533 2390 609 Evangelio
2421 554 2536 593 non
2567 555 2674 596 vox
2703 543 2980 610 cernitur,
3032 545 3134 601 sed
3182 565 3390 620 sermo,
3438 555 3540 627 qui
3587 574 3726 616 voce

2079 626 2448 696 praestantior
2472 632 2580 686 est.
2609 629 2773 688 Unde
2804 649 2961 690 nunc
2992 633 3241 694 dicitur:
3277 639 3427 698 Sicut
3458 626 3539 700 ab
3565 647 3729 706 initio

2079 715 2425 773 tradiderunt
2454 721 2629 792 nobis,
2665 724 2764 794 qui
2798 741 2833 778 a
2879 726 3154 799 principio
3201 729 3310 801 ipsi
3352 730 3628 808 viderunt,
3675 742 3731 795 et

2077 808 2326 862 ministri
2351 809 2582 878 fuerunt
2610 815 2890 868 sermonis.
2926 814 3110 887 Igitur
3139 818 3388 890 apostoli
3427 821 3540 894 ipsi
3569 821 3726 883 vide-

2079 899 2216 951 runt
2245 913 2574 954 sermonem
2601 900 2763 970 :Inon
2796 903 2935 974 quia
2976 912 3324 977 aspexerant
3367 926 3582 984 corpus
3611 911 3730 970 Do-

2075 985 2221 1040 mini
2250 985 2584 1055 Salvatoris,
2618 990 2717 1044 sed
2741 991 2881 1063 quia
2899 993 3144 1050 verbum
3166 996 3456 1055 viderunt.
3483 1000 3543 1056 Si
3568 1002 3726 1059 enim

2067 1075 2238 1147 juxta
2257 1091 2470 1149 corpus
2491 1078 2778 1135 vidissent
2801 1080 3025 1154 Jesum,
3049 1083 3158 1141 hoc
3179 1089 3287 1154 est,
3315 1087 3417 1144 Dei
3438 1083 3726 1148 vidissent

2073 1180 2428 1235 sermonem,
2460 1183 2596 1240 ergo
2643 1172 2699 1225 et
2727 1168 2954 1227 Pilatus
2994 1173 3094 1244 qui
3140 1176 3570 1249 condemnavit,
3605 1195 3728 1236 ser-

2073 1271 2306 1344 monem
2338 1254 2440 1312 Dei
2468 1256 2633 1330 vidit,
2665 1261 2722 1314 et
2749 1259 2929 1316 Judas
2960 1261 3240 1336 proditor,
3273 1269 3330 1322 et
3383 1283 3587 1325 omnes
3617 1269 3725 1344 qui

2071 1343 2503 1400 clamaverunt:
2538 1346 2580 1380 ⁵³
2635 1347 2920 1421 Cruciﬁge,
2951 1352 3230 1425 cruci/iac,
3279 1370 3423 1428 eum,
3475 1354 3613 1414 tolle
3645 1343 3726 1416 ide

2070 1436 2246 1502 terra,
2278 1433 2455 1490 talem
2488 1434 2588 1491 Dei
2616 1436 2887 1493 viderunt
2915 1456 3268 1498 sermonem.
3318 1439 3431 1500 Sed
3475 1443 3627 1503 absit
3658 1450 3724 1502 ut

2071 1523 2385 1596 quisquam
2418 1525 2756 1582 incredulus
2781 1543 3112 1585 sermonem
3136 1531 3236 1587 Dei
3259 1531 3488 1590 viderit.
3509 1531 3720 1592 Videre

2071 1629 2401 1670 sermonem
2435 1614 2555 1681 Dei,
2589 1614 2706 1671 tale
2751 1620 2843 1672 est
2900 1617 3071 1690 quale
3117 1619 3380 1677 Salvator
3436 1621 3554 1679 ait:
3612 1623 3720 1694 Qui

2066 1701 2215 1758 videt
2242 1719 2349 1772 me,
2376 1702 2522 1758 videt
2552 1711 2606 1760 et
2632 1703 2855 1760 Patrem
2883 1708 2980 1778 qui
3011 1709 3158 1764 misit
3194 1726 3281 1766 me
3301 1707 3365 1766 ⁸³.
3414 1709 3567 1767 Sicut
3594 1721 3714 1768 tra-

2066 1789 2325 1847 diderunt
2341 1795 2496 1849 nobis
2516 1795 2614 1864 qui
2631 1811 2666 1849 a
2681 1796 2956 1867 principio
2975 1795 3082 1868 ipsi
3104 1797 3377 1868 viderunt,
3399 1803 3452 1855 et
3472 1803 3720 1858 ministri

2062 1879 2291 1950 fuerunt
2343 1882 2624 1939 sermonis.
2687 1882 2850 1938 Clam
2925 1885 3089 1940 Lucae
3146 1886 3520 1945 sermonibus
3575 1891 3716 1945 edo-

2067 1984 2286 2038 cemur,
2317 1971 2470 2042 quod
2513 1972 2824 2042 cujusdam
2855 1972 3128 2029 doctrinas
3159 1975 3296 2030 finis
3327 1975 3406 2032 sit
3449 1973 3580 2049 ipsa
3608 1978 3711 2034 do-

2065 2057 2272 2124 ctrina,
2304 2057 2546 2114 alterius
2575 2075 2707 2114 vero
2737 2059 3013 2116 doctrinas
3043 2061 3178 2117 finis
3221 2062 3280 2117 in
3328 2079 3499 2136 opere
3548 2081 3707 2122 com-

2064 2150 2320 2218 putetur.
2362 2145 2533 2202 Verbi
2583 2147 2806 2220 gratia:
2857 2149 3108 2205 Scientia
3151 2151 3482 2224 geometriae
3529 2153 3710 2211 finem

2063 2234 2239 2291 habet
2268 2235 2457 2307 ipsam
2497 2238 2725 2291 tantum
2774 2235 3084 2294 scientiam
3135 2244 3312 2312 atque
3358 2241 3706 2299 doctrinam.

2061 2323 2188 2380 Alia
2216 2340 2348 2380 vero
2376 2324 2620 2380 scientia
2647 2327 2755 2392 est,
2780 2325 2951 2397 cujus
2977 2326 3114 2384 finis
3143 2345 3289 2401 opus
3317 2329 3493 2403 exigit
3517 2348 3530 2389 :
3552 2329 3710 2388 velut

2063 2412 2124 2468 in
2159 2413 2450 2469 medicina
2469 2417 2696 2485 oportet
2727 2431 2820 2470 me
2848 2415 3136 2472 rationem
3167 2422 3225 2472 et
3254 2418 3531 2492 dogmata
3559 2420 3710 2477 scire

2065 2502 2271 2558 medici
2282 2519 2388 2573 nae,
2408 2519 2522 2558 non
2544 2504 3028 2562 uttantummodo
3042 2506 3300 2563 noverim
3314 2507 3456 2581 quid
3469 2507 3714 2566 debeam

2066 2590 2272 2658 facere,
2303 2591 2406 2646 sed
2439 2595 2504 2646 ut
2536 2589 2766 2662 faciam,
2811 2591 2867 2647 id
2926 2597 3037 2663 est,
3087 2599 3152 2652 ut
3203 2612 3395 2653 secem
3452 2596 3713 2667 vulnera,

2063 2679 2283 2736 victum
2303 2680 2671 2736 moderatum
2689 2681 3160 2754 castigatumque
3181 2684 3513 2758 disponam,
3536 2691 3713 2742 aestus

2064 2767 2314 2824 febrium
2338 2769 2396 2824 in
2429 2769 2666 2840 pulsum
2696 2785 2978 2826 venarum
3008 2772 3278 2840 sentiam,
3312 2779 3378 2829 ut
3405 2772 3716 2829 curationi-

2063 2857 2176 2914 bus
2207 2857 2440 2930 cyclicis
2460 2857 2774 2913 humorum
2796 2859 3218 2917 abundantiam
3240 2861 3474 2930 siccam,
3493 2866 3712 2933 tempe-

2064 2963 2190 3002 rem
2219 2950 2393 3018 atque
2423 2945 2792 3018 restringam.
2826 2947 2960 3011 Quae
2993 2948 3043 3002 si
3087 2948 3221 3019 quis
3252 2953 3484 3004 tantum
3516 2949 3716 3005 scierit

2064 3040 2122 3090 et
2150 3051 2266 3092 non
2298 3049 2471 3106 opera
2517 3034 2692 3088 fuerit
2748 3033 3124 3102 subsecutus,
3182 3052 3352 3092 cassa
3408 3037 3519 3092 erit
3581 3038 3710 3110 ejus

2065 3120 2562 3198 scientia._Simile
2593 3120 2733 3192 quid
2783 3119 3039 3177 scientiae
3083 3122 3384 3180 medicina:
3423 3128 3481 3180 et
3527 3125 3709 3198 operi,

2063 3211 2238 3268 etiam
2270 3195 2566 3266 in'notitia
2594 3208 3038 3282 ministerioque
3069 3212 3360 3269 sermonis
3390 3216 3520 3269 est:
3561 3195 3714 3272 Sicut

2064 3300 2420 3357 tradiderunt
2448 3299 2602 3354 nobis
2650 3300 2809 3371 quia
2853 3299 3126 3372 principio
3174 3303 3284 3373 ipsi
3327 3302 3606 3373 viderunt,
3661 3306 3712 3360 et

2064 3390 2319 3445 ministri
2355 3390 2580 3459 [uerunt
2621 3389 2907 3444 sermonis.
2966 3387 3040 3444 Ut
3095 3405 3163 3444 ex
3217 3407 3284 3446 eo
3331 3392 3486 3462 quod
3544 3389 3711 3461 dixit,

2067 3480 2181 3552 ipsi
2207 3477 2480 3547 viderunt,
2504 3475 2829 3532 doctrinam
2866 3480 2923 3532 et
2955 3477 3260 3534 scientiam
3292 3479 3634 3552 signiﬁcari,
3659 3483 3718 3537 et

2070 3584 2138 3624 ex
2160 3583 2226 3624 eo
2255 3566 2412 3638 quod
2442 3564 2606 3636 dixit,
2637 3565 2891 3620 ministri
2913 3567 3143 3637 fuerunt
3170 3569 3456 3637 sermonis,
3481 3569 3719 3625 demon-

2070 3655 2243 3712 strari
2300 3669 2477 3727 opera
2533 3669 2980 3727 cognoscamus.
3039 3655 3292 3714 Assecuto
3339 3659 3712 3731 aprincipio:

2075 3747 2258 3801 Visum
2285 3747 2366 3800 est
2393 3745 2443 3799 et
2471 3744 2614 3798 mihi
2661 3747 2912 3799 assecuta
2960 3745 3028 3800 ab
3079 3746 3282 3802 initio:
3341 3739 3597 3803 inculcat
3650 3758 3718 3803 ac

2071 3832 2334 3905 replicat,
2367 3831 2646 3903 quoniam
2677 3848 2744 3886 ea
2774 3843 2904 3903 quae
2957 3833 3288 3905 scripturus
3314 3838 3422 3901 est,
3469 3850 3584 3890 non
3615 3851 3715 3890 ru-

2072 3938 2232 3978 more
2262 3920 2616 3992 cognoverit,
2649 3921 2749 3976 sed
2782 3921 2854 3976 ab
2878 3921 3046 3977 initio
3077 3921 3204 3995 ipse
3238 3923 3413 3978 fuerit
3441 3938 3720 3980 consecuo-

2076 4015 2193 4067 tus.
2231 4010 2390 4067 Unde
2431 4013 2489 4064 et
2517 4009 2590 4064 ab
2637 4009 2912 4081 Apostolo
2960 4011 3166 4066 merito
3215 4010 3601 4081 collaudatur,
3633 4011 3720 4066 di-

2073 4105 2240 4157 cente
2269 4115 2282 4152 :
2313 4099 2477 4171 Cujus
2513 4097 2636 4153 laus
2665 4100 2725 4154 in
2753 4099 3052 4168 Evangelio
3081 4104 3161 4155 est
3187 4116 3285 4171 per
3306 4115 3492 4154 omnes
3540 4100 3721 4157 Eccle-

2072 4192 2187 4246 sias
2207 4190 2273 4244 ⁸ο.
2307 4188 2424 4244 Hoc
2453 4186 2611 4243 enim
2643 4187 2715 4242 de
2745 4187 2906 4242 nullo
2955 4186 3066 4242 alio
3115 4187 3351 4254 dicitur,
3398 4192 3458 4244 et
3505 4187 3620 4244 nisi
3649 4189 3721 4246 de

2076 4279 2233 4334 Luca
2262 4277 2488 4332 dictum
2519 4275 2807 4330 traditur:
2851 4277 3034 4331 Visum
3063 4279 3144 4331 est
3173 4280 3225 4332 et
3251 4278 3395 4332 mihi
3425 4286 3666 4335 assecuta
3685 4293 3726 4335 α

2071 4368 2346 4440 principio
2376 4367 2561 4420 omnia
2613 4363 2909 4432 diligenter
2963 4381 3034 4420 ea:
3088 4365 3281 4422 ordine
3311 4367 3416 4422 tibi
3467 4368 3725 4435 scribere,

311 4456 560 4513 auditur
575 4453 738 4527 prius
755 4469 934 4526 quam
954 4452 1210 4522 videtur;
1232 4453 1332 4509 sed
1353 4457 1659 4525 propterea
1679 4454 1964 4526 scriptum
1999 4500 2042 4528 η
2074 4456 2276 4527 optime
2306 4451 2596 4524 Theophila
2624 4452 2763 4524 (99).
2786 4454 2959 4511 Putat
2987 4453 3222 4528 aliquis,
3255 4457 3408 4528 quod
3435 4457 3507 4512 ad
3537 4456 3721 4511 Theo-

1995 4500 2043 4565 D

313 4550 429 4616 est,
465 4549 530 4602 ut
556 4543 962 4600 ostenderetur
991 4541 1161 4598 nobis
1193 4541 1324 4598 aliis
1346 4541 1533 4598 oculis
1551 4542 1746 4600 videre
1765 4561 1963 4601 vocem
1995 4541 2042 4565 ¹¹
2076 4543 2306 4618 philum
2329 4541 2668 4616 quempiam
2690 4542 3067 4616 Evangelium
3087 4544 3376 4602 249-52
3398 4543 3718 4616 scripserit:

389 4673 438 4707 “
463 4668 620 4726 Psal.
675 4684 871 4734 cxvm,
901 4667 996 4740 287.
1043 4738 1062 4740 _
1103 4668 1146 4702 ⁵⁵
1184 4666 1514 4740 Ephes.m,
1551 4668 1638 4723 17.

315 4743 364 4778 ³⁰
390 4744 564 4800 Joan.
595 4757 712 4809 xw,
743 4740 798 4794 9.
875 4740 921 4774 ⁶⁰
950 4739 999 4795 ΙΙ
1031 4738 1160 4795 Cor.
1191 4738 1317 4810 vin,
1353 4739 1438 4795 18.

395 4863 509 4948 (97)
531 4863 764 4948 _Viti_ose
793 4863 1175 4936 praeferebant
1191 4863 1343 4948 ‘editi
1384 4868 1554 4948 antea
1593 4865 1748 4937 libri,
1772 4867 1973 4948 pluri-

319 4933 458 5010 mas,
489 4933 550 5010 id
582 4941 673 4992 est
699 4933 970 5010 hereses,
1000 4936 1245 5010 cum_de
1293 4933 1864 5010 pseudo-evangeliis
1896 4943 1975 5010 to-

318 4983 550 5068 i3;
573 4983 766 5080 sermo
795 5007 890 5080 sit.
925 4983 1103 5062 P,orro
1152 5006 1272 5062 hac
1293 4983 1450 5080 ‘pene
1510 5008 1581 5064 ad
1636 4983 1973 5064 vegbum'in

319 5098 430 5138 sua
459 5078 766 5152 transtulit
805 5079 1216 5152 Dieronymus,
1248 5078 1416 5152 quod
1478 5095 1656 5152 supra
1707 5085 1974 5137 notatum

318 5159 434 5218 est,
508 5151 737 5206 Praefat.
801 5149 1169 5206 Commentar.
1231 5149 1296 5205 in
1349 5149 1700 5209 Matthaéum.
1771 5151 1977 5208 Recole

321 5241 454 5297 quae
483 5227 543 5279 et
561 5238 668 5278 nos
697 5220 778 5277 ibi
806 5221 1206 5278 observamus.

395 5363 1041 5448 (98)__Hieronymi.boc
1095 5381 1223 5421 esse
1279 5364 1764 5448 additamentum,
1819 5368 1975 5438 quod

323 5435 662 5513 parenthesi
693 5435 1069 5505 inclusimus,
1103 5453 1274 5493 nemo
1307 5453 1420 5492 non
1452 5436 1650 5492 sentit.
1695 5437 1757 5492 Id
1790 5435 1978 5510 genus

319 5511 450 5590 alia
475 5508 722 5590 inferius
763 5513 1260 5590 occurrunthquze
1289 5507 1715 5590 audacioribus
1763 5511 1980 5590 criticis

319 5581 543 5660 9:111:29
574 5581 648 5636 de
676 5579 1168 5660 scriptis-Ignatii
1187 5597 1243 5652 p.
1268 5580 1381 5660 _439
1409 5585 1465 5660 et
1493 5596 1656 5660 seqq.
1668 5623 1683 5651 ,
1727 5583 1784 5660 et
1817 5580 1980 5660 _Mat-

319 5655 478 5716 theo
510 5651 891 5724 Larroquano
931 5651 998 5707 in
1047 5651 1635 5710 Animadversionibus’
1681 5651 1752 5710 ad
1805 5653 1983 5710 Pear-

614 5781 882 5850 Puaon.
925 5777 1139 5848 XXVI.

1749 4670 1794 4705 ⁵⁸
1826 4669 2033 4726 Matth.
2074 4687 2174 4739 vn,
2221 4671 2310 4726 25.
2387 4669 2428 4704 ⁵⁷
2472 4668 2650 4725 Exod.
2709 4684 2800 4739 xx,
2862 4669 2948 4723 18.

3053 4668 3288 4724 σηοω).
3349 4683 3467 4739 xxx,
3514 4665 3570 4739 6,
3631 4665 3721 4721 15.

2081 4869 2346 4923 sonianas
2373 4866 2577 4938 [gnatii
2603 4865 2899 4938 vindicias,
2928 4879 3061 4938 pag.
3090 4863 3161 4938 94
3213 4868 3270 4918 et
3301 4880 3488 4938 seqq.,
3537 4863 3729 4920 fraudi

2083 4940 2342 5006 fuerunt,
2391 4943 2455 4993 ut
2499 4937 2672 4993 hasce
2701 4936 2974 5009 homilias
3015 4936 3722 5009 Adamantio_perperam

2085 5011 2512 5082 abjudicarent,
2545 5008 2850 5079 Latinique
2890 5021 3020 5061 esse
3067 5007 3325 5082 hominis
3374 5007 3554 5082 fetum
3594 5021 3731 5064 con-

2087 5079 2408 5138 tenderent.
2469 5080 2585 5136 Nos
2637 5095 2743 5134 suo
2787 5093 3106 5151 quamque
3146 5079 3277 5151 loco
3348 5079 3732 5151 objectionem

2087 5158 2288 5209 contra
2316 5152 2508 5223 operis
2537 5148 2982 5223 germanitatem
3018 5149 3371 5223 refellemus.

2157 5225 2270 5294 (99)
2298 5216 2776 5294 Sc'bedac'Grabii
2806 5225 2864 5275 et
2908 5220 3287 5294 (_1_ombefisii‘:
3320 5220 3481 5282 Εἰκὸς
3508 5216 3730 5294 sicco-

2089 5287 2382 5368 Xapsivetv
2421 5291 2598 5368 «9&4,
2644 5289 2740 5368 ὅτε
2775 5288 3027 5368 Θεοφίλῳ
3072 5293 3178 5346 τινὶ
3225 5289 3424 5368 ἔγρςψε
3468 5290 3737 5368 “solidat

2130 5361 2298 5434 ἑλιον,
2331 5364 2392 5425 ’ὃς
2442 5362 2516 5424 εἷς
2565 5361 2638 5434 ἦνΔ
2677 5365 2783 5434 τῶν
2829 5361 3447 5434 πι’ᾳτεὺσαντων.’οὗέος
3493 5362 3623 5432 ζέων
3659 5361 3742 5434 ςεῷ

2130 5387 2298 5434 εΛιΟν,
2333 5387 2392 5425 ος
2442 5387 2516 5424 εις
2565 5387 2632 5430 τιν
2677 5387 2783 5416 των
2829 5387 3245 5420 πιστευσαντων.
3282 5387 3447 5425 υυτος
3493 5387 3623 5432 ςεων
3663 5387 3736 5433 τψ

2089 5387 2361 5508 Evadunt
2411 5435 2500 5489 καὶ
2550 5431 2845 5522 ᾁτξλῄστως
2897 5431 3040 5522 ἔχων
3079 5435 3200 5522 napi
3231 5436 3366 5522 ,τὰς’
3398 5431 3736 5522 τοξΙΚυρίου

2088 5503 2306 5584 modist;
2364 5526 2421 5584 re
2477 5504 2566 5558 καὶ
2609 5503 2809 5584 λόγορς
2844 5528 2856 5540 ·
2910 5503 3072 5584 {ivncta
3122 5503 3290 5584 Erro-ist
3341 5503 3734 5584 ἀσφαλέστὲερν

2091 5573 2181 5656 xui
2211 5573 2285 5633 ’τὰ
2335 5581 2428 5632 νῦν
2456 5577 2858 5656 *γεγροεμμὲναε
2914 5573 3135 5656 νᾼλλος
3174 5575 3231 5656 di:
3278 5573 3462 5656 appetit,
3513 5573 3740 5656 ξτι-’ἒὰχ

2091 5653 2285 5716 πάντες
2334 5643 2592 5707 τοιοῦίςοῖ
2622 5643 2770 5725 ὦμεν
2823 5650 2900 5714 ὡς
2957 5650 3262 5728 ἀγαπᾶσθαι
3291 5643 3413 5705 ’ὐλπὸ
3449 5643 3557 5704 ’τοῦ
3604 5643 3741 5702 Θεοῦ
