4058 6190
406 336 527 403 235

1657 338 1722 399 S.
1768 335 2082 401 EUSEBII
2124 334 2570 398 HIERONYMI

3694 332 3815 399 236

407 487 612 529 omnes
642 468 744 544 qui
772 484 880 527 nos
912 466 1128 525 auditis
1150 466 1477 541 loquentes,
1497 469 1547 525 si
1568 468 1712 526 tales
1732 469 1960 532 fueritis
1980 473 2047 526 ut
2073 476 2128 544 Α
2159 467 2405 524 dicatur.
2437 466 2530 523 Sic
2560 470 2617 522 et
2648 464 2929 522 Dominus
2960 468 3159 522 noster
3201 462 3379 522 Jesus
3411 461 3683 523 Christus
3712 483 3811 525 ex-

404 557 733 633 diligamlni
763 575 798 614 a
824 556 960 626 Deo,
988 560 1045 613 et
1072 573 1174 613 vos
1204 556 1515 629 Theophili
1547 557 1709 629 estis,
1742 561 1799 615 et
1845 558 1918 614 ad
1947 574 2051 614 vos

401 644 781 720 Evangelium
810 643 1106 701 scribitur.
1140 643 1200 700 Si
1232 644 1366 716 quis
1393 644 1753 717 Theophilus
1787 649 1895 713 est,
1939 644 2050 701 iste

400 734 659 808 optimus
679 736 738 790 et
752 733 1109 790 fortissimus
1126 736 1236 801 est,
1254 732 1362 789 hoc
1379 733 1456 805 (1)
1477 734 1692 806 quippe
1712 732 2050 806 signiﬁcan-

395 822 520 880 tius
540 821 735 880 Graeco
757 837 1027 880 sermone
1048 821 1266 878 dicitur
1290 820 1598 897 κράτιστος.
1648 822 1828 878 Nemo
1859 821 2049 879 Theo-

395 909 597 985 philus
625 911 899 969 inﬂrmus
924 914 1034 968 est.
1080 911 1149 967 Et
1194 911 1484 984 quomodo
1524 911 1810 984 scriptum
1853 915 1943 969 est
1976 914 2047 969 de

397 999 616 1075 populo
641 999 842 1070 Israel,
898 1000 1132 1074 quando
1177 998 1586 1073 egrediebatur
1613 1017 1682 1057 ex
1709 1004 1946 1075 ΑΕΒ-γριο
1976 1001 2042 1071 εί,

396 1090 555 1164 quod
586 1106 703 1147 non
734 1088 909 1148 fuerit
935 1090 996 1146 in
1037 1088 1313 1146 tribubus
1343 1104 1544 1146 eorum
1576 1089 1848 1147 infirmus
1874 1107 1886 1146 :
1938 1091 2042 1161 sic,

394 1184 462 1237 ut
488 1180 768 1238 audacter
801 1178 1031 1251 loquar,
1064 1178 1256 1236 dicam
1288 1179 1442 1252 quod
1474 1179 1668 1236 omnis
1710 1180 1813 1251 qui
1860 1180 2044 1237 Theo-

392 1269 594 1345 philus
613 1273 722 1339 est,
745 1268 824 1326 sit
843 1268 1142 1335 robustus,
1170 1268 1393 1325 habens
1436 1268 1836 1325 fortitudinem
1868 1269 2042 1326 robu-

390 1363 546 1417 stam
578 1376 613 1416 a
631 1363 768 1426 Deo,
790 1361 1073 1430 tanquam
1096 1376 1131 1414 a
1151 1374 1419 1415 sermone
1439 1359 1589 1429 ejus,
1614 1362 1679 1415 ut
1699 1374 2045 1431 cognoscere

390 1448 581 1522 possit
609 1463 812 1505 eorum
842 1448 1176 1514 verborum,
1210 1447 1429 1517 quibus
1459 1447 1731 1504 conditus
1761 1452 1870 1514 est,
1900 1448 2045 1505 veri.

388 1541 595 1611 tatem,
618 1536 954 1609 intelligens
985 1552 1317 1593 sermonem
1349 1536 1645 1609 Evangelii
1673 1536 1735 1593 in
1788 1537 2040 1609 Christo,

388 1626 485 1684 cui
523 1626 711 1699 gloria
737 1624 799 1682 in
830 1624 1045 1682 secula
1074 1624 1442 1682 saeculorum.
1480 1631 1689 1682 Amen.

1010 1730 1304 1789 HOMILIA
1343 1730 1414 1787 II.

2158 556 2353 612 hihuit
2383 556 2496 611 sibi
2553 554 2869 628 gloriosam
2927 553 3269 625 Ecclesiam,
3319 570 3436 611 non
3496 553 3810 615 habentem

2159 645 2451 702 maculam
2480 645 2562 701 ‘3:
2597 662 2713 702 non
2750 643 2889 717 quia
2923 642 3354 701 ecclesiasticus
3387 644 3471 699 vir
3504 660 3810 718 nunquam

2156 735 2427 791 habuerit
2457 733 2751 791 maculam
2776 752 2790 804 ;
2816 733 2918 790 sed
2949 732 3088 805 quia
3108 749 3487 811 nequaquam
3508 731 3666 790 ultra
3691 750 3812 793 ma-

2156 823 2384 880 culetur
2411 840 2424 881 :
2454 840 2569 881 non
2600 823 2914 880 habentem
2945 838 3179 895 rugam,
3211 838 3328 878 non
3361 821 3518 894 quod
3539 838 3687 897 ruga
3713 839 3811 881 ve-

2154 913 2296 970 teris
2318 913 2576 970 hominis
2600 914 2660 969 in
2694 929 2759 969 eo
2789 911 3108 984 aliquando
3141 926 3259 968 non
3290 910 3486 982 fuerit,
3514 912 3617 969 sed
3649 913 3809 986 quod

2153 1019 2283 1058 eam
2313 1002 2528 1059 habere
2557 1001 2817 1059 desierit.
2850 1005 2915 1058 In
2941 1001 3100 1057 hunc
3116 1000 3357 1058 modum
3390 1003 3448 1057 et
3477 999 3625 1057 illud
3653 1002 3808 1073 quod

2153 1092 2442 1164 sequitur,
2466 1094 2555 1148 est
2573 1089 3047 1164 intelligendum,
3076 1092 3142 1145 ut
3163 1090 3235 1146 sit
3262 1097 3454 1146 sancta
3472 1091 3524 1147 et
3541 1090 3808 1147 immacu-

2153 1180 2289 1249 lata,
2321 1196 2436 1236 non
2462 1180 2617 1252 quod
2650 1196 2683 1235 a
2712 1178 2999 1251 principio
3027 1176 3408 1235 immaculata
3454 1177 3667 1236 fuerit:
3695 1178 3806 1237 hoc

2151 1268 2311 1324 enim
2342 1268 2632 1340 suspicari
2655 1267 2894 1339 quidem
2922 1267 2994 1323 de
3012 1266 3250 1323 homine
3274 1282 3390 1323 non
3412 1270 3624 1339 potest,
3648 1267 3808 1339 quod

2151 1357 2348 1413 anima
2376 1358 2505 1429 ejus
2529 1355 2831 1413 maculosa
2860 1373 2975 1412 non
3006 1355 3218 1425 fuerit;
3252 1356 3354 1413 sed
3385 1355 3542 1428 quod
3572 1362 3809 1427 repute-

2150 1451 2249 1501 tur
2269 1462 2416 1518 pura
2438 1449 2611 1519 atque
2631 1444 2883 1515 sincera,
2905 1460 3032 1516 quae
3053 1443 3335 1501 maculari
3358 1442 3514 1501 ultra
3534 1444 3797 1503 desierit.

2149 1534 2282 1591 Haec
2310 1534 2525 1591 idcirco
2547 1534 2826 1604 diximus,
2857 1538 2924 1589 ut
2947 1534 3289 1590 doceremus
3309 1549 3480 1606 posse
3492 1532 3805 1591 hominem

2149 1624 2223 1680 ob
2252 1622 2310 1679 id
2344 1623 2497 1695 quod
2528 1639 2768 1696 peccare
2800 1621 3029 1692 desivit,
3070 1621 3265 1679 vocari
3296 1622 3517 1693 absque
3566 1627 3806 1694 peccato

2149 1715 2205 1768 et
2234 1711 2701 1769 immaculatum.
2735 1711 2899 1768 Unde
2922 1715 2980 1767 et
2991 1710 3471 1768 manifestissime
3493 1711 3566 1767 de
3584 1710 3808 1769 Zacha-

388 1824 476 1877 ρο
501 1834 562 1877 ϐο
592 1817 730 1892 quod
748 1820 1013 1903 scriptum
1031 1823 1146 1875 est:
1180 1840 1210 1870 α
1231 1819 1404 1876 Eram
1430 1822 1614 1876 autem
1632 1821 1777 1892 just,-
1794 1820 1955 1878 ambo
1975 1823 2037 1877 ίη
2068 1846 2118 1913 Β
2150 1800 2238 1857 ria
2266 1805 2324 1858 et
2351 1800 2645 1858 Elisabeth
2676 1800 2989 1858 scribitur:
3023 1802 3196 1913 Erant
3225 1800 3376 1871 justi
3402 1800 3641 1857 amboin
3669 1816 3805 1859 con-

457 1889 742 1975 consjiectu
767 1889 885 1975 Dei,
914 1891 1264 1975 ambulantes
1291 1893 1354 1946 in
1382 1889 1646 1975 omnibus
1675 1892 1955 1975 mandatis
1982 1898 2036 1950 et
2068 1889 2118 1913 ”
2145 1894 2329 1962 specta
2357 1891 2456 1947 Dei
2483 1890 2854 1947 ambulantes.
2884 1890 2950 1945 In
2978 1889 3237 1947 omnibus
3260 1897 3454 1946 autem
3471 1897 3636 1946 eram
3654 1890 3809 1963 justi

445 1961 935 2035 justiﬁcationibus
962 1963 1182 2019 Domini
1208 1964 1332 2018 sine
1360 1963 1602 2033 querela.
1637 1984 1668 2014 »
1697 1963 1837 2036 cap.
1865 1981 1904 2019 ι.

457 2067 567 2135 Qui
593 2067 800 2125 volunt
835 2067 1090 2141 peccatis
1112 2067 1235 2125 suis
1253 2068 1564 2125 obtendere
1580 2067 1841 2142 aliquam
1862 2086 2034 2127 excu-

385 2155 699 2229 sationem,
731 2156 1069 2213 existimant
1097 2156 1325 2213 nullum
1358 2173 1488 2214 esse
1518 2158 1742 2231 absque
1770 2163 2029 2231 peccato,

384 2248 444 2302 et
471 2248 720 2303 utuntur
745 2243 1080 2301 testimonio
1111 2245 1268 2318 quod
1323 2246 1385 2301 in
1439 2247 1546 2302 Job
1589 2246 1877 2319 scriptum
1907 2253 2028 2306 est:

381 2334 551 2392 Nemo
577 2333 818 2391 mundus
845 2350 881 2390 a
897 2333 1075 2402 sorde,
1097 2351 1198 2391 nec
1223 2336 1275 2391 si
1302 2336 1469 2391 unius
1488 2334 1710 2406 quidem
1727 2335 1844 2392 diei
1856 2338 2032 2408 fuerit
2056 2326 2068 2339 ’

383 2423 498 2478 vita
525 2425 650 2495 ejus
692 2438 858 2495 super
899 2426 1126 2480 terram.
1166 2423 1545 2480 Numerabiles
1590 2428 1774 2480 autem
1817 2441 2031 2483 menses

378 2510 504 2583 ejus
521 2509 590 2567 ".
621 2511 804 2583 Cujus
831 2527 1045 2568 sonum
1066 2514 1462 2568 tantummmo
1493 2512 1816 2584 proferunt,
1848 2515 2028 2571 inter-

378 2598 770 2671 pretationem
792 2599 1028 2672 penitus
1042 2598 1399 2673 ignorantes.
1421 2600 1716 2657 Adversus
1737 2610 1885 2673 qdos
1906 2602 2031 2660 bre-

375 2688 525 2744 vitor
546 2687 1055 2760 respondebimus,
1087 2688 1368 2761 quoniam
1393 2687 1618 2759 absque
1638 2694 1875 2760 peccato
1899 2707 2027 2749 esse

374 2775 438 2832 in
468 2775 786 2850 Scripturis
813 2776 1124 2850 dupliciter
1149 2775 1533 2851 intelligitur:
1562 2781 1629 2833 ut
1648 2778 1726 2834 sit
1749 2778 2023 2849 alterum,

374 2880 683 2938 nunquam
712 2865 954 2923 omnino
982 2881 1293 2939 peccasse:
1327 2864 1602 2931 alterum,
1635 2882 1877 2938 peccare
1923 2869 2023 2925 de-

370 2952 564 3011 siisse.
588 2952 647 3010 Si
676 2953 857 3027 igitur
878 2954 1045 3011 aiunt
1074 2971 1209 3011 eum
1240 2954 1463 3027 absque
1492 2959 1728 3027 peccato
1758 2956 1894 3024 dici,
1923 2959 2023 3030 qui

370 3056 679 3113 nunquam
722 3044 1067 3115 peccaverit,
1097 3047 1156 3100 et
1201 3060 1309 3100 nos
1354 3043 1733 3113 assentimus,
1788 3043 2021 3103 nullum

368 3144 499 3186 esse
518 3129 743 3201 absque
762 3136 1019 3203 peccato,
1034 3132 1173 3203 quia
1189 3148 1394 3188 omnes
1414 3131 1682 3189 homines
1703 3132 2021 3206 aliquando

2143 1980 2300 2036 ambo
2322 1983 2450 2036 ante
2470 1980 2788 2048 Dominum,
2821 1977 3130 2036 incedentes
3159 1980 3226 2035 in
3248 1977 3531 2035 mandatis
3553 1983 3607 2035 et
3633 1980 3805 2051 iusti-

2140 2068 2489 2139 ﬁcationibus
2520 2069 2747 2124 Domini
2784 2069 2906 2125 sine
2933 2067 3180 2138 querela.
3213 2065 3564 2141 Diligentius
3593 2066 3806 2126 laudes

2141 2158 2428 2214 Zacharias
2459 2161 2517 2214 et
2545 2155 2863 2224 Elisabeth,
2896 2173 3044 2228 quas
3092 2159 3331 2213 sanctus
3381 2156 3568 2213 Lucas
3596 2156 3654 2213 in
3689 2173 3809 2215 sua

2141 2246 2347 2303 scribit
2397 2246 2662 2313 historia,
2723 2244 3225 2319 contemplemur:
3278 2260 3415 2302 non'
3442 2249 3680 2302 tantum
3729 2251 3806 2305 ut

2139 2335 2396 2392 sciamus
2416 2334 2552 2392 illos
2586 2335 2769 2392 fuisse
2788 2333 3139 2406 laudabiles,
3171 2334 3272 2397 sed
3305 2337 3370 2391 ut
3398 2338 3674 2392 sanctum
3710 2351 3808 2394 ze-

2136 2423 2261 2480 lum
2293 2427 2683 2491 assumentes,
2718 2422 2895 2480 etiam
2924 2422 3039 2494 ipsi
3062 2421 3237 2480 laude
3252 2422 3423 2496 digni
3447 2423 3802 2484 efﬁciamur.

2139 2512 2413 2570 Potuerat
2442 2512 2790 2585 simpliciter
2822 2510 3096 2580 scribere,
3129 2518 3291 2568 erant
3324 2512 3469 2583 justi
3493 2511 3663 2570 ambo
3694 2512 3801 2587 (3),

2137 2601 2486 2658 ambulantes
2510 2602 2574 2656 in
2603 2599 2855 2657 omnibus
2900 2599 3185 2657 mandatis
3204 2619 3229 2667 ;
3255 2616 3414 2656 nunc
3462 2604 3660 2658 autem
3690 2618 3804 2659 ne-

2136 2689 2390 2746 cessario
2416 2689 2674 2761 additur,
2697 2689 2843 2761 justi
2869 2687 3028 2745 ambo
3077 2691 3139 2744 in
3191 2696 3475 2762 conspectu
3520 2690 3637 2747 Dei.
3689 2690 3805 2749 Po-

2133 2780 2249 2841 test
2277 2778 2496 2850 quippe
2525 2777 2674 2847 fieri,
2706 2780 2774 2833 ut
2804 2776 2884 2833 sit
2913 2774 3129 2850 aliquis
3151 2777 3355 2850 justus
3385 2777 3446 2833 in
3475 2783 3804 2852 conspectu

2132 2865 2464 2935 hominum,
2498 2866 2600 2923 sed
2633 2866 2695 2922 in
2726 2870 3046 2939 conspectu
3077 2865 3179 2939 Dei
3211 2883 3351 2924 non.
3384 2867 3557 2924 Verbi
3579 2868 3802 2943 gratia,

2132 2955 2369 3027 quando
2401 2972 2518 3012 non
2540 2954 2718 3011 habet
2737 2955 2913 3012 homo
2936 2955 3094 3027 quod
3115 2955 3187 3012 de
3211 2972 3306 3012 me
3327 2955 3479 3013 male
3493 2955 3802 3033 loquatur,

2131 3047 2189 3099 et
2217 3042 2278 3098 in
2309 3059 2404 3100 me
2433 3043 2711 3099 universa
2754 3038 3133 3100 considerans
3179 3043 3328 3100 nihil
3373 3044 3465 3101 cui
3495 3044 3798 3116 detrahat,

2132 3131 2366 3205 reperit,
2389 3132 2593 3204 justus
2622 3148 2757 3188 sum
2785 3130 2847 3187 in
2877 3134 3196 3205 conspectu
3229 3130 3557 3189 hominum.
3606 3133 3800 3208 Finge

366 3216 740 3291 peccavimus
770 3217 868 3291 (2),
895 3216 1032 3275 licet
1051 3223 1253 3291 postea
1271 3218 1550 3275 virtutem
1574 3221 1759 3297 secuti
1786 3238 2016 3281 sumus.
2049 3214 2092 3282 C
2129 3236 2333 3277 omnes
2346 3222 2418 3277 de
2436 3237 2529 3277 me
2540 3220 2823 3294 aequalem
2838 3220 3054 3278 habere
3066 3221 3440 3293 sententiam,
3456 3225 3794 3295 etquaerere

366 3304 430 3362 Si
458 3321 593 3363 vero
625 3306 711 3363 sic
740 3304 1081 3378 intelligunt
1109 3305 1409 3361 hominem
1455 3323 1574 3362 non
1626 3323 1754 3365 esse
1802 3312 2024 3384 absque

361 3399 629 3468 peccato,
661 3398 730 3450 ut
759 3398 974 3467 negent
1004 3394 1343 3467 quempiam
1373 3399 1506 3467 post
1545 3394 1688 3452 vitia
1733 3397 1814 3454 ita
1858 3417 1920 3456 se
1951 3402 2023 3458 ad

358 3481 608 3539 virtutes
641 3482 878 3551 referre,
913 3486 980 3539 ut
1012 3499 1317 3556 nunquam
1368 3482 1608 3540 omnino
1626 3490 1842 3557 peccet,
1875 3488 2026 3546 falsa

362 3584 567 3627 eorum
599 3571 888 3629 sententia
917 3577 1025 3629 est.
1059 3573 1256 3629 Potest
1274 3572 1433 3629 enim
1464 3571 1611 3645 ﬁeri,
1660 3578 1728 3629 ut
1757 3575 1857 3647 qui
1889 3582 2023 3636 ante

357 3658 703 3731 peccaverit,
735 3663 794 3717 et
820 3677 1061 3734 peccare
1094 3661 1389 3730 desiverit,
1431 3661 1562 3718 sine
1609 3667 1843 3734 peccato
1893 3682 2023 3725 esse

428 3764 474 3802 ⁶¹
506 3765 788 3840 Psal.clv,
815 3769 906 3825 37.
982 3769 1028 3806 ⁸³
1048 3769 1179 3827 Job.
1198 3785 1316 3836 xxv,
1341 3769 1394 3839 4,
1420 3768 1476 3825 5.
1553 3768 1599 3804 ⁸³
1619 3768 1829 3842 Ephes.
1853 3789 1908 3845 ν,
1925 3774 2019 3845 27,

355 3869 772 3964 ιιᾳὶὶξειλεῖςθαι,
812 3874 1083 3964 ρεᾴῗιλοί
1126 3875 1556 3964 ’ἐεξξεγιγιξζαηι
1595 3878 1830 3964 fortasse
1885 3896 2020 3964 non:

356 3945 513 4004 nulli
539 3945 1043 4029 quibus-uidebitur
1071 3945 1536 4029 ad_Theophilum
1582 3945 1877 4029 quemdam
1922 3957 2020 4029 qui

359 4034 509 4090 unus
537 4018 568 4074 e
620 4018 876 4090 ﬁdelibus
928 4024 1066 4087 erat,
1124 4019 1502 4088 Evangelium
1555 4020 1854 4090 scripsisse.
1910 4018 2019 4081 ilic

356 4088 571 4161 Spiritu
599 4088 844 4162 fervens,
873 4101 925 4149 et
970 4091 1296 4149 insatiabili
1340 4104 1542 4144 amore
1590 4088 1780 4161 captus
1820 4095 2014 4152 verbo;

354 4164 564 4233 rumet
591 4163 881 4218 actionum
939 4164 1185 4228 Domini,
1232 4162 1480 4233 securior
1521 4161 1689 4217 etiam
1722 4165 1904 4233 factus
1932 4172 2014 4224 est

352 4230 455 4286 ubi
482 4229 857 4306 hsec__scripta
911 4243 1059 4292 sunt.
1092 4236 1265 4299 Alius,
1301 4232 1436 4306 dicit
1491 4229 1843 4306 nosmetipsos
1896 4253 2012 4296 esse

351 4316 539 4359 omnes
574 4300 923 4377 Theophilos,
951 4309 1003 4362 si
1029 4308 1167 4363 tales
1220 4305 1497 4377 fuerimus
1534 4306 1659 4360 ut'a
1700 4300 1812 4362 Deo
1857 4324 2007 4366 ame-

350 4388 485 4429 mur
512 4379 566 4429 et
593 4373 927 4444 diligamur.
959 4373 1228 4434 Rumusf
1566 4394 1569 4401 ’

422 4443 500 4517 (1)
529 4443 750 4521 Iterum
792 4462 862 4504 ex
889 4447 1227 4521 interpretis
1260 4445 1506 4521 calamo,
1558 4462 1699 4521 non”
1726 4451 1999 4520 auctoris,

348 4514 526 4592 hocce
554 4517 795 4575 additur
840 4514 1108 4576 comma:
1138 4519 1324 4592 quod
1355 4517 1511 4587 enim
1566 4517 1625 4572 in
1659 4518 1855 4576 Graeco
1887 4514 1999 4592 est,

345 4586 653 4664 κράτιστᾳς,
711 4594 786 4664 et
823 4592 1058 4664 proprie
1110 4586 1477 4664 fortissimum
1532 4594 1723 4659 sonat,
1788 4586 1999 4650 Latina;

343 4659 890 4735 versionis‘codices
918 4659 1186 4735 6ptimum
1210 4663 1688 4735 interpretantur.

414 4730 847 4807 (_2_)_Monen_du_s
874 4730 965 4807 est
992 4732 1173 4807 lector
1208 4730 1452 4789 Mariam
1505 4730 1808 4807 Virginem
1862 4750 1988 4807 spe.

342 4799 482 4874 ciali'
504 4800 607 4857 Dei
655 4802 957 4874 privilegio
1014 4806 1088 4862 ab
1147 4804 1255 4860 hac
1313 4799 1654 4874 exemptam,
1702 4799 1988 4863 censura:

339 4869 601 4950 ideoque
627 4869 978 4950 monendus,
1011 4877 1151 4950 quia
1179 4869 1501 4950 Origenes;
1527 4877 1592 4927 ut
1641 4873 1893 4950 inferius
1917 4878 1990 4935 ad

338 4940 546 5027 homil.
579 4944 649 5027 14.
686 4940 999 5027 dicendum
1027 4940 1396 5027 'est,__ips'arn
1448 4960 1682 5026 quoque
1738 4946 1849 5002 sub
1879 4948 1989 5027 hac

337 5015 605 5070 omnium
633 5015 942 5075 hominum
971 5015 1314 5077 infirmitate
1343 5015 1525 5077 impio
1545 5015 1912 5075 abnumerat.

407 5085 483 5166 (3)
514 5086 748 5166 Scheda;
805 5089 1045 5166 Cimbii:
1092 5096 1273 5166 :Hcav_
1312 5085 1374 5166 δξ
1426 5085 1624 5166 Sinnio:
1686 5087 1985 5166 dppdnspot

334 5152 565 5232 ἐνώτὶειρν
591 5162 690 5213 τοῦ
713 5163 872 5232 βεφῦ.
920 5161 1043 5232 Ναὶ,
1089 5158 1307 5223 ἔπαινός
1357 5158 1469 5232 ἐστι
1514 5152 1745 5232 τὲλειοξ,
1777 5152 1858 5232 ίτὸ
1898 5152 1981 5215 ἐἷ-

333 5247 418 5281 ναι
440 5225 673 5301 Αδίκαιρν
709 5228 938 5285 ἐνώπιον
977 5225 1075 5287 rei}
1124 5237 1276 5288 Θεοῦ.
1325 5230 1498 5301 Αὐτὸς
1536 5230 1652 5301 γὰρ
1704 5225 1980 5301 ἐπίσταται

333 5250 418 5281 ναι
467 5250 673 5284 οικαιον
709 5250 938 5285 ενωπιον
977 5254 1075 5287 του
1124 5250 1276 5288 υεου.
1325 5250 1498 5291 Αυτος
1589 5250 1652 5301 ap
1704 5250 1980 5288 επισταται

328 5295 554 5375 καρδίας
598 5299 693 5355 ἀνθ
732 5302 927 5371 ώπων,
980 5304 1040 5366 ὃς
1094 5304 1255 5378 μόνον
1303 5300 1441 5357 οἶδεν
1494 5250 1656 5371 ἆξῖως
1707 5300 1980 5359 ἐπαινέσαι

329 5369 420 5424 τὸν
479 5321 801 5448 ἒπαιῖετςῖλ,
849 5375 939 5448 nui
995 5380 1101 5448 rod
1166 5378 1363 5448 ψεκτοῦ
1417 5374 1517 5441 τήν
1578 5373 1770 5448 κρζσινΔ
1816 5374 1978 5448 ἀξίως

787 5418 801 5443 ,
852 5408 939 5430 λιιι
995 5408 1092 5429 ἰυυ
1167 5408 1363 5445 Ψιῆϋυυ
1419 5408 1444 5427 ἰ
1459 5408 1517 5441 ην
1579 5408 1622 5445 Ib;

326 5441 1038 5521 πριῆσαιςιέπειδῇι’βλέπε-ι
1087 5441 1273 5521 esse
1310 5447 1531 5521 κρυπτῷ
1578 5441 1666 5521 xui
1716 5441 1974 5521 odpdvov

2129 5449 2178 5504 2d
2206 5441 2463 5521 latentes
2535 5447 2733 5521 habeat
2803 5450 3159 5521 cogitationes

322 5513 422 5599 τᾲς
466 5513 708 5591 πράξεις,
757 5513 901 5573 ἀλλὰ
942 5518 1031 5573 καὶ
1080 5516 1209 5580 τοὺς
1238 5513 1583 5591 ’λοῨισμοῦᾳ
1634 5513 1823 5639 Γυςινῆ
1871 5519 1975 5594 γὰρ

325 5588 473 5639 αυτῶ
501 5589 608 5639 τῶν
656 5590 993 5639 πραγμάτων
1024 5592 1058 5639 ἢ
1093 5589 1249 5639 (etiam
1296 5588 1598 5639 Θεωυεῖται.
1640 5605 1709 5639 κα
1780 5588 1809 5639 ὁ
1857 5610 1975 5639 σκο-

325 5588 473 5676 “imi,
501 5588 608 5641 τῶν
656 5590 993 5676 πραγῆάῖοίν
1024 5592 1059 5661 ἡ
1093 5589 1253 5676 vdo-i3
1296 5588 1598 5676 Θέωρεῖξξιι,
1640 5588 1730 5641 καὶ
1779 5588 1978 5676 ξδ’ςίιιό.

318 5655 424 5751 διὸς
444 5654 1156 5753 διαταγριῖταίξἋνθρώπὸι
1203 5658 1263 5723 δὶ
1309 5654 1417 5723 οὐχ’
1457 5654 1634 5721 citium
1672 5656 1792 5719 κατ’
1823 5660 1969 5742 ἀξίαν
2084 5654 2325 5727 Eunus.

2133 3308 2276 3381 quid
2307 3308 2618 3365 detrahant
2646 3308 2812 3378 mihi,
2844 3314 2904 3365 et
2931 3313 3130 3367 tamen
3158 3308 3419 3367 invenire
3448 3327 3565 3368 non
3588 3327 3793 3384 posse,

2132 3398 2232 3453 sed
2267 3414 2522 3454 consono
2553 3413 2648 3454 me
2677 3413 2777 3454 ore
2802 3396 3081 3455 laudare:
3105 3399 3309 3471 justus
3348 3415 3480 3456 sum
3530 3400 3592 3455 in
3618 3416 3798 3458 Icon-

2132 3490 2335 3558 spectu
2369 3486 2677 3543 hominum
2732 3485 3163 3559 plurimorum;
3220 3505 3423 3545 verum
3471 3488 3794 3549 hominum

2131 3590 2248 3630 non
2279 3578 2369 3631 est
2398 3578 2620 3631 certum
2641 3575 2957 3648 judicium.
2990 3576 3274 3633 Nesciunt
3296 3577 3454 3633 enim
3487 3582 3687 3635 utrum
3720 3579 3792 3637 in

2130 3663 2471 3720 abscondito
2490 3663 2683 3720 cordis
2700 3664 2814 3721 mei
2830 3663 3148 3737 aliquando
3167 3665 3548 3739 peccaverim,
3572 3671 3793 3735 utrum

2128 3874 2402 3955 ἐπαινέσαι
2436 3919 2449 3947 ,
2478 3873 2615 3955 ﬁte
2656 3872 2722 3945 δὴ
2801 3876 2938 3955 πρὸς
2987 3877 3050 3932 τὸ
3107 3876 3429 3955 φᾳινιξμενογ
3500 3877 3741 3955 ὁρῷντξς
3768 3921 3788 3951 ,

2127 3942 2444 4043 ἀγχοοῦὲρτεά
2474 3943 2533 4043 δξ
2558 3947 2627 4001 τὰ
2654 3942 3023 4043 κέκρυρᾇένασ
3054 3942 3195 4043 πέρ’,
3213 3942 3295 4012 οἷξ
3324 3949 3430 4043 πρὸ
3457 3942 3786 4043 tritinia-3

2122 4015 2248 4095 γόῑρς
2306 4022 2341 4089 ἡ
2392 4015 2785 4095 πεπλανημέγὴ
2826 4015 2968 4095 ’δὸξᾳ
3011 4015 3283 4095 πολλάκις
3331 4015 3645 4095 ιιΰημςρεῖ.Δ
3672 4023 3787 4079 Καὶ

2124 4090 2321 4179 ἑτέέως
2352 4089 2457 4179 μξχ
2483 4088 2862 4179 αὖτοὶέὲτέρως
2910 4088 3058 4179 δὲίτὸ
3089 4094 3249 4179 ,θεῖογ
3280 4088 3592 4179 τοὺξβίὸυς
3621 4089 3786 4179 80:3-

2125 4157 2301 4234 μάζει·
2348 4157 2774 4247 ἔνδέχεταίγᾶῥ
2798 4204 2817 4229 ,
2864 4162 3000 4217 κατὰ
3045 4163 3143 4290 53v
3192 4163 3256 4217 τὸ
3303 4157 3625 4242 φαινόμενον
3685 4161 3784 4220 δί-

2118 4253 2269 4287 καιον
2296 4230 2445 4311 θῖνας
2458 4251 2578 4311 ngat
2607 4231 2855 4311 ἐνῳπιονΔ
2886 4238 2992 4311 τιῖέν
3111 4234 3365 4311 θρώπωψ
3413 4235 3549 4311 κατὰ
3574 4232 3668 4311 *δὲ’
3708 4236 3784 4294 τὸ

2116 4303 2347 4378 κρυπτὸν
2380 4309 2482 4379 τῆς
2514 4300 2754 4379 διαγοίας
2791 4304 2866 4379 μὴ
2918 4305 3053 4360 εἶναι
3098 4300 3368 4379 τόιρῦτον,
3412 4303 3783 4379 ἐμφωλεύον-

2113 4373 2207 4453 rae
2236 4373 2589 4453 nsutmiéuou
2609 4373 2913 4453 λργισρρὺς
2964 4397 3102 4453 πονῃ
3113 4377 3261 4453 ρούς.
3291 4373 3574 4453 Τόιοῦδιόνη
3592 4398 3648 4432 τι
3676 4379 3781 4435 καὶ

2113 4396 2207 4437 τας
2236 4396 2397 4445 κεκτη
2411 4396 2567 4446 μενον
2610 4396 2913 4501 semustos:
2964 4396 3261 4453 πονηρους.
3292 4396 3546 4434 ἰνοιουτον
3592 4398 3648 4432 τι
3676 4396 3778 4435 και

2113 4443 2590 4525 ὁ-Ποιῑξλιξςῂδηλοῖ
2626 4445 2754 4525 ὅτσιιί
2777 4515 2793 4525 ἱ
2817 4447 2922 4525 in}
2949 4447 3075 4525 crept
3120 4469 3305 4525 τινωνο
3338 4454 3434 4525 :Qv
3467 4451 3496 4505 ὁ
3548 4447 3778 4514 ἔπαινος

2112 4517 2210 4593 ρύκ
2331 4515 2650 4593 ἀγθρῴπων,
2702 4515 2829 4571 ἀλλ’
2864 4515 2950 4593 ’ἕλε
2979 4515 3076 4593 to?)
3126 4524 3279 4578 θεοῦ.
3336 4522 3517 4581 Erant
3563 4527 3777 4581 autem

2030 4578 2077 4644 D
2099 4591 2249 4662 justi
2277 4578 2453 4646 ambo
2484 4590 2544 4645 in
2577 4578 2888 4663 conspectu
2919 4591 3043 4648 Dei.
3074 4595 3193 4663 Ipse
3215 4578 3369 4650 enim
3390 4578 3777 4653 inovit’corda

2104 4663 2392 4736 hominum
2419 4663 2552 4732 quia
2576 4662 2726 4729 solus
2756 4664 2859 4736 scit
2890 4664 3060 4736 digne
3082 4662 3312 4721 laudare
3330 4665 3689 4736 laudabilem,
3709 4674 3776 4725 et

2102 4733 2265 4807 digne
2284 4733 2542 4807 judicare
2568 4733 2991 4807 vituperabilem
3016 4739 3323 4807 :quoniam
3370 4736 3520 4794 videt
3565 4739 3629 4792 in
3669 4733 3770 4793 oc-

2100 4806 2265 4873 culto,
2290 4805 2395 4879 nec
2421 4805 2599 4860 solum
2644 4805 2908 4875 actiones,
2956 4806 3050 4862 sed
3069 4805 3128 4863 et
3167 4810 3541 4879 cogitationes.
3598 4807 3773 4867 Nuda

2098 4880 2249 4933 enim
2278 4878 2387 4949 ipsi
2409 4892 2595 4932 rerum
2624 4885 2834 4932 natura
2862 4878 3301 4949 conspicitur,’et
3339 4895 3531 4952 scapus
3558 4895 3588 4936 e
3669 4879 3771 4936 lo—

2098 4958 2256 5005 ratus
2284 4952 2381 5004 est.
2438 4948 2691 5003 Homines
2748 4956 2933 5004 autem
2986 4951 3235 5006 nesciunt
3281 4950 3447 5007 diane
3497 4895 3764 5007 lagae-0.

2097 4958 2256 5005 ratus
2284 4952 2381 5004 est.
2418 4949 2691 5021 Homines
2748 4956 2933 5021 autem
2986 4951 3235 5006 nesciunt
3281 4949 3447 5021 digne
3497 4949 3764 5020 laudaro,

2097 5023 2302 5095 quippe
2329 5020 2426 5090 qui
2447 5018 2511 5095 id
2548 5019 2688 5095 quod
2714 5019 2934 5075 videtur
2988 5023 3309 5095 respiciunt,
3345 5018 3575 5080 occulta
3624 5018 3767 5079 vero

2095 5094 2373 5160 ignorant,
2407 5093 2457 5145 et
2481 5092 2767 5165 propterea
2795 5092 3086 5165 erroneam
3106 5108 3251 5165 saepe
3274 5092 3764 5165 opinionemam-

2095 5106 2373 5160 ignorant,
2407 5106 2457 5145 et
2475 5106 2767 5215 propterea
2795 5106 3081 5148 erroneam
3106 5108 3251 5165 saepe
3279 5106 3595 5165 opinionem
3622 5108 3761 5149 am-

2092 5165 2428 5236 plectuntur.
2519 5164 2541 5215 t
2595 5162 2764 5236 aliter
2799 5164 3017 5233 quidem
3061 5165 3174 5236 illi,
3222 5164 3394 5221 aliter
3439 5180 3562 5222 vero
3599 5164 3761 5221 Deus

2092 5233 2236 5290 vitas
2268 5234 2556 5306 hominum
2585 5233 2870 5306 dijudicat.
2903 5239 3083 5291 Potest
3109 5233 3259 5292 enim
3294 5237 3425 5306 ﬁeri
3459 5245 3520 5293 ut
3548 5251 3757 5292 secun-

2090 5306 2222 5379 dum
2252 5306 2317 5361 id
2348 5304 2488 5377 quod
2513 5303 2745 5379 videtur,
2787 5305 2992 5377 aliquis
3012 5308 3198 5379 justus
3228 5303 3303 5364 sit
3339 5310 3397 5364 in
3453 5309 3763 5379 conspectu

2089 5377 2391 5453 hominum,
2425 5381 2483 5431 in
2514 5377 2718 5453 occulto
2747 5385 2929 5453 autem
2971 5377 3172 5435 mentis
3199 5396 3311 5436 non
3339 5382 3414 5435 sit
3443 5377 3758 5453 ejusmodi,

3222 5450 3530 5523 perversos.
3594 5450 3761 5523 ΔΤιιιε

2124 5520 2218 5577 uid
2244 5523 2409 5597 etiam
2456 5517 2675 5574 Paulus
2719 5517 3235 5597 signiﬁcatudicens'
3263 5523 3328 5597 de
3368 5520 3759 5597 quibusdam:

2134 5609 2344 5650 uorum
2372 5590 2504 5649 laus
2532 5606 2649 5677 non
2679 5605 2748 5648 ex
2797 5590 3159 5673 hominibus,
3199 5594 3302 5677 sed
3356 5590 3427 5667 ex
3474 5598 3590 5677 Deo
3618 5596 3757 5669 est,

2552 5672 2571 5686 κ
