4058 6190
266 377 384 444 23⁸7

743 376 1242 442 TRANSLATIO
1285 377 1789 444 HOMILIARUM
1833 377 2200 442 ORIGENIS
2245 379 2323 440 IN
2368 378 2660 442 LUCAM.
2693 407 2773 426 ο-
2799 379 3071 442 HOMIL.
3117 379 3224 442 Ill.

3566 382 3687 447 238

267 512 521 571 viderim
553 509 866 568 mulierem
917 511 988 566 ad
1040 511 1584 584 concupiscendum
1618 528 1747 568 eam
1777 515 1842 584 εδ,
1876 516 1934 568 et
1961 513 2013 580 Α
2046 516 2153 579 est,
2179 527 2578 585 sequeremur.
2604 512 2847 579 Quando
2872 511 3030 567 enim
3058 511 3307 569 facimus
3338 513 3686 574 mandatum

269 601 625 661 adulterium
656 599 805 655 mihi
839 599 898 655 in
929 600 1100 656 corde
1141 601 1219 656 sit
1247 605 1472 657 natum.
1507 601 1784 673 Ignorant
1814 602 1920 658 ho-

268 693 463 750 mines
483 707 614 747 cum
649 706 743 746 me
765 688 1016 744 viderint
1046 690 1371 745 secundum
1405 690 1555 746 vires
1585 707 1745 746 meas
1774 690 1922 747 elee-

269 797 574 853 mosynam
607 779 821 844 facere,
846 781 1044 833 utrum
1076 783 1312 850 propter
1341 779 1685 834 mandatum
1707 778 1808 835 Dei
1842 780 1921 834 fe-

266 870 562 938 cerim,an
583 867 892 924 hominum
915 865 1151 922 laudem
1175 869 1545 939 favoremque
1567 869 1917 939 quesierim.

2033 602 2154 672 Dei,
2189 605 2245 657 et
2298 601 2356 656 in
2409 599 2766 657 conscientia
2813 605 3014 657 nostra
3063 617 3219 657 vane
3258 602 3452 674 glorie
3482 605 3687 663 sordes

2031 690 2452 763 respergimus,
2506 695 2572 745 ut
2622 688 2960 762 placeamus
3008 689 3372 759 hominibus,
3422 695 3524 748 aut
3569 693 3686 751 alia

2033 787 2397 851 q‘uecunque
2428 796 2544 835 non
2577 779 2766 851 placet
2789 783 2923 850 Deo,
2946 779 3085 835 boni
3116 779 3309 852 operis
3338 797 3517 839 causa
3543 799 3683 854 pre-

2029 869 2203 936 cedit,
2255 869 2524 941 quamvis
2575 868 2863 924 faciamus
2913 873 3268 941 preceptnm
3319 870 3440 939 Dei,
3486 874 3684 929 tamen

264 958 540 1015 Difﬁcilis
571 973 663 1012 res
699 959 785 1011 est
831 955 890 1009 in
937 960 1256 1026 conspectu
1289 957 1386 1010 Dei
1411 957 1642 1026 justum
1675 972 1822 1024 esse,
1857 960 1924 1012 ut
2028 957 2176 1013 illud
2203 958 2427 1028 absque
2445 956 2683 1029 querela
2703 975 2818 1013 non
2841 958 3185 1027 facimus,et
3203 958 3423 1030 injuste
3448 959 3507 1015 id
3524 961 3681 1033 quod

262 1064 390 1104 non
422 1048 498 1102 ob
529 1046 700 1102 aliam
729 1060 967 1099 causam
1001 1044 1143 1116 quid
1168 1044 1398 1100 253-4
1426 1046 1563 1100 boni
1595 1045 1773 1101 facias
1804 1045 1919 1101 nisi

263 1141 509 1210 propter
526 1137 718 1208 ipsum
739 1134 984 1203 bonum,
1000 1137 1056 1188 et
1071 1133 1258 1188 Deum
1280 1137 1510 1189 tantum
1535 1151 1761 1206 queras
1783 1134 1917 1190 boni

261 1225 460 1298 operis
475 1221 1050 1280 retributorem.Tale
1068 1222 1209 1294 quid
1228 1226 1284 1278 et
1295 1223 1609 1295 Apostolus
1626 1222 1914 1294 loquitur:

264 1314 513 1382 Quorum
546 1311 672 1367 laus
699 1327 809 1367 non
837 1326 906 1366 ex
948 1310 1282 1380 hminibus,
1314 1311 1407 1366 sed
1453 1328 1522 1367 ex
1551 1313 1661 1367 Deo
1711 1315 1786 1368 est
1814 1313 1913 1366 δν.

261 1405 473 1460 Beatus
496 1401 595 1473 qui
623 1401 683 1455 in
711 1402 1024 1471 conspectu
1044 1399 1145 1454 Dei
1162 1400 1366 1470 justus
1388 1404 1496 1469 est,
1520 1405 1694 1472 atque
1719 1400 1918 1456 lauda-

260 1490 702 1549 bilis.Homines
715 1488 1163 1561 enim,quamvis
1177 1493 1388 1544 certum
1393 1489 1687 1560 judicium
1701 1490 1917 1546 habere

257 1583 589 1650 videantur,
607 1584 804 1634 tamen
828 1593 945 1633 non
968 1582 1220 1649 possunt
1244 1579 1316 1633 ad
1338 1577 1630 1649 liquidum
1657 1596 1912 1650 pronun-

258 1671 423 1726 tiare.
450 1668 655 1724 Evenit
686 1667 902 1740 quippe
932 1667 1250 1732 interdum,
1280 1671 1345 1721 ut
1372 1666 1615 1723 laudent
1644 1685 1778 1724 eum
1811 1669 1913 1740 qui

258 1776 376 1815 non
407 1763 497 1814 est
523 1754 862 1825 laudabilis,
893 1760 948 1810 et
979 1756 1030 1811 ei
1062 1755 1370 1812 detrahant
1399 1757 1502 1827 qui
1533 1757 1778 1813 minime
1807 1759 1912 1813 de-

258 1847 540 1904 tractione
571 1845 785 1918 dignus
815 1849 925 1900 est.
959 1844 1131 1900 Solus
1162 1850 1315 1950 Deus
1347 1849 1404 1900 et
1431 1845 1490 1900 in
1535 1844 1710 1901 laude
1753 1851 1810 1902 et
1850 1846 1910 1901 in
1938 1884 1987 1950 B

252 1936 678 2009 vituperatione
700 1935 906 2006 justus
934 1937 1022 1989 est
1047 1934 1243 2004 judex.
1268 1933 1432 1989 Unde
1462 1934 1637 2006 digne
1667 1939 1724 1990 et
1753 1951 1910 1990 nunc

254 2026 492 2082 additur
536 2025 597 2080 in
645 2022 818 2080 laude
841 2023 1141 2094 justorum
1176 2040 1189 2076 :
1241 2023 1416 2078 Erant
1449 2025 1597 2095 justi
1645 2024 1802 2080 ambo
1847 2027 1908 2080 in

253 2123 541 2187 conspectu
572 2114 688 2169 Dei.
719 2111 858 2168 Tale
890 2112 1030 2184 quid
1077 2116 1133 2167 et
1161 2111 1435 2168 Salomon
1485 2113 1543 2166 in
1586 2113 1907 2170 Proverbiis

254 2205 616 2273 cohortatur,
647 2202 847 2257 dicens
878 2217 893 2257 :
925 2201 1084 2270 Filii,
1111 2201 1341 2272 provide
1370 2201 1509 2256 bona
1537 2203 1598 2257 in
1627 2207 1906 2274 conspectu

249 2295 350 2349 Dei
380 2298 434 2348 et
466 2292 750 2348 hominum
773 2291 840 2346 ⁸⁵.
889 2290 1168 2362 Sequitur
1195 2289 1484 2346 Zacharie
1516 2297 1572 2346 et
1600 2290 1900 2348 Elisabeth

248 2382 371 2438 alia
406 2381 691 2436 laudatio.
723 2380 1068 2436 Ambulantes
1122 2382 1182 2434 in
1230 2380 1483 2435 omnibus
1530 2380 1807 2435 mandatis
1854 2383 1907 2437 et

237 2469 744 2544 justiﬁcationibus
771 2471 1012 2525 Domini.
1047 2469 1289 2532 Quando
1337 2469 1483 2524 bene
1532 2472 1588 2524 et
1633 2473 1784 2525 recte
1834 2469 1905 2525 de

249 2560 554 2632 aliquibus
593 2558 953 2630 judicamus,
994 2557 1054 2612 in
1097 2557 1621 2628 justificationibus
1675 2558 1905 2613 Domini

247 2649 577 2722 gradimur.
612 2648 853 2714 Quando
882 2646 993 2702 hoc
1024 2651 1124 2702 aut
1161 2645 1309 2702 illud
1340 2646 1612 2713 facimus,
1643 2647 1703 2702 in
1735 2663 1900 2702 man-

247 2738 405 2794 datis
434 2737 594 2793 illius
624 2735 1020 2792 ambulamus.
1047 2735 1210 2791 Unde
1240 2740 1380 2808 puto
1410 2741 1467 2790 et
1496 2739 1767 2791 sanctum
1796 2736 1903 2791 Lu-

247 2844 401 2895 cam,
431 2826 723 2882 volentem
773 2842 872 2881 eos
923 2825 1239 2897 predicare
1287 2823 1459 2880 laude
1507 2824 1780 2896 perfecta,
1813 2824 1900 2879 di-

245 2917 453 2972 xisse:
503 2917 683 2971 Erant
734 2917 870 2985 justi
922 2915 1102 2986 ambo,
1145 2913 1492 2969 ambulantes
1539 2915 1598 2968 in
1643 2915 1902 2970 omnibus

244 3005 531 3061 mandatis
587 3009 644 3060 et
701 3003 1184 3074 iustiﬁcationibus
1243 3004 1480 3058 Domini.
1539 3003 1701 3058 Dicat
1756 3002 1900 3057 mihi

246 3093 547 3167 quispiam
579 3110 593 3148 :
640 3093 694 3148 Si
729 3092 857 3148 laus
887 3091 1004 3148 ista
1033 3091 1288 3163 perfecta
1315 3096 1428 3159 est,
1461 3090 1603 3162 quid
1634 3091 1746 3146 sibi
1777 3090 1904 3146 vult

245 3182 358 3239 hoc
389 3183 544 3254 quod
572 3181 811 3248 dicitur,
833 3181 954 3237 sine
981 3181 1203 3253 querela
1223 3183 1248 3233 .9
1276 3179 1354 3252 (4)
1375 3179 1715 3235 Sufﬁciebat
1742 3178 1898 3234 enim

2020 1049 2255 1117 justum
2283 1052 2390 1114 est,
2410 1046 2736 1118 sequimur.
2756 1047 3004 1103 Difﬁcile
3025 1064 3162 1120 ergo
3183 1053 3272 1106 est
3291 1049 3595 1107 ambulare
3620 1051 3683 1108 in

2029 1136 2305 1191 omnibus
2337 1135 2629 1191 mandatis
2660 1141 2718 1191 et
2737 1136 3268 1206 justificationibus
3291 1138 3520 1194 Domini
3552 1139 3682 1196 sine

2027 1223 2284 1295 querela,
2315 1223 2639 1279 secundum
2670 1224 3072 1280 testimonium
3121 1228 3178 1280 et
3220 1224 3455 1282 laudem
3484 1226 3588 1284 Dei
3616 1227 3678 1284 in

2026 1311 2256 1368 Christo
2285 1312 2448 1368 Jesu.
2482 1315 2618 1378 Que
2651 1312 2782 1369 laus
2816 1313 3114 1370 reddenda
3141 1318 3231 1371 est
3258 1314 3318 1370 in
3347 1315 3442 1372 die
3461 1315 3678 1387 judicii

2025 1400 2097 1455 ab
2129 1417 2217 1468 eo,
2250 1400 2343 1456 cui
2375 1417 2580 1457 omnes
2622 1418 2728 1457 nos
2762 1401 3123 1458 manifestari
3156 1407 3385 1475 oportet
3411 1408 3544 1460 ante
3568 1405 3674 1461 tri-

2024 1489 2204 1546 bunal
2235 1491 2384 1561 ejus,
2419 1495 2482 1546 ut
2535 1490 2778 1563 recipiat
2816 1492 3228 1564 unusquisque
3256 1509 3387 1564 que
3415 1509 3518 1566 per
3547 1509 3674 1551 cor-

2022 1595 2134 1650 pus
2164 1579 2368 1652 gessit,
2409 1579 2530 1635 sive
2583 1580 2756 1651 bona,
2801 1579 2922 1636 sive
2969 1579 3125 1636 mala
3152 1582 3216 1636 6".
3269 1581 3485 1638 Omnes
3515 1581 3675 1638 enim

2022 1667 2313 1724 stabimus
2365 1672 2500 1723 ante
2548 1667 2806 1724 tribunal
2854 1668 2976 1738 Dei,
3010 1673 3076 1724 ut
3123 1668 3474 1742 recipiamus
3513 1670 3673 1742 quod

2022 1772 2318 1813 meremur
2340 1757 2400 1812 in
2417 1757 2643 1813 Christo
2658 1758 2688 1814 J
2695 1773 2820 1813 esu.
2835 1758 2936 1813 Cui
2959 1762 3049 1815 est
3069 1758 3254 1830 gloria
3271 1763 3330 1816 et
3352 1758 3670 1832 imperium

2021 1844 2080 1900 in
2113 1845 2330 1902 secula
2358 1844 2729 1902 saeculorum.
2761 1848 2966 1902 Amen.

2453 1952 2602 2010 255
2615 1953 2747 2009 -58
2788 1952 3096 2009 HOMILIA
3136 1953 3229 2008 IlI.

2016 2041 2092 2096 De
2120 2057 2179 2096 eo
2209 2040 2350 2112 quod
2376 2043 2647 2114 scriptum
2679 2045 2757 2096 est
2786 2060 2809 2114 :7
2859 2064 2887 2090 ‹‹
2919 2043 3191 2114 Apparuit
3217 2043 3270 2097 ei
3296 2042 3535 2114 angelus
3562 2044 3669 2100 Do-

2085 2114 2248 2239 gzini,
2271 2116 2421 2168 stans
2449 2129 2484 2167 a
2515 2113 2726 2168 dextris
2757 2112 3200 2169 altaris’incensi
3229 2112 3329 2182 [aL
3353 2112 3612 2185 accensi].
3636 2136 3667 2166 ι»

2132 2199 2224 2239 an.
2266 2200 2305 2238 ι.

2132 2199 2224 2255 ap.
2266 2200 2305 2238 I.

2085 2291 2218 2354 Que
2250 2289 2576 2363 corporalia
2605 2295 2744 2346 sunt
2773 2295 2830 2346 et
2859 2307 3039 2348 sensu
3079 2296 3297 2361 carent,
3331 2297 3398 2350 ut
3423 2291 3666 2350 videan-

2014 2386 2113 2437 tur
2144 2381 2216 2436 ab
2246 2379 2384 2447 alio,
2413 2381 2544 2452 ipsa
2573 2380 2719 2436 nihil
2768 2380 3066 2450 efﬁciunt;
3101 2383 3204 2437 sed
3251 2383 3661 2440 tantummodo

2013 2471 2219 2526 oculus
2243 2469 2440 2525 alteris
2464 2469 2726 2525 intentus
2748 2469 2806 2525 in
2829 2486 2915 2539 ea,
2936 2469 3055 2527 sive
3083 2470 3374 2528 voluerint
3398 2471 3519 2545 illa,
3543 2473 3664 2530 sive

2013 2558 2749 2630 noluerint,videt,quando
2772 2559 2831 2614 in
2855 2576 2923 2615 ea
2941 2560 3497 2634 contemplationem
3515 2561 3663 2618 dire-

2011 2648 2333 2713 xerit.Quid
2346 2649 2501 2703 enim
2521 2652 2709 2720 potest
2727 2647 3030 2724 homo,aut
3041 2647 3155 2704 alia
3171 2665 3262 2706 res
3276 2666 3403 2722 que
3416 2651 3665 2706 circum-

2012 2737 2187 2792 datur
2207 2753 2445 2809 corpore
2466 2753 2685 2808 crasso,
2709 2754 2844 2792 cum
2871 2738 2930 2792 in
2957 2737 3230 2809 presenti
3257 2738 3452 2808 fuerit,
3477 2739 3666 2794 facere

2012 2841 2085 2881 ne
2111 2830 2384 2881 cernatur
2404 2825 2478 2897 (5)
2500 2825 2528 2880 ?
2560 2825 2898 2882 Econtrario
2919 2843 2988 2882 ea
3008 2843 3135 2897 que
3160 2831 3300 2882 sunt
3329 2842 3586 2899 superna
3607 2829 3667 2882 et

2013 2913 2230 2983 divina,
2263 2931 2332 2970 ea
2377 2931 2510 2969 cum
2561 2914 2619 2968 in
2670 2915 2939 2986 presenti
2979 2915 3213 2981 fuerint,
3249 2931 3367 2971 non
3394 2915 3667 2970 videntur

2011 3002 2125 3058 nisi
2149 3003 2278 3074 ipsa
2299 3002 2588 3058 voluerint
2612 3019 2624 3056 :
2659 3007 2716 3057 et
2737 3003 2796 3057 in
2819 3001 3116 3058 voluntate
3139 3019 3341 3058 eorum
3364 3006 3452 3059 est
3477 3001 3663 3059 videri

2011 3090 2100 3147 vel
2124 3108 2240 3146 non
2257 3091 2438 3146 videri
2451 3132 2462 3144 .
2477 3090 2675 3147 Gratia
2686 3089 2787 3145 Dei
2811 3089 2920 3145 fuit
2944 3094 3010 3146 ut
3025 3096 3329 3163 appareret
3339 3091 3663 3163 Abraham,

2009 3179 2098 3235 vel
2152 3180 2372 3234 ceteris
2424 3177 2772 3250 prephetis:
2829 3195 2944 3234 non
2991 3178 3146 3250 quod
3197 3178 3402 3235 oculus
3431 3183 3661 3236 tantum

245 3252 460 3340 dicere,
494 3269 870 3327 ambulantes
901 3270 961 3323 in
989 3252 1268 3324 omnibus
1298 3268 1408 3323 viis
1443 3271 1500 3323 et
1521 3266 1900 3339 justiﬁcatio-
1933 3252 1976 3318 Ε
2015 3267 2207 3324 cordis
2237 3267 2536 3322 Abraham
2564 3266 2624 3321 in
2656 3283 2835 3322 causa
2864 3266 3038 3322 fuerit
3068 3271 3134 3323 ut
3163 3273 3424 3325 cerneret
3453 3273 3659 3338 Deum,

245 3361 422 3416 nibus
441 3359 679 3416 Domini
713 3377 726 3416 :
760 3358 875 3414 nisi
908 3361 1106 3430 posset
1135 3357 1257 3413 fieri
1289 3362 1354 3412 ut
1385 3356 1647 3412 ambulet
1677 3357 1809 3428 quis
1838 3357 1898 3411 in

245 3450 524 3506 omnibus
555 3447 853 3504 mandatis
885 3447 1007 3514 Dei,
1043 3451 1100 3502 et
1126 3449 1324 3501 tamen
1355 3445 1482 3500 sine
1513 3444 1752 3517 querela
1781 3462 1897 3500 non

243 3538 527 3595 ambulet.
553 3539 620 3594 Et
649 3536 946 3609 quomodo
976 3539 1167 3608 potest
1187 3534 1416 3590 evenire
1443 3538 1508 3588 ut
1541 3534 1600 3588 in
1625 3533 1899 3588 omnibus

241 3628 544 3685 mandatis
565 3631 621 3683 et
635 3623 1158 3698 justiﬁcationibus
1170 3623 1269 3678 Dei
1300 3621 1611 3678 ambulans
1634 3623 1743 3678 sub
1762 3637 1901 3692 que-

237 3717 367 3774 rela
395 3717 523 3773 sit?
570 3717 672 3772 Cui
701 3713 952 3771 breviter
982 3713 1174 3768 dicam
1209 3729 1224 3768 :
1275 3711 1397 3766 Nisi
1442 3711 1550 3766 hoc
1599 3711 1680 3766 ita
1721 3715 1897 3780 esset,

239 3823 552 3880 nunquam
575 3805 636 3860 in
657 3803 769 3860 alio
792 3803 916 3860 loco
938 3818 1316 3858 nosceremus
1337 3800 1623 3873 scriptum
1656 3800 1854 3856 referri
1885 3817 1897 3855 :

233 3898 392 3953 Iuste
423 3895 488 3950 id
517 3893 655 3964 quod
675 3894 886 3962 justum
912 3895 1010 3959 est,
1043 3906 1266 3963 sequere
1294 3891 1358 3945 ⁵⁸.
1403 3889 1526 3944 Nisi
1557 3889 1714 3944 enim
1747 3893 1902 3945 esset

228 3987 478 4057 justum
500 3981 744 4055 aliquid,
769 3983 922 4054 quod
945 3981 1238 4051 nonjuste
1264 3994 1664 4051 sequeremur,
1687 3993 1902 4049 nequa-

237 4090 429 4146 quam
459 4071 630 4128 nobis
659 4071 1090 4144 preciperetur,
1113 4073 1179 4124 ut
1200 4069 1362 4140 juste
1392 4068 1450 4123 id
1485 4067 1640 4139 quod
1665 4067 1899 4138 justum

2009 3358 2109 3414 sed
2144 3357 2299 3430 quod
2322 3357 2510 3428 gratia
2539 3357 2636 3412 Dei
2663 3355 2815 3412 ultro
2842 3372 2904 3412 se
2926 3355 3325 3429 aspiciendam
3349 3357 3664 3430 prebuerit

2007 3447 2130 3502 viro
2155 3447 2339 3516 justo.
2375 3445 2492 3501 Hoc
2524 3448 2719 3500 autem
2752 3462 2868 3500 non
2912 3444 3104 3501 solum
3137 3462 3314 3518 super
3344 3445 3460 3502 Deo
3490 3450 3662 3503 Patre

2009 3531 2301 3604 intelligas
2334 3533 2430 3603 (6),
2469 3531 2570 3587 sed
2617 3532 2793 3586 etiam
2845 3548 3022 3603 super
3061 3531 3310 3588 Domino
3341 3533 3665 3604 Salvatore,

2008 3625 2064 3677 et
2084 3637 2262 3693 super
2282 3620 2502 3692 Spiritu
2532 3624 2752 3688 sancto,
2778 3624 2834 3675 et
2855 3624 2920 3674 ut
2945 3621 3017 3676 ad
3042 3620 3272 3678 minora
3299 3623 3664 3695 perveniam,

2009 3726 2188 3782 super
2216 3709 2519 3764 cherubim
2551 3713 2609 3764 et
2639 3708 2960 3780 seraphim.
2993 3708 3143 3766 Fieri
3173 3710 3330 3767 enim
3362 3715 3571 3784 potest,
3595 3715 3664 3767 ut

2009 3803 2067 3854 et
2086 3815 2242 3854 nunc
2263 3798 2434 3853 nobis
2455 3797 2830 3869 loquentibus
2850 3797 3091 3855 assistat
3109 3800 3374 3873 angelus,
3391 3805 3448 3857 et
3461 3805 3662 3858 tamen

2010 3887 2152 3960 quia
2173 3903 2288 3942 non
2320 3902 2635 3953 meremur,
2657 3903 2792 3942 eum
2818 3887 3013 3942 videre
3038 3904 3424 3960 nequeamus.
3449 3890 3664 3955 Quam-

2011 3977 2095 4033 vis
2125 3976 2282 4032 enim
2314 3975 2518 4031 oculus
2549 3975 2669 4031 sive
2699 3976 2984 4047 corporis,
3015 3976 3137 4032 sive
3185 3976 3394 4032 anime
3443 3981 3655 4032 nostre

2010 4066 2083 4122 ad
2103 4063 2623 4136 contemplandum
2650 4063 2935 4131 intendat,
2957 4063 3070 4120 nisi
3093 4069 3301 4137 sponte
3322 4063 3664 4136 apparuerit

315 4215 365 4250 “
391 4213 599 4272 Matth.
629 4229 683 4282 v,
714 4214 805 4268 28.
882 4213 960 4248 συ
990 4212 1157 4268 Rom.
1191 4228 1251 4281 u,
1282 4211 1373 4266 29.
1449 4211 1493 4246 ⁸⁵
1526 4210 1686 4266 Prov.
1722 4227 1805 4282 In,
1836 4211 1888 4264 4.

2046 4208 2214 4265 Deut.
2247 4224 2362 4274 xvr,
2393 4208 2481 4262 20.
2560 4207 2602 4242 ⁸⁷
2635 4207 2683 4261 ΙΙ
2714 4207 2842 4262 Cor.
2875 4223 2931 4271 ν,
2965 4207 3051 4260 10.

216 4405 226 4413 .
314 4358 391 4428 (4)
421 4355 658 4428 Schede
689 4354 889 4410 Grabii
923 4370 936 4408 :
969 4354 1307 4428 "Apstf‘tttpt.
1339 4350 1495 4428 '1_‘lv_o¢
1526 4351 1687 4428 χᾴριν
1726 4347 1893 4428 πρόξ-

237 4421 418 4482 κειξὰι
447 4427 533 4493 τὸ,
583 4445 858 4498 αμεμπτοι
891 4441 904 4494 ;
939 4421 1085 4478 Av.er
1122 4421 1377 4498 tertiani
1429 4421 1479 4476 ἐν
1529 4421 1724 4498 ﬁam;
1766 4421 1893 4498 grai;

242 4496 496 4559 ἐντολαῖς
519 4491 867 4568 nepa-56091:,
892 4491 1127 4568 λκαξ-μή
1175 4493 1493 4568 ἆμέμπτορς
1528 4491 1782 4568 εἶνᾳικῌῖ
1818 4493 1892 4565 μὴ

239 4570 372 4660 rip,
396 4572 463 4638 ἦν
517 4560 698 4660 ῖὲῧτο,
749 4560 948 4655 οῷέᾷν
1000 4560 1246 4660 ἐξέγετολ,
1288 4560 1546 4660 hinnitus”
1571 4564 1633 4618 τὸ
1688 4560 1892 4652 δίδαξον

241 4633 479 4710 ὂιώξείς.
529 4633 696 4694 Ἐπεί
723 4639 812 4693 καὶ
859 4639 920 4692 τὸ
937 4633 1140 4710 fultos},
1193 4636 1254 4691 οὐ
1285 4633 1667 4710 καλὸνηὸταγ-
1695 4635 1894 4710 μήηκα-

243 4703 374 4773 Αῶί
403 4711 644 4785 γίνηται.
697 4711 858 4785 Ἑπᾶν
905 4707 995 4764 οὖν
1043 4703 1286 4781 ποὲὦμεν
1335 4707 1432 4785 τᾶες
1456 4703 1712 4785 ζᾷντολᾲέ
1758 4705 1898 4785 diota

2016 4706 2165 4785 varia
2195 4703 2370 4785 quam
2403 4704 2689 4785 sustinuit
2718 4703 3519 4785 personanominasortitus
3553 4703 3655 4773 sit,
3766 4703 3778 4709 ’

2006 4348 2262 4404 siasticis
2295 4347 2634 4420 auctoribus
2663 4362 3010 4420 persuasum
3045 4346 3173 4420 fuit,
3203 4348 3438 4420 quando
3469 4347 3528 4404 in
3550 4348 3660 4406 Ve;

2004 4419 2524 4493 terisTestamenti
2557 4417 2802 4493 historia
2822 4417 2978 4493 Deus
3009 4417 3360 4493 patri'arfchis
3381 4424 3496 4493 aut
3519 4437 3652 4493 pro-

2006 4491 2195 4564 phetis
2218 4491 2431 4564 dicitur
2451 4489 2813 4564 apparuisse,
2837 4489 3113 4564 inque’iis
3135 4490 3394 4547 adfuisse
3418 4489 3652 4564 Filium,

2007 4561 2216 4634 debere
2227 4561 2604 4634 intelligi,quﬁi
2623 4561 3002 4634 moremPatri
3018 4577 3228 4634 gerens
3242 4561 3655 4634 aspectabilem

2007 4651 2135 4690 sese
2163 4633 2279 4688 illis
2302 4631 2899 4705 prebuerit,Deique,
2917 4631 3256 4705 angeli,_aut
3272 4631 3527 4705 Domini,
3552 4649 3658 4705 pro

249 4784 326 4854 μὴ
362 4774 530 4864 ﬁeri};
558 4778 821 4864 συνειδότα
872 4779 1043 4864 ῥύπον*
1090 4774 1216 4834 εἶναί
1261 4775 1587 4864 γενοδοξίᾳς,
1620 4776 1655 4846 ἢ
1689 4777 1896 4860 ἀνξρω-

2016 4777 2148 4850 quin
2171 4774 2227 4864 et
2239 4779 2482 4847 junctus
2497 4775 2580 4858 ~iis
2602 4774 3070 4864 substantialiter
3091 4774 3652 4864 fueritLquanquam

240 4848 588 4929 ὲαρεᾳκείᾲς,
706 4848 890 4929 ξτέροὺ
938 4852 1085 4913 τινὸς
1127 4850 1414 4929 τοιού-ξος),
1463 4848 1585 4929 tiles
1631 4852 1893 4929 notoﬁpev

242 4920 338 4987 τάξ
373 4920 597 4986 suam:
631 4920 953 4996 ἆμὲμὲττως.
987 4926 1134 4996 Sine,
1167 4922 1420 4995 querela.
1474 4922 1582 4976 Cur
1626 4920 1848 4996 additur
1879 4938 1891 4975 :

245 4946 338 4987 τας
373 4946 597 4986 εντοΑας
631 4946 662 4979 α
709 4946 953 4996 εμπτως.
987 4946 1119 4980 διῐιθ
1167 4946 1420 4995 querela.
1474 4946 1582 4976 bur
1626 4946 1890 4976 uuuuur;

245 4998 373 5053 sine
403 4946 864 5076 querela'gouia
891 5000 1062 5076 potest
1103 4995 1228 5064 ﬁeri
1253 5000 1322 5076 ‘ut
1371 4995 1598 5076 quis
1643 4993 1899 5075 pmnibus

243 5069 525 5125 mandatis
559 5070 776 5125 Domini
812 5069 1071 5137 ambulet,
1103 5083 1200 5122 nec
1244 5070 1428 5121 tamen
1479 5069 1551 5119 sit
1600 5069 1897 5137 sineque-

243 5141 390 5196 rela.
439 5142 559 5196 Nisi
604 5143 752 5196 enim
797 5140 894 5195 hoc
921 5141 1003 5194 ita
1030 5135 1186 5204 esset,
1220 5153 1330 5192 non
1359 5137 1636 5192 diceret-ur
1665 5152 1682 5187 :
1730 5135 1899 5190 Juste

243 5212 408 5284 quod
433 5213 665 5282 justum
696 5211 1108 5284 estisequeris.
1142 5207 1760 5284 Quandoquidem__qugd
1808 5209 1898 5284 bo-

238 5277 392 5337 rium
419 5277 514 5350 est,
544 5299 657 5338 non
683 5287 764 5338 est
796 5277 1016 5344 bonum,
1047 5297 1172 5336 cum
1211 5283 1342 5335 bene
1381 5277 1500 5333 non
1550 5277 1640 5333 sit:
1675 5277 1900 5344 Quando

237 5356 431 5425 igitur
456 5357 692 5425 facimus
734 5353 1021 5421 mandata,
1056 5354 1138 5407 ita
1167 5361 1227 5407 ut
1255 5353 1317 5406 in
1345 5351 1684 5425 conscientia
1702 5353 1903 5425 nostra

235 5419 416 5482 eam
456 5419 659 5495 'glorie
706 5425 892 5481 sordes
939 5419 1048 5480 non
1094 5425 1226 5489 sint,
1267 5438 1368 5478 nec
1413 5420 1568 5495 aliud
1615 5419 1902 5495 quidpiam

233 5492 525 5570 ejysqui
551 5514 800 5568 agamus,
832 5500 961 5552 tunc
1006 5497 1243 5567 facimus
1289 5492 1559 5549 mandata
1605 5493 1722 5546 sine
1769 5507 1897 5562 que-

235 5563 391 5627 τῖᾱα.
427 5563 667 5624 Russus.

332 5642 391 5714 5)
421 5639 554 5714 Yid.
587 5645 709 5714 not.
744 5638 805 5714 in
834 5638 995 5694 hom.
1023 5639 1062 5714 78
1093 5637 1153 5691 in
1184 5637 1326 5692 Gen.

332 5654 391 5772 ἓ)
431 5654 554 5697 για.
584 5654 709 5724 nct.
744 5656 805 5723 in
836 5654 995 5694 nom.
1028 5654 1062 5692 δ
1093 5654 1153 5691 1n
1184 5654 1326 5692 uen.
1455 5705 1467 5719 .

311 5654 330 5800 ἱ
373 5718 393 5798 )
429 5712 634 5797 Multis
661 5711 902 5800 quidem
938 5713 1072 5793 ante
1101 5724 1168 5791 ac
1212 5711 1345 5792 post
1373 5707 1685 5792 Origenem
1716 5702 1902 5789 scola-7

2007 4845 2148 4928 rion-
2174 4845 2566 4928 Dﬂ‘OGtta‘Etxﬁ,‘
2604 4847 2706 4902 sed
2745 4847 2982 4928 flaua-5
3033 4845 3656 4928 conjunctione.‘Hanc

2008 4919 2215 4976 merito
2247 4917 2687 4991 reprehendere,
2704 4917 2826 4991 alii
2852 4917 3202 4991 sententiam
3236 4931 3280 4991 εΔ
3308 4932 3414 4991 nec
3459 4920 3658 4991 tamen

2008 4987 2329 5063 Origenem
2365 4989 2717 5045 criminandi
2766 4988 3149 5063 occasio_nem_
3169 4987 3508 5063 arripimus,
3543 4990 3655 5063 Sed

2009 5058 2143 5118 cum
2198 5062 2292 5117 hic
2341 5063 2578 5116 easdem
2631 5065 2824 5132 partes
2871 5059 3085 5132 et___l_)eo
3116 5058 3382 5132 Patri,_‘et
3411 5060 3658 5132 Spiritui

2011 5137 2212 5189 sancto
2261 5133 2501 5199 tribuat,
2540 5128 2887 5203 paradoxum
2919 5128 3123 5203 illique
3169 5128 3520 5202 peculiarem
3551 5134 3653 5188 do-

2011 5205 2259 5260 ctrinam
2292 5204 2513 5274 absque
2544 5200 3187 5274 reprehensionis’nota
3219 5204 3507 5272 preterire
3540 5220 3654 5260 non

2009 5276 2199 5331 liceat.
2222 5271 2522 5345 Siquidem
2556 5271 2655 5328 illa
2683 5271 2812 5343 ipsa
2831 5271 3247 5345 Adamantium
3270 5274 3535 5330 destituit
3563 5292 3655 5330 ra-

2009 5347 2112 5412 tio,
2146 5363 2262 5417 qua
2292 5344 2477 5400 ceteri
2512 5345 2782 5398 videntur
2812 5344 3046 5399 adducti
3082 5361 3094 5400 :
3145 5349 3289 5417 puta
3318 5346 3512 5406 verbis
3538 5346 3656 5403 illis

2010 5415 2192 5474 Exodi
2222 5434 2397 5473 xxxm
2433 5434 2444 5471 :
2494 5417 2668 5471 Deum
2696 5417 2917 5490 Patrem
2945 5415 3342 5490 nemoqvidebit
3389 5434 3658 5490 unquam,

2011 5499 2062 5546 et
2108 5490 2298 5545 vivet:
2352 5493 2409 5543 et
2457 5487 2782 5543 econtrario
2836 5486 2953 5542 illis
2998 5487 3213 5543 Christi
3242 5486 3656 5545 Joannfvm:

2011 5562 2287 5617 Abraham
2312 5560 2607 5616 exsultavit
2634 5562 2695 5631 ut
2722 5558 2931 5615 videret
2959 5557 3104 5616 diem
3131 5574 3313 5618 meum
3344 5576 3364 5614 :
3410 5558 3570 5631 vidit,
3605 5567 3659 5621 et

2010 5635 2232 5708 gavisus
2260 5640 2358 5707 est,
2391 5631 2600 5709 hisque
2630 5630 2947 5700 similibus.
