4058 6190
343 341 464 407 M3

1597 341 1663 407 S.
1709 339 2020 406 EUSEBII
2061 339 2507 406 HIERONYMI

3640 332 3762 398 244

353 481 557 541 mutus
577 476 702 535 est:
729 487 920 549 neque
949 477 1178 549 poterat
1206 474 1353 546 fieri,
1377 478 1442 531 ut
1466 491 1582 532 non
1610 477 1826 532 surdus
1846 479 2000 532 esset
2027 478 2083 544 Α
2113 475 2397 532 intellekit
2426 493 2486 532 se
2505 491 2632 533 esse
2652 476 3047 549 praegnantem
3079 469 3387 546 publicum
3415 466 3764 528 declinarit?

355 549 414 629 et
434 571 656 635 mutus,
676 565 776 638 qui
799 583 832 621 a
853 581 915 621 se
937 580 1264 621 sermonem
1291 565 1597 636 abjecerat.
1621 565 1692 620 Et
1717 563 1856 620 olim
1883 563 2004 636 qui-

341 658 494 715 dem
525 655 752 727 Moyses
781 653 1132 726 loquebatur
1163 669 1176 707 :
1209 654 1317 724 Ego
1345 661 1525 708 autem
1553 655 1732 724 alogos
1757 670 1888 709 sum
1912 654 1956 686 ⁷⁵
1987 669 2002 707 :

354 746 513 820 quod
556 744 694 800 licet
738 743 850 815 (12)
903 742 1144 798 Latinus
1193 741 1361 797 aliter
1407 743 1773 814 expresserit,
1806 746 2004 798 tamen

357 833 593 910 proprie
621 831 926 888 transferri
975 835 1185 903 potest,
1216 833 1418 902 absque
1452 847 1716 899 sermone,
1747 831 1867 887 sive
1913 849 2005 886 ra-

357 927 544 992 tione;
585 927 643 980 et
681 925 994 995 postquam
1048 920 1156 976 hoc
1205 919 1305 990 ait,
1351 920 1572 994 accepit
1617 921 1904 977 rationem
1951 924 2009 977 et

359 1027 716 1081 sermonem,
740 1025 916 1081 quem
939 1008 1244 1064 confessus
1265 1009 1455 1065 fuerat
1485 1026 1546 1065 se
1578 1013 1747 1066 antea
1775 1026 1888 1066 non
1911 1009 2008 1064 ha-

355 1104 516 1160 bere.
534 1099 796 1172 Populus
818 1102 1014 1154 autem
1047 1097 1247 1164 Israel,
1267 1098 1611 1170 priusquam
1639 1097 1826 1170 legem
1859 1099 2004 1154 acci—

357 1195 540 1266 peret,
587 1190 808 1261 absque
859 1186 1081 1243 ratione
1138 1190 1196 1242 et
1250 1203 1520 1243 sermone
1577 1188 2010 1260 quodammodo

360 1284 567 1340 mutus
591 1283 746 1335 erat:
765 1276 975 1333 deinde
997 1277 1222 1348 accepit
1245 1293 1595 1349 sermonem,
1623 1278 1793 1348 cujus
1816 1278 2009 1350 imago

359 1370 474 1426 fuit
497 1369 745 1440 Moyses.
780 1365 894 1421 Iste
937 1363 1117 1437 igitur
1147 1382 1261 1421 non
1292 1367 1600 1422 confitetur
1627 1366 1820 1432 modo,
1855 1365 2011 1437 quod

363 1462 508 1516 tunc
533 1457 834 1514 confessus
855 1459 944 1510 est
963 1457 1206 1526 Moyses,
1221 1471 1288 1510 eo
1309 1455 1464 1526 quod
1487 1455 1564 1510 sit
1595 1459 1796 1510 mutus
1817 1459 1874 1510 et
1892 1453 2014 1509 alo-

363 1564 501 1622 gos:
535 1547 635 1603 sed
664 1544 907 1601 nutibus
937 1548 994 1600 et
1022 1543 1254 1599 silentio
1285 1543 1506 1599 indicat
1549 1559 1611 1599 se
1655 1560 1769 1598 non
1799 1542 2015 1598 habere

363 1651 722 1702 sermonem,
753 1638 811 1690 et
841 1649 957 1688 non
991 1632 1205 1688 habere
1234 1632 1761 1688 rationem.Nonne
1791 1631 1895 1687 tibi
1927 1631 2014 1686 vi-

366 1727 541 1783 detur
561 1722 850 1780 confessio
873 1737 1002 1777 esse
1023 1720 1306 1788 stultitiae,
1329 1723 1565 1793 quando
1592 1721 1792 1777 nullus
1812 1736 2015 1776 eorum

367 1817 563 1888 potest
588 1810 865 1885 legalium
895 1815 1314 1882 praeceptorum
1337 1814 1393 1865 et
1417 1809 1738 1882 prophetici
1758 1808 2016 1865 vaticinii

370 1903 660 1960 rationem
691 1899 968 1957 reddere?
988 1899 1249 1956 Cessavit
1268 1899 1536 1955 Christus
1551 1915 1680 1956 esse
1709 1899 1770 1955 in
1802 1899 1908 1964 eis,
1932 1915 2020 1954 re-

371 1991 548 2065 liquit
576 2006 676 2048 eos
702 2006 914 2058 sermo,
939 1988 1292 2060 completum
1316 1992 1406 2044 est
1425 1987 1569 2044 illud
1602 1989 1757 2060 quod
1789 1988 1849 2043 in
1877 1988 2028 2044 Isaia

376 2079 656 2138 scribitur
687 2097 700 2136 :
735 2080 1092 2151 Relinquetur
1121 2079 1240 2148 ﬁlia
1269 2077 1401 2134 Sion
1427 2080 1571 2133 sicut
1607 2079 2027 2134 tabernaculum

373 2172 438 2225 in
472 2171 652 2236 vinea,
697 2177 748 2222 et
791 2171 936 2223 sicut
962 2168 1208 2223 custodia
1254 2168 1314 2222 in
1359 2170 1758 2234 cucumerario,
1790 2171 1854 2222 ut
1898 2169 2028 2222 civi-

374 2265 638 2330 tasque:
698 2260 1049 2328 expugnatur
1096 2257 1159 2310 ⁷⁸.
1221 2256 1444 2319 Quibus
1530 2255 1780 2325 relictis,
1862 2255 2026 2312 salus

372 2347 665 2404 translata
693 2348 783 2402 est
811 2345 883 2400 ad
915 2344 1202 2410 nationes,
1235 2349 1300 2399 ut
1328 2345 1413 2399 illi
1443 2346 1809 2402 concitentur
1833 2346 1906 2400 ad
1935 2361 2026 2399 ze-

371 2434 519 2492 lum.
564 2435 864 2490 Intuentes
911 2449 1047 2506 ergo
1093 2433 1588 2505 dispensationem
1639 2439 1697 2489 et
1744 2450 2025 2489 arcanum

372 2523 498 2595 Dei,
531 2523 825 2595 quomodo
859 2521 1034 2578 Israel
1066 2523 1329 2593 abjectus
1361 2522 1439 2578 sit
1481 2523 1538 2576 in
1587 2521 1775 2578 salute
1804 2527 2024 2588 nostra,

373 2629 579 2670 cavere
607 2611 912 2677 debemus,
943 2627 1018 2667 ne
1047 2612 1195 2666 forte
1223 2615 1280 2666 et
1309 2610 1394 2666 illi
1438 2611 1620 2666 nostri
1652 2627 1830 2667 causa
1859 2611 2026 2683 ejecti

374 2702 518 2774 sint,
548 2704 607 2758 et
636 2716 743 2756 nos
774 2699 983 2771 majori
1021 2698 1310 2771 supplicio
1342 2699 1505 2772 digni
1549 2700 1760 2769 simus,
1793 2707 2029 2773 prepter

375 2807 524 2864 quos
567 2795 626 2845 et
671 2788 771 2845 alii
821 2788 1082 2845 derelicti
1113 2792 1274 2856 sunt,
1307 2793 1365 2844 et
1411 2805 1518 2844 nos
1577 2788 1724 2844 nihil
1781 2790 2026 2862 dignum

374 2878 690 2952 adoptione
737 2877 840 2935 Dei
889 2882 946 2934 et
994 2879 1122 2950 ejus
1166 2877 1476 2934 clementia
1531 2877 1863 2944 fecerimus,
1911 2895 2029 2950 qua

375 2966 676 3041 adoptavit
705 2983 811 3022 nos
841 2971 899 3023 et
929 2966 988 3022 in
1021 2983 1162 3022 suos
1192 2966 1344 3022 ﬁlios
1372 2965 1680 3038 reputavit,
1704 2967 1764 3022 in
1797 2965 2027 3023 Christo

371 3058 511 3120 Jesu
534 3057 600 3128 ⁷⁷,
623 3056 718 3112 cui
749 3061 838 3113 est
868 3055 1055 3129 gloria
1079 3059 1136 3111 et
1164 3055 1478 3128 imperium
1510 3055 1568 3111 in
1604 3054 1817 3112 secula
1845 3073 2025 3112 saecu-

374 3146 591 3203 lorum.
623 3150 832 3202 Amen.

823 3250 1105 3306 ποι-ω
1146 3251 1449 3307 HOMILIA
1486 3252 1582 3307 VI.

376 3342 451 3398 De
489 3355 551 3396 eo
591 3338 732 3412 quod
776 3339 1042 3412 scriptum
1070 3343 1149 3412 est
1177 3356 1196 3392 :
1220 3362 1249 3388 «
1283 3338 1418 3393 Cum
1465 3345 1653 3412 autem
1701 3341 2028 3409 concepisset

449 3409 750 3477 Elisabeth,
796 3409 1152 3467 abscondebat
1189 3425 1266 3475 se,
1293 3432 1321 3459 ‹‹
1354 3425 1528 3480 usque
1555 3410 1632 3466 ad
1677 3427 1804 3466 eum
1850 3412 2030 3468 locum

447 3486 547 3540 ubi
573 3484 660 3538 ait
687 3500 707 3538 :
730 3503 759 3533 ‹‹
787 3483 884 3537 Hic
913 3483 1022 3537 erit
1048 3497 1302 3552 magnus.
1325 3500 1354 3533 η
1387 3485 1523 3553 Cap.
1558 3498 1598 3537 ι.

420 3588 678 3658 .Quando
706 3588 946 3658 concepit
984 3587 1282 3653 Elisabeth,
1314 3587 1674 3644 abscondebat
1715 3605 1774 3645 se
1821 3591 2025 3646 mensi-

378 3678 476 3733 bus
503 3677 764 3749 quinque,
809 3675 996 3732 dicens
1028 3694 1046 3729 :
1079 3677 1219 3744 Quia
1264 3677 1346 3731 sic
1391 3675 1534 3732 mihi
1576 3679 1712 3746 fecit
1762 3679 2028 3734 Dominus

377 3768 442 3822 in
465 3764 687 3832 diebus,
715 3763 915 3837 quibus
945 3766 1181 3836 respexit
1210 3767 1438 3835 auferre
1465 3766 1819 3837 opprobrium
1845 3782 2030 3823 meum

377 3855 440 3910 in
470 3853 808 3910 hominibus.
843 3853 1046 3917 Quaero
1093 3867 1272 3923 quam
1303 3854 1376 3908 ob
1424 3870 1662 3910 causam
1715 3860 2028 3928 postquam

2113 564 2181 620 Ni
2213 565 2400 633 fallor,
2425 565 2533 622 hoc
2563 569 2654 622 est
2682 564 2858 621 etiam
2891 564 3046 636 quod
3089 563 3150 618 hi
3194 561 3293 634 qui
3326 559 3552 634 nuptiis
3582 577 3784 636 cepu-p

2113 654 2215 709 lati
2245 660 2405 725 sunt,
2425 672 2539 711 non
2564 669 2736 710 omne
2759 659 2990 726 tempus
3020 652 3210 708 coitus
3244 650 3494 706 liberum
3525 649 3680 705 inter
3700 666 3764 707 se

2115 743 2352 812 habent,
2385 745 2486 799 sed
2516 749 2602 800 est
2632 748 2867 816 tempus
2899 742 3132 814 quando
3163 740 3445 796 recedunt
3483 738 3556 794 ab
3590 755 3765 811 opere

2115 833 2476 905 nuptiarum.
2500 833 2557 888 Si
2589 833 2746 888 enim
2766 831 2853 887 vir
2883 847 3060 888 senex
3089 829 3264 885 fuerit
3279 833 3334 884 et
3356 827 3566 884 mulier
3590 845 3764 898 anus,

2116 922 2358 993 pudoris
2405 927 2495 977 est
2542 921 2782 978 maximi
2842 921 3057 977 servire
3109 935 3207 975 eos
3265 917 3519 984 libidini,
3553 917 3793 974 servire.

2117 1011 2411 1083 conjugic,
2435 1028 2560 1083 quae
2583 1009 2668 1066 vel
2696 1027 2846 1066 cura:
2867 1009 3126 1082 corporis
3157 1011 3214 1063 et
3243 1012 3491 1063 senectae
3514 1023 3643 1064 esse
3663 1006 3770 1063 Dei

2117 1100 2392 1156 videntur
2435 1099 2736 1155 voluntate
2781 1098 3032 1155 sublata.
3083 1097 3214 1152 Haec
3257 1101 3475 1167 autem,
3516 1113 3644 1168 quas
3694 1096 3767 1151 ad

2121 1205 2452 1246 sermonem
2483 1187 2670 1260 angeli
2721 1193 2779 1243 et
2825 1186 3324 1259 dispensationem
3375 1184 3477 1241 Dei
3529 1201 3796 1242 rursum~

2121 1279 2309 1334 fuerat
2363 1277 2485 1333 viro
2543 1276 2832 1349 copulata,
2882 1277 3188 1332 erubescat
3242 1275 3307 1345 [f.
3365 1274 3770 1346 erubescebat]

2121 1366 2276 1438 quod
2310 1383 2458 1422 anus
2488 1370 2544 1422 et
2584 1381 2730 1438 pene
2763 1364 3055 1437 decrepita
3086 1365 3156 1418 ad
3197 1380 3344 1436 opus
3367 1363 3651 1435 juvenum
3679 1379 3774 1419 re-

2121 1455 2390 1512 vertisset
2420 1455 2552 1528 (13).
2596 1455 2759 1510 Unde
2805 1458 2862 1509 et
2910 1453 3309 1510 abscondebat
3359 1469 3421 1509 se
3467 1452 3811 1510 mensibus

2124 1545 2428 1616 quinque:
2465 1561 2581 1600 non
2638 1560 2827 1616 usque
2875 1544 2946 1598 ad
2997 1559 3218 1598 nonum
3274 1557 3558 1613 mensem,
3592 1542 3780 1598 donec

2125 1637 2327 1705 partus
2374 1633 2692 1706 ingrueret,
2726 1631 2829 1687 sed
2873 1647 3179 1703 usquequo
3211 1629 3540 1703 conciperet
3568 1630 3777 1687 Maria.

2125 1723 2368 1789 Quando
2400 1723 2556 1778 enim
2589 1721 2690 1778 illa
2719 1722 3004 1793 concepit,
3023 1726 3081 1776 et
3101 1719 3259 1776 venit
3279 1720 3350 1776 ad
3377 1736 3528 1791 eam,
3548 1725 3606 1776 et
3623 1721 3782 1776 facta
3809 1753 3820 1796 Ap

2127 1816 2215 1868 est
2246 1811 2520 1867 salutatio
2551 1809 2610 1866 in
2642 1826 2815 1866 anres
2844 1810 2994 1881 ejus,
3016 1806 3330 1866 exsultavit
3359 1808 3418 1864 in
3449 1808 3663 1882 gaudio
3691 1807 3784 1864 in-

2131 1900 2263 1956 fans
2296 1901 2357 1955 in
2389 1904 2552 1955 utero
2584 1899 2972 1969 Elisabeth,et
3001 1897 3371 1970 prophetavit
3388 1897 3610 1969 Spiritu
3641 1915 3784 1955 san-

2133 1993 2224 2045 cto
2275 1989 2469 2062 plena,
2510 1992 2567 2044 et
2611 1988 2804 2044 locuta
2851 1991 2940 2043 est
2987 2003 3116 2058 quas
3164 1986 3536 2059 evangelicus
3588 2003 3784 2044 sermo

2133 2079 2410 2135 describit
2443 2095 2456 2133 :
2490 2078 2552 2133 Et
2599 2077 2888 2150 diﬂ‘amata
2923 2084 3052 2132 sunt
3094 2093 3262 2148 super
3307 2092 3521 2132 omnem
3568 2085 3786 2133 monta-

2131 2185 2260 2224 nam
2282 2168 2446 2223 verba
2468 2166 2598 2223 haec.
2618 2166 2860 2232 Quando
2883 2166 3040 2221 enim
3061 2165 3120 2220 in
3141 2163 3356 2237 populo
3378 2180 3580 2221 rumor
3594 2181 3790 2238 egres-

2133 2274 2236 2312 sus
2267 2259 2356 2312 est
2405 2256 2622 2312 habere
2671 2272 2800 2312 eam
2848 2255 2909 2310 in
2959 2259 3123 2310 utero
3172 2253 3536 2326 prophetam,
3567 2258 3626 2310 et
3675 2253 3788 2310 ali-

2133 2345 2270 2416 quid
2303 2346 2498 2416 majus
2527 2360 2656 2401 esse
2687 2345 2926 2402 homine
2957 2343 3059 2416 qui
3090 2344 3431 2416 gestabatur
3460 2360 3495 2398 a
3522 2342 3784 2416 Virgine,

2133 2445 2274 2492 tunc
2304 2451 2420 2490 non
2451 2433 2850 2502 absconditur,
2883 2433 2984 2489 sed
3016 2437 3140 2488 tota
3169 2432 3436 2488 libertate
3474 2448 3536 2488 se
3567 2431 3787 2504 prodit,

2134 2530 2190 2580 et
2221 2524 2475 2580 exsultat
2503 2541 2566 2580 se
2597 2524 2810 2580 habere
2837 2523 3259 2579 Precursorem
3294 2521 3355 2576 in
3386 2524 3551 2578 utero
3581 2519 3792 2578 Salva-

2133 2612 2297 2670 toris.
2331 2612 2550 2668 Deinde
2593 2612 2895 2684 Scriptura
2943 2613 3382 2676 commemorat,
3416 2611 3571 2682 quod
3603 2625 3793 2666 mense

2132 2707 2282 2760 sexto
2307 2706 2605 2774 conceptus
2650 2701 2924 2758 Etisabeth
2951 2702 3154 2756 missus
3191 2702 3261 2755 sit
3289 2700 3516 2772 angelus
3562 2699 3799 2757 Gabriel

2134 2809 2168 2847 a
2215 2793 2318 2847 Deo
2371 2793 2432 2846 in
2489 2792 2767 2846 civitatem
2820 2789 3092 2856 Galilxae,
3152 2790 3307 2860 cujus
3358 2804 3558 2845 nomen
3605 2789 3799 2844 Naza-

2134 2879 2273 2948 reth,
2313 2879 2384 2935 ad
2419 2880 2692 2950 virginem
2738 2878 3120 2950 desponsatam
3151 2880 3292 2946 viro,
3335 2879 3428 2933 cui
3471 2893 3670 2933 nomen
3700 2879 3801 2935 Jo-

2135 2969 2264 3041 seph
2293 2969 2358 3024 de
2387 2968 2544 3024 domo
2577 2967 2776 3036 David,
2807 2972 2858 3024 et
2885 2983 3087 3025 nomen
3119 2968 3371 3039 virginis,
3393 2967 3613 3023 Maria.
3645 2965 3828 3022 Rur--

2136 3074 2269 3114 sum
2319 3058 2378 3113 in
2433 3073 2565 3114 mea
2615 3060 2810 3114 mente
2839 3056 3080 3112 volvens
3132 3073 3348 3128 quaero,
3382 3071 3563 3128 quare
3609 3059 3797 3124 Deus,

2136 3162 2272 3202 cum
2321 3145 2502 3202 semel
2532 3145 2893 3202 Salvatorem
2933 3145 3228 3218 judicaret
3256 3145 3419 3202 nasci
3448 3161 3518 3202 ex
3545 3143 3800 3217 virgine,

2058 3220 2102 3287 C
2140 3253 2257 3293 non
2283 3235 2459 3308 elegit
2489 3235 2746 3307 puellam
2768 3235 2991 3307 absque
3021 3251 3258 3306 sponso,
3282 3235 3386 3290 sed
3407 3251 3537 3290 eam
3562 3232 3803 3307 potissi-

2137 3340 2304 3379 mum
2336 3341 2462 3396 qua:
2511 3324 2640 3393 jam
2692 3323 2884 3378 fuerat
2930 3325 3303 3395 desponsata.
3329 3323 3396 3378 Et
3427 3321 3543 3378 nisi
3599 3321 3805 3390 fallor,

2135 3412 2258 3468 haec
2295 3429 2474 3468 causa
2503 3416 2612 3468 est.
2637 3411 2848 3467 Debuit
2878 3412 2948 3468 de
2977 3428 3045 3467 ea
3071 3411 3297 3486 virgine
3319 3411 3502 3482 nasci,
3527 3427 3653 3484 quas
3676 3428 3804 3467 non
3827 3465 3830 3468 ,

2136 3499 2330 3556 solum
2354 3516 2641 3572 sponsum
2663 3500 2926 3572 haberet,
2942 3501 3066 3569 sed,
3083 3505 3148 3556 ut
3167 3500 3475 3557 Mattheus
3496 3499 3704 3556 scribit
3725 3500 3800 3568 ⁷⁸,

2129 3590 2256 3660 jam
2285 3589 2408 3644 viro
2438 3589 2655 3644 tradita
2685 3589 2896 3659 fuerat,
2929 3588 3066 3644 licet
3095 3605 3224 3646 eam
3255 3589 3347 3644 vir
3374 3590 3623 3646 necdum
3654 3606 3803 3646 nos-

2138 3681 2244 3746 set,
2273 3695 2344 3734 ne
2374 3678 2798 3750 turpitudinem
2819 3677 3063 3749 virginis
3084 3678 3323 3735 habitus
3353 3679 3481 3751 ipse
3501 3682 3806 3734 monstra-

2139 3771 2244 3834 ret,
2296 3767 2345 3822 si
2395 3767 2558 3839 virgo
2602 3767 2899 3822 videretur
2954 3771 3119 3823 utero
3179 3769 3448 3823 tumenti.
3483 3768 3595 3838 (14)
3630 3766 3807 3824 Unde

2138 3855 2434 3928 eleganter
2463 3857 2522 3910 in
2553 3856 2864 3936 cujusdam
2909 3857 3186 3928 martyris
3229 3855 3477 3928 epistola
3504 3854 3616 3926 (15)
3651 3855 3805 3911 scri-

415 3943 494 3988 """
523 3951 699 4008 Exod.
734 3968 808 4019 1v,
844 3951 930 4007 10.
1007 3951 1051 3985 ⁷⁶
1083 3950 1193 4006 Isa.
1231 3969 1270 4019 ι,
1301 3955 1352 4007 8.
1429 3953 1472 3986 ⁷⁷
1505 3953 1673 4009 Rom.
1707 3970 1785 4021 1x,
1820 3955 1871 4009 4.
1949 3954 1990 3988 ⁷⁸
2020 3971 2024 3998 ε

2143 3997 2156 4010 .
2190 3971 2229 4024 1,
2264 3954 2350 4008 18.

449 4057 562 4131 (12)
595 4057 793 4132 Sancti
822 4058 1219 4132 haecquoque
1257 4058 1837 4132 ginterpretisgverbai
1857 4067 2028 4132 sunt;

379 4129 517 4215 eum
541 4129 710 4215 4eni‘tn
741 4131 898 4215 qugd
943 4129 1141 4215 Graece
1175 4129 1448 4215 habetur,
1477 4131 1655 4187 Exod.
1687 4148 1721 4215 Υ
1755 4131 1947 4215 ςλζΕγὼ
1976 4129 2033 4186 δὲ

379 4199 586 4276 ἄλογός
623 4201 736 4276 εἰμι
757 4199 785 4276 ξ
818 4206 929 4274 Ego
956 4207 1138 4258 autem
1167 4202 1287 4256 sine
1331 4202 1493 4257 verbo
1521 4219 1662 4276 sum,
1697 4199 1887 4258 Latini
1937 4220 2031 4260 co-

381 4273 540 4330 dices
571 4274 644 4329 ad
675 4273 917 4345 verbum
951 4290 1065 4330 non
1115 4277 1410 4345 resonent,
1444 4275 1545 4329 sed
1569 4275 1741 4345 juxta
1788 4291 2031 4331 sensum

380 4345 666 4400 duntaxat
697 4360 710 4400 :
746 4344 881 4398 Cum
927 4347 1328 4401 incircumcisis
1375 4344 1541 4400 labiis
1567 4344 1693 4414 sim,
1725 4346 1813 4401 vel
1850 4365 1862 4402 :
1898 4347 2033 4402 Cum

379 4414 535 4471 tardi
561 4416 999 4490 sermonissim,
1032 4415 1417 4490 Hieronymus
1449 4418 1520 4472 de
1548 4416 1657 4473 hoc
1687 4418 1812 4490 ipso
1854 4417 2031 4474 lecto-

381 4500 507 4542 rem
540 4501 574 4540 a
603 4501 666 4542 se
695 4485 862 4540 duxit
888 4485 1346 4542 admonendum.

451 4557 570 4629 (13)
625 4556 854 4632 Easdem
904 4555 1132 4632 schedia
1165 4573 1185 4632 :_
1211 4551 1560 4632 ﬂepzﬁxpuGsv
1591 4558 1806 4632 saturis
1857 4565 2030 4632 μῆνςις

378 4624 558 4704 τιέξ-τε.
602 4626 980 4704 ΔΠεριέχεθωοξηέ
1036 4626 1228 4704 ὲᾳυτήν
1335 4624 1440 4704 ‘e'gjq
1519 4624 1868 4704 xaiMMapia:
1903 4624 2032 4704 sui-

382 4693 546 4775 λᾴϐῃ.
778 4693 882 4773 γᾶρ
910 4697 1112 4775 ΔΒίξεπιρίσι
1163 4693 1442 4775 σέςδνέλᾳϐε,
1476 4701 1564 4775 uel
1605 4693 1904 4775 ﬁliis-7:96;
1938 4700 2032 4755 αὖ-

376 4768 510 4844 τῂν,’
537 4768 872 4844 καὶμὲγξνέτὸ
902 4769 931 4824 ὁ
963 4768 1243 4844 ᾀσίπαᾳμὸς
1275 4768 1441 4844 aii-riae
1464 4771 1548 4844 sic
1593 4773 1660 4844 τςὰ
1691 4768 2029 4844 (Euandria,

378 4839 502 4896 τότε
531 4842 606 4903 ὡς
640 4839 951 4918 ᾇσίιίρτησξν
979 4839 1033 4918 ἐν
1085 4839 1224 4918 adsim
1275 4840 1571 4918 ’τὸ-βρέφος
1604 4842 1655 4918 ἐγ
1687 4839 2030 4918 ᾀγαλλιάσὲεζ

379 4909 815 4990 προφητεύορᾷα,
845 4909 921 4990 ἐξ
976 4909 1057 4966 δεῖ
1100 4909 1274 4990 οὕςὼς
1315 4909 1512 4990 gaias,
1562 4914 1652 4968 καὶ
1701 4909 2031 4990 ἐᾶτᾳρῥησιᾴὲ

381 4981 660 5059 ςὰτό,’ὅτι
705 4981 808 5059 ἄρα
857 4985 1220 5059 γέννημαΔῆν
1255 4984 1437 5059 *αὑςτῆς
1472 4985 1626 5059 bno?)
1658 4981 1856 5059 Κυρζὸὺ
1895 4981 2030 5059 πρό-

381 5051 610 5132 ξρομξφς.
658 5051 804 5132 “rga;
832 5051 1040 5132 ⁸μὲντῷ
1089 5055 1135 5110 εἰ
1180 5051 1684 5132 μαξφρωγ
1731 5051 2033 5132 ἦδεῖςτρᾘτι

381 5124 868 5205 ἐὴιῆήρωιςιάνδρῖ
902 5128 1148 5205 σῳέστη.
1183 5124 1337 5205 "ANK
1389 5125 1478 5205 οὗγ
1511 5124 1600 5205 diu
1635 5129 1698 5182 τὸ
1729 5124 2028 5205 τέᾳράδομξον

377 5195 570 5274 ila-ips
624 5195 880 5274 λέγουὶτα·
942 5195 1232 5274 eumtanti
1262 5273 1265 5274 ν
1291 5221 1384 5271 μοι
1453 5198 1702 5270 ἐποίησεν
1764 5195 1815 5255 δ’
1850 5195 1978 5274 Θεόξ
2016 5245 2028 5258 .

378 5270 721 5328 occultabat
751 5289 814 5328 se
844 5271 1149 5344 mensibus
1173 5270 1452 5344 quinque:
1479 5273 1822 5331 Occultabat
1852 5291 1914 5330 se
1943 5273 2033 5328 do-

376 5358 475 5400 nec
503 5345 677 5400 Maria
701 5343 1047 5415 conciperet.
1083 5344 1309 5409 Quando
1342 5343 1506 5400 enim
1549 5346 1720 5400 Maria
1768 5349 2029 5415 concepit,

379 5423 441 5488 e_t_
456 5417 606 5488 venit
636 5413 713 5471 ad
742 5415 984 5488 illam,et
1013 5417 1160 5488 facta
1189 5425 1265 5470 est
1294 5417 1555 5472 salutatio
1575 5420 1692 5488 ejus
1723 5419 1779 5471 in
1803 5413 2032 5471 auribus

377 5485 552 5559 illius,
577 5489 709 5559 tunc
735 5485 1052 5559 exsultante
1082 5486 1142 5538 in
1173 5501 1235 5539 ea
1261 5488 1489 5559 infante
1514 5485 1636 5559 prée
1663 5488 1886 5556 gaudio,
1910 5504 2034 5559 pro-

374 5557 633 5631 phetam,
656 5558 705 5631 si
737 5560 814 5631 ita
836 5559 990 5631 loqui
1015 5558 1103 5627 fas
1132 5565 1228 5621 est,
1254 5557 1424 5614 libere
1455 5557 1632 5615 locuta
1653 5564 1748 5624 est,
1771 5557 2035 5631 quoniam

379 5630 441 5684 in
471 5637 628 5686 utero
653 5628 884 5685 habebat
903 5630 1310 5684 Praecursorem
1333 5631 1570 5687 Domini.
1589 5633 1764 5686 Antea
1778 5628 1919 5685 'vero
1948 5639 2034 5686 ut-

375 5707 504 5773 pote
529 5701 749 5774 sapiens
777 5700 1120 5759 erubescebat
1139 5700 1281 5772 quod
1305 5717 1382 5758 an
1392 5718 1451 5757 us
1479 5705 1660 5760 virum
1681 5703 2030 5775 cognovisset.

2141 4063 2298 4117 Nunc
2326 4063 2500 4132 igitur
2543 4069 2769 4132 pr0pter
2812 4062 3153 4132 miraculum
3200 4061 3509 4118 exsultabat
3556 4062 3746 4116 dicens
3781 4078 3803 4116 :

2143 4079 2298 4117 nunc
2326 4079 2500 4132 igitur
2587 4079 2769 4132 ropter
2814 4079 3153 4117 miraculum
3200 4079 3379 4118 exsuli

2143 4133 2436 4188 Mirabilia
2467 4079 2611 4187 miﬁi
2643 4133 2776 4188 fecit
2806 4131 3108 4188 Dominus.
3143 4133 3379 4189 Rugus.

2213 4205 2338 4290 (1/1),
2358 4204 2593 4292 Schedas
2621 4203 2816 4292 Grabii
2851 4221 2863 4256 :
2899 4201 3111 4292 Καλίἶξςκ
3142 4201 3233 4292 ἐν’.
3253 4203 3350 4292 μιᾳ
3376 4206 3484 4257 τῶν
3504 4201 3803 4292 μάρτυρές

2141 4271 2621 4349 τινοςὲςπιστολῷν
2670 4275 2992 4349 γὲγρᾳπται,
3037 4275 3147 4346 (τὸν
3200 4271 3456 4349 ἸῨνάτιοᾼν
3504 4271 3651 4349 λξγῲ
3699 4271 3800 4327 ῖτὸν

2143 4345 2280 4470 ἒιετᾶ
2308 4345 2397 4398 τὸν
2457 4342 2714 4421 μακάριόν
2749 4342 2869 4400 ’Πέτ
2907 4366 2964 4400 ον
3007 4342 3108 4414 τῆς
3160 4342 3498 4422 Ἀνῖτιοχείας
3545 4342 3798 4416 δὲύτερον

2169 4416 2456 4472 πίσκοπον.
2490 4417 2581 4471 τὸν
2633 4415 2684 4470 ἐν
2737 4421 2815 4472 τῶ
2864 4364 3096 4472 gramm?)
3130 4415 3180 4471 ἐν
3212 4418 3393 4472 Ῥώμη
3439 4415 3656 4472 θηρίοις
3690 4436 3798 4472 μα-

2169 4415 2467 4504 πίσξιοπονί
2484 4417 2581 4508 (τὸν
2604 4415 2717 4508 "iv"
2737 4421 2815 4508 si?)
2864 4415 3096 4508 S‘thpq.)
3130 4415 3180 4471 ἐν
3212 4415 3798 4508 Ῥώμῄνρηρίοις’μα-

2066 4496 2111 4560 D
2142 4489 2499 4564 χησάμξνψ
2548 4488 2637 4542 καὶ
2669 4485 2825 4564 ἔλαθε
2852 4490 2943 4543 τὸν
2969 4485 3207 4564 ἆρχοπα
3243 4485 3340 4544 to?»
3371 4485 3567 4548 ὰῖὦνὸς
3594 4485 3798 4564 τούτου

2142 4559 2182 4627 ἦ
2224 4559 2492 4634 -παρθενία
2544 4559 2773 4634 Μαρίας.
2822 4559 3118 4631 Eleganter
3172 4563 3232 4634 in
3278 4579 3394 4617 una
3439 4560 3802 4634 epistolamm

2141 4631 2425 4702 cujusdam
2478 4631 2743 4704 martyris
2799 4634 2815 4704 (
2835 4635 3108 4702 lgnatium
3164 4633 3283 4689 dico
3339 4631 3636 4688 secundum
3671 4635 3799 4702 post

2145 4704 2367 4759 beatum
2396 4707 2625 4758 Petrum
2666 4705 2968 4760 Antiochia:
2997 4707 3327 4776 episcopum,
3361 4705 3458 4775 qui
3503 4705 3562 4758 in
3610 4718 3800 4774 perse-

2142 4778 2360 4831 cutione
2411 4776 2592 4832 Romae
2635 4778 2901 4846 pugnavit
2955 4776 3025 4833 ad
3075 4776 3292 4846 bestias)
3335 4776 3608 4846 scriptum
3661 4782 3794 4830 est:

2143 4849 2487 4918 Principemr
2515 4848 2712 4903 saeculi
2768 4847 2928 4914 huius
2983 4847 3148 4918 latuit
3215 4849 3427 4918 Mariae,
3472 4846 3797 4918 virginitas.

2143 4918 2287 5000 V_ide
2318 4915 2604 5044 1’Cotelerii
2657 4921 2825 4974 notas
2856 4919 2912 4973 in
2945 4917 3176 4990 epistol.
3224 4917 3436 4992 Ignatii
3482 4917 3555 4972 ad
3604 4915 3801 4988 Ephe-

2143 5007 2282 5044 8108.
2347 5007 2400 5044 ι).

2143 5007 2282 5045 8108.
2320 5007 2400 5044 lD.

2215 5063 2328 5133 (15)
2362 5061 2622 5115 Diximus
2660 5064 2717 5114 et
2765 5060 2837 5133 ad
2858 5060 3202 5133 Hieronymi
3235 5059 3701 5133 Commentarios
3730 5057 3798 5114 in

2143 5131 2487 5204 Matthaeum
2517 5147 2644 5202 cap.
2675 5148 2735 5199 11,
2770 5131 2870 5186 ubi
2892 5132 2956 5204 ‘S.
2981 5131 3150 5204 Pater
3176 5136 3479 5204 martyrem
3508 5132 3802 5204 lgnatium

2141 5202 2343 5275 laudat
2369 5202 2488 5274 (qui
2533 5201 2788 5275 quartam
2834 5201 3051 5258 addidit
3098 5201 3342 5270 causam,
3374 5220 3474 5260 cur
3497 5201 3800 5275 uidespoin-

2141 5278 2258 5348 sata
2289 5274 2559 5348 Christus
2604 5278 2895 5348 conceptus
2924 5277 3038 5329 sit:
3068 5283 3128 5329 ut
3173 5280 3373 5348 partus,
3416 5289 3624 5348 nempe
3671 5274 3800 5348 ejus

2140 5347 2409 5401 velaretur
2434 5347 2666 5411 diabolo,
2698 5342 2827 5400 dum
2857 5361 2980 5400 eum
3016 5342 3312 5417 putat'non.
3341 5346 3406 5402 de
3432 5342 3805 5416 virgine,sed

2142 5419 2208 5490 de
2253 5434 2420 5472 uxore
2466 5417 2830 5490 generatum),
2865 5417 3047 5490 videri
3099 5417 3525 5490 Hieronymum
3569 5431 3685 5490 non
3726 5429 3804 5470 ex

2143 5488 2269 5562 ipso
2302 5490 2545 5562 lgnatio,
2579 5489 2681 5545 sed
2710 5505 2778 5562 ex
2810 5489 2917 5562 hac
2948 5487 3571 5562 Origeniana'homilia
3600 5487 3803 5562 locum

2143 5559 2411 5632 recitare,
2453 5577 2568 5616 non
2628 5560 2785 5616 enim
2834 5559 3232 5632 haecproprie
3281 5564 3524 5632 sanctus
3573 5561 3805 5632 martyr

2142 5631 2560 5759 pronuntiavit,
2585 5632 2686 5686 sed
2717 5632 2943 5714 exejus
2972 5629 3232 5715 Epistolis.
3262 5633 3332 5691 ad
3366 5631 3649 5709 Ephesios
3680 5629 3832 5687 sub.

2163 5719 2318 5759 inem
2349 5707 2645 5759 utcunque
2676 5701 2950 5759 colligere
2979 5703 3134 5759 licet.

2163 5703 2318 5763 inem
2349 5701 2645 5776 utcunque
2676 5701 2950 5775 colligere
2979 5701 3134 5763 licet.
