4058 6190
277 345 396 414 M5

746 341 1250 414 TRANSLATIO
1291 342 1800 412 HOMILIARUM
1845 339 2215 408 ORIGENIS
2257 339 2338 407 IN
2382 339 2676 408 LUCAM.
2711 371 2788 392 -
2814 341 3087 408 HOMIL.
3132 334 3237 408 VI.

3582 337 3726 410 246-

278 490 445 562 ptum
476 481 688 558 reperi.
725 484 1018 558 Ignatium
1052 483 1178 542 dico
1223 483 1562 557 episcopum
1613 479 1930 537 Antiochiae
1961 479 2016 546 Α
2049 479 2168 535 ait:
2202 479 2326 544 Ave,
2350 481 2532 550 gratia
2547 479 2734 551 plena,
2757 477 2916 550 quod
2938 476 3050 550 (17)
3071 476 3264 535 Grece
3283 473 3704 551 dicitur,uexac

276 583 411 652 post
441 580 679 632 Petrum
717 575 1067 643 secundum,
1091 574 1190 645 qui
1214 574 1273 628 in
1306 572 1707 646 persecutione
1738 571 1936 626 Romae
2047 568 2344 643 ριτωμὲνη,
2394 569 2493 624 ubi
2525 568 2586 623 in
2627 567 2943 640 Scripturis
2984 565 3122 621 alibi
3163 567 3401 638 legerim
3460 583 3577 625 non
3607 582 3698 624 re-

275 664 564 741 pugnavit
591 664 661 720 ad
696 663 943 720 bestias:
967 663 1294 734 Principem
1323 662 1516 718 saeculi
1549 662 1729 733 hujus
1761 659 1935 714 latuit

270 755 580 829 virginitas
611 753 835 810 Mariae:
861 752 1031 808 latuit
1063 757 1299 825 propter
1326 752 1544 823 Joseph
1571 769 1583 807 :
1617 750 1788 806 latuit
1807 766 1933 822 pro-

273 849 364 902 ter
391 843 630 916 nuptias
657 859 669 898 :
731 841 904 898 latuit
934 841 1073 914 quia
1127 841 1321 897 virum
1351 841 1564 897 habere
1596 841 1929 913 putabatur.

271 932 331 990 Si
361 932 524 990 enim
557 949 673 988 non
715 930 1022 987 habuisset
1051 947 1360 1003 sponsum,
1413 935 1468 985 et
1499 935 1564 985 ut
1592 929 1928 1002 putabatur,

275 1021 501 1094 virum,
521 1036 889 1093 nequaquam
923 1019 1212 1092 potuisset
1234 1020 1482 1092 principi
1513 1020 1716 1074 mundi
1751 1018 1929 1089 hujus

267 1109 580 1168 abscondi.
614 1109 820 1166 Statim
853 1109 1012 1164 enim
1045 1109 1317 1182 cogitatio
1350 1107 1761 1164 diabolitacita
1789 1107 1927 1162 sub-

261 1201 589 1272 repsisset:
634 1199 928 1272 quomodo
976 1197 1110 1265 ista,
1148 1198 1248 1270 qui
1279 1215 1396 1254 non
1443 1197 1763 1254 concubuit
1792 1212 1927 1252 cum

260 1289 414 1357 viro,
463 1304 770 1361 praegnans
802 1286 936 1343 est?
961 1287 1142 1343 Debet
1170 1286 1283 1343 iste
1332 1291 1650 1359 conceptus
1681 1302 1808 1342 esse
1838 1285 1928 1339 di-

259 1378 458 1448 vinus,
482 1377 657 1433 debet
677 1376 901 1449 aliquid
925 1376 1188 1435 humana
1205 1382 1415 1433 natura
1439 1393 1568 1433 esse
1591 1374 1923 1432 sublimius.

256 1467 603 1526 Econtrario
661 1467 1034 1537 disposuerat
1090 1465 1370 1536 Salvator,
1431 1465 1924 1538 dispensationem

257 1572 435 1615 suam
461 1560 516 1612 et
532 1555 1001 1627 assumptionem
1025 1554 1283 1628 corporis
1303 1555 1572 1627 ignorare
1597 1555 1919 1611 diabolum:

254 1645 414 1703 unde
443 1647 500 1700 et
528 1644 590 1700 in
646 1644 1023 1717 generatione
1054 1661 1163 1700 sua
1192 1643 1396 1700 celavit
1427 1661 1556 1701 eam
1584 1663 1596 1712 ;
1649 1649 1705 1700 et
1752 1642 1923 1700 disci-

253 1732 409 1808 pulis
440 1737 645 1804 postea
688 1733 1085 1806 praecipiebat,
1136 1750 1208 1788 ne
1239 1732 1617 1789 manifestum
1667 1747 1802 1787 eum
1835 1733 1920 1788 fa-

2045 659 2288 726 cordor;
2324 659 2424 714 sed
2457 672 2646 729 neque
2676 657 2748 712 ad
2778 657 2969 711 virum
3001 655 3334 711 istiusmodi
3361 671 3552 712 sermo
3581 659 3693 726 est,

2041 745 2218 817 Salve,
2251 749 2436 816 gratia
2475 747 2660 818 plena.
2711 746 2829 801 Soli
2875 745 3070 800 Mariae
3104 743 3225 800 haec
3256 743 3531 800 salutatio
3572 762 3695 803 ser-

2040 840 2226 892 vatur.
2256 835 2313 890 Si
2345 836 2501 890 enim
2522 835 2726 891 scisset
2757 834 2941 890 Maria
2969 839 3026 890 et
3055 833 3126 889 ad
3149 833 3330 890 alium
3354 834 3691 906 quempiam

2041 925 2294 981 similem
2326 924 2543 980 factum
2589 941 2717 980 esse
2767 939 3119 990 sermonem,
3171 923 3425 978 habebat
3477 922 3696 995 quippe

2038 1013 2185 1087 legis
2215 1014 2544 1083 scientiam,
2577 1018 2633 1068 et
2660 1017 2784 1069 erat
2815 1017 3038 1081 sancta,
3063 1017 3120 1069 et
3150 1011 3573 1085 prophetarum
3603 1028 3698 1067 va-

2036 1102 2240 1158 ticinia
2295 1103 2636 1174 quotidiana
2681 1102 3060 1158 meditatione
3114 1104 3482 1174 cognoverat,
3541 1117 3694 1158 nun-

2036 1208 2215 1264 quam
2274 1193 2444 1263 quasi
2501 1193 2809 1265 peregrina
2861 1207 2990 1247 eam
3039 1190 3314 1248 salutatio
3362 1189 3691 1250 terruisset.

2036 1281 2274 1354 PrOpter
2296 1283 2451 1354 quod
2480 1281 2741 1354 loquitur
2772 1281 2823 1337 ei
2854 1281 3138 1354 angelus:
3184 1283 3263 1338 Ne
3305 1281 3524 1350 timeas,
3573 1282 3688 1337 Ma-

2034 1372 2141 1438 ria,
2200 1372 2463 1428 invenisti
2510 1373 2664 1427 enim
2716 1373 2954 1443 gratiam
3011 1387 3195 1428 coram
3244 1373 3495 1428 Domino.
3556 1371 3689 1428 Ecce

2032 1461 2308 1531 concipias
2338 1462 2399 1516 in
2430 1468 2604 1533 utero,
2655 1469 2704 1517 et
2745 1462 2934 1533 paries
2988 1460 3192 1530 ﬁlium,
3241 1463 3294 1518 et
3339 1460 3553 1517 vocabis
3581 1476 3682 1518 no-

2029 1565 2156 1605 men
2187 1552 2302 1622 ejus
2331 1552 2531 1607 Iesum.
2564 1552 2615 1606 Is
2642 1552 2746 1606 erit
2787 1565 3045 1621 magnus,
3076 1557 3131 1606 et
3176 1550 3354 1606 Filius
3407 1550 3686 1607 Attissimi

2029 1640 2333 1695 vocabitur.
2365 1639 2592 1696 Dicitur
2621 1644 2678 1695 et
2707 1641 2778 1696 de
2805 1641 3047 1707 Joanne,
3068 1641 3175 1695 erit
3199 1655 3469 1709 magnus:
3502 1641 3560 1696 ct
3575 1638 3686 1696 hoc

2032 1728 2231 1800 ipsum
2279 1728 2506 1784 Gabriel
2561 1728 2806 1800 angelus
2850 1731 3248 1796 contestatur;
3300 1728 3401 1784 sed
3446 1728 3681 1800 quando

253 1827 470 1880 carent.
485 1825 555 1877 Et
583 1838 718 1878 cum
741 1823 813 1878 ab
845 1822 973 1894 ipso
997 1822 1226 1878 diabolo
1248 1825 1588 1889 tentaretur,
1624 1839 1914 1893 nusquam
1948 1853 1996 1919 Β
2025 1818 2184 1873 venit
2212 1818 2387 1875 Jesus
2434 1835 2566 1875 vere
2606 1835 2878 1918 magnus,
2910 1833 3062 1919 vere“
3101 1815 3534 1919 sublimis,“ille
3575 1818 3684 1919 qui

253 1916 562 1968 contessus
596 1915 686 1968 est
714 1911 818 1968 Dei
847 1927 910 1967 se
950 1927 1078 1967 esse
1108 1911 1345 1980 Filium,
1378 1912 1478 1968 sed
1511 1911 1917 1967 tantummodo
1948 1905 1995 1919 υ
2029 1907 2196 1979 prius
2230 1924 2482 1980 magnus
2513 1907 2724 1974 fuerat,
2758 1906 2952 1962 minor
2980 1906 3220 1962 effectus
3243 1911 3350 1962 est.
3374 1905 3477 1963 Ille
3497 1906 3678 1978 enim,

251 2001 677 2074 respondebat:
709 2001 837 2057 Non
869 2005 1097 2072 oportet
1129 2005 1196 2056 ut
1226 2001 1464 2057 adorem
1492 2005 1569 2069 te,
1603 2017 1709 2056 nec
1740 2003 1804 2055 ut
1829 1999 1914 2055 la-

249 2090 417 2163 pides
446 2090 594 2146 istos
631 2106 815 2162 panes
873 2089 1104 2159 faciam,
1142 2093 1205 2145 ut
1235 2106 1329 2145 me
1368 2091 1439 2146 de
1485 2089 1599 2145 alto
1647 2089 1916 2162 praecipi-

251 2182 371 2234 tem
403 2179 469 2232 7°.
521 2179 592 2235 Et
639 2194 774 2235 cum
808 2179 924 2234 ista
955 2177 1192 2248 diceret,
1223 2179 1408 2234 tacuit
1437 2194 1667 2251 semper
1697 2195 1759 2234 se
1789 2193 1918 2233 esse

249 2265 469 2324 Filium
506 2266 631 2324 Dei.
661 2269 848 2334 Quare
878 2271 935 2322 et
963 2267 1022 2322 in
1065 2267 1179 2323 alia
1226 2267 1546 2340 Scriptura,
1580 2272 1637 2322 et
1665 2267 1918 2339 reperies

250 2355 586 2412 voluntatis
613 2354 825 2413 Christi
856 2355 1060 2425 fuisse,
1084 2360 1150 2412 ut
1178 2357 1490 2413 adventum
1521 2355 1648 2411 Filii
1674 2355 1771 2413 Dei
1801 2356 1921 2411 dia-

245 2445 430 2502 bolus
485 2443 799 2516 ignoraret.
829 2445 1146 2518 Apostolus
1200 2446 1359 2501 enim
1400 2445 1736 2516 passionem
1789 2446 1916 2515 ejus

249 2549 533 2592 asserens
564 2533 845 2590 nesciisse
876 2534 1205 2590 contrarias
1245 2534 1638 2605 fortitudines,
1686 2534 1768 2589 ait
1807 2535 1913 2590 79*:

247 2623 602 2696 Sapientiam
631 2623 912 2696 loquimur
948 2626 1097 2680 inter
1123 2625 1406 2696 perfectos.
1443 2624 1790 2695 Sapientiam
1819 2641 1916 2679 au-

245 2714 363 2769 tem
391 2727 502 2768 non
531 2713 728 2768 saeculi
772 2711 956 2785 hujus,
1005 2729 1180 2785 neque
1225 2715 1541 2785 principum
1586 2715 1782 2770 saeculi
1811 2714 1915 2769 hu-

239 2801 338 2872 jus
366 2802 467 2872 qui
493 2799 892 2865 destruantur;
923 2801 1015 2858 sed
1045 2803 1322 2872 loquimur
1350 2803 1447 2856 Dei
1491 2802 1822 2872 sapientiam
1856 2804 1914 2856 in

249 2891 516 2964 mysterio
544 2889 949 2959 absconditam,
983 2906 1147 2961 quam
1186 2891 1372 2946 nuttus
1399 2892 1720 2962 principum
1747 2892 1914 2959 huius

247 2978 443 3036 seculi
485 2981 753 3051 cognovit.
814 2978 876 3034 Si
942 2981 1093 3035 enim
1165 2981 1554 3052 cognovissent,
1614 2997 1913 3052 numquam

251 3070 560 3125 Dominum
583 3069 778 3140 gloria
825 3069 1250 3139 cruciﬁxissent.
1282 3069 1707 3126 Absconditum
1737 3069 1915 3140 igitur

253 3156 365 3212 fuit
422 3156 852 3229 aprincipibus
908 3157 1108 3213 saeculi
1161 3159 1506 3229 mysterium
1565 3157 1903 3214 Salvatoris.

2026 1995 2220 2068 inquit
2247 1997 2318 2065 ⁸⁸,
2351 1997 2462 2052 fuit
2489 1997 2729 2052 lucerna
2759 1997 2972 2052 ardens
3001 1999 3058 2050 et
3095 1994 3319 2063 lucens,
3352 1998 3411 2051 et
3451 2011 3554 2051 vos
3583 2012 3678 2052 vo-

2026 2081 2224 2141 luistis
2256 2085 2328 2140 ad
2358 2085 2565 2140 horam
2597 2083 2888 2141 exsultare
2916 2083 2977 2140 in
3012 2082 3237 2138 lumine
3267 2083 3414 2154 ejus.
3449 2082 3676 2155 Magni-

2025 2174 2167 2229 tudo
2199 2173 2513 2230 Salvatoris
2543 2174 2728 2230 nostri
2768 2189 2884 2228 non
2936 2177 3076 2229 tunc
3124 2171 3399 2244 apparuit
3444 2172 3680 2246 quando

2026 2269 2198 2318 natus
2230 2269 2355 2331 est;
2389 2263 2491 2319 sed
2521 2278 2678 2318 nunc
2721 2265 3033 2335 postquam
3065 2278 3346 2334 oppressa
3373 2261 3446 2318 ab
3476 2263 3681 2318 adver-

2026 2351 2199 2408 sariis
2229 2351 2556 2418 videbatur,
2600 2351 2860 2407 emicuit.
2893 2351 3040 2406 Vide
3079 2350 3546 2423 magnitudinem
3577 2355 3683 2408 Do-

2027 2440 2209 2497 mini:
2263 2442 2327 2496 In
2378 2458 2612 2497 omnem
2662 2445 2879 2497 terram
2938 2440 3116 2496 exivit
3172 2456 3354 2497 sonus
3403 2440 3680 2497 doctrinis

2026 2531 2174 2602 ejus,
2215 2534 2272 2586 et
2300 2530 2361 2586 in
2400 2531 2546 2586 ﬁnes
2578 2529 2737 2586 orbis
2766 2534 3056 2586 terrarum
3087 2530 3264 2586 verba
3290 2528 3451 2585 illius
3480 2530 3546 2586 ⁸³.
3577 2529 3685 2588 Do-

2025 2619 2223 2676 minus
2272 2624 2471 2675 noster
2506 2621 2697 2690 Jesus,
2747 2619 2852 2692 qui
2889 2620 3074 2675 virtus
3100 2623 3190 2675 est
3219 2619 3331 2691 (18)
3378 2618 3481 2676 Dei
3504 2619 3572 2690 ⁸³,
3621 2619 3682 2676 in

2024 2725 2258 2765 omnem
2290 2709 2540 2765 diffusus
2571 2712 2659 2764 est
2697 2709 2918 2778 orbem,
2939 2712 2997 2764 et
3017 2708 3550 2781 impraesentiarum
3583 2724 3682 2766 no-

2023 2797 2252 2853 biscum
2296 2801 2404 2865 est,
2457 2798 2620 2868 juxta
2659 2796 2804 2853 illud
2838 2797 2992 2869 quod
3022 2783 3083 2851 in
3119 2795 3394 2867 Apostolo
3423 2793 3677 2868 legitur:

2026 2884 2382 2956 Congregatis
2440 2887 2588 2942 vobis
2634 2894 2688 2941 et
2731 2887 2935 2957 spiritu
2980 2900 3098 2940 meo
3143 2899 3271 2939 cum
3318 2885 3518 2940 virtute
3571 2883 3679 2940 Do-

2021 2983 2166 3036 mini
2204 2985 2380 3039 nostri
2405 2985 2530 3040 Jesu
2579 2982 2789 3039 Christi
2807 2983 2870 3037 δ”.
2916 2982 3111 3039 Virtus
3154 2981 3384 3037 Domini
3415 2979 3674 3038 Salvato-

2022 3069 2104 3126 ris
2135 3076 2191 3126 et
2220 3088 2356 3127 cum
2387 3072 2480 3127 his
2509 3076 2616 3137 est,
2651 3072 2751 3143 qui
2782 3073 2852 3126 ab
2884 3071 3022 3126 orbe
3053 3073 3252 3125 nostro
3279 3068 3340 3124 in
3374 3068 3678 3126 Britannia

2025 3160 2387 3228 dividuntur,
2428 3165 2484 3216 et
2527 3177 2660 3215 cum
2691 3159 2784 3216 his
2815 3159 2914 3232 qui
2944 3159 3004 3213 in
3050 3157 3424 3225 Mauritania,
3453 3162 3510 3214 et
3539 3174 3674 3215 cum

251 3246 416 3314 Quod
449 3251 648 3302 autem
697 3246 1024 3302 econtrario
1075 3247 1248 3319 objici
1298 3251 1508 3319 potest,
1560 3247 1905 3302 solvendum
1936 3223 1980 3289 Ο
2019 3249 2306 3305 universis
2338 3249 2439 3321 qui
2471 3250 2580 3305 sub
2613 3248 2734 3306 sole
2765 3249 2822 3304 in
2855 3248 3094 3304 nomine
3119 3249 3249 3319 ejus
3276 3246 3672 3304 crediderunt.

249 3335 396 3392 mihi
426 3336 659 3391 videtur
709 3341 1028 3408 antequam
1078 3337 1150 3392 ab
1181 3336 1295 3392 alio
1345 3341 1737 3409 praeponatur,
1793 3354 1910 3409 qua

248 3424 476 3481 ratione
508 3425 664 3498 quod
695 3425 991 3498 principes
1023 3425 1203 3497 hujus
1236 3426 1434 3482 saeculi
1467 3425 1656 3494 latuit,
1692 3428 1903 3482 daemo-

246 3529 384 3569 nem
411 3530 528 3570 non
557 3513 753 3578 latuit,
784 3530 918 3569 eum
945 3514 1268 3588 praesrtim
1294 3515 1394 3586 qui
1426 3515 1485 3570 in
1509 3515 1813 3588 Evangelio
1833 3514 1909 3570 lo-

247 3604 578 3676 quebatur:
639 3605 850 3660 Venisti
895 3609 1023 3660 ante
1069 3610 1288 3676 tempus
1343 3609 1587 3676 torquere
1637 3621 1753 3673 nos,
1799 3607 1904 3660 sci-

246 3709 377 3748 mus
408 3700 458 3748 te
501 3694 632 3765 quia
670 3694 747 3748 sis
774 3693 949 3748 Filius
995 3694 1096 3749 Dei
1123 3694 1188 3747 ⁸ο.
1241 3694 1353 3750 Sed
1399 3694 1724 3764 considera,
1770 3694 1910 3766 quia

250 3780 453 3837 minor
479 3779 539 3836 in
566 3780 790 3837 malitia
812 3782 1034 3837 noverit
1061 3781 1454 3837 Salvatorem:
1485 3783 1585 3854 qui
1616 3798 1752 3838 vero
1783 3799 1906 3837 ma-

238 3869 343 3940 jor
371 3873 464 3925 est
489 3869 550 3923 in
583 3869 815 3938 scelere,
861 3874 919 3926 et
967 3869 1316 3941 versipellis,
1351 3875 1407 3926 et
1437 3887 1714 3944 nequam,
1749 3887 1817 3926 ex
1843 3887 1908 3926 eo

247 3958 415 4030 ipso,
446 3957 602 4028 quod
632 3957 691 4012 in
716 3957 863 4016 malo
894 3960 1084 4031 major
1111 3960 1400 4015 268-64
1437 3965 1545 4023 est,
1592 3960 1911 4030 impeditur

248 4061 436 4101 nosse
462 4043 673 4101 Filium
703 4048 822 4102 Dei.
872 4048 989 4104 Nos
1024 4063 1259 4120 quoque
1308 4048 1444 4120 ipsi,
1479 4047 1528 4104 si
1579 4048 1780 4104 minus
1809 4049 1910 4103 ha-

244 4134 560 4191 buerimus
591 4135 750 4207 mali,
775 4135 1005 4193 facilius
1035 4153 1356 4209 possumus
1386 4138 1458 4194 ad
1488 4137 1760 4193 virtutem
1784 4154 1912 4210 pro-

248 4223 476 4280 cedere.
507 4224 563 4279 Si
595 4241 731 4280 vero
780 4227 970 4298 magis
1000 4227 1060 4281 in
1088 4225 1256 4282 nobis
1289 4226 1461 4282 fuerit
1497 4226 1657 4296 mali,
1684 4227 1908 4299 ingenti

246 4311 453 4368 labore
483 4314 819 4370 sudandum
853 4319 960 4386 est,
987 4319 1052 4371 ut
1081 4315 1289 4386 majori
1321 4315 1546 4371 malitia
1570 4315 1904 4372 liberemur.

246 4403 384 4457 Hac
417 4402 484 4457 de
514 4419 580 4458 eo
613 4404 768 4476 quod
800 4421 1083 4477 sponsum
1107 4405 1376 4460 habuerit
1401 4405 1602 4461 Maria.

322 4491 442 4562 (16)
484 4491 628 4556 Quia
656 4509 794 4549 vero
851 4493 1097 4567 angelus
1145 4511 1292 4550 novo
1343 4511 1611 4550 sermone
1664 4495 1907 4551 Mariam

2015 3338 2164 3394 Vide
2193 3355 2328 3411 ergo
2378 3337 2845 3410 magnitudinem
2890 3335 3226 3406 Salvatoris,
3273 3337 3566 3408 quomodo
3613 3335 3674 3392 in

2016 3430 2138 3484 toto
2170 3428 2312 3483 orbe
2347 3427 2562 3482 diil‘usa
2607 3427 2704 3489 sit,
2735 3430 2791 3481 et
2828 3431 2981 3481 certe
3032 3425 3284 3480 necdum
3315 3424 3447 3496 ejus
3476 3440 3672 3481 veram
3735 3497 3743 3505 _

2019 3516 2488 3589 magnitudinem
2538 3515 2798 3588 exposui.
2843 3514 3106 3571 Ascende
3140 3513 3198 3568 in
3230 3511 3428 3580 caelos,
3461 3517 3519 3569 et
3545 3513 3674 3571 vide

2017 3622 2174 3673 eum,
2207 3606 2500 3678 quomodo
2532 3605 2791 3661 cmlestia
2821 3603 3146 3676 repleverit.
3178 3601 3465 3674 Apparuit
3492 3602 3675 3675 siqui-

2017 3696 2150 3751 dem
2182 3694 2428 3768 angelis.
2472 3683 2773 3750 Descende
2835 3694 3187 3764 cogitatione
3228 3691 3288 3747 in
3319 3692 3587 3765 abyssos,
3617 3695 3674 3747 et

2014 3784 2240 3840 videbis
2279 3800 2414 3839 eum
2464 3783 2642 3839 etiam
2697 3781 2836 3837 illuc
2893 3781 3286 3838 descendisse.
3348 3782 3456 3850 Qui
3522 3781 3672 3837 enim

2016 3873 2309 3942 descendit,
2342 3873 2455 3945 ipse
2476 3877 2554 3928 est
2582 3882 2638 3927 et
2663 3874 2760 3943 qui
2788 3871 3053 3942 ascendit,
3084 3875 3146 3925 ut
3173 3870 3427 3942 impleret
3455 3871 3668 3936 omnia,

2016 3971 2077 4019 ut
2106 3964 2166 4018 in
2194 3963 2419 4018 nomine
2465 3967 2602 4018 Jesu
2647 3976 2806 4017 omne
2843 3977 2985 4032 genu
3031 3961 3298 4030 ﬂectatur,
3347 3958 3666 4026 caelestium,

2017 4054 2371 4108 terrestrium
2417 4059 2468 4130 et
2523 4051 2875 4125 infernarum
2911 4051 2976 4103 ⁸⁸.
3032 4047 3347 4104 Considera
3389 4045 3670 4101 virtutem

2018 4141 2273 4210 Domini,
2305 4141 2458 4211 quod
2489 4139 2819 4212 impleverit
2841 4137 3150 4202 mundum,
3176 4135 3236 4190 id
3267 4137 3356 4191 est
3386 4133 3668 4204 ccelestia,

2016 4230 2337 4300 terrestria,
2370 4234 2426 4285 et
2454 4229 2782 4296 infernalis,
2817 4226 3110 4298 quomodo
3149 4228 3206 4280 et
3237 4223 3443 4279 coelum
3471 4223 3668 4295 ipsum

2018 4319 2426 4392 penetraverit,
2482 4322 2538 4373 et
2593 4318 2652 4372 in
2710 4332 2967 4386 superna
2996 4312 3346 4370 ascenderit.
3399 4311 3670 4387 Legimus

2019 4409 2174 4464 enim
2205 4408 2270 4473 ⁸⁸,
2304 4407 2459 4478 quod
2493 4403 2894 4476 pertransierit
2923 4401 3097 4459 cmlos
3120 4401 3302 4458 Filius
3323 4401 3520 4458 Dei.Si
3549 4400 3673 4458 haec

2016 4496 2252 4564 videris,
2285 4496 2500 4568 pariter
2529 4493 2848 4550 intueberis
2895 4510 3012 4549 non
3041 4491 3377 4548 transitoria
3404 4490 3628 4547 dictum
3653 4507 3667 4546 :

250 4577 550 4649 salutavit,
581 4597 759 4653 quem
788 4584 846 4638 in
881 4583 1042 4638 omni
1071 4583 1649 4655 Scripturainvenire
1667 4602 1780 4640 non
1813 4603 1909 4657 po-
1938 4592 1986 4656 D
2016 4588 2242 4656 Magn-us
2270 4587 2412 4649 erit;
2461 4585 2561 4640 sed
2611 4583 2853 4640 verbum
2905 4597 3077 4655 opere
3125 4580 3504 4653 completum.
3547 4578 3668 4635 Ma-

249 4667 362 4735 tui,
397 4674 454 4723 et
499 4669 574 4726 de
624 4670 734 4727 hoc
764 4689 954 4744 pauca
982 4672 1230 4728 dicenda
1259 4677 1416 4728 sunt.
1449 4672 1511 4728 Id
1565 4673 1718 4728 enim
1753 4677 1908 4747 quod

321 4767 370 4846 ’ρ
429 4767 668 4846 Μειῐὶι,Δ
696 4787 771 4842 ιν,
831 4771 989 4827 3-11.
1031 4771 1119 4846 ﬁ?"
1177 4771 1214 4846 l
1257 4770 1386 4846 _Cgr.
1453 4788 1513 4836 ιι,
1561 4772 1687 4846 ’6-87Δ
1727 4773 1775 4846 νίξο
1809 4773 1914 4846 _Ms

2026 4817 2037 4830 .
2098 4792 2220 4846 vm,

2020 4693 2171 4750 gnus
2221 4679 2311 4731 est
2359 4674 2642 4730 Dominus
2697 4676 2896 4729 noster
2941 4675 3132 4738 Jesus,
3189 4675 3246 4725 et
3292 4683 3572 4741 praesens,
3612 4670 3671 4722 et

2279 4774 2370 4828 29.
2430 4773 2471 4808 δι
2529 4773 2693 4827 Joan.
2747 4788 2801 4832 v.
2879 4771 2968 4826 35.
3045 4769 3091 4803 ³³
3155 4767 3307 4824 Psal.
3375 4781 3543 4832 xvm,
3607 4765 3703 4822 5..

248 4837 297 4875 ³³
324 4817 674 4907 Regii-1'6
696 4817 771 4908 Ξῖ
797 4817 995 4910 οὖτζῖζ
1026 4841 1116 4896 24.
1177 4817 1223 4877 δι
1255 4817 1426 4898 ῑᾰὸὶκ
1453 4817 1515 4908 R7,
1548 4817 1604 4898 II.
1639 4817 1689 4878 ἷδ
1719 4817 1914 4916 Εριῐξὲ

2026 4817 2043 4914 ξ
2080 4817 2424 4917 1δ³Ξ⁸ῬῶῘὶιμ
2457 4817 2716 4910 πῃῖδῗέδ
2747 4817 3032 4906 Ῐίθὺιῗίν,
3068 4839 3152 4892 14.

320 4954 439 5040 (16)
465 4956 708 5040 Schedte
737 4957 933 5040 Grabij
965 4962 1016 5013 et
1050 4956 1391 5040 gombeﬁsii
1409 4974 1434 5040 Ξ
1489 4958 1656 5040 sevo:
1745 4958 1908 5012 dem-

252 5026 394 5120 ςμρς
423 5026 495 5120 τῇ
529 5029 798 5120 παρθένῳ,
835 5026 1080 5119 οιξδαμοῢ
1115 5034 1217 5120 τῇς
1236 5029 1470 5114 *Οραφῆς
1505 5027 1910 5120 εὑρισκόμενος-

246 5100 417 5175 Ξεεύτῃ
446 5100 505 5152 δὲ
540 5100 677 5175 μᾷνῃ
726 5100 1089 5175 τηρᾳύμενοςσ
1152 5100 1338 5173 Χαῖρε,
1369 5100 1384 5175 κ’
1400 5100 1841 5175 κεχαριτωμένη,
1878 5103 1906 5155 ὁ

246 5163 619 5246 Ῑῦρξῖξς-μέτᾶ
648 5163 762 5227 ἑοῦ.
783 5163 959 5230 "Novo
1006 5163 1268 5227 sermone
1293 5163 1584 5246 salutatur
1608 5163 1780 5246 virgo,
1806 5163 1908 5245 qui

245 5237 571 5298 nullibi'in
629 5246 785 5300 omni
824 5247 1115 5316 Scriptura
1161 5245 1461 5316 reperitur,
1493 5245 1587 5300 sed
1629 5237 1908 5300 Iut'ic's‘oti

242 5319 534 5388 servaturi
551 5317 687 5386 Ave,
701 5316 890 5386 gratia
914 5314 1106 5388 plena,
1126 5314 1409 5370 Dominus
1428 5321 1642 5388 tecum.
1668 5318 1904 5373 Remus.

319 5383 438 5454 (17)
481 5383 846 5462 Hieronymi,
883 5383 949 5443 u't
986 5402 1161 5462 nemo
1206 5403 1322 5462 non
1348 5387 1563 5462 sentit,
1613 5389 1906 5462 adnotatio

242 5449 375 5508 haec
407 5449 517 5520 est,
551 5464 618 5532 ut
668 5449 866 5532 ipsum
892 5457 1289 5532 salutationis
1338 5449 1603 5532 Graecum
1643 5460 1906 5532 verbum,

239 5530 709 5604 ιεξχαριτωμὲνηζ
755 5531 906 5604 quod
976 5530 1145 5604 plane
1191 5531 1589 5604 inusitatum
1631 5530 1906 5604 Origenes

240 5595 500 5665 dixerat,
534 5595 738 5660 Latine
771 5595 994 5661 ἐυιθιτῑ
1013 5603 1127 5659 fere
1155 5602 1390 5658 obvium
1418 5607 1525 5672 est,
1579 5595 1774 5658 lectori
1819 5603 1906 5658 in-

240 5673 598 5727 notesceret.
653 5714 662 5720 -

239 5677 598 5730 notesceret.
653 5714 662 5720 -

2088 4963 2199 5032 (18)
2250 4961 2462 5032 Legere
2518 4959 2741 5030 malim,
2781 4975 2890 5030 qua
2918 4958 3095 5032 virtus
3138 4963 3242 5032 est,
3275 4957 3341 5009 ut
3383 4953 3436 5010 ei
3485 4952 3670 5032 mani-

2016 5025 2225 5088 festius
2256 5025 2576 5104 opinationi
2610 5025 2955 5104 opponatur,
2989 5026 3090 5104 cui
3131 5025 3440 5104 Origenem
3472 5025 3670 5104 adha-

2018 5105 2167 5158 sisse
2217 5098 2893 5171 Ge'nebrardus'aliique
2950 5115 3018 5154 ex
3077 5102 3328 5154 tractatu
3387 5098 3671 5171 xx_x1y_i_n

2015 5176 2333 5230 Mattheeum
2363 5174 2769 5240 criminantur,
2796 5167 2958 5242 quod
2991 5185 3202 5242 nempe
3232 5169 3483 5242 senserit
3509 5167 3670 5224 Chri-

2017 5251 2199 5311 stum,
2233 5262 2350 5316 qua
2379 5245 2642 5300 Christus
2665 5249 2776 5316 est,
2801 5241 2920 5298 eive
2951 5259 3067 5316 qua
3083 5241 3513 5316 humanitatem
3534 5255 3669 5316 Acor-

2059 5319 2207 5373 oreis
2232 5311 2338 5371 usu
2350 5317 2629 5388 rpandam
2652 5311 2836 5388 oculis
2855 5311 3109 5388 prae—fert,
3123 5312 3340 5388 ubique
3369 5311 3668 5388 exsistere.

2059 5335 2207 5373 orels
2232 5335 2338 5371 usu
2350 5335 2629 5388 rpanuam
2652 5335 2836 5370 ocuus
2855 5335 3105 5386 primari,
3123 5335 3340 5385 umque
3369 5335 3668 5367 exsistere.

2017 5335 2122 5444 flio
2151 5389 2444 5444 enimvero
2461 5387 2846 5443 Adamantius
2869 5385 2975 5442 soli
2998 5384 3323 5440 divinitatis
3346 5382 3669 5444 praesentia

2017 5461 2127 5517 hoc
2153 5460 2379 5531 tribuit,
2412 5477 2478 5514 ac
2509 5458 2812 5514 verissime
2843 5458 3141 5531 Christum
3190 5472 3309 5528 qua
3337 5454 3437 5531 Dei
3483 5454 3670 5510 virtus

2017 5538 2124 5597 est,
2149 5533 2208 5604 in
2241 5528 2473 5588 omnem
2499 5531 2778 5604 diffusum
2807 5546 2936 5586 esse
2967 5530 3188 5604 orbem,
3214 5528 3525 5604 omniaque
3545 5539 3671 5598 per-

2015 5598 2222 5660 vadere
2255 5605 2441 5671 docet,
2475 5601 2751 5670 ccelestia,
2781 5601 3080 5658 terrestria
3108 5605 3283 5674 atque
3311 5598 3560 5655 inferna.
