4058 6190
344 354 463 419 947

1583 376 1666 442 8.’
1695 375 2011 443 EUSEBII
2055 373 2507 442 HlERONYMI

3636 371 3756 436 948

346 489 582 584 absens,
607 491 935 574 tribuitque
956 501 1317 562 consortium
1340 506 1700 569 fortitudinis
1721 529 1836 568 suae
1857 512 1996 570 huic
2022 514 2080 581 Α
2107 514 2297 584 infans
2326 514 2387 568 in
2415 515 2566 568 utero
2596 508 2897 584 Elisabeth,
2928 517 2983 568 et
3007 508 3225 582 repleta
3251 509 3330 567 est
3353 505 3569 583 Spiritu
3594 521 3756 566 sant-

349 581 517 638 ccstui
549 589 749 642 nostro
789 591 964 662 atque
994 595 1342 651 conventui:
1373 600 1528 671 quod
1561 604 1627 656 ut
1676 605 1734 656 et
1781 601 1999 676 singuli
2107 581 2241 658 to'et
2268 603 2527 659 clamavit
2555 619 2681 660 voce
2711 581 2913 674 magna
2939 610 2991 658 et
3019 581 3202 658 dixit:

780 964 1062 1024 ποῦ-66
1110 969 1416 1029 HOMILIA
1453 974 1573 1030 VII.

350 1045 429 1102 De
450 1063 511 1106 eo
539 1050 684 1133 quod
694 1053 976 1133 scriptum
1000 1060 1123 1133 est:
1145 1131 1153 1133 ξ
1172 1080 1202 1110 ‹‹
1229 1060 1539 1133 Exsurgens
1590 1073 1776 1122 autem
1819 1068 2006 1126 Maria

421 1135 549 1209 cum
575 1124 935 1209 festinatione
963 1129 1190 1209 vegitjn
1220 1124 1504 1204 montana,
1543 1159 1564 1184 ι
1600 1154 1770 1209 usque
1797 1124 1866 1194 ad
1881 1136 2006 1194 eum

423 1187 602 1282 ipsum
647 1195 746 1282 ubi
794 1199 909 1282 aith:
962 1221 991 1248 ‹‹
1023 1201 1146 1256 Erit
1198 1187 1835 1266 consummati/chrum
1881 1225 2006 1282 quae

427 1262 585 1322 dicta
612 1269 759 1322 sunt.
792 1291 820 1319 »
855 1271 988 1342 Cap.
1022 1289 1060 1328 ι.

424 1385 696 1446 Meliores
726 1391 797 1448 ad
827 1393 1140 1454 deteriores
1165 1400 1430 1469 veniunt,
1463 1407 1527 1459 ut
1547 1404 1630 1461 eis
1651 1417 1719 1462 ex
1747 1407 2002 1464 adventu

362 1491 470 1540 suo
499 1476 720 1550 aliquid
755 1481 1016 1544 tribuant
1047 1487 1448 1548 emolumenti.
1497 1493 1592 1549 Sic
1641 1498 1697 1549 et
1745 1494 2008 1553 Salvator

354 1564 515 1656 venit
551 1568 622 1622 ad
650 1568 961 1641 Joannem,
986 1578 1051 1630 ut
1080 1579 1472 1637 sanctificaret
1497 1582 1792 1656 baptisma
1812 1584 2005 1656 illius;

365 1656 424 1709 et
452 1653 638 1711 Maria
694 1659 893 1715 statim
935 1668 999 1718 ut
1035 1665 1256 1722 audivit
1297 1653 2007 1746 angelum—nuntiantem,

360 1743 870 1835 quodAconceperit
907 1750 1282 1824 Salvatorem,
1305 1762 1362 1813 et
1394 1761 1546 1830 quod
1582 1767 1831 1835 cognata
1850 1743 2011 1821 illius

357 1829 655 1922 Elisabeth
687 1833 926 1898 haberet
953 1838 1012 1894 in
1044 1845 1230 1915 utero,
1276 1829 1636 1922 consurgens
1654 1829 1800 1908 cum
1849 1853 2013 1910 festi-

360 1920 596 1977 natione
623 1923 782 1979 venit
810 1923 868 1980 in
902 1932 1202 2002 montana,
1240 1939 1296 1990 et
1323 1920 1591 2010 ingressa
1635 1943 1723 1997 est
1769 1941 2012 2000 domum

362 2011 682 2072 Elisabeth.
715 2015 889 2072 Jesus
917 2035 1069 2088 vero,
1099 2023 1198 2094 qui
1239 2024 1299 2080 in
1348 2029 1520 2084 uturo
1551 2028 1709 2087 illius
1754 2035 1898 2103 erat,
1931 2033 2013 2088 fe-

363 2103 621 2162 stinabat
647 2106 838 2164 adhuc
867 2108 926 2165 in
952 2114 1151 2168 ventre
1180 2115 1384 2171 matris
1429 2117 1714 2176 Joannem
1755 2121 2014 2192 positum

361 2191 748 2254 sanctificare.
793 2197 1057 2273 Denique
1105 2207 1417 2276 antequam
1463 2209 1685 2265 veniret
1727 2191 1912 2266 Maria
1956 2215 2014 2268 et

359 2279 644 2338 salutaret
673 2284 995 2358 Elisabeth,
1018 2307 1136 2347 non
1166 2295 1475 2352 exsultavit
1502 2296 1773 2356 intansin
1806 2304 1969 2357 utero
1995 2317 2008 2355 :

360 2369 463 2459 sed
495 2371 695 2435 statim
727 2378 792 2430 ut
807 2375 991 2434 Maria
1020 2378 1218 2437 locuta
1246 2387 1334 2439 est
1363 2386 1626 2457 verbum,
1646 2388 1804 2459 quod
1832 2387 2010 2444 Filius

359 2457 466 2514 Dei
498 2459 560 2524 in
588 2466 789 2519 ventre
819 2467 1026 2522 matris
1044 2478 1438 2542 suggesserat,
1471 2457 1783 2532 exsultavit
1814 2477 2008 2533 infans

357 2545 420 2602 in
449 2549 685 2622 gaudio,
708 2555 766 2607 et
795 2556 935 2609 tunc
956 2556 1659 2632 primum‘prtecursorem
1677 2581 1851 2620 suum
1876 2582 2008 2638 pro-

360 2633 600 2708 phetam
632 2639 767 2695 fecit
784 2641 1578 2722 JesusJOportebatfquoque
1597 2653 1841 2710 Mariam
1872 2633 2008 2711 cum

360 2724 464 2781 Dei
495 2728 657 2800 prole
681 2729 1051 2803 dignissima,
1086 2741 1218 2808 post
1250 2737 1572 2812 alloquium
1597 2742 1715 2809 Dei,
1735 2743 1807 2798 ad
1840 2759 2005 2800 mon-

361 2816 500 2876 tana
531 2822 1036 2894 conscendereﬁet
1067 2825 1125 2881 in
1158 2827 1602 2886 sublimioribus
1634 2835 2005 2891 commorari.

362 2902 527 2962 Unde
556 2911 614 2972 et
641 2908 1084 2983 scriptum_est:
1119 2915 1462 2988 Consurgens
1513 2919 1689 2976 Maria
1731 2923 1792 2976 in
1819 2922 2010 2979 diebus

363 2992 508 3062 illis,
539 2999 688 3054 venit
716 3000 779 3054 in
806 3009 1086 3060 montana.
1119 3004 1410 3063 Debuerat
1441 3008 1638 3076 etiam,
1681 3027 1815 3066 cum
1855 3017 2013 3069 esset

364 3082 634 3173 sollicita,
667 3104 782 3146 non
823 3090 1010 3164 pigra,
1035 3109 1346 3166 properare
1375 3095 1787 3169 sollicitudine,
1813 3104 1870 3156 et
1888 3101 2012 3173 Spi-

363 3170 480 3227 ritu
512 3180 715 3238 sancto
744 3177 918 3250 plena
946 3182 1016 3235 ad
1051 3183 1395 3242 sublimiora
1424 3187 1685 3259 perduci,
1719 3193 1775 3245 et
1797 3170 2011 3247 virtute

363 3259 473 3351 Dei
496 3264 741 3337 protegi,
777 3281 810 3320 a
840 3282 958 3338 qua
988 3268 1177 3326 fuerat
1206 3254 1575 3332 obumbrata.
1615 3254 1765 3334 Venit
1793 3295 1919 3351 ergo
1950 3280 2010 3337 in
2040 3254 2084 3322 α

361 3349 651 3407 civitatem
679 3353 856 3423 ludet,
889 3359 940 3411 et
975 3356 1034 3411 in
1063 3359 1284 3415 domum
1311 3361 1620 3431 Zachariae,
1652 3370 1703 3420 et
1748 3349 2013 3424 salutavit

361 3437 924 3511 Elisabeth.2Factum
952 3451 1032 3500 est
1061 3463 1186 3502 cum
1214 3449 1455 3506 audisset
1484 3453 1876 3512 salutationem
1905 3457 2013 3513 Ma-

362 3528 467 3590 riae
494 3518 791 3599 Elisabeth,
816 3534 1087 3590 exultavit
1113 3538 1302 3608 infans
1345 3541 1404 3594 in
1457 3549 1580 3598 uter
1602 3558 1632 3598 ο
1658 3544 1795 3614 eius,
1826 3555 1879 3600 et
1925 3563 2011 3602 re-

365 3616 521 3705 pleta
546 3625 630 3673 est
673 3619 894 3692 Spiritu
946 3627 1150 3681 sancto.
1207 3627 1333 3684 Non
1383 3632 1472 3685 est
1517 3630 1743 3705 itaque,
1763 3633 2010 3690 dubium

366 3703 510 3796 quin
543 3721 670 3796 quae
699 3711 842 3764 tunc
873 3711 1095 3784 repleta
1123 3719 1213 3772 est
1249 3717 1470 3789 Spiritu
1502 3703 1738 3787 sancto,
1775 3725 2014 3796 propter

367 3791 558 3885 tilium
591 3794 666 3851 sit
698 3798 940 3870 repleta.
961 3801 1161 3875 Neque
1193 3804 1350 3862 enim
1381 3812 1567 3865 mater
1597 3791 1854 3882 primum
1882 3791 2012 3885 Spi-

366 3880 546 3939 ritum
580 3891 850 3943 sanctum
899 3891 1132 3960 meruit,
1191 3895 1292 3950 sed
1343 3913 1478 3953 cum
1523 3880 1779 3957 Joannes
1822 3901 2014 3958 adhuc

365 3969 603 4044 clausus
634 3976 694 4032 in
727 3981 890 4036 utero
913 3981 1200 4054 Spiritum
1233 3990 1500 4043 sanctum
1524 3991 1856 4063 recepisset,
1873 3995 2014 4048 tunc

365 4066 423 4118 et
453 4063 554 4121 illa
581 4071 714 4140 post
743 4070 1263 4130 sanctiﬁcationem
1293 4075 1398 4131 ﬁlii
1430 4077 1651 4149 repleta
1679 4083 1768 4135 est
1794 4079 2012 4152 Spiritu

367 4158 589 4212 sancto.
622 4155 844 4216 Poteris
873 4159 984 4217 hoc
1010 4163 1267 4231 credere,
1291 4165 1339 4220 si
1362 4164 1553 4223 simile
1583 4167 1722 4240 quid
1747 4170 1920 4225 etiam
1943 4171 2015 4226 de

368 4241 665 4301 Salvatore
694 4248 1053 4320 cognoveris.
1282 4254 1584 4312 Invenitur
1611 4257 1782 4314 beata
1810 4258 2012 4331 Maria,

369 4331 529 4422 sicut
551 4333 611 4388 in
652 4334 970 4407 aliquantis
1002 4342 1458 4416 flexemplaribus
1508 4347 1619 4419 (19)
1669 4347 2012 4422 reperimus,

369 4420 734 4495 prophetare.
766 4425 892 4482 Non
924 4429 1080 4485 enim
1113 4431 1474 4504 ignoramus,
1498 4437 1653 4508 quod
1685 4420 2014 4495 secundum

369 4507 515 4568 alios
543 4511 774 4571 codices
803 4519 860 4571 et
905 4515 1026 4573 haec
1075 4507 1592 4589 verba,Elisaheth
1643 4526 2011 4583 vaticinetur.

2179 692 2468 748 Benedicta
2495 696 2554 747 tu
2586 694 2732 748 inter
2757 692 3040 748 mulieres.
3064 691 3355 748 Debemus
3377 690 3436 750 in
3467 689 3578 748 hoc
3606 689 3755 764 loco,

1985 824 1996 837 .
2110 797 2184 837 ne
2212 779 2510 854 simplices
2541 781 2763 855 quique
2791 782 3177 854 decipiantur,
3201 796 3269 836 ea
3290 796 3417 853 qua:
3441 779 3633 836 solent
3655 796 3764 854 op-

2109 885 2321 942 ponere
2340 869 2942 938 hasretici,confutare.
2967 871 3031 925 In
3061 872 3286 928 tantam
3323 868 3542 943 quippe
3561 869 3758 926 nescio

2111 958 2242 1030 quis
2259 959 2526 1032 prorupit
2550 959 2865 1031 insaniam,
2890 965 2956 1016 ut
2976 963 3261 1018 assereret
3277 964 3550 1030 negatam
3575 958 3759 1016 fuisse

2112 1047 2354 1103 Mariam
2385 1065 2418 1105 a
2438 1047 2749 1116 Salvatore,
2771 1066 2837 1107 eo
2867 1049 3024 1122 quod
3047 1051 3179 1122 post
3198 1047 3564 1108 nativitatem
3592 1045 3754 1104 illius

2105 1137 2316 1207 juncta
2347 1136 2521 1193 fuerit
2544 1138 2655 1210 (20)
2675 1138 2922 1211 Joseph:
2946 1142 3004 1194 et
3027 1137 3257 1198 locutus
3287 1141 3394 1206 est,
3421 1153 3550 1210 quas
3600 1136 3763 1212 quali

2114 1229 2311 1282 mente
2340 1225 2550 1281 dixerit
2579 1225 2706 1300 ipse
2735 1227 2957 1282 noverit
2985 1228 3086 1300 qui
3116 1226 3347 1284 locutus
3376 1226 3551 1284 est.Si
3573 1243 3762 1304 quan-

2113 1314 2188 1370 do
2214 1314 2394 1388 igitur
2419 1315 2674 1372 hzsretici
2703 1315 2867 1373 vobis
2896 1315 3010 1372 tale
3047 1317 3188 1388 quid
3233 1316 3574 1388 objecerint,
3632 1332 3758 1373 res-

2116 1405 2366 1476 pondete
2395 1404 2501 1476 eis,
2534 1408 2592 1460 et
2619 1404 2832 1461 dicite:
2870 1406 3033 1464 Certe
3071 1405 3292 1480 Spiritu
3334 1409 3536 1463 sancto
3583 1405 3762 1478 plena

2117 1491 2411 1550 Elisabeth
2444 1493 2560 1550 ait:
2588 1496 2875 1552 Benedicta
2905 1499 2964 1550 tu
2994 1497 3141 1552 inter
3167 1497 3444 1552 mulieres.
3468 1495 3529 1552 Si
3561 1498 3766 1552 sancto

2116 1581 2339 1654 Spiritu
2374 1583 2678 1640 benedicta
2697 1584 2928 1641 canitur
2947 1583 3150 1652 Maria,
3173 1586 3464 1658 quomodo
3486 1599 3616 1641 eam
3641 1583 3766 1640 Sal-

2121 1677 2286 1728 vator
2314 1673 2592 1746 negavit?
2625 1673 2799 1731 Porro
2829 1675 2985 1747 quod
3017 1678 3292 1732 asserunt
3319 1689 3449 1730 eam
3489 1673 3768 1748 nupsisse

2120 1765 2254 1833 post
2282 1765 2537 1834 partum,
2557 1764 2712 1820 unde
2741 1765 3066 1838 approbent
3095 1781 3211 1820 non
3242 1764 3478 1821 habent.
3503 1763 3572 1826 Hi
3607 1761 3765 1820 enim

2041 1887 2089 1952 Β
2120 1849 2252 1921 filii,
2282 1852 2382 1924 qui
2410 1851 2627 1928 Joseph
2658 1853 3026 1922 dicebantur,
3061 1857 3374 1952 nouerant
3403 1852 3514 1908 orti
3546 1853 3617 1908 de
3648 1851 3770 1952 Ma-

2123 1939 2231 2008 ria,
2255 1958 2443 2015 neque
2464 1946 2549 1999 est
2570 1941 2690 1999 ulla
2710 1943 3011 2018 Scriptura
3031 1961 3159 2017 quae
3185 1943 3301 2000 ista
3325 1945 3764 2000 commemoret.

2123 2031 2420 2088 Benedicta
2473 2035 2534 2088 tu
2581 2034 2730 2089 inter
2782 2034 3066 2100 mulieres,
3097 2040 3151 2088 et
3215 2031 3524 2090 benedictus
3551 2032 3768 2103 fructus

2123 2121 2336 2175 ventris
2365 2122 2465 2175 tui.
2491 2121 2559 2176 Et
2587 2121 2733 2177 unde
2757 2121 2900 2177 mihi
2918 2123 3035 2194 hoc,
3061 2129 3124 2178 ut
3141 2124 3327 2178 veniat
3351 2121 3524 2178 Mater
3547 2121 3773 2179 Domini

2124 2209 2236 2264 mei
2264 2207 2334 2263 ad
2362 2224 2455 2264 me
2477 2209 2506 2263 ?
2531 2210 2694 2275 Quod
2725 2210 2807 2267 ait
2832 2228 2845 2266 :
2871 2211 3017 2268 Unde
3044 2212 3187 2267 mihi
3201 2211 3317 2280 hoc,
3343 2225 3459 2266 non
3489 2209 3770 2284 ignorans

2123 2295 2264 2353 dicit
2290 2313 2302 2351 :
2327 2301 2386 2352 et
2407 2300 2662 2355 maxime
2676 2299 2897 2372 Spiritu
2922 2304 3124 2357 sancto
3147 2300 3338 2372 plena,
3354 2299 3520 2373 quasi
3543 2297 3771 2356 nesciat

2122 2385 2276 2456 quod
2298 2386 2463 2457 juxta
2483 2387 2581 2444 Dei
2607 2387 2966 2445 voluntatem
2987 2392 3170 2446 Mater
3189 2388 3422 2445 Domini
3442 2387 3664 2444 venerit
3692 2388 3765 2444 ad

2121 2489 2248 2529 eam
2281 2493 2293 2544 ;
2327 2475 2428 2531 sed
2451 2476 2564 2532 isto
2591 2494 2768 2534 sensu
2789 2477 3050 2551 loquitur
3071 2496 3084 2536 :
3107 2478 3255 2544 Quid
3286 2477 3424 2534 boni
3462 2477 3570 2534 feci
3594 2479 3616 2532 ?
3638 2492 3767 2552 quas

2119 2579 2295 2635 opera
2324 2580 2455 2620 mea
2481 2569 2645 2622 tanta
2673 2571 2837 2636 sunt,
2866 2570 2932 2622 ut
2968 2567 3152 2624 Mater
3179 2566 3406 2623 Domini
3438 2567 3512 2622 ad
3542 2581 3635 2623 me
3663 2581 3762 2622 ve-

2119 2650 2286 2707 niat?
2305 2667 2410 2726 per
2434 2669 2615 2725 quam
2637 2655 2957 2726 justitiam,
2981 2673 3051 2713 ex
3079 2656 3299 2729 quibus
3327 2655 3520 2726 bonis,
3545 2657 3616 2712 de
3647 2671 3769 2730 qua

2120 2739 2398 2798 fidelitate
2428 2743 2643 2800 mentis
2671 2743 2782 2801 hoc
2808 2745 3018 2813 merui,
3050 2749 3117 2802 ut
3143 2747 3324 2802 Mater
3374 2743 3608 2802 Domini
3647 2742 3767 2800 mei

2118 2829 2312 2885 veniat
2341 2831 2413 2886 ad
2440 2848 2533 2888 me
2553 2832 2582 2887 ?
2612 2834 2744 2889 Ecce
2789 2839 2938 2894 enim
2978 2839 3041 2890 ut
3085 2837 3235 2906 facta
3273 2837 3350 2892 est
3375 2835 3640 2890 salutatio
3671 2837 3774 2890 tua

2119 2920 2182 2973 in
2211 2935 2373 2975 aures
2402 2936 2571 2986 meas,
2597 2923 2895 2980 exsultavit
2947 2926 3009 2980 in
3057 2925 3421 2981 exsultatione
3464 2922 3658 2995 infans
3707 2924 3773 2978 in

2120 3010 2272 3064 utero
2299 3025 2438 3066 meo.
2467 3011 2679 3068 Sancta
2708 3016 2832 3069 erat
2860 3013 3058 3070 anima
3085 3014 3239 3071 beati
3268 3013 3534 3083 Joannis,
3572 3017 3630 3069 et
3662 3013 3769 3068 ad-

2119 3096 2235 3152 huc
2250 3096 2312 3153 in
2333 3099 2539 3156 matris
2555 3105 2719 3158 utero
2741 3102 2963 3172 clausa,
2989 3108 3348 3177 venturaque
3366 3102 3426 3160 in
3451 3103 3768 3171 mundum,

2122 3187 2291 3258 quasi
2321 3205 2424 3261 per
2445 3191 2811 3262 experientiae
2857 3209 3119 3262 sensum,
3152 3194 3372 3250 sciebat
3409 3211 3540 3267 quas.
3586 3191 3772 3250 Israel

2122 3275 2452 3348 ignorabat.
2473 3279 2635 3337 Unde
2656 3281 2904 3337 exsilivit
2926 3298 2939 3337 :
2965 3286 3022 3339 et
3043 3300 3158 3339 non
3199 3283 3545 3356 simpliciter
3572 3280 3771 3340 exsili-

2120 3365 2221 3432 vit,
2254 3367 2356 3422 sed
2388 3367 2446 3422 in
2477 3369 2712 3441 gaudio.
2733 3370 3008 3426 Senserat
3026 3371 3184 3426 enim
3204 3372 3436 3430 venisse
3456 3370 3772 3428 Dominum

2067 3519 2074 3530 Ι
2123 3470 2320 3522 suum,
2353 3461 2417 3511 ut
2437 3458 2830 3515 sanctificaret
2852 3475 3087 3516 servum
3126 3477 3324 3530 suum,
3347 3465 3662 3534 antequam
3696 3460 3773 3518 de

2123 3544 2328 3599 matris
2359 3549 2524 3602 utero
2555 3549 2907 3619 procederet.
2959 3549 3195 3607 Utinam
3243 3549 3390 3606 mihi
3420 3549 3671 3617 eveniat,
3704 3553 3779 3606 ut

2122 3631 2194 3687 ab
2225 3631 2564 3707 inﬁdeliqus
2596 3636 2814 3694 stultus
2835 3638 3018 3708 dicar,
3041 3639 3140 3712 qui
3170 3638 3390 3696 talibus
3421 3637 3660 3695 Credidi.
3681 3638 3779 3712 Ip-

2123 3737 2256 3776 sum
2288 3739 2436 3794 opus
2466 3725 2721 3781 ostendit
2749 3730 2805 3782 et
2833 3727 3070 3800 veritas,
3090 3745 3206 3785 non
3237 3744 3331 3785 me
3360 3727 3642 3795 stultitiae,
3666 3727 3778 3784 sed

2123 3810 2426 3882 sapientiae
2446 3813 2790 3884 credidisse;
2806 3820 2864 3872 et
2883 3816 3022 3889 quia
3042 3817 3151 3873 hoc
3164 3819 3314 3889 quod
3338 3815 3585 3874 stultum
3609 3816 3776 3890 apud

2123 3898 2256 3955 illos
2284 3904 2545 3975 putatur,
2581 3903 2728 3962 mihi
2785 3904 2996 3963 salutis
3053 3907 3281 3964 occasio
3329 3905 3422 3963 sit.
3452 3905 3580 3961 Nisi
3609 3904 3776 3962 enim

2123 3989 2331 4048 fuisset
2361 3991 2611 4049 cmlestis
2640 3999 2698 4050 et
2727 3994 2898 4052 beata
2951 3996 3225 4052 nativitas
3275 3994 3616 4065 Salvatoris,
3656 3994 3777 4051 nisi

2123 4079 2428 4138 habuisset
2449 4083 2625 4139 divini
2650 4083 2894 4157 aliquid,
2921 4089 2978 4142 et
2998 4085 3428 4144 humanitatem
3457 4083 3774 4141 hominum

2124 4172 2598 4243 supergrediens,
2637 4189 2940 4246 nunquam
2973 4179 3162 4231 totum
3194 4176 3391 4231 orbem
3451 4173 3612 4232 illius
3641 4173 3780 4230 doc-

2123 4258 2278 4314 trina
2307 4266 2670 4332 penetrasset
2699 4263 3010 4321 267-68.
3032 4265 3091 4321 Si
3123 4265 3532 4321 tantummodo
3563 4262 3780 4320 fuisset

2124 4347 2183 4402 in
2217 4348 2409 4405 Mariae
2438 4354 2621 4422 utero,
2644 4355 2702 4408 et
2721 4370 2836 4410 non
2861 4353 2960 4411 Dei
2991 4353 3194 4421 Filius,
3218 4355 3512 4428 quomodo
3543 4354 3780 4428 poterat

2124 4436 2248 4492 ﬁeri
2272 4443 2339 4494 ut
2357 4439 2527 4497 etillo
2541 4444 2800 4515 tempore
2822 4447 2879 4500 et
2899 4461 3198 4510 nunc,non
3221 4443 3414 4500 solum
3435 4459 3774 4518 corporum,

2127 4527 2228 4582 sed
2261 4529 2438 4585 etiam
2463 4530 2796 4588 animarum
2823 4533 3010 4590 morbi
3027 4533 3381 4607 multiplices
3397 4531 3775 4590 curarentur?

365 4599 590 4673 Spiritu
621 4602 819 4676 itaque
840 4610 1042 4663 sancto
1063 4612 1202 4665 tunc
1222 4611 1440 4683 repleta
1460 4619 1550 4670 est
1569 4615 2014 4689 Maria,quando
2045 4626 2092 4692 1)
2123 4615 2262 4679 Quis
2293 4621 2557 4674 nostrum
2589 4637 2705 4676 non
2739 4620 3024 4694 insipiens
3055 4599 3328 4693 fuit,-qui
3374 4636 3532 4676 nnnc
3590 4635 3775 4692 prop.-

363 4691 540 4763 coepit
567 4691 628 4748 in
658 4698 822 4751 utero
852 4694 1069 4754 habere
1099 4698 1478 4757 Salvatorem.
1523 4704 1729 4760 Statim
1763 4705 1918 4762 enim
1947 4712 2013 4764 ut
2050 4691 2056 4692 ί
2123 4709 2212 4760 ter
2240 4705 2699 4766 misericordiam
2728 4710 2822 4765 Dei
2845 4691 3132 4768 habemus
3153 4691 3776 4784 intelligentiam,etsi-

364 4779 1551 4861 Spiritum;sanctum,accepit,f_.Dominici
1583 4795 1844 4868 corporis
1875 4811 2010 4852 con-

363 4868 728 4958 ditorem,:et
751 4873 935 4931 Filius
966 4876 1070 4932 Dei
1099 4893 1228 4934 esse
1282 4881 1482 4952 coepit,
1507 4883 1567 4938 in
1612 4889 1798 4955 utero,
1831 4884 2008 4942 etiam

361 4956 491 5030 ipsa
521 4956 812 5036 Completa
839 4965 1207 5039 estSpiritu;
1229 4973 1453 5026 sancto.
1517 4973 1829 5030 Exsultavit
1872 4991 2008 5048 ergo

427 5193 1046 5276 (t9)‘Innuit,‘opinor,
1078 5200 1254 5276 verba
1281 5202 1696 5276 subsequentis
1734 5208 2008 5276 versiculi

357 5266 445 5336 45,
477 5265 566 5348 κεῖ
599 5265 906 5348 μακαρία-ἡ
957 5269 1326 5348 πιοςτεςᾷσᾳσα·
1378 5265 1651 5348 ὂτιέσται
1697 5265 2006 5348 τελείωάις,

358 5341 466 5392 etc.
499 5338 760 5418 Etbeata'
779 5355 919 5418 quae
933 5343 1236 5418 credidisti,
1270 5347 1530 5418 quoniam
1554 5349 1914 5418 perﬁcientur
1941 5338 2010 5408 ea

361 5423 486 5479 qua:
522 5409 824 5489 dictasunt
855 5415 1017 5489 tibia
1048 5409 1306 5489 Domino,
1343 5418 1398 5472 in
1430 5409 1746 5489 aliquantis
1778 5423 1874 5477 sui
1907 5425 2006 5479 sivi

362 5480 1102 5573 exemplafibus‘engaria
1128 5480 1383 5560 Virginis
1431 5480 1710 5573 persona,
1753 5508 1864 5573 non
1899 5495 2007 5573 Eli-

362 5499 794 5608 exemElarmus
820 5500 888 5540 ex
918 5499 1102 5544 Mena
1134 5499 1383 5560 Virginis
1431 5507 1710 5573 persona,
1753 5508 1864 5574 non
1899 5499 2007 5550 Eli-

360 5553 523 5632 sabet
595 5553 753 5632 __di_ci.
786 5555 956 5613 Nulla
1011 5575 1144 5616 vero
1195 5577 1352 5615 nunc
1399 5577 1527 5632 eJus
1581 5561 1849 5620 lectionis
1881 5566 2010 5624 vola

357 5624 798 5701 autAvestigium
829 5635 1113 5701 superest.

429 5694 546 5769 (20)
575 5694 735 5756 Hanc
765 5694 970 5772 postea
1001 5701 1270 5760 haeresim
1300 5701 1600 5762 Helvidius
1632 5704 2003 5782 instauravit,

2122 4793 2304 4854 timus
2326 4796 2510 4854 Deum
2527 4798 2556 4854 ?
2575 4797 2714 4866 Quis
2747 4803 3014 4856 nostrum
3036 4816 3150 4856 non
3174 4796 3774 4871 incredulusjustitiaa

2121 4885 2222 4956 qui
2257 4903 2411 4942 nunc
2442 4892 2677 4961 propter
2704 4887 3002 4945 Christum
3025 4887 3322 4959 justitiam
3353 4888 3775 4952 habemus,se-

2120 4973 2472 5048 quimurque
2483 4975 2814 5049 justitiam?
2827 4977 2966 5047 Quis
2981 4981 3247 5034 nostrum
3271 4989 3389 5033 non
3401 4974 3775 5045 errabundus

2119 5207 2599 5284 hancquejpsam
2623 5225 2737 5284 pra:
2750 5209 2892 5284 reliq
2902 5209 3000 5284 uis,
3013 5226 3252 5284 causam
3263 5207 3772 5284 _prsstexuit_,quod

2115 5283 2318 5361 fratres
2378 5281 2706 5364 Dominimin
2755 5281 3065 5364 Evangelio
3117 5281 3774 5364 nominentur:__0pera

2121 5351 2376 5426 pretium
2437 5351 2550 5426 sit_
2585 5351 2944 5426 Hieronymi
2996 5370 3127 5426 vere
3203 5370 3448 5410 aureum
3499 5351 3770 5412 libellum

2119 5423 2323 5478 Contra
2351 5423 2508 5479 hunc
2537 5423 2877 5481 haereticu'm
2909 5425 3247 5482 recoluisse.
3283 5426 3413 5482 Mox
3459 5427 3768 5497 perturba-

2117 5500 2244 5550 tum
2275 5500 2610 5570 contextum
2644 5513 2748 5570 nos
2779 5497 3172 5562 restituimus,
3203 5514 3341 5554 cum
3375 5501 3509 5554 ante
3549 5497 3770 5570 legere-

2116 5570 2212 5623 tur
2239 5584 2251 5623 :
2283 5569 2440 5640 quali
2466 5575 2646 5624 mente
2673 5567 2906 5641 dixerit,
2957 5571 3071 5642 qui,
3122 5571 3238 5642 ipse
3287 5570 3522 5640 noverit,
3553 5567 3772 5626 locutus

2117 5647 2216 5695 est.
