4058 6190
744 378 1239 446 TRANSLATIO
1280 379 1786 451 HOMILIARUM
1829 379 2196 448 ORIGENIS
2240 380 2320 444 IN
2363 380 2760 448 LUCAM.-—
2787 380 3060 448 HOMIL.
3105 381 3270 449 VIII.

3592 364 3712 448 280

303 523 362 577 et
387 530 592 587 vagus,
612 513 715 588 qui
737 530 896 571 nunc
914 518 1149 588 propter
1171 517 1530 574 adventums
1546 517 1820 575 alvatoris
1840 535 1957 574 non
1987 516 2042 584 Α
2070 519 2176 573 Deo
2203 517 2445 574 salutari
2471 532 2608 573 meo.
2642 517 2780 573 Duas
2808 532 2922 584 res,
2956 516 3154 574 anima
3183 517 3408 576 scilicet
3436 521 3494 575 et
3538 519 3716 592 spiri-

306 607 664 665 ﬂuctuamus
694 607 875 676 atque
909 605 1238 671 turbamur,
1272 608 1372 662 sed
1423 624 1632 664 sumus
1663 608 1720 663 in
1751 608 1863 668 via.
1897 607 1958 663 in

305 697 408 754 illo
439 693 705 752 videlicet
733 694 834 767 qui
865 693 948 749 ait
980 712 993 750 :
1027 696 1142 766 Ego
1171 711 1294 752 sum
1320 698 1414 752 via
1433 697 1520 752 l"l‘?
1552 698 1872 754 Possumus
1903 701 1961 753 et

306 786 532 858 reliqua
558 788 988 857 congregantes
1036 784 1254 852 videre,
1289 786 1569 858 quoniam
1602 786 1800 842 omnia
1829 803 1961 860 quae

305 875 527 948 scripta
552 878 693 930 sunt
722 875 795 929 de
824 889 913 937 eo,
945 873 1146 929 divina
1177 875 1564 932 admiratione
1599 877 1778 951 digna
1807 877 1956 933 refe-

303 968 525 1020 runtur
560 981 574 1020 :
602 962 751 1035 quod
783 969 838 1017 et
870 961 1144 1018 nativitas
1187 962 1368 1030 illius,
1399 969 1457 1020 et
1487 965 1870 1033 nutrimenta,
1903 969 1960 1021 et

301 1053 524 1121 virtus,
555 1056 612 1108 et
637 1051 852 1124 passio,
871 1055 930 1107 et
957 1052 1306 1109 resurrectio
1326 1069 1439 1110 non
1471 1053 1662 1111 solum
1696 1054 1796 1110 illo
1818 1060 1958 1110 tem-

306 1158 474 1216 pore,
505 1141 604 1197 sed
635 1140 812 1197 etiam
845 1156 1001 1196 nunc
1031 1146 1348 1212 operentur
1376 1142 1436 1199 in
1469 1144 1660 1200 nobis.
1693 1144 1800 1209 Qui
1833 1161 1956 1212 vos,

306 1249 342 1289 ο
372 1229 799 1297 oatechumeni,
819 1229 881 1284 in
904 1229 1150 1285 ecclesia
1179 1231 1597 1306 congregavit?
1622 1233 1723 1306 qui
1749 1233 1959 1289 stimu-

301 1320 397 1376 lus
427 1317 688 1392 impulit,
717 1321 806 1387 ut,
839 1317 1059 1374 relictis
1106 1319 1406 1386 domibus,
1436 1320 1495 1375 in
1545 1321 1705 1376 hunc
1749 1321 1958 1378 cmlum

302 1407 522 1466 coeatis
543 1407 573 1462 ‘I
589 1407 788 1479 Neque
813 1406 970 1464 enim
989 1424 1096 1464 nos
1125 1409 1339 1464 domus
1360 1413 1583 1466 vestras
1612 1410 1956 1483 singillatim

303 1497 686 1555 circuivimus
711 1521 726 1559 ι
759 1497 860 1552 ed
909 1498 1284 1569 omnipotens
1312 1502 1483 1554 Pater
1509 1499 1724 1555 virtute
1753 1499 1957 1556 invisi-

303 1586 407 1644 bili
436 1586 682 1658 subjicit
711 1585 991 1642 cordibus
1016 1587 1248 1655 vestris,
1266 1604 1415 1660 quos
1434 1588 1547 1644 scit
1566 1604 1695 1644 esse
1724 1589 1953 1661 dignos,

303 1676 460 1734 hunc
507 1677 806 1741 ardorem,
842 1679 909 1730 ut
938 1675 1107 1746 quasi
1150 1675 1319 1731 inviti
1345 1681 1403 1732 et
1447 1682 1828 1734 retrectantes
1859 1696 1956 1733 ve-

304 1764 480 1822 niatis
508 1763 584 1821 ad
616 1765 818 1830 ﬁdem,
850 1764 1104 1820 maxime
1123 1764 1184 1820 in
1213 1765 1446 1821 exordio
1476 1765 1799 1840 religionis,
1818 1782 1954 1823 cum

301 1854 480 1956 veluti
755 1858 814 1910 et
841 1857 1121 1926 paventes
1141 1853 1547 1958 salutisiidem
1578 1873 1714 1957 cum
1733 1857 1955 1958 ‘timore
1987 1891 2034 1958 Β

305 1943 629 2017 suscipitis.
661 1943 914 2003 Obsecro
957 1959 1082 2014 vos,
1116 1960 1149 1998 o
1196 1943 1621 2013 catechumeni,
1656 1945 1832 2002 nolite
1863 1963 1958 2002 re-

302 2038 554 2091 tractare
585 2051 600 2089 :
634 2047 809 2090 nemo
853 2037 1113 2090 vestrum
1163 2033 1439 2090 formidet
1489 2042 1547 2090 et
1594 2040 1822 2108 paveat,
1853 2037 1956 2092 sed

304 2122 624 2197 sequimini
655 2127 1012 2196 praeeuntem
1041 2124 1267 2180 Jesum.
1293 2122 1392 2179 Ille
1422 2141 1524 2180 vos
1553 2124 1737 2180 trahit
1766 2126 1839 2180 ad
1870 2143 1958 2182 sa-

303 2213 510 2282 lutem,
533 2217 850 2286 congregat
878 2212 939 2267 in
962 2212 1300 2282 Ecclesiam,
1327 2229 1482 2269 nunc
1509 2213 1748 2286 quidem
1780 2231 1958 2287 super

302 2305 524 2358 terram
549 2317 562 2357 :
585 2302 639 2357 si
666 2305 862 2358 autem
893 2301 1102 2374 dignos
1122 2302 1349 2359 fructus
1379 2302 1650 2370 feceritis,
1677 2304 1737 2358 in
1767 2304 1956 2361 Eccle-

304 2390 463 2448 siam
489 2390 924 2462 primitivorum
956 2390 1058 2462 qui
1101 2391 1303 2464 scripti
1336 2395 1474 2446 sunt
1502 2392 1564 2447 in
1595 2392 1952 2450 omlestibus.

300 2485 482 2537 Beata
506 2493 637 2552 qua?
661 2479 906 2548 credidit,
939 2482 1075 2552 quia
1125 2481 1232 2536 erit
1255 2483 1518 2552 perfectio
1545 2482 1632 2537 his
1659 2497 1784 2554 quae
1811 2483 1956 2541 dicta

299 2573 436 2625 sunt
456 2569 519 2625 ei
538 2585 572 2624 a
598 2569 846 2630 Domino.
879 2569 1068 2642 Super
1086 2570 1306 2642 quibus
1333 2575 1393 2626 et
1424 2570 1592 2626 beata
1622 2571 1806 2628 Maria
1835 2589 1957 2629 ma-

301 2657 546 2732 gniﬁcat
578 2657 892 2717 Dominum
919 2663 1143 2738 Jeeum.
1166 2659 1498 2732 Magnificat
1531 2665 1728 2717 autem
1760 2662 1958 2718 anima

302 2747 647 2815 Dominum,
677 2748 923 2821 spiritus
952 2748 1156 2804 Deum.
1191 2750 1328 2814 Quae
1361 2765 1538 2821 quam
1578 2749 1833 2807 habeant
1860 2752 1955 2807 in-

302 2836 806 2910 tmpretaticnem,
839 2836 888 2894 si
919 2837 1272 2894 concesserit
1313 2838 1619 2910 Dominus,
1654 2844 1719 2895 ut
1749 2857 1957 2897 rursus

303 2924 365 2980 in
402 2924 715 2981 ecclesiam
761 2939 1205 2998 congregemur,
1238 2930 1306 2982 ut
1351 2925 1544 2982 festivi
1589 2928 1836 2983 veniatis
1881 2930 1954 2985 ad

306 3013 551 3070 domum
603 3013 727 3084 Dei,
776 3017 834 3070 et
878 3013 1088 3070 divinae
1131 3013 1365 3070 lectioni
1415 3016 1718 3087 praebeatis
1763 3034 1954 3088 aures,

306 3118 661 3175 quaeremus,
716 3101 1152 3174 ventilabimus,
1197 3103 1579 3175 disseremus,
1613 3107 1672 3161 in
1724 3105 1956 3163 Christo

289 3195 450 3259 Jesu,
482 3191 579 3249 cui
609 3195 701 3248 est
741 3191 928 3265 gloria
956 3196 1015 3249 et
1062 3191 1380 3265 imperium
1413 3193 1472 3248 in
1525 3193 1738 3249 saecula
1768 3211 1949 3252 seacu-

287 3279 504 3338 lorum.
537 3285 748 3337 Amen.

872 3387 1180 3445 HOMILIA
1217 3388 1367 3445 VIII.

290 3479 368 3537 De
391 3493 462 3550 eo,
497 3477 640 3551 quod
691 3479 964 3548 scriptum
1009 3481 1089 3551 est
1120 3494 1198 3551 πμ
1231 3477 1541 3550 Magniﬁcat
1588 3481 1778 3536 anima
1829 3497 1952 3537 mea

366 3549 690 3618 Daninum,
724 3573 750 3602 ι
799 3565 972 3621 usque
999 3549 1071 3604 ad
1117 3550 1279 3605 illum
1305 3549 1487 3607 lacum
1515 3552 1614 3607 ubi
1641 3553 1722 3608 ait
1750 3570 1769 3607 .·
1805 3576 1826 3601 α
1867 3554 1953 3608 Ti-

359 3623 636 3679 mentibus
663 3622 838 3692 efﬁcit
867 3622 1146 3677 virtutem.
1180 3643 1208 3671 ιι
1241 3624 1378 3694 Cap.
1413 3639 1452 3678 ι.

359 3732 516 3786 Ante
543 3728 834 3784 Joannem
887 3727 1200 3800 prophetat
1246 3727 1564 3799 Elisabeth,
1595 3733 1728 3786 ante
1757 3735 1952 3788 ortum

293 3816 528 3874 Domini
543 3815 865 3874 Salvatoris
882 3816 1194 3889 prophetat
1208 3816 1387 3872 Maria
1405 3817 1538 3888 (2t).
1567 3817 1636 3872 Et
1658 3820 1952 3890 quomodo

296 3909 608 3980 peccatum
627 3905 797 3978 ompit
823 3923 859 3961 a
888 3904 1158 3972 muliere,
1181 3906 1471 3962 πωπω
1501 3911 1559 3962 et
1587 3906 1858 3979 deinceps
1879 3910 1952 3965 ad

295 3994 499 4051 virum
528 4009 717 4066 usque
745 3993 1007 4067 pervenit
1037 4012 1052 4049 :
1084 3994 1169 4050 sic
1212 3999 1269 4050 et
1297 3995 1652 4067 principium
1682 3995 1888 4053 salutis
1919 4015 1953 4053 a

296 4083 652 4140 mulieribus
699 4083 908 4140 habuit
969 4083 1295 4150 exordium,
1343 4090 1409 4139 ut
1455 4088 1670 4141 caeteras
1719 4102 1952 4158 quoque

296 4171 599 4242 mulieres,
649 4189 824 4230 aeuus
870 4172 1182 4246 fragilitate
1247 4173 1533 4246 deposita,
1578 4175 1954 4233 imitarentur

296 4263 478 4318 vitam
528 4262 1148 4335 conversatione-mque
1195 4268 1531 4320 sanctarum
1563 4280 1787 4331 earum,
1824 4282 1952 4337 quae

294 4350 386 4407 vel
405 4351 668 4407 maxime
685 4368 844 4407 nunc
868 4351 929 4407 in
954 4351 1262 4426 Evangelio
1285 4353 1717 4409 describuntur.
1741 4354 1950 4410 Videa-

297 4457 436 4498 mus
490 4456 628 4514 ergo
672 4441 1016 4497 vaticinium
1091 4441 1393 4514 virginale.
1453 4441 1786 4515 Magniﬁcal,
1848 4445 1951 4511 ait,

1982 3265 2023 3332 C

2067 611 2184 672 tus,
2235 606 2456 678 duplici
2514 606 2686 662 laude
2754 607 3099 680 funguntur.
3132 607 3342 664 Anima
3397 607 3713 666 Dominum

2067 696 2363 768 pradicet,
2406 696 2650 769 spiritus
2698 696 2904 753 Deum.
2938 696 3060 752 Non
3093 697 3249 768 quod
3297 696 3412 753 alia
3440 698 3569 754 laus
3600 696 3712 756 Do-

2068 784 2234 851 mini,
2267 785 2382 841 alia
2409 785 2510 841 Dei
2541 784 2652 858 sit;
2685 786 2785 841 sed
2819 785 2958 856 quia
2990 785 3090 857 qui
3121 785 3274 841 Deus
3303 790 3412 852 est,
3446 785 3602 844 idem
3659 791 3717 845 et

2068 874 2350 931 Dominus
2398 879 2488 930 est
2519 891 2532 929 :
2565 879 2623 930 et
2667 874 2766 947 qui
2797 873 3082 930 Dominus
3111 878 3218 942 est,
3252 875 3408 931 idem
3455 879 3512 932 et
3562 881 3712 934 Deus

2069 963 2164 1020 sit.
2215 964 2502 1030 Quaritur
2549 965 2840 1036 quomodo
2889 963 3225 1037 magniﬁcet
3272 964 3608 1022 Dominum.
3654 965 3717 1022 Si

2071 1053 2226 1109 enim
2255 1055 2534 1109 Dominus
2555 1069 2659 1108 nec
2689 1057 3096 1125 augmentum,
3120 1069 3226 1109 nec
3255 1054 3716 1120 decrementum,

2069 1143 2327 1214 recipere
2358 1146 2563 1214 potest,
2597 1146 2653 1199 et
2682 1143 2838 1214 quod
2869 1146 3089 1209 est,est
3117 1159 3130 1197 :
3165 1159 3282 1216 qua
3311 1143 3536 1200 ratione
3557 1160 3713 1200 nunc

2070 1232 2254 1289 Maria
2296 1231 2602 1304 loquitur:
2637 1232 2948 1304 Magni/icui
2993 1233 3185 1288 anima
3227 1247 3350 1289 mea
3381 1233 3720 1290 Dominum!

2071 1321 2128 1378 Si
2155 1321 2521 1377 considerem
2534 1320 2849 1376 Dominum
2868 1320 3227 1377 Salvatorem
3243 1320 3564 1394 imaginem
3585 1337 3714 1398 esse

2068 1410 2378 1467 invisibilis
2409 1410 2510 1466 Dei
2539 1411 2604 1478 ⁸⁸,
2633 1413 2690 1466 et
2717 1410 2947 1467 videam
2978 1409 3238 1466 animam
3278 1425 3470 1466 meam
3501 1410 3716 1467 factam

2068 1501 2139 1557 ad
2170 1501 2488 1570 imaginem
2519 1499 2869 1568 Conditoris,
2902 1503 2970 1556 ut
2999 1499 3192 1572 imago
3221 1503 3377 1555 esset
3405 1499 3711 1573 imaginis;

2067 1605 2256 1662 neque
2285 1589 2440 1645 enim
2493 1589 2690 1644 anima
2717 1605 2848 1644 mea
2893 1587 3226 1661 specialiter
3247 1587 3442 1659 imago
3471 1593 3560 1644 est
3594 1588 3712 1660 Dei,

2066 1679 2169 1734 sed
2202 1679 2272 1734 ad
2305 1677 2752 1734 similitudinem
2783 1677 3061 1751 imaginis
3100 1677 3310 1750 prioris
3341 1677 3546 1734 etl'ecta
3573 1680 3663 1733 est
3696 1695 3710 1733 :

2065 1770 2206 1823 tunc
2235 1768 2440 1823 videbo
2469 1767 2752 1840 quoniam
2781 1767 2840 1822 in
2872 1767 3204 1839 exemplum
3237 1783 3461 1835 eorum,
3494 1765 3594 1839 qui
3620 1783 3713 1824 so-

2065 1855 2188 1912 lent
2224 1857 2512 1930 imagines
2559 1857 2817 1929 pingere,
2851 1861 2908 1912 et
2956 1873 3073 1912 uno
3104 1855 3284 1928 (verbi
3315 1854 3514 1928 causa)
3545 1854 3710 1913 vultu

2069 1945 2221 2019 regis
2251 1951 2486 2018 accepto
2516 1945 2587 2001 ad
2627 1944 3009 2017 principalem
3040 1943 3487 2000 similitudinem
3518 1944 3715 2017 expri-

2071 2037 2344 2091 mendam
2376 2035 2518 2091 artis
2548 2034 2896 2091 industriam
2928 2034 3360 2102 commendare,
3393 2033 3718 2107 unusquis-

2071 2140 2185 2196 que
2200 2129 2467 2181 nostrum
2492 2124 2562 2179 ad
2586 2123 2906 2197 imaginem
2929 2122 3140 2179 Christi
3164 2123 3424 2178 formans
3455 2121 3729 2198 animam.

2071 2229 2260 2281 suam,
2295 2217 2397 2269 aut
2425 2213 2706 2284 majorem
2757 2212 2829 2282 ei,
2864 2215 2967 2267 aut
2995 2212 3283 2267 minorem
3313 2211 3477 2284 ponit
3506 2210 3719 2284 imagi-

2067 2319 2222 2370 nem,
2237 2301 2325 2358 vel
2345 2301 2689 2370 obsoletam,
2703 2300 2791 2357 vel
2823 2300 3142 2368 sordidam,
3157 2304 3259 2355 aut
3282 2299 3524 2371 claram,
3541 2304 3717 2372 atque

2064 2391 2381 2458 lucentem,
2400 2396 2456 2446 et
2471 2390 2876 2463 splendentem
2893 2390 2964 2446 ad
2985 2389 3239 2463 effigiem
3260 2389 3536 2464 imaginis
3555 2389 3712 2462 prin-

2065 2480 2289 2553 cipalis.
2323 2481 2564 2549 Quando
2612 2480 2792 2554 igitur
2839 2480 3120 2553 grandem
3161 2480 3346 2536 fecero
3391 2477 3709 2552 imaginem

2066 2571 2362 2644 imaginis,
2393 2570 2452 2626 id
2485 2574 2594 2638 est,
2629 2571 2891 2626 animam
2931 2585 3147 2636 meam,
3177 2573 3236 2626 et
3264 2569 3712 2642 magnificavero

2065 2677 2192 2716 eam
2239 2676 2429 2731 opere,
2463 2660 2832 2734 cogitatione,
2880 2675 3171 2728 sermone,
3201 2663 3341 2715 tunc
3390 2657 3584 2732 imago
3618 2657 3713 2714 Dei

2065 2751 2306 2824 grandis
2335 2750 2604 2817 efﬁcitur,
2630 2753 2690 2804 et
2718 2749 2844 2821 ipse
2875 2748 3180 2820 Dominus,
3205 2749 3378 2820 cujus
3407 2748 3602 2819 imago
3628 2750 3716 2803 est

2065 2840 2127 2895 in
2157 2844 2356 2896 nostra
2387 2839 2603 2905 anima,
2633 2838 3061 2911 magnificatur.
3086 2838 3156 2893 Et
3186 2836 3478 2908 quomodo
3508 2835 3717 2892 crescit

2069 2930 2350 2986 Dominus
2368 2929 2429 2983 in
2460 2934 2661 2984 nostra
2678 2927 2952 2999 imagine,
2987 2926 3070 2984 sic
3094 2925 3143 2982 si
3174 2928 3506 2998 peccatores
3533 2923 3710 2980 fueri-

2065 3034 2220 3086 mus,
2255 3018 2544 3073 minuitur
2575 3021 2749 3088 atque
2790 3014 3089 3071 decrescit.
3124 3013 3234 3070 Sed
3283 3030 3389 3068 nos
3421 3028 3524 3085 pro
3554 3012 3706 3068 ima-

2063 3107 2197 3180 gine
2213 3105 2530 3162 Salvatoris
2552 3104 2697 3160 alias
2732 3103 2900 3160 nobis
2919 3101 3206 3176 imagines
3235 3101 3575 3158 induimus:
3605 3117 3709 3174 pro

2063 3193 2495 3267 imagineVerbi
2565 3193 2884 3265 sapientia,
2943 3190 3194 3262 justitias
3255 3193 3713 3260 casterarumque

2062 3284 2370 3350 virtutum,
2391 3281 2609 3338 diaboli
2634 3282 2883 3338 formam
2905 3279 3288 3348 assumimus,
3309 3281 3374 3334 ut
3393 3277 3624 3334 dicatur
3642 3278 3714 3334 de

2061 3373 2232 3429 nobis
2261 3389 2274 3427 :
2306 3372 2606 3444 Serpentes,
2639 3371 2916 3443 generatio
2962 3371 3283 3442 viperarum
3310 3368 3374 3422 '9.
3406 3365 3477 3422 Et
3526 3361 3714 3423 leonis

2062 3479 2375 3535 personam
2445 3460 2767 3528 induimus,
2826 3463 2884 3516 et
2958 3457 3249 3525 draconis,
3309 3460 3367 3514 et
3423 3454 3710 3530 vulpium,

2065 3553 2300 3626 quando
2327 3551 2618 3618 venenati,
2652 3548 2937 3616 crudeles,
2972 3547 3166 3604 callidi
3197 3563 3406 3604 sumus
3439 3561 3453 3602 :
3485 3561 3713 3602 necnon

2063 3647 2120 3698 et
2147 3641 2316 3713 hirci,
2347 3641 2434 3696 vel
2462 3640 2642 3713 porci,
2675 3640 2911 3711 quando
2943 3638 3016 3694 ab
3055 3636 3361 3693 libidinem
3393 3636 3713 3710 promptio-

2063 3748 2177 3788 res.
2198 3730 2433 3787 Memiui
2464 3729 2762 3802 quondam
2787 3726 3306 3785 Deuteronomium
3328 3725 3712 3783 disserentem

2062 3821 2122 3876 in
2154 3836 2220 3876 eo
2249 3819 2376 3876 loco
2410 3819 2506 3876 ubi
2540 3819 2825 3890 scriptum
2856 3821 2946 3874 est
2978 3835 2992 3874 :
3025 3817 3103 3874 Ne
3130 3818 3352 3889 faciatis
3381 3831 3598 3872 omnem
3635 3817 3713 3872 si-

2061 3910 2438 3966 militudinem
2470 3910 2649 3965 omnis
2676 3906 2946 3964 animalis
2966 3908 3030 3973 9°,
3062 3906 3278 3962 dixise
3308 3921 3402 3962 me
3433 3905 3713 3978 quoniam

2063 3997 2349 4070 spiritalis
2378 4002 2467 4054 est
2493 3997 2555 4053 in
2589 3997 2735 4053 alios
2766 3996 2954 4052 facere
2992 3994 3307 4068 imaginem
3354 3992 3623 4065 masculi,
3653 3993 3713 4049 in

2063 4089 2209 4145 alios
2249 4086 2478 4143 femine
2531 4101 2546 4143 :
2591 4086 2758 4141 illum
2789 4083 3240 4141 similitudinem
3289 4083 3504 4138 habere
3548 4082 3713 4138 volu-

2062 4195 2249 4241 crum,
2278 4175 2446 4231 illum
2477 4175 2772 4248 reptilium
2803 4178 2979 4247 atque
3028 4171 3408 4244 serpentium,
3442 4175 3501 4228 et
3529 4170 3711 4227 alium

2062 4268 2252 4324 facere
2273 4265 2724 4322 similitudinem
2747 4263 2868 4319 Dei.
2895 4263 3024 4319 Haec
3055 4261 3360 4336 quomodo
3377 4259 3711 4335 intelligan-

2061 4361 2159 4412 tur
2185 4356 2328 4412 sciet
2380 4353 2479 4425 qui
2528 4352 2630 4409 illa
2672 4352 2880 4424 legerit
2917 4352 3051 4424 (22).
3084 4351 3292 4406 Anima
3340 4351 3540 4423 itaque
3585 4350 3708 4407 Ma-

2065 4447 2162 4501 rias
2192 4445 2306 4515 (23)
2359 4443 2614 4515 primum
2660 4441 3000 4514 magniﬁcat
3038 4439 3375 4508 Dominum,
3407 4445 3466 4496 et
3510 4444 3712 4513 postea

297 4531 495 4587 anima
521 4545 647 4586 mea
671 4532 990 4598 Dominum,
1021 4539 1082 4587 et
1117 4532 1410 4588 exsultavit
1455 4533 1684 4603 spiritus
1713 4549 1865 4589 meus
1894 4536 1953 4588 in
2065 4532 2318 4592 exsultat
2346 4530 2407 4586 in
2437 4531 2572 4587 Deo.
2596 4531 2719 4587 Nisi
2741 4530 2898 4587 enim
2921 4535 3096 4588 antea
3109 4531 3500 4597 crederemus,
3519 4527 3711 4587 exsul-

369 4628 420 4663 "
446 4627 622 4685 Joan.
671 4645 787 4697 xiv,
836 4630 891 4684 6.
961 4629 1006 4664 ⁸⁸
1035 4628 1252 4686 Coloss.
1289 4647 1330 4695 ι,
1373 4631 1461 4685 15.
1525 4631 1572 4666 δ’
1602 4631 1797 4690 Matth.
1830 4650 1955 4690 xxn'

2069 4634 2122 4690 3.
2189 4634 2235 4668 ⁹⁰
2263 4633 2429 4689 Deut.
2464 4648 2538 4702 1v,
2573 4630 2660 4685 17.

387 4734 774 4828 βυβὼθάω
811 4735 1070 4824 ‘Grabii‘:
1114 4737 1350 4828 Ὥςπερ-
1372 4733 1574 4828 ἤρξξιτὲ
1631 4739 1666 4805 ἡ
1722 4737 1955 4828 ἀιξαρτέα

2069 4742 2216 4828 sunt,
2246 4744 2308 4828 ut
2327 4737 2859 4828 mulieresueposita
2879 4753 3006 4828 Jsua
3033 4735 3413 4828 imbecillitate
3441 4735 3716 4828 rebusq‘ue

299 4805 405 4881 (ξπρ
613 4806 890 4881 γυναικὸς,
925 4805 1042 4881 Δκαὶι
1066 4807 1213 4881 Δμξτᾲ
1257 4805 1426 4862 τόὖτό
1465 4805 1688 4881 ἔφθασεν
1742 4805 1956 4881 εξῖςίτὸν

300 4873 488 4956 ᾆνδρα·
521 4873 667 4933 nihil)
697 4877 785 4956 ξαί
815 4873 886 4933 τά
911 4873 1091 4956 ᾀγαθᾶ
1116 4877 1223 4956 and
1265 4882 1372 4956 τῷν
1417 4873 1686 4956 γ-υνξοξικῶν
1733 4877 1957 4956 ἤρξατο,

292 4945 410 5006 ’ἔναι’
436 4953 822 5026 aperit-pastinati
873 4949 930 5004 αἱ
963 4945 1230 5026 ’γιρνιξῖῃες
1284 4951 1398 5026 τὴν-
1431 4945 1699 5026 ἆσςὶᾷνειαν
1745 4945 1836 5006 ᾖκῖ
1892 4945 1960 5007 τὰ

297 5017 1272 5097 γυνᾳυίεἷαξ’ἀποθέμεναιξζηλῶσαι
1320 5017 1448 5097 rei):
1503 5020 1652 5097 βίφυς
1696 5027 1804 5097 τῶν
1855 5045 1957 5096 μα-

297 5089 502 5171 ἱιαρέῳν
533 5090 761 5171 reﬁgunt.
789 5089 1047 5171 ξ’ζδωμεῇ
1080 5089 1153 5171 bis
1203 5094 1396 5171 Aotnov
1448 5089 1780 5171 naervmﬁv
1819 5089 1956 5171 π’ρο-

299 5162 526 5289 ςτςείαν
563 5184 576 5198 ·
629 5162 961 5289 Μεὶαλύνεί
1015 5166 1050 5233 ἡ
1128 5166 1280 5240 ψυχή
1363 5187 1467 5239 μου
1527 5162 1633 5220 ’τὸν
1709 5162 1904 5242 Κνόριόν
1942 5207 1954 5221 .

317 5238 361 5289 Δ
403 5233 690 5289 λεὶπῶςὴ
766 5237 877 5289 υγῆ
933 5233 1226 5289 μεγαλύνει
1273 5237 1363 5289 τὸν
1415 5236 1635 5289 Κύριον-
1684 5259 1953 5289 κατανοη-

317 5233 480 5312 ᾉλλᾶ
504 5239 627 5312 ⁴ιῖῖὶδς
655 5237 690 5307 ἡ
723 5233 877 5312 ψ-υῼχὴ
933 5233 1248 5312 μεγριλύῖιεξ⁷
1273 5233 1374 5312 τῷ
1415 5236 1660 5312 Κύρςον,⁸
1684 5233 1953 5312 κᾳτὰνοη-

298 5306 425 5360 τὲον
460 5349 474 5364 .
535 5303 688 5366 Ἐὰν
719 5303 882 5378 (iﬁlli):
935 5303 1371 5380 ’πόλιτευώμεθα
1429 5303 1545 5363 καῖ
1619 5303 1799 5365 ὲῖκόνα
1860 5303 1957 5365 τόῦ

296 5380 644 5468 ποιῇσῆντῆος-
671 5377 845 5468 ἠρᾶςέ
868 5378 980 5468 ,xui
1032 5377 1449 5468 ξξνομττιιὼθῶμεν
1501 5383 1593 5468 τῆξ
1626 5380 1958 5468 ξτροτοτύπῳ

295 5447 439 5506 κατᾶ
462 5451 524 5506 τὸ
556 5447 774 5508 δυνκὲὂν
809 5449 880 5509 δι’
928 5447 1140 5526 ἆγαθῶὐ
1176 5447 1376 5528 ἔργων)
1432 5447 1808 5540 μεγάλύνὸμεν
1865 5447 1956 5508 τὸῦ

301 5527 340 5540 ὀ
360 5520 376 5539 Ι
533 5520 555 5540 ἴ
587 5522 600 5540 1
782 5518 808 5540 ’ν
1101 5526 1113 5540 1
1313 5530 1349 5540 ε-
1643 5521 1685 5540 ΝΚ
1736 5528 1748 5540 ο
1815 5527 1825 5540 ι
1934 5526 1946 5540 ι

301 5520 500 5602 ξᾷριον
533 5520 749 5602 lii-fcie,
781 5518 988 5602 ἕργοιςξ
1014 5518 1274 5602 γοήμᾳὸιί
1311 5518 1606 5602 ξμιᾶιρῦνει
1639 5521 1696 5578 δὲ
1716 5518 1759 5595 ’ἡ
1801 5526 1955 5602 (auxi)

295 5591 499 5673 Κῦῥξον
559 5591 868 5673 ῥδὶαλόγώξ
907 5596 1060 5673 μιξατά
1103 5591 1230 5665 ’λεήν
1317 5591 1758 5673 ἐῦυπᾶρχουσαν
1815 5591 1960 5673 ὰύῖῷ

294 5665 516 5743 naniam
547 5667 702 5728 Sicut
729 5665 773 5730 ἁ
799 5670 1035 5743 muliere
1061 5677 1344 5743 peccatum
1387 5665 1565 5743 mpii;
1597 5678 1648 5726 el
1673 5673 1862 5743 postea
1889 5665 1962 5728 ad

291 5739 491 5798 virum
506 5743 803 5816 pervenit;
831 5744 918 5801 ita
943 5739 1113 5799 etiam
1142 5741 1286 5802 bona
1311 5757 1382 5802 ex
1408 5739 1741 5803 mulieribus
1769 5747 1966 5805 exorta

2069 4806 2458 4878 muliebribus,
2491 4806 2798 4866 imitentur
2835 4807 2906 4863 ad
2978 4808 3268 4864 beatarum
3324 4806 3524 4860 harum
3578 4806 3718 4861 vitas

2070 4885 2400 4940 imitandus.
2443 4883 2713 4938 Caeterum
2757 4880 3004 4950 deinceps
3056 4878 3342 4934 videamus
3387 4878 3718 4950 virginalem

2067 4957 2512 5012 vaticinationem
2541 4973 2559 5009 :
2591 4948 2952 5025 Magnificat'
2975 4951 3172 5025 anima
3219 4967 3348 5005 mea
3379 4948 3713 5025 Dominum.

2069 5027 2343 5100 Quomodo
2371 5028 2564 5100 anima
2591 5021 2892 5100 Dominum
2920 5024 3232 5100 magniﬁcet
3259 5021 3717 5100 considerandum
3757 5081 3762 5100 1

2068 5094 2168 5154 est.
2199 5101 2266 5155 Si
2292 5099 2458 5169 digne
2485 5098 2572 5169 ad,
2606 5097 2904 5169 imaginem
2935 5094 3240 5169 conditoris
3259 5167 3267 5169 _
3287 5094 3461 5169 nostri
3506 5094 3715 5169 viperi-

2067 5187 2212 5238 mus,
2245 5179 2296 5226 et
2319 5166 2420 5240 pro
2445 5168 2654 5224 viribus
2683 5166 2990 5240 exemplari
3008 5168 3188 5222 nostro
3216 5167 3423 5240 similes
3448 5181 3548 5237 per
3577 5166 3718 5240 bona

2068 5236 2249 5315 opera
2278 5236 2640 5315 evaserimus,
2696 5238 3112 5315 magniﬁcamus
3163 5236 3468 5315 Dominum
3517 5236 3719 5315 verbis,

2075 5308 2328 5385 operibus
2403 5315 2452 5367 et
2501 5310 2939 5385 cogitationibus.
2990 5308 3194 5385 ⁸Μίηαιί
3266 5319 3451 5385 autem
3484 5381 3493 5385 _
3531 5309 3723 5385 anima

2071 5381 2361 5441 Dominum
2430 5398 2531 5456 pro
2567 5381 2811 5437 ratione
2889 5381 3120 5436 malitia:
3200 5395 3327 5453 qua
3382 5381 3493 5452 ipsi
3556 5382 3720 5435 inest.

2071 5459 2295 5515 Remus.

2141 5530 2253 5600 (22)
2284 5525 2457 5600 Nulla
2486 5542 2644 5581 nunc
2673 5523 3148 5600 lucubrationum
3180 5522 3445 5596 Origenis
3473 5521 3533 5578 in
3567 5526 3719 5600 Deus-

2068 5598 2458 5657 teronbmium
2491 5602 2776 5670 superest.
2801 5598 3078 5654 Romilius
3107 5600 3222 5652 octo
3252 5611 3406 5670 unus
3431 5599 3720 5652 memorat

2070 5671 2452 5730 Cassiodorus
2483 5668 2609 5744 cap.
2636 5672 2696 5744 _i.
2731 5670 3059 5744 Divinarum
3086 5668 3532 5744 I_nslilutignun_t.

2141 5745 2254 5818 (23)
2293 5743 2524 5804 Eisdem
2552 5733 2846 5802 'schedaa:
2902 5744 3012 5813 Τῆς
3060 5736 3153 5796 οὖν
3208 5735 3418 5815 Μαρίας
3473 5739 3510 5809 ἡ
3556 5733 3712 5814 ψυχὴ
3763 5777 3766 5779 λ
