4058 6190
286 357 418 423 251·

1447 389 1450 392 ’
1525 362 1593 428 S.
1637 360 1952 428 EUSEBII
1995 359 2443 430 HIEBONYMI

3573 355 3692 422 252
3711 343 3715 352 '

290 506 416 560 tare
440 484 562 558 non
583 517 913 576 possemus.
941 503 1091 576 Quia
1109 503 1363 574 respexit,
1388 501 1598 574 inquit,
1623 503 1683 557 in
1705 500 1937 557 humili-
1968 499 2023 567 Α
2054 500 2206 557 citur
2235 501 2388 574 quod
2419 500 2683 574 imperet,
2709 498 2828 555 sive
2859 497 2968 554 sub
2995 513 3056 554 se
3084 495 3360 553 universa
3377 495 3696 553 contineat-

293 595 455 649 tatem
483 593 700 650 ancillae
725 607 859 650 sum.
896 593 957 648 In
991 609 1167 664 quam
1199 592 1589 648 humilitatem
1613 591 1804 647 Marias
1838 608 1929 647 re-

291 683 480 755 spexit
499 682 827 739 Dominus?
849 681 992 747 Quid
1026 682 1239 739 habeat
1268 683 1449 738 Mater
1478 681 1790 738 Salvatoris
1820 681 1932 736 hu-

285 772 422 828 mile
452 777 625 844 atque
655 772 971 842 dejectum,
1007 789 1132 845 quae
1181 772 1280 828 Dei
1313 771 1520 827 Filium
1571 772 1840 844 gestabat
1869 772 1928 826 in

285 867 450 918 utero
471 861 500 916 ‘I
521 861 682 926 Quod
705 877 841 933 ergo
861 861 1036 917 dicit:
1069 863 1327 933 Respexit
1343 863 1406 917 in
1427 859 1801 916 humilitatem
1825 878 1932 916 an-

282 949 431 1007 cillse
459 965 589 1014 suae,
621 949 738 1020 tale
769 954 858 1005 est
887 951 1051 1021 quasi
1079 951 1288 1006 dixerit
1320 967 1332 1005 :
1367 950 1638 1022 Respexit
1664 950 1723 1004 in
1756 950 1929 1020 justi-

283 1037 425 1093 tiam
444 1039 667 1094 anoillte
686 1057 826 1109 suis,
843 1040 1097 1111 respexit
1114 1039 1173 1094 in
1187 1040 1655 1110 temperantiam,
1673 1038 1928 1112 respexit

282 1127 340 1182 in
374 1127 778 1184 fortitudinem
822 1133 996 1200 atque
1026 1128 1396 1200 sapientiam.
1431 1128 1683 1200 Dignum
1717 1128 1930 1200 quippe

283 1220 392 1284 est,
424 1220 490 1272 ut
517 1217 760 1274 virtutes
792 1217 1082 1291 respiciat.
1117 1218 1486 1290 Respondeat
1515 1217 1731 1290 aliquis
1762 1223 1818 1273 et
1847 1218 1930 1272 di-

284 1310 378 1361 cat
411 1323 423 1361 :
457 1306 722 1380 Intelligo
750 1308 1044 1379 quomodo
1070 1308 1225 1363 Deus
1247 1308 1543 1379 justitiam
1569 1305 1790 1363 ancillae
1813 1324 1931 1362 suae

283 1394 750 1468 sapientiamque
779 1397 1052 1469 respiciat
1078 1415 1091 1466 ;
1126 1398 1417 1466 quomodo
1443 1402 1636 1452 autem
1667 1396 1934 1452 intendat

281 1484 698 1557 humilitatem,
717 1503 834 1541 non
854 1485 1000 1542 satis
1017 1486 1222 1558 liquet.
1248 1486 1585 1543 Consideret
1607 1485 1706 1558 qui
1727 1485 1932 1557 quierit

277 1573 436 1645 talia,
471 1574 750 1646 quoniam
784 1576 1014 1648 proprie
1057 1575 1116 1629 in
1148 1575 1466 1646 Scripturis
1498 1591 1617 1630 una
1660 1575 1730 1630 de
1758 1575 1932 1629 virtu-

280 1663 438 1719 tibus
468 1663 773 1720 humilitas
821 1663 1186 1736 prasdicotur.
1223 1663 1320 1718 Ait
1350 1664 1566 1736 quippe
1620 1662 1882 1719 Salvator
1913 1679 1927 1718 :

282 1754 488 1810 Discite
515 1769 550 1807 a
578 1767 668 1807 me
704 1755 837 1824 quia
865 1757 1179 1808 mansuetus
1207 1769 1351 1820 sum,
1385 1756 1436 1808 et
1481 1753 1711 1808 humilis
1752 1752 1926 1823 corde,
1968 1809 1974 1814 ,

282 1846 339 1896 et
389 1842 679 1896 invenietis
726 1843 970 1913 requiem
998 1843 1286 1898 animabus
1334 1835 1532 1898 vestris
1561 1844 1626 1896 οι.
1680 1842 1843 1906 Quod
1875 1841 1925 1897 si
1960 1873 2008 1937 B

281 1929 368 1985 vis
413 1945 626 1985 nomen
665 1929 844 2000 hujus
893 1930 1095 1986 audire
1125 1931 1379 2001 virtutis,
1427 1932 1721 2003 quomodo
1752 1932 1929 1986 etiam

281 2035 316 2074 a
341 2017 707 2090 philosophis
723 2018 1073 2090 appellatur,
1089 2020 1358 2076 ausculta
1377 2021 1643 2076 eamdem
1669 2037 1796 2076 esse
1820 2019 1930 2074 hu-

275 2107 584 2163 militatem
614 2123 792 2178 quam
816 2107 1090 2180 respiciat
1105 2108 1280 2180 Deus,
1307 2125 1437 2181 qua:
1459 2110 1532 2164 ab
1561 2108 1678 2165 illis
1709 2107 1929 2185 ἀτυφία,

284 2196 404 2251 sive
455 2214 768 2270 μετριοτης,
811 2197 1047 2251 dicitur.
1081 2198 1188 2253 Sed
1243 2203 1300 2252 et
1349 2215 1456 2253 nos
1500 2199 1752 2270 quodam
1801 2213 1930 2253 eam

285 2300 604 2356 possumus
634 2283 927 2356 appellare
965 2284 1234 2352 circuitu,
1269 2302 1402 2340 cum
1455 2285 1669 2358 aliquis
1699 2303 1814 2342 non
1844 2291 1934 2341 est

284 2372 545 2442 inﬂatus,
579 2374 680 2429 sed
712 2373 837 2446 ipse
867 2389 929 2429 se
961 2374 1177 2443 deiicit.
1211 2375 1319 2440 Qui
1359 2375 1516 2431 enim
1547 2375 1805 2443 inﬂatur,
1838 2391 1931 2430 ca-

285 2462 390 2529 dit,
442 2463 768 2518 secundum
815 2462 1182 2534 Apostolum,
1217 2464 1276 2518 in
1323 2465 1618 2536 judicium
1665 2464 1928 2521 diaboli:

287 2550 582 2622 siquidem
613 2555 672 2605 et
692 2550 788 2606 ille
819 2553 888 2606 ab
912 2551 1209 2608 inﬂatione
1239 2556 1412 2625 coepit
1442 2557 1616 2624 atque
1637 2554 1932 2625 superbia.

288 2641 353 2697 Ut
379 2654 510 2705 non,
541 2639 754 2711 inquit,
779 2640 1004 2710 inﬂatus
1026 2643 1087 2696 in
1109 2643 1389 2714 judicium
1410 2643 1617 2698 incidat
1644 2643 1929 2699 diaboli“

283 2727 557 2800 Respexit
584 2745 763 2802 super
790 2729 1183 2787 humilitatem
1217 2731 1435 2788 ancillae
1467 2749 1606 2788 suae.
1641 2732 1934 2788 Humilem

283 2833 397 2888 me,
434 2816 644 2890 inquit,
679 2822 736 2874 et
783 2820 1256 2876 mansuetudinis
1305 2826 1628 2877 sectantem
1660 2822 1933 2893 dejectio-

283 2904 494 2978 nisque
550 2907 824 2963 virtutem
884 2909 1140 2981 respexit
1195 2910 1369 2966 Deus.
1433 2912 1546 2983 (24)
1603 2913 1734 2967 Ecce
1787 2913 1935 2966 enim

283 2991 475 3049 amodo
507 2992 719 3049 beatam
748 3011 833 3051 me
861 2995 1050 3051 dicunt
1070 3013 1255 3054 omnes
1277 2999 1678 3069 generationes.
1711 2998 1767 3052 Si
1799 2998 1936 3054 sim-

288 3079 515 3153 pliciter
543 3081 867 3156 intelligam
914 3101 1117 3142 omnes
1150 3088 1574 3160 generationes,
1603 3104 1780 3160 super
1808 3103 1936 3142 cre-

2045 591 2104 647 Si
2137 608 2273 664 ergo
2303 591 2573 647 timueris
2620 589 2960 655 Dominum,
2993 588 3094 644 dat
3124 587 3227 642 tibi
3261 585 3687 655 fortitudinem,

2042 681 2162 737 sive
2194 680 2527 753 imperium,
2552 680 2652 734 dat
2680 695 2950 751 regnum,
2977 681 3040 731 ut
3069 676 3255 732 factus
3285 675 3394 731 sub
3421 675 3578 747 Rege
3600 690 3689 730 re-

2042 786 2205 843 gum,
2262 769 2564 841 possideas
2641 783 2890 840 regnum
2974 764 3273 831 ccelorum,
3332 762 3394 818 in
3453 762 3684 819 Christo

2040 860 2201 928 Jesu,
2234 859 2326 915 cui
2353 863 2443 916 est
2471 858 2657 931 gloria
2677 863 2734 914 et
2762 854 3076 928 imperium
3107 853 3166 910 in
3199 851 3412 909 saecula
3443 851 3684 909 saeculo-

2041 965 2193 1004 rum.
2228 951 2428 1004 Amen.

2480 1055 2760 1112 271-72
2801 1053 3106 1110 HOMILIA
3145 1052 3233 1108 IX.

2044 1146 2117 1201 De
2140 1161 2199 1200 eo
2246 1145 2387 1216 quod
2429 1146 2695 1216 scriptum
2722 1147 2800 1199 est
2838 1161 2865 1216 εξ
2905 1165 2933 1192 ‹‹
2966 1141 3211 1216 Manebat
3256 1157 3381 1216 cum
3421 1155 3486 1216 ea
3530 1156 3687 1216 men-

2113 1213 2269 1272 sibus
2295 1216 2490 1286 tribus,
2525 1213 2555 1266 ὑ
2585 1231 2754 1286 usque
2797 1214 2866 1270 ad
2909 1229 3039 1270 eum
3069 1215 3250 1286 locum
3277 1213 3376 1268 ubi
3401 1214 3484 1269 ait
3513 1230 3533 1268 :
3564 1234 3594 1263 «
3624 1215 3696 1268 Et

2115 1291 2434 1359 loquebatur
2463 1284 2777 1343 benedicens
2804 1286 3115 1342 Dominum.
3151 1307 3180 1334 »
3211 1284 3349 1357 Cap.
3382 1301 3420 1340 I.

2111 1397 2256 1452 Tam
2287 1411 2490 1452 eorum
2520 1411 2648 1466 quae
2695 1393 2848 1450 dicta
2893 1396 3055 1458 sunt,
3087 1409 3264 1464 quam
3293 1390 3528 1448 illorum
3558 1408 3686 1464 qua

2041 1485 2193 1540 facta
2222 1485 2573 1554 referuntur,
2597 1483 2766 1539 debet
2789 1481 2938 1538 ratio
2968 1497 3095 1538 esse
3124 1483 3326 1537 sancto
3348 1479 3570 1552 Spiritu
3598 1480 3690 1536 di-

2041 1590 2174 1647 gna,
2205 1579 2263 1630 et
2289 1572 2502 1629 Christi
2558 1572 2690 1639 ﬂde,
2727 1572 2798 1628 ad
2829 1587 3006 1643 quam
3057 1570 3360 1628 credentes
3388 1585 3686 1626 vocamur.

2040 1663 2203 1720 Unde
2239 1667 2296 1719 et
2342 1678 2497 1718 nunc
2540 1678 2717 1717 causa
2767 1660 3078 1734 querenda
3115 1664 3225 1727 est,
3273 1674 3454 1731 quare
3501 1658 3689 1715 Maria

2041 1757 2172 1825 post
2200 1755 2544 1824 conceptum
2569 1751 2793 1807 venerit
2843 1751 2915 1806 ad
2946 1748 3265 1813 Elisabetb,
3297 1751 3354 1804 et
3400 1747 3686 1804 manserit

2040 1859 2174 1898 cum
2205 1858 2273 1898 ea
2300 1841 2603 1897 mensibus
2631 1839 2843 1906 tribus,
2874 1843 2977 1895 aut
3005 1838 3145 1911 quid
3177 1853 3364 1894 causa:
3394 1837 3589 1904 fuerit,
3621 1841 3689 1894 ut

2041 1933 2250 1998 Lucas,
2270 1930 2371 2002 qui
2393 1928 2686 2001 Evangelii
2717 1928 3010 1985 scribebat
3033 1926 3360 1994 historiam,
3380 1925 3558 1983 etiam
3577 1925 3688 1983 hoc

2041 2021 2339 2087 scriberet,
2372 2019 2526 2090 quod
2568 2017 2852 2074 manserit
2879 2033 3014 2073 cum
3043 2032 3113 2072 ea
3137 2015 3443 2072 mensibus
3472 2015 3683 2084 tribus,

2040 2116 2099 2167 et
2127 2113 2327 2182 postea
2355 2125 2620 2181 regressa
2650 2107 2728 2163 sit
2756 2107 2816 2162 in
2847 2108 3090 2163 domum
3121 2122 3313 2162 suam.
3346 2105 3557 2177 Utique
3585 2105 3685 2162 de-

2041 2199 2138 2256 bet
2175 2198 2372 2270 aliqua
2417 2214 2546 2254 esse
2592 2197 2762 2262 ratio,
2799 2211 3001 2268 quam,
3031 2195 3080 2252 si
3128 2195 3413 2252 Dominus
3460 2195 3688 2269 aperuit

2041 2305 2140 2345 cor
2169 2292 2457 2351 nostrum,
2491 2303 2744 2358 sequens
2789 2301 2982 2341 sermo
3031 2283 3406 2340 monstrabit.
3437 2282 3497 2341 Si
3528 2283 3686 2340 enim

2041 2393 2107 2434 eo
2139 2377 2292 2449 quod
2322 2380 2551 2432 tantum
2581 2375 2738 2430 venit
2768 2374 2950 2430 Maria
2986 2373 3056 2429 ad
3087 2371 3406 2440 Elisabetb,
3439 2376 3497 2429 et
3524 2371 3690 2429 salu-

2040 2467 2184 2522 tavit
2235 2481 2386 2533 eam,
2419 2463 2727 2521 exsultavit
2764 2462 2959 2518 infans
3005 2463 3066 2518 in
3093 2461 3327 2534 gaudio,
3359 2466 3419 2517 et
3466 2461 3686 2533 Spiritu

2043 2559 2244 2614 sancto
2275 2553 2446 2626 plena
2473 2551 2768 2609 Elisabeth
2787 2551 3233 2624 prophetavitea
3262 2567 3391 2622 quae
3420 2551 3480 2606 in
3508 2552 3694 2607 Evan-
3746 2621 3749 2624 _

2042 2645 2191 2719 gelio
2222 2643 2438 2714 scripta
2466 2648 2624 2713 sunt,
2656 2647 2715 2698 et
2763 2641 2822 2696 in
2854 2658 2972 2698 una
3001 2641 3144 2696 hora
3172 2644 3366 2697 tantos
3396 2641 3692 2713 profectus

2046 2734 2276 2800 habuit,
2309 2737 2520 2788 nostrae
2551 2732 2894 2804 conjecturae
2926 2729 3297 2802 relinquitur,
3330 2731 3469 2803 quid
3502 2731 3561 2786 in
3592 2730 3696 2786 tri-

2044 2823 2158 2879 bus
2211 2822 2517 2878 mensibus
2558 2825 2814 2877 Joannes
2863 2819 3128 2893 profecit,
3159 2819 3464 2877 assistente
3507 2819 3696 2875 Maria

2043 2911 2363 2969 Elisabeth.
2415 2910 2596 2967 Valde
2626 2911 2843 2983 quippe
2891 2909 3202 2982 indignum
3249 2907 3424 2965 estin
3474 2912 3694 2982 puncto

2044 3001 2198 3058 horze
2230 3005 2404 3072 atque
2437 3003 2734 3056 momento
2784 2998 3072 3055 exsultare
3124 2998 3428 3066 infantem,
3461 3002 3522 3053 et
3548 3014 3696 3069 quo-

2043 3091 2360 3147 dammodo
2391 3090 2605 3162 gaudio
2637 3088 2959 3154 lascivisse,
2983 3085 3380 3160 repletamque
3410 3102 3536 3143 esse
3565 3086 3695 3159 Spi-

287 3169 563 3225 dentibus
592 3170 734 3226 illud
767 3172 1137 3244 interpretor.
1172 3175 1232 3231 Si
1280 3181 1472 3232 autem
1506 3177 1681 3233 altius
1713 3176 1936 3248 aliquid
1975 3241 2009 3250 _
2046 3179 2162 3235 ritu
2195 3182 2394 3235 sancto
2443 3177 2739 3234 Elisabeth
2777 3194 2790 3232 :
2825 3194 2927 3250 per
2955 3181 3074 3232 tres
3121 3193 3254 3233 vero
3303 3181 3554 3244 menses,
3586 3191 3696 3232 nso

286 3257 451 3312 fuero
481 3261 801 3326 scrutatus,
820 3241 1280 3318 animadvertam
1305 3265 1507 3335 quanti
1530 3241 1827 3337 profectus
1859 3264 1936 3320 sit
1967 3241 2010 3310 α
2047 3269 2354 3338 Joannem,
2389 3284 2494 3324 nec
2541 3241 2858 3337 Elisabetb,
2890 3283 2959 3322 ex
2995 3265 3188 3322 vicina
3231 3265 3432 3321 Matris
3462 3241 3695 3322 Domini

285 3345 476 3402 dicere
509 3362 521 3401 :
557 3347 697 3416 Quia
723 3350 853 3419 fecit
879 3351 1024 3404 mihi
1051 3367 1260 3422 magna
1291 3354 1388 3422 qui
1415 3357 1492 3407 est
1516 3356 1706 3424 potens
1735 3373 1756 3408 .·
1785 3370 1934 3424 quo-

288 3434 448 3492 niam
478 3439 661 3493 omnis
690 3440 788 3510 qui
813 3454 868 3496 se
897 3438 1164 3495 humilia!
1182 3441 1539 3510 [exaltabitur
1568 3443 1631 3496 93.
1665 3443 1938 3515 Respexit

293 3529 488 3580 autem
515 3525 668 3580 Deus
698 3524 756 3580 in
781 3526 1173 3584 humilitatem
1197 3527 1376 3585 beatae
1394 3531 1606 3602 Mariae,
1631 3537 1938 3602 propterea

288 3611 426 3669 fecit
452 3612 534 3667 illi
587 3629 801 3684 magna
856 3617 956 3688 qui
987 3621 1193 3688 potens
1241 3622 1331 3674 est
1359 3627 1411 3675 et
1456 3625 1703 3676 sanctum
1730 3636 1937 3677 nomen

288 3702 426 3772 ejus.
459 3704 522 3757 Et
549 3703 932 3760 misericordia
962 3707 1083 3775 ejus
1113 3709 1174 3762 in
1197 3711 1601 3778 generationem
1627 3712 1935 3781 generatio-

289 3805 443 3846 num.
479 3790 878 3849 Misericordia
908 3793 1008 3850 Dei
1038 3812 1152 3852 non
1177 3798 1238 3852 in
1271 3814 1449 3854 unam
1480 3800 1933 3872 generationem,

291 3894 398 3936 nec
459 3880 518 3934 in
568 3881 738 3949 duas,
795 3898 985 3956 neque
1040 3884 1100 3940 in
1148 3889 1286 3953 tres,
1335 3888 1436 3942 sed
1493 3875 1599 3944 nec
1653 3888 1714 3944 in
1771 3889 1939 3961 quin-

291 3985 424 4042 que,
456 3986 657 4026 verum
690 3971 749 4027 in
781 3973 1206 4046 sempiternum
1237 3977 1568 4033 extenditur
1597 3978 1653 4032 in
1696 3995 1936 4050 genera-

286 4059 478 4116 tiones
530 4061 996 4132 generationum,
1030 4064 1377 4122 timentibus
1428 4067 1747 4138 potentiam
1785 4067 1933 4137 ejus.

291 4151 442 4206 Fecit
497 4151 760 4207 virtutem
806 4153 868 4206 in
917 4153 1136 4209 brachio
1181 4169 1300 4210 suo.
1337 4155 1492 4210 Licet
1537 4155 1810 4212 inﬁrmus
1863 4158 1935 4212 ad

289 4237 606 4296 Dominum
637 4241 976 4309 accesseris,
1009 4243 1058 4298 si
1111 4243 1379 4300 timueris
1411 4261 1568 4317 eum,
1603 4245 1804 4302 audire
1834 4263 1937 4318 po-

287 4327 431 4384 teris
461 4330 974 4398 repromissionem
1005 4349 1182 4404 quam
1223 4333 1331 4390 tibi
1362 4335 1434 4390 ob
1465 4336 1737 4390 timorem
1767 4338 1934 4392 tuum

291 4415 576 4472 Dominus
606 4417 933 4489 pollicetur.
966 4423 1103 4485 Quae
1131 4425 1220 4478 est
1247 4423 1362 4479 ista
1391 4422 1768 4496 repromissio
1789 4424 1816 4478 ?
1846 4425 1938 4481 Ti-

294 4507 612 4574 mentibus,
661 4508 870 4580 inquit,
905 4526 966 4566 se
1017 4511 1151 4566 fecit
1198 4513 1490 4568 virtutem.
1553 4513 1766 4586 Virtus,
1817 4515 1937 4571 sive

2045 3363 2101 3414 et
2129 3357 2317 3429 ipsius
2363 3355 2681 3413 Salvatoris
2729 3355 3042 3427 praesentia
3091 3354 3428 3428 profecisse.
3461 3355 3697 3411 Exerce-

2045 3445 2219 3500 batur
2247 3459 2406 3516 ergo,
2436 3448 2493 3500 et
2545 3444 2976 3515 quodammodo
3025 3443 3085 3498 in
3120 3441 3395 3499 athletico
3425 3460 3461 3499 a
3491 3446 3693 3499 sancta

2047 3537 2252 3600 matre,
2278 3547 2381 3604 per
2408 3536 2528 3588 tres
2557 3547 2790 3588 menses
2819 3533 3139 3604 urgebatur
3165 3532 3444 3596 Joannes,
3470 3539 3524 3589 et
3554 3528 3694 3605 prin-

2047 3622 2364 3694 parabatur
2393 3623 2452 3677 in
2474 3621 2681 3678 matris
2701 3626 2887 3693 utero,
2913 3625 2978 3677 ut
3006 3621 3358 3678 mirabiliter
3378 3621 3692 3690 natus,mi-

2046 3710 2292 3767 rabilius
2341 3711 2681 3766 nutriretur.
2715 3712 2879 3778 Quod
2921 3710 3078 3767 enim
3125 3715 3286 3767 extra
3313 3711 3690 3767 consuetudi-

2046 3815 2182 3857 nem
2215 3799 2473 3857 nutritus
2505 3805 2612 3868 est,
2645 3817 2762 3857 non
2786 3801 3034 3857 refertur
3062 3801 3366 3873 scriptum,
3397 3799 3695 3872 quomodo

2047 3890 2255 3946 matris
2285 3888 2460 3946 fuerit
2507 3889 2760 3945 Iactatus
2807 3889 3108 3956 uberibus,
3143 3890 3432 3963 quomodo
3460 3888 3523 3943 in
3553 3888 3693 3946 sinu

2045 3979 2257 4053 gerulae
2287 3979 2661 4048 constitutus,
2686 3980 2786 4036 sed
2815 3979 3013 4035 statim
3044 3979 3311 4050 sequitur
3341 3996 3356 4035 :
3388 3979 3453 4034 Et
3477 3982 3603 4035 erat
3631 3981 3694 4034 in

2045 4068 2286 4136 desertis,
2318 4084 2490 4141 usque
2545 4068 2615 4123 ad
2669 4069 2815 4124 diem
2860 4069 3182 4124 ostensionis
3227 4084 3343 4124 suae
3400 4067 3470 4123 ad
3497 4069 3691 4124 Israel.

2046 4157 2265 4214 Deinde
2312 4157 2564 4230 legimus
2612 4174 2626 4213 :
2677 4157 2956 4214 Elisabeth
3003 4165 3186 4213 autem
3237 4155 3566 4230 completum
3612 4160 3694 4213 est

2045 4253 2260 4320 tempus
2307 4251 2372 4301 ut
2417 4253 2660 4318 pareret,
2690 4254 2742 4302 et
2783 4248 2996 4320 peperit
3034 4245 3240 4318 ﬁlium.
3268 4246 3435 4302 Multi
3484 4249 3698 4318 putant

2047 4335 2343 4409 superﬂue
2371 4335 2483 4392 dici
2518 4352 2531 4390 :
2566 4335 2858 4392 Elisabeth
2889 4344 3071 4391 autem
3096 4337 3422 4408 completum
3447 4338 3525 4393 est
3552 4344 3710 4412 tem:

2045 4441 2146 4497 pus
2175 4427 2237 4479 ut
2274 4431 2516 4496 pareret,
2549 4428 2601 4480 et
2624 4426 2836 4496 peperit
2863 4425 3064 4495 ﬁlium.
3099 4425 3233 4488 Quae
3276 4425 3433 4481 enim
3481 4423 3698 4480 mulier

2046 4517 2238 4585 potest
2268 4530 2494 4586 parere,
2519 4513 2635 4569 nisi
2665 4518 2900 4584 tempus
2916 4513 3181 4586 pariendi
3209 4517 3343 4570 ante
3372 4511 3700 4586 compleve-

291 4594 628 4668 imperium,
664 4601 924 4669 potestas
973 4603 1063 4655 est
1111 4600 1290 4673 regia.
1321 4602 1549 4658 Etenim
1596 4603 1794 4675 κράτος
1823 4604 1935 4676 (25)
1969 4609 2016 4674 D
2047 4603 2168 4658 rit?
2197 4603 2309 4674 (26)
2338 4603 2446 4658 Sed
2468 4602 2570 4673 qui
2599 4601 2932 4674 Scripturas
2955 4601 3407 4674 diligentissime
3435 4608 3696 4660 contem-

267 4687 447 4759 ,quod
481 4703 587 4744 nos
617 4689 914 4759 imperium
944 4705 1262 4761 possumus
1309 4691 1623 4763 appellare,
1656 4693 1728 4748 ab
1761 4708 1827 4748 eo
1857 4693 1941 4748 di-

363 4786 403 4820 ⁹¹
435 4786 640 4842 Matth.
669 4802 746 4855 χι,
777 4786 867 4842 29.
937 4788 981 4822 θ’
1013 4788 1035 4843 Ι
1067 4787 1218 4844 Tim.
1254 4805 1339 4856 III,
1389 4790 1444 4844 6.
1505 4790 1550 4824 ⁸³
1602 4791 1737 4846 Luc.
1770 4807 1887 4856 xw,
1920 4791 2008 4847 14.

293 4879 592 4960 ἰμεγοζλιξνε
619 4883 710 4960 σςὸν
742 4882 956 4960 Κύριον⁹
987 4884 1049 4939 τὸ
1081 4881 1138 4939 δὲ
1186 4889 1398 4957 πνεῦμα
1440 4884 1608 4960 αὐτῇς
1659 4885 1934 4960 ἠγαλλιά-

291 4951 557 5032 ᾳατρἐπὶ.
585 4958 665 5032 τίῷ
694 4951 832 5032 Θεᾷ
855 4960 935 5032 τῷ
983 4963 1224 5032 Σωτῆρι.
1274 4951 1495 5032 Πρῷτον
1548 4951 1874 5032 ἕμεγᾶἌιρνεν
1901 4962 1935 5028 ἡ

291 4977 420 5007 cat-co
453 4977 540 5006 επι
585 4977 665 5024 τῳ
694 4977 809 5079 δεῖ
855 4977 934 5028 τῳ
983 4977 1224 5032 εωτηρι.
1274 4977 1495 5030 υρωτον
1548 4977 1874 5031 εμεγαΛυνεν
1901 4977 1934 5028 η

289 5023 443 5102 ψυχὴ
492 5023 691 5102 ρώτῆς,
740 5046 768 5102 κε
791 5047 859 5102 τα
909 5026 1286 5102 ἠγαλλιάσατο
1341 5027 1405 5082 τὸ
1461 5032 1672 5100 πνεῦμα
1729 5029 1934 5100 αὐτῆς’

289 5097 452 5154 Anna
479 5097 660 5175 igitur
688 5101 893 5175 Maria
937 5097 1338 5175 magniﬁcabat
1369 5097 1678 5168 Dominum,
1709 5097 1940 5175 spiritus

289 5183 415 5224 vero
447 5169 562 5240 ejus
582 5169 896 5225 exsultabat
927 5173 982 5226 in
1007 5174 1110 5228 Deo
1137 5169 1445 5229 Saluatore.
1468 5169 1941 5232 Primum-anima

291 5241 880 5368 Uisnagni/icabat,
933 5243 1127 5299 deinde
1173 5247 1401 5316 spiritus
1444 5247 1562 5318 ejus
1608 5248 1935 5304 exsultabat.

367 5384 477 5460 (2i)
529 5383 755 5460 Eaedem
816 5384 1041 5460 schedae
1098 5402 1111 5440 :
1166 5386 1502 5460 Maxaptoﬁqi
1555 5409 1640 5460 P.€_
1677 5395 1842 5444 πᾶσαι
1885 5389 1940 5444 αἱ

289 5450 783 5534 χεχίεαὶὰδηλενότι
829 5459 935 5509 τῶν
984 5450 1368 5534 πιςτευόντωίθ,
1420 5459 1482 5515 οὗ
1513 5450 1576 5516 ab
1621 5457 1678 5516 δὲ
1713 5460 1870 5534 μόνον
1903 5463 1937 5532 ἡ

291 5520 596 5606 Ἔλεσάϐβτζ
629 5526 864 5606 Beatam
890 5603 897 5606 _
916 5545 1008 5584 me
1037 5529 1231 5585 dicent
1248 5600 1260 5606 _
1279 5520 1495 5606 omnes
1513 5520 1938 5606 generationes;

289 5597 621 5671 credentium
652 5598 921 5671 videlicet,
953 5616 1064 5656 non
1094 5610 1152 5657 tu
1179 5600 1295 5656 sola
1327 5597 1624 5661 Elisabeth.
1661 5607 1739 5661 In.

360 5671 471 5740 (25)
519 5669 762 5751 Videtur
817 5669 1362 5751 et_'hoc_additum
1423 5676 1528 5733 abs
1591 5677 1940 5751 Hieronymo

291 5752 544 5814 comma,
576 5743 715 5818 quod
742 5760 840 5802 nos
870 5745 1170 5820 imperium
1192 5761 1488 5822 possumus
1515 5743 1816 5824 appellare;

2047 4691 2263 4765 platur,
2295 4696 2353 4747 et
2396 4691 2558 4747 audit
2597 4689 2881 4764 populum
2929 4691 3286 4763 loquentem,
3318 4691 3582 4748 attendat
3612 4692 3696 4748 le-

2116 4888 2486 4963 (26)‘Emdcm
2535 4886 2806 4963 schedia:
2838 4886 3356 4963 Παρᾳξεηρῄσασθαιη
3377 4882 3458 4941 δεῖ
3504 4884 3698 4963 ξν-ὅλῃ

2048 4952 2354 5033 τῇῗπᾴλαιᾷ
2381 4958 2470 5033 κᾳὶ
2507 4961 2575 5030 τῇ
2625 4961 2779 5033 καμινῇ
2819 4952 3130 5033 Γρα’φῇ,”ε;τ
3174 4978 3280 5012 που
3320 4952 3470 5033 ’ἔστ-ιν
3516 4952 3696 5033 εὑρξῖῦ

2050 5027 2137 5085 ait
2195 5027 2525 5106 ἁμαρτωλοῢ
2553 5027 2561 5030 ⁷
2591 5027 2872 5101 γενέσέως’
2908 5027 3191 5106 εἶρημένον
3269 5029 3351 5084 τό·
3413 5027 3693 5101 Ἐπλῆσθη

2049 5103 2078 5158 ὁ
2108 5101 2304 5164 γρόνος
2353 5103 2451 5155 τοῦ
2501 5104 2694 5156 τεκεῖν.
2726 5099 2835 5154 Οὐκ
2878 5099 2937 5156 ἂν
2991 5101 3094 5164 γάρ
3137 5120 3220 5161 τις
3270 5099 3439 5164 εὕροι,
3489 5102 3568 5164 ὡς
3615 5101 3696 5155 οἷ-

2054 5121 2078 5158 ο
2108 5121 2304 5178 χρονος
2353 5121 2451 5155 του
2501 5121 2694 5156 τεκειν.
2726 5121 2835 5154 υυκ
2878 5121 2937 5156 αν
2991 5121 3062 5176 γα
3137 5121 3220 5161 τις
3270 5121 3439 5178 ευροι,
3489 5121 3568 5164 ως
3615 5121 3696 5155 οι-

2054 5195 2170 5247 μαι,
2205 5170 2331 5264 ἀλλ’
2362 5169 2498 5262 (inqu
2530 5170 2840 5265 divdpuo‘tat
2883 5170 2977 5265 ἔτι
3021 5121 3229 5265 δειςιιος
3360 5174 3389 5228 ὁ
3419 5171 3701 5265 χεννεὸμε-

2047 5237 2167 5306 voc;
2194 5243 2348 5319 Clit-co
2376 5242 2464 5319 κᾳὶ
2487 5247 2583 5319 νῦν
2606 5237 2827 5319 ᾉεῗρηται
2845 5243 2976 5319 *ετξ
3007 5248 3075 5318 τῇ
3117 5237 3451 5319 ’ῌΑισάϐετᾎᾷ
3478 5245 3576 5297 τοῦ
3597 5237 3699 5298 ’τδ-

2049 5321 2159 5403 τξεῖν
2187 5315 2387 5403 χρᾷνος
2419 5311 2688 5403 ἐπλήσθης,
2717 5311 3098 5403 inadd-avios
3148 5313 3335 5371 ἔτικτε.
3385 5316 3698 5403 Οριςθζυρη-

2049 5387 2287 5446 dum'e'st
2325 5406 2397 5444 an
2429 5390 2488 5444 in
2517 5387 2680 5446 omni
2710 5393 2827 5446 tum
2855 5387 3048 5457 veteri,
3078 5393 3198 5444 tum
3241 5403 3381 5444 nova
3410 5387 3703 5460 Scriptura

2049 5461 2260 5535 alicubi
2304 5463 2618 5531 reperiatur
2646 5463 2714 5519 de
2755 5463 3058 5535 peccatoris
3103 5461 3396 5535 nativitate
3441 5459 3698 5535 dictum;

2054 5532 2482 5608 Impletum‘est
2517 5532 2769 5608 tempus
2795 5534 3076 5608 pariendi.
3111 5533 3233 5608 Non
3255 5540 3389 5608 puto
3418 5533 3585 5589 ullibi
3613 5546 3699 5588 re-

2047 5605 2243 5678 periri,
2257 5605 2386 5660 misi
2415 5605 2627 5677 quando
2642 5605 2958 5677 ‘iusti’ortus
2987 5605 3338 5662 describitur.
3363 5605 3444 5661 Ita
3471 5608 3523 5678 et
3551 5619 3700 5660 nunc

2049 5676 2260 5756 dicitur
2282 5676 2566 5734 Elisabeth
2586 5676 2871 5756 impletum
2890 5694 3008 5737 esse
3035 5683 3248 5750 tempus
3266 5676 3554 5756 pariendi,
3567 5691 3702 5752 quo-

2047 5751 2206 5810 niam
2241 5758 2494 5810 sanctum
2513 5751 2790 5826 pariebat.
2823 5753 2911 5811 In.
