4058 6190
313 346 438 419 953

793 345 1295 416 TRANSLATIO
1336 348 1846 418 HOMILIARUM
1887 349 2254 418 ORIGENIS
2296 350 2377 416 IN
2417 347 2714 418 LUCAM.
2743 381 2824 402 -
2851 348 3123 418 HOMIL.
3168 347 3246 416 Χ.

3602 350 3724 416 εει

316 485 512 554 ctioni,
540 485 861 543 observans
887 488 1006 542 tam
1037 486 1099 542 in
1135 487 1527 559 Veteri,quam
1549 488 1609 543 in
1643 489 1829 547 Norvo
1859 489 1959 544 Te-
1985 490 2040 557 Α
2069 487 2286 544 mansit
2330 487 2510 543 Maria
2538 501 2672 543 cum
2704 485 3024 553 Elisabeth,
3055 489 3365 560 postquam
3404 486 3457 544 ei
3487 486 3722 548 locutus

315 581 632 642 stamento,
663 575 856 632 sicubi
887 575 1170 647 scriptum
1202 575 1261 631 in
1301 581 1430 632 ortu
1464 577 1786 650 peccatoris
1807 577 1965 633 inve-

316 667 445 724 niat
477 683 490 721 :
525 665 865 736 Completum
912 669 989 720 est
1036 673 1243 736 tempus
1287 671 1346 722 ut
1392 675 1629 737 pareret,
1665 682 1965 736 nunquam

316 755 553 813 omnino
585 754 859 826 reperiet.
894 754 1004 809 Sed
1037 754 1393 828 ubicumque
1434 757 1635 826 justus
1683 754 1961 834 nascitur,

315 845 396 902 ibi
427 843 760 916 completur
789 843 1062 912 dies,illic
1092 844 1151 898 in
1185 847 1473 900 mundum
1505 845 1833 916 completur
1863 844 1964 898 ad-

310 938 524 991 ventus
554 933 848 989 sui.0rtus
870 933 1043 1004 justi,
1095 933 1519 1004 plenitudinem
1569 934 1744 989 habet
1785 951 1797 988 :
1833 949 1963 1005 pec-

313 1023 535 1080 catoris
563 1021 854 1089 nativitas,
896 1025 961 1076 ut
989 1022 1070 1077 ita
1101 1023 1388 1095 dicamus,
1415 1023 1760 1079 vacuitatem
1793 1027 1967 1095 atque

313 1110 816 1168 inanitatemﬂazc
847 1111 917 1166 de
946 1127 1013 1166 eo
1045 1113 1201 1184 quod
1232 1113 1521 1185 scriptum
1552 1117 1641 1167 est
1671 1130 1684 1168 :
1722 1113 1968 1184 Compte-

315 1205 438 1256 tum
469 1209 545 1255 est
571 1205 784 1271 tampus
812 1208 874 1256 ut
900 1205 1140 1270 pareret.
1174 1200 1750 1274 Congratulabantur
1797 1202 1966 1256 matri

312 1291 446 1360 ejus
472 1287 644 1344 vicini
675 1292 732 1344 et
770 1289 1023 1362 cognati,
1054 1293 1113 1345 et
1143 1288 1414 1346 volebant
1454 1290 1514 1345 in
1545 1290 1824 1346 honorem
1866 1306 1966 1361 pa-

308 1378 419 1435 tris
449 1393 633 1449 puero
666 1393 879 1434 nomen
908 1393 1144 1452 ponere,
1197 1383 1264 1434 ut
1293 1384 1597 1455 vocaretur
1639 1379 1963 1434 Zacharias.

309 1466 486 1522 Porro
517 1464 839 1533 Elisabetb,
863 1470 1068 1522 sancto
1097 1466 1321 1540 Spiritu
1354 1473 1722 1540 suggerente,
1753 1467 1962 1523 aiebat:

312 1557 547 1612 Joannes
576 1563 657 1610 est
682 1571 879 1612 nomen
907 1556 1046 1624 eius.
1083 1555 1298 1611 Deinde
1327 1572 1460 1611 cum
1511 1555 1596 1610 illi
1637 1573 1846 1612 causas
1867 1557 1965 1627 ju-

311 1648 438 1701 stas
473 1648 801 1716 quarerent
830 1661 934 1700 cur
951 1645 1210 1700 Joannes
1240 1645 1615 1718 potissimum
1645 1649 1964 1711 vocaretur,

313 1749 449 1790 cum
480 1733 544 1788 in
573 1748 784 1804 genere
816 1733 1003 1806 ipsius
1046 1732 1242 1789 nullus
1294 1733 1533 1790 haberet
1578 1733 1688 1789 hoc
1731 1750 1963 1804 nomen,

314 1822 684 1894 interrogant
739 1828 986 1894 patrem,
1051 1822 1149 1894 qui
1209 1839 1325 1878 non
1369 1823 1568 1879 valens
1617 1823 1966 1895 respondere

314 1911 522 1983 (manu
555 1916 612 1966 et
639 1910 853 1966 litteris
882 1916 972 1968 est
1001 1911 1274 1979 locutus).
1309 1911 1555 1984 Scripsit
1585 1912 1740 1968 enim
1771 1913 1830 1966 in
1864 1929 1970 1984 pu-

317 1999 535 2073 gillari,
566 2001 802 2056 Joannes
833 2005 913 2056 est
953 2017 1154 2056 nomen
1203 2003 1320 2070 eius
1351 2019 1369 2054 :
1402 2001 1720 2073 statimque
1768 2005 1832 2056 ut
1861 2004 1978 2072 sty-

317 2086 413 2144 lus
442 2086 772 2160 impressus
830 2093 919 2144 est
957 2105 1120 2160 cerae,
1154 2088 1374 2161 lingua,
1435 2107 1561 2160 quae
1595 2089 1758 2162 prius
1791 2089 1978 2144 fuerat

315 2177 537 2245 vincta,
567 2175 762 2233 laxata
808 2181 915 2233 est.
966 2176 1203 2248 Recepit
1241 2177 1562 2250 eloquium,
1610 2196 1726 2234 non
1767 2177 1976 2234 huma-

316 2282 488 2331 num,
511 2265 792 2338 quoniam
826 2265 1006 2338 ligata
1035 2266 1146 2321 fuit
1167 2265 1370 2338 lingua
1397 2268 1527 2338 ejus
1554 2285 1567 2335 ;
1603 2267 1866 2322 humana
1889 2270 1977 2321 ta-

314 2370 459 2410 men
515 2371 632 2410 non
689 2354 818 2410 fuit.
854 2354 1135 2411 Vinxerat
1171 2355 1331 2410 enim
1386 2372 1514 2411 eam
1576 2355 1974 2411 incredulitas.

313 2441 538 2498 Statim
566 2446 632 2498 ut
683 2442 883 2502 soluta
901 2449 1007 2515 est,
1061 2444 1323 2499 humana
1370 2461 1498 2500 esse
1531 2445 1772 2511 desinit,
1807 2448 1863 2500 et
1891 2443 1978 2499 lo-

312 2530 614 2603 quebatur
643 2530 992 2588 benedicens
1023 2532 1228 2600 Deum,
1264 2538 1320 2587 et
1351 2533 1720 2604 prophetavit
1757 2549 1824 2588 ea
1855 2550 1980 2604 quae

317 2619 538 2691 scripta
565 2623 707 2676 sunt
732 2619 792 2675 in
827 2619 1158 2693 Evangelio,
1183 2621 1254 2675 de
1285 2621 1524 2692 quibus,
1560 2623 1845 2692 praebente
1875 2621 1982 2677 Do-

319 2707 483 2764 mino
529 2707 669 2763 Jesu
716 2707 970 2780 Christo,
1025 2725 1158 2764 cum
1206 2712 1438 2781 tempus
1492 2709 1688 2780 fuerit,
1737 2711 1982 2766 dissere-

320 2811 458 2851 mus
490 2813 504 2850 :
539 2795 628 2850 cui
653 2799 744 2852 est
772 2795 959 2870 gloria
987 2800 1044 2853 et
1075 2797 1388 2869 imperium
1415 2797 1473 2853 in
1503 2798 1716 2854 sacula
1745 2799 1981 2854 ceculo-

323 2899 478 2941 rum.
510 2885 719 2940 Amen.

957 2991 1264 3048 HOMILIA
1300 2992 1346 3048 X

324 3079 401 3136 De
429 3094 492 3136 eo
520 3079 664 3152 quod
709 3082 978 3154 scriptum
1025 3089 1105 3136 est
1151 3097 1170 3136 :
1219 3103 1248 3154 ς(
1303 3082 1504 3138 Plenus
1560 3081 1771 3154 Spiritu
1797 3087 1981 3139 sancto

392 3153 766 3224 prophetavit,
829 3170 856 3203 ι
927 3168 1098 3224 usque
1163 3152 1236 3208 ad
1281 3169 1408 3208 eum
1454 3152 1630 3208 locum
1690 3155 1788 3208 ubi
1833 3157 1914 3209 ait
1961 3171 1976 3210 :

2001 1873 2048 1938 B

2074 581 2163 632 est
2193 575 2458 648 angelus,
2501 574 2826 639 mensibus,
2882 575 3092 641 tribus,
3143 579 3207 630 ut
3237 593 3336 646 per
3363 577 3720 635 ineffabilem

2075 667 2393 736 quamdam
2423 665 2716 733 virtutem,
2751 681 2864 719 non
2897 663 3085 720 solum
3117 665 3420 733 Joannem,
3445 668 3600 724 sicut
3620 668 3727 723 du-

2076 756 2214 811 dum
2244 754 2518 823 diximus,
2552 755 2650 810 sed
2685 754 2859 809 etiam
2888 753 3248 821 Zachariam,
3292 761 3356 811 ut
3386 771 3542 811 nunc
3563 773 3734 813 evan-

2075 843 2296 914 gelicus
2319 860 2510 899 sermo
2541 842 3082 916 declarat,prtesens
3100 842 3364 899 Salvator
3393 843 3733 917 instrueret,

2078 932 2366 989 Paulatim
2397 933 2614 1004 quippe
2637 938 2693 988 et
2723 933 2816 987 hic
2848 949 2951 1005 per
2979 937 3096 988 tres
3117 949 3350 989 menses
3383 933 3571 988 sancti
3602 934 3729 1006 Spi-

2076 1022 2224 1077 ritus
2256 1026 2572 1092 augmenta
2600 1021 2953 1092 capiebat,et
2975 1029 3118 1076 ‘cum
3151 1021 3402 1077 nesciret
3431 1021 3734 1078 erudieba-

2075 1114 2190 1178 tur,
2241 1114 2298 1165 et
2346 1111 2416 1164 de
2468 1109 2696 1165 Christo
2745 1109 3112 1181 prophetavit
3141 1109 3344 1166 dicens
3392 1126 3404 1164 :
3449 1111 3556 1179 Qui
3581 1109 3736 1166 dedit

2075 1199 2505 1270 redemptionem
2534 1198 2735 1269 populo
2774 1214 2892 1264 suo,
2925 1207 2976 1254 et
3011 1201 3304 1255 suscitavit
3330 1214 3502 1256 cornu
3542 1200 3740 1256 satu-tis

2076 1288 2234 1344 nobis
2267 1290 2330 1344 in
2369 1288 2522 1344 domo
2546 1287 2740 1355 David,
2766 1288 2823 1342 in
2854 1304 2970 1359 qua
2999 1289 3326 1344 secundum
3357 1303 3593 1344 carnem
3626 1304 3730 1344 na-

2075 1381 2172 1432 tus
2203 1382 2291 1432 est
2322 1375 2608 1432 Christus.
2644 1377 2715 1432 Et
2732 1391 2864 1432 vere
2894 1375 3034 1449 quia
3063 1377 3172 1432 fuit
3197 1394 3379 1433 cornu
3410 1375 3643 1446 salutis,
3672 1376 3733 1432 in

2077 1465 2253 1521 domo
2285 1465 2461 1521 David
2494 1465 2800 1538 prophetia
2829 1465 2944 1521 ista
2997 1465 3344 1521 concinitur.
3381 1465 3557 1522 Vinea
3584 1467 3736 1522 enim

2075 1558 2222 1625 facta
2271 1563 2348 1610 est
2390 1557 2450 1610 in
2489 1571 2660 1610 cornu.
2705 1556 2767 1608 οι.
2819 1556 2880 1610 In
2933 1571 3048 1626 quo
3097 1554 3328 1610 cornu?
3378 1557 3441 1610 In
3499 1553 3734 1612 Christo

2075 1645 2237 1710 Jesu,
2292 1644 2350 1698 in
2405 1643 2506 1699 illo
2557 1643 2617 1698 in
2667 1660 2784 1715 quo
2834 1660 2991 1699 nunc
3049 1643 3324 1700 scribitur
3371 1659 3385 1699 :
3441 1633 3744 1700 Suscitavi‘

2078 1749 2251 1788 cornu
2289 1734 2482 1788 salutis
2524 1734 2682 1789 nobis
2728 1734 2788 1788 in
2835 1733 2989 1789 domo
3041 1732 3212 1788 David
3235 1733 3398 1805 pueri
3439 1734 3549 1798 sui,
3598 1732 3741 1788 sicut

2081 1823 2294 1878 locutus
2341 1831 2420 1877 est
2459 1837 2557 1893 per
2599 1837 2656 1877 os
2703 1831 3018 1876 sanctorum
3044 1837 3268 1878 suorum
3290 1821 3690 1894 prophetarum
3723 1838 3736 1877 :

2083 1912 2317 1966 salutem
2347 1927 2419 1966 ex
2450 1913 2693 1966 inimicis
2738 1913 2960 1966 nostris.
3010 1911 3135 1966 Non
3168 1915 3442 1982 putemus
3483 1927 3638 1966 nunc
3668 1911 3740 1966 de

2085 1998 2486 2072 corporalibus
2527 1999 2782 2054 inimicis
2813 1999 2950 2067 dici,
2982 1999 3082 2054 sed
3114 1999 3184 2054 de
3215 1998 3598 2070 spiritalibus.
3624 1998 3738 2055 Ve-

2089 2090 2174 2144 nit
2204 2089 2361 2144 enim
2389 2087 2675 2144 Dominus
2695 2087 2868 2143 Jesus
2901 2088 3065 2142 fortis
3096 2087 3154 2141 in
3187 2087 3403 2158 praelio,
3435 2089 3738 2145 destruere

2088 2193 2292 2233 omnes
2340 2177 2631 2241 inimicos,
2665 2180 2896 2232 nostros
2927 2179 2991 2231 ut
3019 2193 3127 2231 nos
3154 2177 3225 2232 de
3268 2176 3502 2232 insidiis
3529 2193 3733 2233 eorum

2088 2266 2475 2322 liberaret.De
2504 2283 2672 2320 manu
2693 2267 3047 2322 inimicorum
3075 2273 3386 2322 nostrorum
3405 2269 3454 2321 et
3474 2265 3540 2322 de
3569 2283 3739 2322 manu

2088 2371 2276 2411 eorum
2326 2357 2423 2426 qui
2460 2371 2558 2410 nos
2601 2354 2847 2411 oderunt.
2881 2359 3084 2412 Facere
3123 2355 3567 2411 misericordiam
3611 2371 3738 2411 cum

2087 2444 2340 2516 patribus
2370 2446 2571 2498 nostris
2592 2444 2723 2515 (26).
2757 2445 2875 2516 Ego
2907 2448 3045 2516 puto
3069 2444 3313 2516 quod,in
3337 2444 3590 2500 adventu
3621 2443 3738 2500 Deo

2091 2533 2232 2588 mini
2266 2533 2602 2600 Salvatoris,
2652 2537 2710 2588 et
2756 2533 3078 2599 Abraham,
3130 2538 3186 2588 et
3238 2535 3420 2598 Isaac,
3471 2537 3528 2588 et
3554 2532 3736 2589 Jacob

2091 2621 2250 2677 fruiti
2297 2622 2418 2678 sint
2448 2621 2848 2678 misericordia
2887 2623 3004 2678 Dei.
3037 2623 3236 2694 Neque
3266 2624 3422 2678 enim
3461 2621 3740 2678 credibile

2091 2715 2271 2778 est,ut
2301 2711 2401 2782 qui
2435 2711 2597 2783 prius
2627 2712 2888 2767 viderent
2917 2711 3071 2767 diem
3102 2711 3346 2775 illius,et
3373 2711 3549 2767 laatati
3574 2715 3737 2782 sunt,

2092 2806 2293 2873 postea
2322 2800 2381 2855 in
2416 2801 2664 2856 adventu
2697 2800 2906 2872 ipsius,
2939 2804 2996 2856 et
3044 2799 3346 2855 nativitate
3376 2801 3447 2854 de
3477 2799 3734 2870 Virgine,

2092 2889 2238 2945 nihil
2270 2889 2542 2945 utilitatis
2574 2890 2921 2961 acceperint.
2973 2889 3043 2942 Et
3094 2888 3237 2957 quid
3287 2887 3357 2943 de
3389 2885 3736 2958 patriarchis

2092 2979 2299 3050 loquor
2318 2979 2345 3033 Τ
2373 2979 2457 3033 Ad
2489 2977 2697 3032 altiora
2725 2977 3160 3048 Scripturarum
3203 2973 3610 3029 auctoritatem
3643 2990 3734 3029 se-

2092 3083 2278 3139 quens
2311 3067 2589 3121 audacter
2620 3065 2956 3130 ascendam,
2979 3063 3258 3134 quoniam
3281 3061 3592 3133 praesentia
3621 3066 3730 3116 Do-

2091 3156 2236 3211 mini
2267 3155 2404 3210 Jesu
2439 3158 2495 3209 et
2525 3153 2884 3225 dispensatio
2915 3152 3076 3207 illius
3108 3168 3223 3206 non
3267 3149 3459 3206 solum
3483 3153 3736 3215 terrena,

396 3245 439 3314 ιλ
454 3223 746 3280 Antecedet
775 3225 926 3279 enim
954 3223 1138 3281 coram
1166 3225 1397 3282 Domino
1422 3241 1624 3292 parare
1653 3226 1768 3280 vias
1799 3227 1974 3297 ejus.»

2089 3243 2187 3299 sed
2220 3243 2397 3299 etiam
2429 3243 2540 3314 (28)
2572 3223 2829 3298 coelestia
2847 3241 3089 3312 juverit.
3131 3239 3294 3296 Unde
3323 3243 3380 3295 et
3418 3237 3735 3311 Apostolus

398 3293 537 3367 Cap.
570 3312 610 3350 ι.

391 3417 606 3474 Plenus
637 3419 859 3492 Spiritu
916 3425 1119 3477 sancto
1161 3421 1488 3491 Zacharias,
1525 3423 1671 3477 duas
1729 3421 1978 3494 prophe-

319 3507 435 3564 tias
460 3507 812 3582 generaliter
841 3509 1092 3579 nuntiat,
1134 3510 1388 3582 primam
1419 3511 1490 3566 de
1547 3510 1798 3582 Christo,
1833 3510 1980 3566 alte-

324 3612 455 3652 ram
488 3597 560 3652 de
588 3599 830 3653 Joanne.
889 3597 1052 3662 Quod
1111 3599 1418 3654 manifeste
1475 3600 1545 3655 de
1573 3600 1764 3656 verbis
1795 3600 1981 3673 ipsius

323 3685 710 3757 approbatur,
742 3686 801 3741 in
858 3687 1077 3759 quibus
1111 3688 1277 3759 quasi
1335 3689 1405 3743 de
1437 3689 1762 3760 presentia,
1794 3696 1850 3746 et
1881 3689 1982 3760 qui

319 3779 659 3830 versaretur
684 3775 743 3830 in
776 3776 1000 3831 mundo
1034 3775 1295 3847 loquitur
1346 3776 1681 3848 Salvatoris,
1726 3795 1794 3834 ac
1827 3777 1982 3834 dein-

322 3864 398 3919 de
428 3864 719 3921 218-14
746 3868 971 3920 Joanne
1003 3883 1016 3920 :
1051 3866 1304 3937 Repletus
1350 3868 1498 3922 enim
1547 3866 1782 3937 Spiritu
1801 3876 1982 3924 sancto

318 3952 677 4024 prophetavit
700 3952 875 4010 dicens
906 3972 925 4009 :
948 3953 1271 4010 Benedictus
1301 3957 1568 4010 Dominus
1600 3962 1740 4012 Deus
1778 3955 1980 4020 Israel,

324 4042 465 4112 quia
510 4043 749 4098 visitavi:
787 4051 836 4098 et
877 4044 1009 4114 fecit
1054 4045 1488 4116 redemptionem
1509 4044 1686 4117 ptebis
1714 4059 1851 4102 suae.
1883 4044 1981 4100 Vi-

319 4129 542 4186 sitante
558 4128 714 4186 enim
736 4134 794 4186 et
809 4132 921 4187 Deo
933 4130 1163 4188 volente
1178 4133 1464 4189 redimere
1484 4132 1768 4206 populum
1782 4149 1980 4201 suum,

390 4255 436 4289 “
463 4253 561 4310 Isa
590 4270 644 4320 v,
683 4256 733 4311 1.
813 4256 857 4291 ⁸⁸
886 4255 1107 4314 Coloss.
1138 4274 1176 4327 ι,
1199 4259 1288 4313 20.

390 4395 506 4467 (27)
566 4396 796 4467 Eapdem
856 4399 1083 4456 schedae
1145 4417 1156 4454 :

248 4465 271 4479 “
540 4460 813 4541 ’Δϐραςὶμη
864 4469 954 4524 καὶ
1009 4470 1207 4538 Ἰσαὰκ,
1255 4470 1344 4524 καὶ
1382 4460 1609 4541 ’Ἱᾶκὼϐξ
1656 4469 1746 4526 καὶ
1783 4460 1983 4541 ὅλοξό

325 4536 502 4618 χρρός
546 4536 1203 4618 τῶύργῖωνῌπροφητῷν
1250 4541 1340 4618 κᾳὶ
1381 4536 1610 4618 Δδικοιᾼίειυκᾷ
1662 4540 1979 4618 ἀπήλαυςξαγ

451 4610 753 4688 stupendae
780 4615 897 4688 ητοῦ
949 4610 1202 4688 Χρὶᾳτοῦβ
1237 4614 1302 4668 Εἰ
1332 4615 1435 4688 γᾲρ
1479 4610 1864 4688 εξρηνοποίὴσε
1895 4613 1983 4670 διὰ

320 4683 417 4761 ’ξοῦ
451 4676 681 4761 siina-to;
712 4687 810 4737 τοῦ
859 4676 1094 4761 στανςροἰξ
1140 4683 1305 4738 αὐτοῦ
1329 4676 1483 4761 ἐἴη
1511 4676 1562 4740 ἔν
1694 4676 1886 4761 γῇ-’κςαὶ
1916 4689 1984 4741 τὰ

323 4747 374 4804 ἐν
403 4747 807 4824 τοῖέ-οὗρανοῖς
855 4747 1002 4808 κατδί
1037 4753 1128 4810 τὸν
1175 4758 1315 4810 θεῖον
1350 4747 1683 4811 Ἀπόστολόνν
1707 4747 1772 4812 ’έῖ
1807 4757 1980 4820 ὀκνεῖς

321 4819 719 4914 πᾳραὸἐξαάραι
768 4823 850 4910 ἕτι
903 4825 1180 4914 Ξιαὶςπρέξς
1231 4825 1359 4914 ἐεὺς
1415 4829 1650 4914 τξατξραε
1709 4819 1979 4914 ἔπισξιοπὴ

321 4893 657 4977 γέγονείκαὶ
700 4900 862 4977 τῷτο
893 4899 949 4977 ἡ⁸
978 4896 1054 4959 εἷς
1087 4893 1192 4977 ’τ-ὸν
1239 4893 1371 4968 ᾅδην
1406 4893 1568 4954 aii-:03
1617 4898 1793 4977 ἄφιξις
1825 4893 1984 4975 tri-pa;

321 4963 691 5044 γματςύσατο,
746 4971 809 5044 Ut
855 4963 1005 5025 enim
1051 4963 1534 5044 arbitram-etiam
1579 4963 1771 5044 paires
1800 4963 1984 5030 nostri

319 5037 628 5105 Abraham,
677 5047 728 5096 et
776 5042 947 5107 Isaac,
996 5049 1048 5096 et
1104 5043 1287 5110 Jacob,
1342 5053 1394 5099 et
1452 5037 1740 5100 universus
1785 5046 1982 5101 chorus

319 5113 641 5183 sanctorum
698 5116 814 5183 ejus
857 5112 1248 5183 prophetarum
1311 5119 1364 5169 et
1420 5120 1727 5181 Justorum,
1778 5117 1982 5172 Christi

319 5181 620 5260 prgsentia
662 5181 832 5260 fruiti
857 5181 1011 5240 sunt.
1054 5183 1115 5239 Si
1163 5187 1313 5260 enim
1345 5186 1511 5258 juxta
1545 5188 1797 5243 divinum
1829 5195 1978 5260 Αρο-

318 5253 521 5334 ςιοιμνη
547 5269 649 5325 per
671 5256 849 5310 crucis
876 5271 991 5334 suae
1033 5253 1363 5334 sanguinem
1406 5260 1717 5334 paciﬁcavit
1764 5277 1827 5315 ea
1856 5253 1980 5334 quae

325 5328 387 5403 in
415 5331 568 5380 terra
613 5334 666 5381 et
708 5340 834 5397 qua
863 5328 922 5381 in
974 5329 1122 5403 catis
1160 5337 1309 5396 sunt,
1355 5328 1487 5402 quid
1517 5331 1733 5386 dubitas
1763 5328 1982 5388 credere

323 5400 511 5474 ipsum
539 5413 750 5474 quoque
750 5400 1268 5474 patresAvisz'tasse,
1300 5400 1502 5471 et‘ejus
1540 5403 1611 5458 ad
1651 5405 1857 5474 inferos
1888 5403 1979 5460 ad-

323 5414 511 5464 zpsum
539 5414 750 5468 quoque
819 5414 964 5453 atres
994 5414 1261 5466 visitasse,

319 5469 542 5542 ventum
572 5467 673 5524 hoc
701 5414 948 5542 eﬂgcisse
969 5472 997 5523 ?
1025 5474 1261 5528 Rursus.

395 5539 511 5618 (28)
539 5539 886 5618 Suspicatur
917 5542 1162 5618 Huetius
1194 5542 1510 5618 caelestium
1548 5544 1803 5609 nomine,
1855 5547 1980 5618 qui-

327 5607 443 5688 bus
473 5607 779 5688 Dominica
809 5613 1174 5688 dispensatio,
1198 5616 1500 5688 profuerit,
1533 5633 1648 5672 non
1680 5607 1851 5688 modo
1873 5607 1980 5674 .an-

324 5679 600 5752 sclorum
629 5684 886 5756 ordines,
904 5679 1019 5744 'sed
1051 5689 1110 5744 et
1130 5679 1324 5746 sidera
1345 5679 1694 5761 ipsa'notari
1730 5689 1802 5746 ab
1850 5689 1978 5748 Ori-

2090 3333 2172 3388 ait
2201 3333 2244 3368 π
2277 3349 2290 3386 :
2324 3333 2523 3387 Pacem
2550 3333 2759 3402 faciens
2786 3347 2884 3403 per
2907 3331 3231 3401 sanguinem
3259 3330 3437 3384 crucis
3454 3342 3594 3398 suae,
3625 3329 3740 3383 sive

2087 3438 2253 3495 super
2281 3425 2508 3491 terram,
2541 3423 2658 3476 sive
2689 3423 2750 3476 in
2778 3420 2946 3475 caelis.
2983 3419 3045 3475 Si
3077 3423 3271 3474 autem
3307 3417 3366 3472 in
3400 3415 3561 3472 cmlis
3589 3420 3646 3471 et
3675 3416 3736 3471 in

2088 3517 2245 3567 terra
2273 3510 2590 3582 praesentia
2618 3508 2852 3565 Domini
2883 3507 3121 3580 profuit,
3155 3524 3260 3563 cur
3306 3522 3518 3578 paveas
3547 3505 3739 3561 dicere

2091 3601 2246 3674 quod
2278 3601 2562 3655 adventus
2593 3597 2753 3654 illius
2784 3597 2962 3653 etiam
3017 3596 3342 3668 majoribus
3402 3593 3638 3666 profuit,
3671 3596 3740 3649 ut

2089 3689 2406 3761 impleatur
2434 3688 2589 3759 quod
2622 3687 2835 3742 dicitur
2869 3705 2880 3742 :
2914 3688 3112 3742 Facere
3141 3683 3585 3740 misericordiam
3615 3699 3741 3738 cum

2085 3779 2340 3850 patribus
2376 3779 2596 3841 nostris,
2656 3781 2707 3832 et
2756 3775 3034 3832 recordari
3079 3776 3390 3830 testamenti
3423 3773 3602 3828 sancti
3629 3773 3738 3838 sui,

2081 3868 2392 3939 juramenti
2420 3865 2559 3937 quod
2581 3867 2796 3937 juravit
2825 3865 2894 3919 ad
2921 3865 3205 3920 Abraham
3227 3871 3440 3934 patrem
3464 3868 3739 3926 nostrum,

2090 3961 2150 4011 ut
2177 3956 2342 4011 daret
2367 3955 2520 4010 nobis
2546 3956 2745 4026 absque
2765 3956 2968 4009 timore
2995 3953 3060 4009 de
3086 3968 3259 4007 manu
3288 3951 3645 4006 inimicorum
3675 3950 3742 4004 ti-

2092 4045 2282 4100 berari
2302 4047 2330 4098 ?
2356 4045 2467 4113 (29)
2499 4043 2711 4100 Crebro
2764 4042 2834 4098 de
2874 4041 3134 4097 hostium
3166 4056 3345 4095 manu
3380 4038 3558 4110 aliqui
3588 4037 3740 4093 libe-

2090 4138 2316 4200 rantur,
2349 4133 2453 4189 sed
2485 4149 2600 4188 non
2633 4131 2856 4202 absque
2903 4130 3135 4186 timore.
3179 4128 3324 4184 Cum
3357 4125 3514 4183 enim
3547 4130 3740 4183 metus

1220 4400 1471 4486 “ait?
1520 4398 1691 4486 ,οέμαι
1731 4401 1975 4486 ﬁesﬁes

2092 4417 2258 4485 gene,
2293 4399 2510 4486 quippe
2553 4413 2679 4486 quae
2711 4413 2849 4486 “non
2893 4397 3315 4486 animamodo,
3366 4395 3468 4486 sed
3517 4395 3741 4486 ratione

2095 4466 2269 4528 Etiam
2309 4466 2918 4542 praedita'arbitratus
2965 4469 3061 4542 sit.
3105 4471 3238 4535 Quae
3287 4472 3482 4542 autem
3515 4466 3740 4542 ratione

2095 4537 2334 4616 pollent,
2370 4545 2606 4616 peccato
2637 4541 3092 4616 ‘esse‘obnoxia,
3123 4546 3180 4596 et
3209 4539 3564 4616 purgatione,
3584 4537 3740 4593 indi-

2132 4631 2226 4682 εει-β
2260 4633 2272 4670 :
2309 4609 2462 4682 quod
2496 4611 2757 4667 ofﬁcium
2793 4611 2912 4667 illis
2955 4618 3140 4668 morte
3186 4609 3294 4667 s'ua
3327 4609 3673 4682 “exhibitum
3709 4625 3742 4682 ᾳ

2139 4679 2929 4755 hristo'crediderit._Confer
2956 4683 3130 4755 paulo
3161 4682 3406 4736 inferius
3433 4679 3638 4755 h_omil.
3669 4681 3741 4736 23

2092 4765 2151 4815 et
2182 4775 2308 4830 quae
2357 4756 2438 4811 ibi
2487 4756 2558 4811 de
2605 4753 2928 4830 cmlestiu_m
2956 4752 3606 4830 potestatum-profectu
3641 4766 3743 4821 per

2091 4821 2590 4908 Christimortem
2631 4821 3118 4908 atquenEpclesia
3172 4821 3643 4896 praedicationem
3673 4839 3743 4879 ex

2093 4899 2443 4974 Origeniana
2467 4898 2761 4974 sententia
2789 4898 3062 4972 dicimus.

2165 4963 2282 5045 (2'9)
2303 4973 2528 5045 Eaedem
2553 4970 2798 5039 schedze,
2829 4975 2888 5025 et
2916 4968 3200 5045 Macarius
3218 4963 3740 5045 Chrxsocephalus

2093 5032 2203 5100 me.
2239 5032 2384 5099 o'rat.
2421 5045 2445 5098 1
2479 5041 2539 5096 in
2570 5047 2765 5097 ortum
2788 5032 2991 5095 'sancti
3020 5038 3265 5094 Joannis
3296 5055 3309 5092 :
3343 5032 3584 5104 ’Ἐπειδῆᾼ
3599 5032 3735 5104 πολ-
3765 5087 3770 5090 .

2092 5112 2250 5190 latnt;
2284 5111 2500 5190 p‘boyrai
2532 5116 2677 5190 Dives
2705 5109 2763 5190 ξος
2792 5110 2976 5190 lappis:
3027 5109 3260 5190 exﬁpibv,
3317 5108 3450 5190 ἠετὰ
3479 5100 3652 5190 φόϐῳ
3684 5103 3743 5190 δξ

2093 5129 2250 5175 Λακις
2284 5129 2500 5190 ῥύονται
2532 5131 2673 5172 υινες
2705 5129 2763 5163 εκ
2792 5129 2976 5182 χειρος
3027 5129 3260 5235 εέ-ῠρων,
3305 5129 3450 5236 ίξιετα
3479 5129 3652 5184 φοοου
3684 5129 3741 5160 οε

2092 5183 2181 5259 δ-ιὰ
2235 5184 2394 5259 τοῦτᾷ
2439 5201 2608 5259 φῃσιχ
2640 5185 2743 5235 Τοῦ
2802 5182 2980 5259 δοῦναι-ι
3048 5188 3182 5259 έμῖν.
3228 5182 3298 5258 ἀφ
3337 5174 3471 5259 ϐως,
3527 5177 3616 5259 mi
3673 5178 3741 5259 ’Ξᾶ

2091 5257 2235 5328 ἑξῆς,
2287 5255 2386 5328 Καὶ
2434 5250 2536 5327 {sip
2671 5258 2904 5328 Χριστοῦ
2952 5250 3220 5328 ἐπιδῄμίᾳ
3267 5250 3739 5328 ἐξεποίηκεγ-ἡμᾷς

2092 5321 2309 5406 sese:
2370 5321 2654 5406 saepe
2701 5321 2906 5406 anes
2966 5321 3133 5406 ἡμῶςέ
3183 5321 3736 5406 iustine-“06.755?

2092 5345 2309 5406 αφοοως
2370 5345 2429 5381 εκ
2466 5345 2654 5400 χειρος
2701 5345 2795 5379 ε’·τ]
2835 5348 2906 5379 ων
2966 5345 3124 5398 ημων
3189 5345 3464 5396 ρυσῠηναι.
3517 5345 3588 5376 υυ
3632 5345 3736 5394 γαρ

2089 5401 2428 5472 ᾗσθάνθημεν
2460 5403 2560 5472 τῆς
2611 5345 2910 5466 ἐπιϐξυςκῆς
2953 5402 3061 5472 τῶν
3111 5397 3350 5472 ἐχθρῷνλ
3393 5389 3525 5472 an:
3563 5391 3736 5472 eripvi-

2090 5461 2202 5544 dtov
2234 5461 3062 5544 iﬂpnaqsvﬁuict‘perao‘cvﬁsa:
3112 5461 3454 5544 dar-exeiva
3507 5461 3595 5544 ὲετὶ
3627 5461 3735 5544 ξςὸν

2087 5530 2294 5620 κλῆρόῦ
2325 5540 2414 5620 mi
2442 5530 2772 5620 τήξμερίὲξα
2808 5530 3002 5620 Δοιύίῖξοῗ).
3053 5540 3263 5620 Διὸρωεὶ
3311 5540 3476 5620 ἡμεῖς
3521 5530 3739 5620 optatio-

2093 5605 2673 5690 μβῦᾌατρεύςιγάὖτῷ
2717 5611 2768 5668 ἐν
2800 5611 3055 5690 ὁᾳίὀτῑγίςι⁸
3083 5611 3171 5690 stati
3218 5605 3576 5690 ,δικάίρσύινῃδ
3604 5605 3736 5690 ὅπερ

2089 5679 2150 5747 ὸύ
2181 5679 2382 5766 vivata:
2415 5683 2504 5744 διά
2543 5679 2663 5741 τινὰ
2711 5685 2918 5763 καιρὸν,
2966 5679 3112 5744 ἆλλά
3155 5680 3324 5747 πάσας
3373 5679 3585 5754 ἡμέρας
3631 5681 3739 5749 ,τῆς
