4058 6190
362 346 483 412 257

824 343 1325 408 TRANSLATIO
1368 342 1876 411 HOMILIARUM
1922 344 2295 444 ORIGENIS
2336 347 2415 408 IN
2458 348 2750 412 LUCAM.
2781 383 2860 395 ——
2889 350 3163 414 HOMIL.
3206 349 3338 413 XII.

3662 356 3783 418 258

367 495 483 539 non
515 476 700 535 estin
731 480 935 535 nostra
979 480 1284 549 potestate.
1330 478 1472 546 Quis
1520 478 1677 535 enim
1709 478 2021 537 hominum
2050 484 2104 549 Α
2134 478 2419 537 Dominus
2494 482 2862 556 responderit
2934 483 3007 539 ei.
3082 483 3199 541 Hoc
3276 484 3545 556 arbitror,
3622 491 3783 546 certa

369 586 490 627 non
520 566 659 625 velit
692 567 766 623 ad
824 570 1111 623 staturam
1169 584 1339 641 suam
1394 568 1645 642 adjicere
1667 569 1729 636 9°,
1790 573 1855 624 ut
1900 568 2027 624 lon-

373 659 502 737 gior
531 656 679 715 fiat?
707 655 766 711 Si
822 671 959 730 ergo
1018 660 1322 729 propterea
1377 657 1519 729 quid
1576 657 1915 731 praecipitur
1962 663 2029 714 ut

374 749 496 819 ﬁat,
564 745 820 803 stultum
890 748 977 801 est
1054 745 1271 820 quippe
1347 746 1680 821 precipere,
1752 748 1907 819 quod
1977 748 2027 804 is

372 838 466 896 cui
528 836 860 911 praecipias,
926 834 1116 893 facere
1185 853 1298 894 non
1367 838 1579 910 possit:
1649 842 1706 894 et
1769 836 2029 910 praecipi-

372 933 475 989 tur
548 926 721 983 nobis
779 930 845 982 ut
898 941 1234 982 crescamus
1320 927 1522 998 utique
1578 927 1637 982 id
1694 925 2031 1000 praecipitur

380 1015 544 1090 quod
601 1014 787 1072 facere
845 1030 961 1069 non
1022 1030 1365 1086 possumus.
1424 1015 1528 1072 Vis
1558 1015 1707 1073 scire
1738 1016 2028 1088 quomodo

380 1102 747 1177 intelligitur,
783 1101 1065 1159 Crescite?
1094 1101 1364 1160 ausculta
1412 1104 1553 1177 quid
1604 1103 1765 1162 Isaac
1809 1104 2027 1176 fecerit,

384 1195 456 1252 de
484 1210 599 1268 quo
628 1192 882 1250 dicitur:
914 1191 1076 1249 Isaac
1127 1194 1467 1266 proﬁciebat,
1526 1197 1579 1249 et
1630 1194 1810 1266 major
1846 1193 2027 1264 ﬁebat,

376 1284 547 1342 donec
593 1283 780 1359 factus
832 1290 910 1338 est
946 1298 1204 1354 magnus,
1261 1283 1347 1339 vel
1391 1282 1740 1340 vehementer
1789 1283 1964 1339 nimis
1987 1287 2063 1351 ³,,

371 1374 618 1446 Semper
646 1371 802 1427 enim
833 1371 1099 1428 voluntas
1128 1371 1292 1428 illius
1321 1372 1393 1429 ad
1427 1373 1671 1428 meliora
1693 1389 1755 1429 se
1784 1374 2031 1429 tendens

375 1463 632 1521 habebat
652 1460 949 1533 profectus
963 1478 1123 1530 suos,
1141 1466 1197 1517 et
1211 1478 1379 1518 mens
1396 1462 1651 1519 divinius
1667 1461 1888 1534 aliquid
1903 1478 2034 1518 con-

378 1550 795 1624 templabatur,
828 1554 885 1607 et
917 1551 1219 1607 exercebat
1248 1568 1311 1607 se
1342 1552 1647 1618 memoria,
1680 1556 1745 1607 ut
1774 1551 1944 1623 plura
1972 1550 2032 1606 in

379 1641 656 1697 thesauro
688 1656 798 1697 suo
827 1639 1119 1707 conderet,
1152 1643 1216 1695 ut
1246 1640 1475 1696 ﬁrmius
1508 1641 1801 1697 retineret.
1844 1645 2035 1713 Atque

380 1730 439 1787 in
470 1730 631 1786 hunc
662 1728 907 1785 modum
937 1728 1146 1797 evenit,
1179 1733 1244 1784 ut
1274 1730 1374 1802 qui
1398 1745 1603 1786 omnes
1626 1731 1872 1785 virtutes
1896 1746 2034 1786 suas

382 1820 442 1887 in
460 1819 672 1876 anima
694 1835 833 1893 agro
856 1817 1191 1887 excoluerit,
1218 1817 1487 1891 impleret
1519 1820 1866 1876 mandatum
1886 1836 2033 1893 pra:-

383 1907 629 1982 cipiens,
660 1908 910 1964 Crescite.
932 1906 1322 1971 Quamobrem
1345 1912 1401 1964 et
1419 1908 1677 1965 Joannes
1701 1908 1891 1965 adhuc
1913 1926 2039 1982 par-

382 1996 554 2055 vulus
615 1997 935 2063 crescebat,
967 2001 1024 2052 et
1053 1996 1573 2069 multiplicabatur.
1616 1997 2036 2053 Difficillimum

384 2090 583 2143 autem
617 2089 707 2142 est
737 2083 1052 2158 parvulum
1082 2084 1294 2157 spiritu
1325 2101 1601 2157 crescere,
1634 2086 1864 2143 etinter
1884 2103 2038 2142 mor-

382 2174 530 2233 tales
552 2190 883 2249 perrarum.
913 2180 1058 2230 Puer
1086 2179 1271 2231 autem
1327 2174 1617 2246 crescebat,
1677 2180 1727 2231 et
1755 2175 2034 2248 conforta—

386 2264 553 2320 batur
578 2263 800 2336 spiritu.
854 2262 1026 2319 Aliud
1079 2267 1167 2320 est
1213 2264 1501 2336 crescebat,
1556 2262 1715 2321 aliud
1763 2266 2038 2335 conforta-

393 2354 577 2410 batur.
611 2352 849 2408 lnﬁrma
878 2356 969 2407 est
996 2352 1258 2409 humana
1281 2356 1511 2421 natura,
1538 2356 1594 2409 et
1614 2358 1681 2409 ut
1700 2352 1825 2409 ﬁeri
1852 2353 2041 2425 possit

388 2440 615 2509 fortior,
643 2439 828 2501 divino
858 2440 1073 2497 auxilio
1103 2441 1348 2515 indiget.
1384 2442 1661 2515 Legimus
1679 2443 1720 2509 ³,
1756 2444 1907 2498 Caro
1951 2444 2039 2498 in-

386 2529 574 2601 ﬁrma.
608 2530 730 2595 Quo
757 2530 937 2603 igitur
960 2530 1175 2587 auxilio
1228 2531 1631 2587 confirmanda
1672 2531 1802 2587 est?
1832 2531 2043 2604 Utique

388 2619 620 2693 spiritu.
636 2618 890 2693 Spiritus
905 2619 1059 2675 enim
1076 2624 1409 2692 promptus,
1425 2636 1558 2677 caro
1573 2624 1772 2676 autem
1784 2619 2040 2676 infirma.

392 2707 502 2775 Qui
530 2708 654 2763 vult
680 2707 889 2764 fortior
920 2707 1063 2780 fieri,
1091 2725 1207 2765 non
1241 2708 1413 2764 debet
1444 2708 1557 2764 nisi
1591 2708 1651 2764 in
1671 2708 1891 2781 Spiritu
1912 2725 2046 2764 con-

391 2797 613 2855 fortari.
648 2796 819 2853 Multi
853 2797 1260 2854 contortantur
1280 2812 1473 2869 carne,
1507 2814 1747 2871 corpore
1768 2799 2045 2854 roboran-

392 2890 530 2955 tur;
557 2883 779 2943 athleta
810 2889 1007 2943 autem
1038 2886 1139 2941 Dei
1177 2885 1385 2959 spiritu
1436 2886 1802 2942 roborandus
1849 2890 1958 2953 est,
1991 2889 2049 2942 et

396 2990 533 3033 cum
551 2974 639 3033 sic
660 2974 835 3032 fuerit
858 2976 1241 3039 confortatus,
1264 2975 1616 3047 sapientiam
1637 2976 1829 3032 carnis
1850 2975 2045 3043 elidet,

396 3068 457 3119 et
485 3062 767 3133 spiritalis
798 3063 1061 3133 effectus,
1095 3064 1307 3119 subdet
1334 3080 1547 3136 corpus
1573 3064 1757 3119 animi
1778 3064 2045 3136 imperio.

401 3151 530 3210 Non
561 3156 837 3224 putemus
868 3168 1004 3225 ergo
1028 3152 1359 3224 simplicem
1391 3155 1464 3208 de
1492 3153 1718 3210 Joanne
1738 3153 2047 3209 historiam

2138 569 2207 624 de
2235 570 2551 643 Scripturis
2582 571 2805 628 ratione
2833 576 3184 628 commotus.
3232 573 3291 630 Si
3323 574 3480 630 enim
3503 577 3693 648 major
3722 576 3781 633 in

2136 658 2291 715 natis
2325 659 2634 716 mulierum
2668 661 2892 717 Joanne
2923 660 3185 733 Baptista
3210 661 3320 717 fuit
3365 679 3557 733 nemo,
3601 665 3785 739 Moysi

2138 751 2333 804 autem
2366 749 2666 821 respondit
2695 754 2867 817 Deus,
2918 739 3345 822 consequenter
3398 754 3702 824 respondit
3729 758 3787 812 et

2136 836 2348 892 Joanni
2380 837 2481 909 qui
2512 839 2701 909 major
2730 839 2923 911 Moyse
2955 838 3086 907 fuit,
3138 840 3236 911 qui
3289 843 3377 895 est
3424 841 3685 899 nutritus
3724 844 3784 900 in

2136 940 2352 993 eremo,
2384 925 2554 996 cujus
2586 926 2947 983 nativitatem
2979 927 3134 984 idem
3184 928 3572 1003 archangelus
3603 930 3703 1003 qui
3733 936 3790 988 et

2137 1013 2369 1070 Domini
2403 1014 2714 1083 nuntiavit,
2747 1016 2917 1087 cujus
2948 1020 3112 1088 pater
3140 1017 3242 1089 qui
3292 1034 3427 1074 eum
3477 1019 3638 1075 nasci
3671 1037 3787 1078 non

2138 1104 2427 1170 credebat,
2460 1103 2777 1160 obmutuit.
2812 1109 2943 1159 Erat
2972 1104 3153 1177 igitur
3172 1106 3231 1161 in
3251 1107 3481 1163 deserto
3502 1107 3782 1179 Joannes,

2138 1198 2196 1249 et
2225 1193 2595 1249 nutriebatur
2623 1210 2768 1249 novo
2827 1199 2884 1248 et
2938 1198 3101 1250 extra
3156 1194 3478 1252 humanam
3511 1202 3782 1256 naturam

2139 1283 2335 1349 modo,
2359 1283 2417 1337 id
2444 1283 2639 1355 ipsum
2656 1282 2927 1338 Mattheo
2973 1288 3369 1341 memorante:
3404 1286 3568 1343 Cibus
3594 1293 3784 1343 autem

2138 1374 2254 1443 ejus
2294 1380 2453 1427 erant
2498 1372 2721 1429 locusta
2752 1376 2801 1429 et
2830 1373 2938 1428 mel
2968 1374 3216 1429 silvestre
3235 1374 3275 1429 ³.
3305 1374 3452 1439 Quia
3481 1377 3637 1433 enim
3669 1377 3783 1432 mi-

2140 1461 2325 1517 nister
2353 1461 2464 1516 fuit
2494 1460 2665 1533 primi
2698 1460 3014 1518 Salvatoris
3074 1462 3381 1531 adventus,
3437 1468 3495 1519 et
3532 1469 3791 1521 tantum-

2143 1550 2315 1606 modo
2337 1551 2409 1605 de
2430 1550 2864 1623 dispensatione
2876 1551 3069 1607 carnis
3084 1551 3394 1608 Dominicaa
3409 1552 3785 1626 loquebatur,

2142 1656 2209 1697 ac
2240 1632 2545 1712 prophetia
2567 1639 2727 1695 illius
2747 1656 2879 1695 eum
2902 1640 3003 1712 qui
3024 1645 3197 1697 natus
3222 1641 3414 1697 fuerat
3437 1659 3505 1698 ex
3525 1642 3789 1716 Virgine,

2144 1727 2519 1800 praecinebat,
2543 1745 2655 1784 non
2674 1728 2881 1784 habuit
2901 1730 3289 1785 domesticum
3314 1729 3427 1786 mel
3453 1734 3511 1786 et
3529 1731 3792 1788 humana

2145 1817 2448 1891 diligentia
2476 1819 2856 1891 percolatum,
2891 1819 2990 1874 sed
3023 1818 3287 1875 silvestre
3320 1819 3459 1887 me],
3481 1825 3537 1876 et
3557 1820 3791 1878 volucre

2148 1924 2263 1963 non
2281 1908 2521 1979 grande,
2555 1924 2670 1963 non
2702 1908 2762 1961 in
2792 1906 3044 1963 sublime
3075 1924 3136 1963 se
3167 1907 3419 1979 elevans,
3452 1925 3655 1966 verum
3694 1927 3795 1967 vo-

2146 1996 2307 2052 lucre
2338 2012 2602 2068 parvum,
2626 2000 2683 2051 et
2711 1997 2806 2051 vix
2836 2013 2869 2051 a
2897 1999 3052 2052 terra
3082 2012 3463 2068 consurgens,
3496 2004 3553 2053 et
3576 1999 3795 2056 saliens

2147 2085 2345 2158 potius
2378 2100 2557 2156 quam
2586 2084 2810 2140 volans.
2845 2083 2990 2147 Quid
3050 2084 3264 2157 plura?
3313 2086 3797 2144 manifestissime

2148 2174 2361 2230 dicitur
2385 2175 2540 2245 quod
2572 2172 2809 2229 locustae
2840 2173 3058 2229 fuerint
3087 2174 3253 2230 cibus
3283 2175 3433 2246 ejus,
3486 2177 3796 2249 parvulum

2149 2263 2367 2320 animal
2399 2266 2455 2318 et
2487 2263 2797 2318 mundum.
2831 2262 3202 2321 Considerate
3232 2280 3390 2337 ergo,
3420 2265 3628 2322 fratres
3657 2266 3793 2321 cha-

2148 2352 2390 2424 rissimi,
2424 2353 2577 2424 quod
2612 2352 2713 2424 qui
2738 2368 2883 2408 nove
2913 2358 3087 2408 natus
3119 2355 3325 2421 fuerat,
3359 2370 3502 2409 nove
3534 2355 3793 2411 nutritus

2150 2446 2258 2498 est.
2284 2442 2419 2497 Post
2441 2458 2567 2514 qua;
2591 2441 2889 2513 Scriptura
2920 2442 3158 2513 subjicit
3181 2460 3193 2497 :
3216 2444 3445 2498 Factum
3493 2452 3571 2499 est
3601 2449 3797 2501 autem

2150 2535 2209 2586 in
2240 2531 2426 2587 diebus
2456 2531 2588 2599 illis,
2613 2532 2788 2585 exivit
2833 2530 3070 2586 edictum
3100 2548 3135 2586 a
3167 2532 3389 2589 Cwsare
3444 2532 3707 2605 Augusto,
3739 2539 3800 2587 ut

2150 2620 2552 2677 describeretur
2579 2622 2756 2676 omnis
2786 2621 2950 2676 orbis.
2988 2625 3122 2677 Ha’c
3147 2623 3258 2691 fuit
3302 2621 3591 2692 descriptio
3616 2624 3801 2694 prima

2150 2727 2185 2765 a
2216 2710 2443 2780 preside
2473 2710 2648 2780 Syria
2679 2708 2935 2780 Cyrino‘.
2970 2710 3134 2766 Dicat
3182 2709 3435 2781 aliquis:
3472 2710 3515 2766 Ο
3547 2727 3802 2784 evange-

2152 2797 2264 2854 lica
2294 2797 2584 2854 narratio!
2622 2798 2909 2862 Quoniam
2942 2798 3139 2870 prima
3187 2798 3499 2869 descriptio
3540 2798 3798 2854 universi

2154 2887 2313 2943 orbis
2344 2887 2452 2944 sub
2484 2890 2705 2943 Caesare
2735 2889 2998 2959 Augusto
3032 2886 3228 2953 fuerit,
3287 2890 3344 2942 et
3397 2886 3549 2942 inter
3598 2902 3803 2943 omnes

2154 2975 2329 3031 etiam
2360 2976 2577 3047 Joseph
2594 2992 2730 3031 cum
2752 2975 2933 3031 Maria
2950 2976 3302 3047 desponsata
3322 2974 3435 3031 sibi
3456 2978 3632 3046 atque
3660 2992 3805 3045 prae-

2154 3069 2372 3137 gnante
2403 3080 2614 3120 nomen
2646 3062 2906 3119 retulerit
2934 3062 2993 3117 in
3024 3078 3287 3128 censum,
3346 3079 3412 3118 ac
3453 3063 3801 3135 priusquam

2155 3153 2468 3224 descriptio
2500 3150 2909 3224 compleretur,
2944 3156 3107 3207 ortus
3138 3149 3312 3206 fuerit
3340 3151 3535 3221 Jesus,
3562 3152 3806 3224 diligen-

400 3257 532 3299 esse
560 3242 977 3315 conscriptam,
1008 3246 1067 3298 et
1095 3258 1223 3315 quae
1256 3240 1403 3297 nihil
1436 3242 1507 3298 ad
1530 3258 1637 3297 nos
1656 3242 1963 3314 pertineat,
1988 3241 2047 3297 in
2079 3226 2122 3293 C
2159 3242 2280 3297 tius
2310 3241 2562 3297 intuenti
2593 3244 3025 3297 sacramentum
3045 3240 3343 3311 quoddam
3368 3240 3600 3296 videtur
3621 3240 3802 3313 signi-

399 3346 469 3389 co
498 3330 655 3403 quod
686 3330 927 3399 dicitur,
973 3331 1245 3387 crescebat
1283 3336 1339 3386 et
1366 3332 1779 3402 con/artabatur
1805 3332 2046 3404 spiritu:

399 3420 505 3477 sed
534 3420 609 3476 ad
637 3418 1031 3476 imitationem
1050 3425 1337 3487 nostram,
1352 3424 1418 3475 ut
1433 3419 1807 3492 multiplicati
1822 3420 2050 3493 spirita-

396 3507 533 3566 liter
556 3510 725 3581 juxta
754 3525 887 3565 eum
921 3525 1096 3581 quem
1126 3508 1382 3564 diximus
1403 3525 1666 3578 sensum,
1692 3509 2053 3566 incrementa

398 3598 725 3671 capiamus.
770 3602 841 3655 Et
871 3602 990 3654 erat
1019 3600 1080 3653 in
1124 3599 1350 3655 desertis
1393 3614 1564 3670 usque
1588 3598 1658 3654 ad
1703 3598 1846 3655 diem
1874 3606 2050 3654 osten-

398 3688 574 3743 sionis
608 3701 731 3745 suae
757 3685 828 3742 ad
854 3687 1048 3744 Israel.
1081 3688 1234 3743 Dixit
1264 3688 1375 3760 (31)
1407 3704 1593 3759 nuper
1621 3689 1775 3759 quod
1806 3692 1863 3742 et
1909 3703 2050 3743 con-

398 3781 610 3850 ceptus
636 3777 896 3833 Joannes
919 3778 1277 3850 stupendum
1311 3776 1450 3849 quid
1482 3776 1776 3847 habuerit,
1818 3776 2052 3849 quando

400 3863 717 3921 exsultavit
744 3865 937 3921 infans
959 3866 1017 3920 in
1043 3870 1230 3932 utero,
1250 3869 1307 3921 et
1338 3882 1512 3921 suum
1544 3866 1795 3921 necdum
1818 3866 2053 3938 genitus

405 3953 722 4010 Dominum
747 3955 1078 4028 recognovit
1103 3973 1116 4011 :
1153 3960 1210 4011 et
1230 3955 1505 4011 nativitas
1529 3972 1644 4011 non
1665 3955 1856 4027 impar
1876 3954 2051 4010 mira-

402 4041 627 4115 culum,
660 4045 893 4115 quando
926 4045 998 4101 ad
1031 4060 1166 4101 eum
1197 4044 1357 4100 velut
1404 4044 1739 4101 audientem
1765 4043 2053 4100 Zachariae

397 4131 810 4206 prophetantis
829 4150 1021 4191 sermo
1050 4133 1428 4205 convertitur,
1450 4133 1684 4190 dicens:
1709 4135 1774 4189 Et
1790 4139 1873 4199 tu,
1893 4149 2051 4204 puer,

397 4220 672 4294 propheta
692 4222 966 4279 Altissimi
992 4223 1289 4283 vocaberis.
1348 4223 1531 4296 Digne
1587 4222 1767 4295 igitur
1820 4222 1919 4295 qui
1968 4222 2052 4278 sic

400 4313 721 4383 conceptus
753 4312 941 4368 fuerat
970 4316 1027 4367 et
1079 4317 1275 4377 natus,
1330 4328 1445 4368 non
1504 4310 1873 4383 exspectavit,
1925 4315 2055 4366 uta

400 4404 568 4472 patre
589 4400 918 4456 nutriretur
938 4416 1125 4473 usque
1153 4402 1223 4457 sd
1253 4401 1409 4457 diem
1442 4400 1795 4457 ostensionis
1834 4417 1952 4456 suae
1980 4400 2053 4455 ad

400 4486 607 4557 Israel,
638 4488 740 4545 sed
772 4489 1029 4557 recessit,
1054 4490 1285 4563 fugiens
1309 4489 1633 4545 tumultum
1666 4489 1924 4561 urbium,
1958 4505 2053 4561 po-

2158 3331 2351 3398 ﬁcare,
2387 3331 2541 3402 quod
2572 3330 2631 3385 in
2683 3331 2863 3385 totius
2917 3329 3076 3385 orbis
3131 3328 3490 3401 professione
3547 3329 3802 3385 describi

2158 3420 2479 3493 oportuerit
2507 3424 2560 3475 et
2594 3418 2911 3485 Christum,
2944 3425 3009 3473 ut
3038 3434 3173 3474 cum
3231 3417 3507 3473 omnibus
3546 3418 3804 3490 scriptus

2160 3510 2553 3566 sanctiﬁcaret
2571 3524 2799 3575 omnes,
2816 3512 2873 3563 et
2894 3524 3029 3562 cum
3050 3508 3190 3562 orbe
3210 3504 3429 3563 relatus
3450 3506 3508 3562 in
3533 3522 3803 3572 censum,

2161 3599 2635 3655 communionem
2668 3597 2759 3652 sui
2794 3597 3075 3669 praeberet
3094 3596 3240 3661 orbi,
3274 3600 3339 3651 ut
3369 3599 3503 3668 post
3530 3595 3682 3651 hanc
3713 3596 3807 3651 deo

2162 3687 2560 3759 scriptionem,
2590 3685 2945 3741 describeret
2975 3701 3241 3757 quosque
3271 3700 3341 3740 ex
3362 3685 3500 3740 orbe
3525 3701 3724 3741 secum
3745 3684 3803 3745 in

2159 3774 2309 3832 libro
2340 3776 2657 3831 viventium
2692 3793 2705 3830 :
2740 3779 2804 3830 ut
2833 3774 3171 3847 quicunque
3210 3772 3599 3830 credidissent
3628 3774 3687 3829 in
3720 3790 3807 3845 eo,

2162 3870 2364 3937 postea
2393 3881 2524 3920 cum
2558 3865 2780 3921 sanctis
2802 3863 2959 3919 illius
2991 3864 3390 3919 scriberentur
3421 3863 3476 3917 in
3503 3862 3685 3928 caelis,
3713 3863 3805 3917 oui

2162 3960 2252 4010 est
2276 3953 2459 4027 gloria
2481 3958 2536 4009 et
2562 3952 2875 4025 imperium
2898 3952 2956 4006 in
2972 3950 3185 4007 saecula
3207 3951 3574 4006 saeculorum.
3597 3952 3804 4006 Amen.

2590 4059 2884 4118 279-80
2926 4059 3222 4115 HOMILIA
3258 4057 3379 4113 XII.

2161 4152 2234 4207 De
2263 4168 2323 4207 eo
2367 4151 2507 4221 quod
2553 4153 2821 4221 scriptum
2865 4157 2965 4219 est,
3000 4147 3275 4220 angelum
3309 4146 3531 4221 periisse
3560 4146 3627 4202 de
3653 4146 3809 4216 caelo,

2232 4232 2286 4279 et
2320 4218 2503 4279 ortum
2527 4218 2683 4279 Domi
2698 4224 2760 4276 ni
2790 4218 3091 4275 nuntiasse
3109 4218 3440 4290 pastoribus.
3491 4218 3605 4291 Cap
3639 4236 3699 4274 II.

2233 4312 2413 4373 Natus
2425 4315 2517 4366 est
2535 4309 2819 4366 Dominus
2844 4325 3011 4363 meus
3031 4310 3055 4363 .I
3066 4324 3224 4378 esus,
3245 4311 3300 4363 et
3316 4306 3564 4380 angelus
3575 4308 3813 4364 descen-

2162 4400 2248 4456 dit
2278 4402 2347 4455 de
2377 4400 2519 4455 coelo
2551 4397 2910 4455 annuntians
2934 4397 3297 4453 nativitatem
3321 4398 3469 4469 ejus.
3492 4396 3813 4455 Videamus

2162 4490 2358 4562 itaque
2379 4505 2552 4561 quem
2579 4486 2893 4561 quaesierit,
2918 4491 2984 4542 ut
3002 4488 3130 4560 ejus
3154 4488 3451 4543 nuntiaret
3470 4487 3810 4543 adventum.

398 4576 528 4649 puli
561 4578 973 4651 frequentiam,
1004 4579 1278 4636 viciniam
1316 4579 1641 4647 civitatum,
1701 4584 1759 4635 et
1816 4578 1960 4635 abiit
1992 4579 2051 4634 in
2084 4596 2132 4662 Β
2162 4578 2287 4635 Non
2318 4578 2477 4634 venit
2529 4579 2976 4650 Jerosolymam,
3011 4594 3126 4632 non
3180 4575 3449 4649 quasivit
3475 4574 3709 4630 Scribas
3755 4577 3815 4629 et

399 4665 655 4734 deserta,
687 4666 789 4722 ubi
822 4667 1023 4740 purior
1053 4684 1152 4724 aer
1180 4671 1306 4725 erat
1336 4672 1391 4724 et
1421 4669 1633 4723 ccelum
1684 4668 1965 4740 apertius,
1997 4672 2054 4723 et

397 4753 751 4817 familiarior
772 4755 953 4824 Deus,
1010 4761 1075 4813 ut
1129 4757 1268 4829 quia
1323 4757 1573 4814 necdum
1616 4760 2053 4814 sacramentum

398 4842 708 4915 baptismi,
743 4862 849 4902 nec
881 4845 1310 4918 praedicationis
1340 4850 1575 4919 tempus
1604 4846 1934 4915 advenerat,
1956 4862 2053 4902 va-

398 4936 567 4993 caret
594 4933 988 5007 orationibus,
1040 4938 1098 4991 et
1143 4952 1278 4991 cum
1329 4935 1553 5008 angelis
1591 4938 2052 5005 conversaretur,

400 5021 847 5096 appellaretque
878 5023 1220 5093 Dominum,
1252 5028 1311 5080 et
1338 5024 1505 5081 illum
1537 5025 1767 5081 audiret
1809 5041 2055 5096 respon-

400 5108 642 5167 dentem
676 5116 849 5184 atque
879 5112 1202 5169 dicentem:
1262 5114 1392 5169 Ecce
1440 5114 1649 5170 adsum.
1705 5114 1868 5170 Sicut
1896 5114 2054 5170 enim

402 5202 630 5273 Moyses
659 5200 1032 5273 loquebatur,
1062 5209 1120 5258 et
1174 5202 1328 5259 Deus
1386 5204 1778 5274 respondebat
1837 5203 1889 5257 ei
1922 5219 1934 5256 :
1969 5202 2055 5258 sic

400 5294 545 5362 puto
577 5291 735 5363 quod
767 5289 1027 5347 Joannes
1083 5290 1313 5348 locutus
1370 5291 1545 5347 fuerit
1601 5292 1661 5346 in
1716 5292 1967 5359 deserto,
1999 5296 2059 5347 et

2164 4667 2505 4738 Pharisaeos,
2535 4684 2650 4723 non
2696 4682 3055 4739 synagogam
3118 4665 3423 4738 ingressus
3466 4666 3557 4718 est
3585 4662 3816 4719 Judan-

2162 4775 2315 4826 rum,
2350 4758 2450 4813 sed
2474 4762 2739 4829 pastores
2763 4756 2979 4827 reperit
2997 4771 3174 4825 super
3191 4769 3399 4826 greges
3421 4768 3559 4808 suos
3580 4750 3811 4823 vigilias

2163 4846 2536 4918 excubantes,
2560 4846 2762 4918 eisque
2791 4844 3055 4916 loquitur
3084 4861 3097 4900 :
3121 4845 3298 4898 Natus
3327 4844 3405 4897 est
3433 4840 3590 4897 hodie
3619 4839 3809 4896 Satva-

2165 4946 2266 5001 tor,
2290 4937 2387 5009 qui
2415 4945 2496 4992 est
2525 4936 2768 4991 Christus
2824 4934 3107 4990 Dominus.
3162 4930 3416 4987 Putasne
3473 4929 3620 4985 nihil
3652 4928 3811 4985 aliud

2165 5026 2398 5081 divinus
2426 5024 2857 5096 Scripturarum
2890 5036 3083 5077 sermo
3110 5018 3423 5091 signiﬁcat,
3459 5019 3559 5075 sed
3582 5022 3813 5074 tantum

2164 5113 2274 5169 hoc
2296 5114 2449 5185 quod
2475 5114 2543 5167 ad
2571 5115 2835 5183 pastores
2853 5109 3074 5165 venerit
3098 5107 3343 5182 angelus
3366 5113 3423 5164 et
3470 5107 3555 5163 eis
3579 5106 3814 5163 locutus

2166 5203 2242 5258 sit
2261 5203 2287 5256 ?
2318 5201 2547 5266 Audite,
2585 5204 2849 5272 pastores
2907 5196 3321 5265 Ecclesiarum,
3375 5200 3642 5269 pastores
3692 5194 3814 5259 Dei,

2166 5290 2323 5363 quod
2354 5305 2586 5361 semper
2639 5285 2883 5360 angelus
2941 5287 3070 5359 ejus
3125 5285 3442 5344 descendat
3494 5302 3526 5342 e
3565 5282 3728 5353 ccalo,
3755 5286 3814 5340 et

472 5468 521 5505 ’°
550 5468 755 5541 Matth,
784 5486 863 5539 v1,
891 5469 984 5528 27.
1020 5472 1039 5507 ¹
1072 5470 1215 5528 Gen.
1247 5487 1401 5542 xxvr,
1437 5471 1524 5527 13.
1558 5470 1580 5504 ²
1609 5469 1772 5525 Matt.
1804 5486 1957 5537 xxvr,
1983 5470 2043 5525 41

2153 5469 2357 5528 Matth.
2391 5485 2476 5536 III,
2508 5468 2560 5523 4.
2596 5469 2619 5503 δ
2650 5469 2780 5523 Luc.
2816 5483 2876 5537 ιι,
2910 5468 2963 5536 1,
3000 5467 3054 5523 2.

471 5680 589 5761 (31)
609 5681 921 5746 Maluerim
940 5680 1001 5743 in
1027 5687 1182 5744 recto
1370 5678 1608 5743 Leviora
1635 5678 1907 5757 quaedam
1938 5679 2059 5745 alia
2087 5677 2252 5743 taciti
2283 5675 2670 5753 castigamus.
