4058 6190
304 403 422 471 259

303 631 487 695 vator,
522 624 620 697 qui
649 628 738 680 est
767 623 1033 679 Christus
1064 624 1368 679 Dominus.
1422 624 1650 680 Etenim
1690 631 1951 697 pastores

305 714 720 782 Ecclesiarum,
754 712 866 769 nisi
901 712 994 768 ille
1025 718 1228 784 pastor
1256 713 1501 780 venerit,
1565 730 1667 785 per
1715 731 1776 770 se
1805 715 1951 771 bene

304 819 540 878 gregem
572 818 802 858 servare
833 817 948 857 non
979 806 1276 874 poterunt,
1308 802 1544 857 infirma
1603 807 1691 858 est
1746 819 1949 858 eorum

305 893 590 959 custodia,
623 891 737 946 nisi
769 890 1034 947 Christus
1065 908 1198 946 cum
1228 890 1311 946 eis
1343 892 1564 962 paverit
1610 896 1783 962 atque
1827 908 1946 947 ser-

302 981 538 1037 vaverit.
572 981 805 1036 Dudum
863 979 923 1035 in
982 979 1256 1050 Apostolo
1308 979 1523 1036 lectum
1549 980 1590 1044 ⁵,
1653 980 1753 1035 Dei
1813 996 1944 1036 coo-

304 1073 600 1144 peratores
631 1085 857 1125 sumus.
884 1069 1087 1124 Pastor
1115 1068 1325 1135 bonus,
1351 1069 1452 1140 qui
1473 1069 1738 1124 imitatur
1754 1073 1945 1141 pasto-

290 1175 413 1215 rem
445 1160 668 1215 bonum
691 1159 731 1224 ⁵,
787 1162 1126 1229 cooperator
1183 1162 1272 1213 est
1328 1157 1429 1213 Dei
1487 1162 1544 1213 et
1601 1157 1839 1214 Christi.
1875 1158 1942 1214 Et

293 1252 596 1320 propterea
624 1251 824 1320 pastor
852 1246 1043 1302 bonus
1091 1251 1201 1313 est,
1252 1247 1355 1318 qui
1397 1246 1573 1302 habet
1609 1263 1807 1302 secum
1840 1263 1942 1319 pa-

290 1341 506 1394 storem
539 1337 830 1407 optimum
861 1339 1326 1407 compascentem
1361 1335 1493 1390 sibi.
1550 1336 1754 1392 Posuit
1783 1337 1938 1392 enim

281 1426 436 1483 Deus
456 1425 516 1482 in
540 1424 796 1482 Ecclesia
815 1424 1128 1496 apostolos,
1154 1424 1487 1496 pr0phetas,
1516 1424 1934 1498 evangelistas,

284 1520 570 1588 pastores,
606 1515 888 1582 doctores,
923 1514 1122 1570 omnia
1180 1513 1240 1568 in
1299 1513 1654 1584 perfectione
1702 1519 1934 1570 sancto-

288 1620 420 1660 rum
446 1605 486 1659 ⁸.
503 1603 702 1659 Ethaac
717 1602 952 1674 quidem
968 1601 1272 1657 suntdicta
1284 1601 1632 1673 simplicius.
1650 1602 1934 1659 Caeterum

289 1694 338 1748 si
370 1694 442 1748 ad
466 1693 837 1748 sacratiorem
861 1695 1089 1763 oportet
1119 1691 1431 1746 ascendere
1463 1691 1933 1764 intelligentiam,

287 1781 481 1838 dicam
500 1780 787 1852 quosdam
813 1780 993 1835 fuisse
1016 1784 1280 1852 pastores
1301 1779 1539 1852 angelos
1562 1780 1662 1852 qui
1698 1797 1790 1836 res
1821 1779 1929 1835 hu-

1564 403 1631 464 S.
1676 400 1990 467 EUSEBII
2033 398 2476 466 HIERONYMI

307 535 614 595 annuntiat
641 533 805 592 vobis
836 533 1112 607 quoniam
1145 536 1319 590 natus
1341 537 1428 591 est
1446 534 1612 590 vobis
1634 535 1807 591 hodie
1830 534 1950 591 Sal-
1977 543 2029 609 Α
2062 534 2373 607 provinciis
2405 533 2890 608 cognoscendum.
2925 535 3075 588 Ante
3123 528 3440 587 adventum
3472 533 3706 590 Domini
3806 523 3818 533 ”

3591 393 3714 464 260

2061 623 2392 691 Salvatoris,
2425 623 2521 678 isti
2553 623 2744 696 angeli
2775 638 2984 694 parum
3016 626 3284 694 poterant
3321 621 3561 677 creditis
3593 623 3708 679 sibi

2062 712 2332 768 utilitatis
2391 712 2613 778 afferre,
2673 716 2730 767 et
2785 717 3030 767 conatus
3104 727 3306 766 eorum
3364 711 3532 782 sequi
3591 729 3709 769 non

2058 801 2288 858 valebat
2343 801 2601 857 eti‘ectus.
2677 800 3126 863 Quoddam.est
3204 799 3465 871 signum,
3527 817 3708 873 quam

2059 907 2266 962 parum
2301 891 2576 962 prodesse
2608 894 2873 961 poterant
2911 889 3211 960 subjectis.
3245 887 3530 945 Ausculta
3550 892 3709 962 quod

2057 979 2347 1035 dicimus:
2383 979 2624 1045 Quando
2681 976 2926 1048 angelus
2975 977 3374 1050 lEgyptiorum
3406 979 3709 1052 Egyptios

2055 1068 2389 1138 abjuvabat,
2423 1067 2516 1122 vix
2549 1084 2702 1123 unus
2734 1067 3062 1140 proselytus
3095 1067 3372 1123 credebat
3404 1067 3464 1124 in
3498 1069 3703 1142 Deum,

2055 1156 2239 1212 ethoc
2255 1158 2450 1221 fiebat,
2477 1157 2768 1229 /Egyptios
2793 1155 3000 1229 angelo
3023 1156 3420 1228 dispensante.
3443 1156 3706 1229 Denique

2054 1245 2192 1317 quia
2222 1244 2487 1317 plerique
2517 1245 2589 1300 de
2617 1245 2903 1317 Egyptiis
2933 1250 2989 1301 et
3019 1245 3289 1300 Idumeis
3311 1243 3588 1318 proselyti
3611 1262 3703 1302 ac-

2052 1333 2348 1405 cipiebant
2369 1333 2543 1390 ﬁdem
2575 1334 2812 1403 Christi,
2848 1338 3152 1406 propterea
3181 1333 3482 1406 Scriptura
3511 1334 3652 1391 dicit
3683 1353 3698 1392 :

2049 1425 2174 1477 Non
2205 1423 2608 1478 abommaberis
2637 1425 2983 1495 ﬁgyptium,
3009 1425 3268 1496 quoniam
3291 1422 3520 1480 advenae
3533 1425 3702 1480 eratis

2048 1513 2111 1566 in
2141 1515 2290 1568 terra
2318 1514 2563 1584 zEgypti,
2593 1516 2645 1567 et
2673 1512 2994 1578 Idumaeum,
3028 1513 3160 1582 quia
3213 1512 3389 1582 frater
3448 1515 3574 1567 tuus
3595 1521 3692 1569 est.

2045 1600 2182 1655 Filii
2208 1602 2259 1655 si
2286 1604 2407 1655 nali
2439 1602 2659 1670 fuerint
2687 1603 2783 1668 eis,
2815 1602 2877 1656 in
2929 1602 3282 1672 generatione
3318 1603 3489 1656 tertia
3518 1603 3699 1658 intra-

2046 1688 2176 1744 bunt
2204 1691 2264 1744 in
2317 1690 2608 1746 Ecclesium
2663 1691 2766 1746 Dei
2809 1690 2850 1745 ⁸.
2885 1691 3072 1760 Atque
3130 1690 3212 1746 ita
3262 1689 3458 1758 ﬂebat,
3520 1694 3587 1746 ut
3616 1691 3690 1748 de

2042 1778 2318 1834 omnibus
2349 1779 2621 1851 gentibus
2654 1777 2920 1834 nonnulli
2952 1777 3222 1850 proselyti
3255 1779 3549 1844 fierent,et
3578 1778 3689 1836 hoc

290 1885 496 1925 manas
519 1872 799 1941 regerent.
824 1867 893 1923 Et
914 1883 1048 1922 cum
1080 1867 1290 1922 horum
1323 1868 1734 1940 unusquisque
1757 1885 1926 1924 suam
1959 1913 2007 1978 B
2037 1865 2230 1937 ipsum
2251 1867 2494 1940 angelis,
2519 1868 2619 1940 qui
2642 1872 2845 1939 gentes
2867 1867 3161 1922 habebant
3177 1865 3463 1934 subditas,
3513 1867 3684 1924 adni-

290 1959 602 1978 ___-A_.I:__._
646 1961 1002 1978 -_-_-__--___L
1065 1961 1111 1978 ,ι
1147 1957 1347 1978 Δι-ι----
1383 1973 1441 1978 _-
1485 1958 1752 1978 _._-L:L-__
1784 1956 1894 1978 --ΞΔ
2037 1956 2298 1978 ι-..ι;ι.---
2357 1955 2519 1978 λη---
2553 1960 2743 1978 --_L-__
2781 1955 2978 1978 ___--I:
3017 1955 3372 1978 -..-.ι--ι;---.
3402 1957 3684 1978 _---.I_-_L

283 1959 609 2014 custodiam
639 1961 1027 2024 conservaret,
1059 1961 1115 2012 et
1143 1957 1349 2012 diebus
1379 1973 1444 2012 ac
1485 1958 1754 2012 noctibus
1784 1956 1925 2030 vigi-
1959 1955 2007 1978 υ
2037 1956 2320 2011 tentibus.
2357 1955 2522 2011 Nunc
2551 1960 2748 2012 autem
2781 1955 2980 2027 populi
3011 1955 3378 2011 credentium
3402 1957 3690 2014 accedunt

283 2046 413 2102 lans
435 2049 561 2118 jam
593 2046 850 2102 laborem
883 2047 1030 2101 ferre
1062 2062 1176 2100 non
1225 2051 1442 2116 posset,
1489 2050 1546 2101 et
1593 2045 1701 2101 hoc
1732 2049 1930 2118 ageret

277 2136 588 2204 industrie,
621 2141 686 2190 ut
729 2140 930 2208 gentes
983 2153 1110 2206 quae
1140 2136 1249 2192 sibi
1281 2137 1510 2191 creditae
1546 2138 1793 2207 fuerant,
1826 2153 1927 2209 gu-

283 2225 576 2293 bernaret,
608 2225 839 2279 venisse
868 2225 1142 2296 angelum
1176 2231 1310 2281 nato
1334 2225 1600 2292 Domino,
1623 2231 1680 2281 et
1696 2242 1924 2280 annun-

282 2313 463 2370 tiasse
494 2313 848 2386 pastoribus,
880 2313 1034 2383 quod
1061 2330 1230 2368 verus
1262 2319 1418 2369 esset
1438 2319 1639 2385 pastor
1667 2317 1923 2370 exortus.

279 2403 454 2459 Verbi
477 2403 684 2476 gratia,
709 2407 773 2456 ut
793 2402 866 2457 ad
886 2401 1217 2472 exemplum
1243 2403 1492 2470 veniam,
1529 2407 1653 2458 erat
1685 2403 1926 2473 quidam

278 2495 480 2564 pastor
511 2491 882 2558 Macedoniae,
915 2489 1008 2545 hic
1040 2492 1440 2547 necessarium
1472 2491 1724 2547 habebat
1755 2490 1922 2546 auxi-

277 2578 424 2635 lium
455 2579 722 2635 Domini:
783 2583 1088 2650 propterea
1143 2579 1415 2651 apparuit
1463 2579 1522 2634 in
1584 2579 1809 2635 somnis
1839 2579 1925 2634 vir

278 2666 515 2722 Macedo
544 2665 745 2734 Paulo,
777 2664 1014 2721 dicens:
1077 2667 1367 2722 Transiens
1423 2669 1486 2723 in
1535 2667 1922 2734 Macedoniam,

281 2755 450 2826 ajuva
476 2771 575 2810 nos
596 2755 635 2810 7.
666 2753 813 2818 Quid
847 2754 917 2809 de
948 2754 1127 2810 Paulo
1172 2753 1425 2826 loquar?
1473 2773 1605 2811 cum
1656 2757 1776 2813 haec
1807 2773 1922 2812 non

278 2843 481 2910 Paulo,
513 2843 615 2899 sed
641 2843 743 2913 qui
773 2842 834 2898 in
864 2841 1045 2898 Paulo
1099 2847 1242 2910 erat,
1303 2842 1536 2899 locutus
1593 2843 1672 2899 sit
1706 2847 1874 2900 Jesus
1896 2843 1924 2900 ?

277 2933 542 3006 Indigent
573 2932 769 3002 itaque
797 2937 1061 3004 pastores
1091 2934 1401 3004 praesentia
1429 2931 1667 2988 Christi.
1709 2934 1921 2997 Quam-

272 3022 473 3079 obrem
505 3022 750 3094 angelus
781 3021 1082 3077 descendit
1136 3021 1207 3077 de
1267 3021 1429 3092 coelo,
1487 3026 1545 3078 et
1575 3023 1694 3078 ait:
1744 3023 1922 3078 Nolite

270 3114 482 3168 timere.
517 3113 648 3167 Ecce
673 3098 821 3166 enim
850 3112 1122 3166 annuntio
1151 3111 1302 3167 vobis
1323 3111 1590 3180 gaudium
1635 3127 1917 3184 magnum.

265 3200 416 3255 Vere
437 3199 716 3272 gaudium
738 3213 1043 3269 magnum,
1066 3199 1158 3254 his
1177 3200 1390 3272 quibus
1405 3199 1713 3256 hominum
1733 3201 1924 3257 fuerat

2041 2045 2112 2099 ad
2143 2044 2317 2100 ﬁdem
2348 2044 2506 2113 Jesu,
2540 2049 2597 2100 et
2652 2043 2845 2116 angeli
2906 2043 3122 2116 quibus
3181 2043 3410 2099 creditae
3469 2044 3692 2103 fuerint

2037 2133 2326 2200 Ecclesiae,
2357 2133 2606 2188 roborati
2637 2132 2948 2205 pressantis
2968 2131 3302 2198 Salvatoris,
3361 2133 3584 2189 multos
3614 2133 3690 2190 ad

2037 2222 2262 2276 ducunt
2292 2222 2634 2294 proselytos,
2665 2226 2728 2276 ut
2785 2226 3212 2294 congregentur
3267 2221 3325 2277 in
3354 2221 3515 2278 omni
3542 2221 3682 2278 orbe

2036 2310 2440 2366 conventicula
2496 2310 2986 2366 Christianorum.
3045 2311 3408 2382 Quapropter
3436 2327 3678 2367 consur-

2036 2403 2239 2470 gentes
2269 2399 2580 2454 laudemus
2611 2399 2948 2467 Dominum,
2985 2403 3041 2454 et
3070 2399 3284 2454 ﬁamus
3314 2416 3418 2471 pro
3458 2399 3680 2456 carnali

2036 2487 2236 2556 Israel,
2267 2487 2546 2560 spiritalis
2579 2488 2773 2545 Israel.
2830 2488 3250 2544 Benedicamus
3293 2488 3680 2560 omnipotenti

2034 2575 2152 2632 Deo
2176 2594 2365 2649 opere,
2383 2577 2751 2649 cogitatione,
2767 2592 3055 2648 sermone,
3079 2576 3138 2632 in
3159 2575 3388 2632 Christo
3408 2577 3678 2645 Jesu,cui

2034 2671 2124 2720 est
2143 2665 2327 2737 gloria
2351 2670 2408 2721 ct
2437 2667 2746 2738 imperium
2765 2667 2826 2722 in
2849 2665 3446 2723 saeculaszeculorum.
3469 2668 3679 2726 Amen.

2613 2781 2914 2836 HOMILIA
2951 2781 3096 2836 XIII.

2033 2873 2107 2927 De
2134 2887 2193 2926 eo
2223 2870 2363 2942 quod
2390 2873 2654 2942 scriptum
2703 2879 2818 2926 est:
2853 2891 2881 2920 «
2941 2871 3004 2925 Et
3049 2873 3210 2942 facta
3261 2877 3336 2926 est
3377 2871 3678 2928 multitudo

2101 2943 2373 2997 exercitus
2403 2943 2651 3006 caelestis,
2683 2964 2711 2992 »
2746 2958 2917 3013 usque
2945 2942 3014 2996 ad
3040 2958 3164 2998 eum
3194 2942 3373 2997 locum
3401 2944 3503 2998 ubi
3533 2945 3624 2999 ait
3656 2961 3678 3000 :

2103 3015 2485 3140 ἓιηυεηενιιηε
2505 3014 2736 3070 Mariam
2757 3016 2806 3069 ct
2818 3019 3009 3072 Jesum
3029 3015 3267 3085 positum
3286 3015 3348 3069 in
3362 3030 3625 3087 praesepe.
3645 3036 3674 3065 »

2147 3102 2240 3156 ap.
2278 3102 2338 3140 ιι.

2102 3200 2386 3256 Dominus
2417 3206 2614 3258 noster
2643 3205 2818 3273 atque
2848 3200 3111 3258 Salvator
3139 3201 3399 3258 nascitur
3418 3201 3477 3257 in
3499 3200 3672 3258 Beth-

263 3291 320 3344 et
353 3286 785 3360 provinciarum
818 3302 958 3341 cura
1003 3287 1312 3358 permissa,
1360 3288 1657 3344 Christum
1688 3290 1920 3345 venisse
1950 3276 1993 3342 C
2029 3288 2314 3360 lehem,et
2338 3290 2654 3346 multitudo
2669 3290 2919 3346 caelestis
2937 3290 3444 3347 exercituslaudat
3489 3291 3672 3347 Deum

269 3377 330 3432 in
363 3376 672 3432 mundum.
707 3375 954 3432 Multum
986 3375 1258 3430 utilitatis
1281 3377 1501 3447 accepit
1521 3377 1786 3450 angelus,
1811 3378 1912 3449 qui

267 3465 649 3537 dispensabat
675 3464 973 3536 Egyptias
1003 3478 1116 3529 res,
1144 3469 1456 3534 postquam
1489 3465 1774 3520 Dominus
1814 3467 1914 3522 de-

267 3553 495 3611 scendit
522 3568 552 3608 e
569 3551 733 3619 coelo,
752 3557 818 3606 ut
837 3552 1088 3624 [Egyptii
1110 3552 1423 3608 Christiani
1442 3553 1664 3609 fierent.
1692 3553 1914 3610 Profuit

261 3647 320 3698 et
378 3642 628 3708 cunctis,
689 3641 788 3712 qui
847 3641 1108 3697 diversas
1167 3642 1492 3714 provincias
1549 3642 1907 3698 obtinebant.

260 3729 434 3786 Verbi
457 3745 652 3798 causa,
705 3730 941 3801 praesidi
992 3731 1361 3803 Macedoniae,
1393 3731 1623 3803 praesidi
1661 3730 1906 3804 Achaiae,

263 3817 744 3890 reliquarumque
777 3818 1100 3890 regionum.
1136 3821 1333 3892 Neque
1362 3821 1518 3876 enim
1552 3823 1638 3876 fas
1669 3827 1759 3877 est
1788 3838 1908 3878 cre-

264 3908 400 3964 dere
431 3906 618 3964 malos
675 3907 914 3980 angelos
972 3911 1096 3964 suis
1158 3926 1407 3980 praeesse
1463 3910 1796 3982 provinciis,
1853 3915 1909 3968 et

264 3997 449 4054 bonos
467 4013 582 4054 non
599 3999 836 4053 easdem
854 3997 1180 4070 provincias
1193 3997 1407 4054 habere
1424 3999 1765 4070 permissas.
1795 4002 1908 4056 Hoc

263 4090 459 4142 autem
481 4086 638 4158 quod
669 4086 741 4141 de
771 4085 1018 4159 singulis
1040 4087 1354 4158 provinciis
1375 4087 1534 4154 dicit,
1560 4093 1698 4159 puto
1729 4089 1906 4144 etiam

257 4175 328 4232 de
348 4175 636 4233 universis
667 4174 1007 4232 hominibus
1039 4175 1393 4247 generaliter
1420 4177 1628 4232 debere
1651 4178 1902 4235 credere.

257 4263 584 4336 Unicuique
613 4266 728 4320 duo
761 4264 1048 4321 assistunt
1077 4265 1268 4338 angeli
1299 4267 1433 4339 (32),
1470 4265 1616 4322 alter
1637 4267 1902 4339 justitia,

260 4351 406 4409 alter
433 4351 782 4424 iniquitati.
845 4352 905 4407 Si
963 4354 1124 4409 bona:
1184 4355 1565 4428 cogitationes
1624 4356 1682 4410 in
1734 4358 1904 4412 corde

260 4446 460 4498 nostro
483 4440 716 4509 fuerint,
742 4446 799 4497 et
828 4441 886 4496 in
911 4443 1107 4499 animo
1131 4444 1368 4514 justitia
1397 4443 1719 4516 pullularit,
1745 4444 1900 4502 haud

261 4529 506 4586 dubium
539 4529 682 4603 quin
713 4531 881 4587 nobis
930 4531 1205 4604 loquatur
1251 4532 1494 4606 angelus
1547 4533 1801 4590 Domini.
1842 4535 1901 4591 Si

2023 3378 2272 3434 etdicit:
2301 3378 2483 3434 Gloria
2516 3381 2576 3434 in
2605 3381 2835 3436 excelsis
2865 3381 2990 3452 Deo,
3021 3384 3073 3436 et
3121 3396 3283 3452 super
3311 3389 3519 3436 terram
3550 3397 3669 3452 pax

2021 3466 2332 3522 hominibus
2356 3469 2505 3524 bona
2531 3469 2849 3525 voluntatis.
2876 3469 3006 3525 Haec
3020 3474 3215 3525 autem
3237 3469 3499 3542 loquitur
3520 3468 3669 3525 mul-

2020 3555 2208 3611 titudo
2227 3555 2480 3612 caelestis
2496 3558 2805 3626 exercitus,
2824 3558 2962 3630 quia
2965 3559 2988 3630 j
2999 3575 3092 3613 am
3109 3558 3398 3614 defecerat
3417 3558 3673 3630 praebere

2020 3642 2360 3700 hominibus
2390 3645 2694 3715 auxilium,
2729 3651 2786 3702 et
2815 3647 3048 3703 videbat
3083 3663 3146 3703 se
3175 3663 3322 3719 opus
3355 3646 3509 3718 quod
3556 3645 3671 3702 sibi

2021 3733 2309 3788 creditum
2342 3734 2549 3800 fuerat,
2578 3735 2822 3807 implere
2854 3752 2968 3791 non
2998 3751 3171 3808 posse
3203 3736 3424 3807 absque
3471 3751 3537 3791 eo
3569 3734 3672 3807 qui

2017 3836 2148 3876 vere
2178 3821 2402 3878 salvare
2433 3828 2678 3895 poterat,
2705 3828 2762 3880 et
2785 3823 3065 3896 praesules
3114 3840 3346 3896 quoque
3388 3823 3548 3897 ipsos
3569 3823 3669 3894 ju-

2016 3926 2170 3978 vare,
2233 3915 2296 3967 ut
2354 3912 2620 3968 homines
2678 3912 3062 3969 salvarentur.
3131 3913 3430 3980 Quomodo
3487 3913 3668 3985 igitur

2018 3999 2302 4071 scriptum
2334 4006 2423 4057 est
2451 4002 2509 4056 in
2561 4001 2873 4074 Evangelio
2899 4003 2940 4071 θ,
2995 4003 3151 4074 quod
3211 4003 3452 4074 quidam
3485 4001 3666 4057 remis

2017 4087 2312 4145 sulcantes
2334 4105 2494 4145 mare
2515 4091 2794 4146 adversus
2818 4091 3144 4147 contrarios
3161 4091 3500 4161 ventosjam
3522 4089 3664 4146 fessi

2015 4182 2200 4243 erant,
2232 4183 2289 4232 et
2318 4178 2522 4250 viginti
2579 4179 2860 4251 quinque,
2918 4179 3039 4236 sive
3082 4179 3326 4253 triginta
3373 4177 3548 4235 stadii
3578 4177 3662 4235 la-

2015 4267 2308 4338 borantes,
2338 4271 2573 4340 portum
2619 4272 2816 4324 tenere
2871 4285 2986 4324 non
3034 4272 3321 4341 poterant,
3375 4271 3432 4323 et
3461 4271 3668 4340 postea

2012 4356 2295 4412 Dominus
2317 4357 2669 4429 supervenit,
2701 4363 2758 4412 et
2786 4357 3084 4430 quiescere
3128 4357 3262 4413 fecit
3313 4357 3528 4414 ﬂuctus
3568 4361 3667 4412 tu-

2013 4453 2256 4513 mentes,
2281 4462 2607 4517 navemque
2629 4446 2799 4517 cujus
2825 4446 2959 4503 hinc
2983 4447 3118 4504 inde
3137 4445 3324 4502 latera
3341 4446 3668 4502 tundeban-

2012 4539 2125 4598 tur,
2157 4534 2228 4588 ab
2261 4533 2594 4590 imminenti
2617 4535 2956 4591 discrimine
2977 4535 3246 4592 liberavit
3267 4553 3280 4603 ;
3302 4535 3386 4591 sic
3406 4534 3666 4608 intelligo

256 4635 390 4713 vero
423 4619 578 4676 mala
607 4620 822 4676 fuerint
850 4621 910 4676 in
942 4626 1140 4677 nostro
1170 4622 1342 4678 corde
1367 4627 1615 4694 versata,
1643 4623 1903 4695 loquitur
1932 4648 1980 4713 Β
2011 4622 2287 4694 quoniam
2309 4627 2365 4678 et
2393 4622 2583 4696 angeli
2604 4623 2875 4680 volebant
2896 4624 3135 4697 quidem
3153 4623 3496 4681 hominibus
3513 4640 3660 4696 prie-

256 4707 424 4766 nobis
455 4708 698 4783 angelus
728 4709 965 4767 diaboli.
991 4711 1291 4776 Quomodo
1310 4711 1489 4782 igitur
1509 4728 1610 4783 per
1635 4711 1900 4784 singulos
1932 4707 1971 4713 ”
2012 4712 2147 4767 bere
2167 4712 2472 4784 auxilium,
2495 4714 2646 4768 eteis
2671 4716 2742 4769 ab
2765 4714 3242 4786 aegrotationibus
3265 4714 3389 4770 suis
3406 4714 3666 4770 tribuere

256 4797 525 4855 homines
550 4797 837 4856 281-82
856 4799 977 4854 bini
1001 4804 1139 4854 sunt
1159 4798 1370 4870 angeli,
1403 4799 1486 4854 sic
1518 4800 1723 4871 opinor
1754 4804 1810 4856 et
1840 4801 1897 4857 in

256 4885 507 4959 singulis
538 4887 805 4959 dispares
835 4903 963 4942 esse
994 4887 1330 4958 provinciis,
1364 4891 1430 4941 ut
1477 4888 1596 4943 sint
1645 4893 1702 4945 et
1742 4889 1899 4962 boni,

261 4975 381 5032 sint
401 4979 456 5030 et
479 4975 637 5030 mali.
663 4974 835 5032 Verbi
854 4974 1063 5047 gratia,
1095 4975 1155 5029 in
1185 4973 1408 5046 Epheso
1431 4981 1667 5047 propter
1682 4993 1780 5034 eos
1801 4978 1903 5050 qui

257 5063 319 5119 in
346 5062 449 5119 illa
478 5065 621 5120 urbe
647 5068 977 5136 peccatores
1006 5069 1191 5134 erant,
1243 5063 1482 5136 pessimi
1531 5065 1722 5138 angeli
1753 5084 1901 5140 prae-

261 5152 548 5208 sidebant.
587 5153 814 5208 Rursus
846 5151 984 5225 quia
1006 5153 1176 5209 multi
1199 5158 1364 5209 erant
1391 5154 1691 5212 credentes
1722 5157 1780 5212 in
1813 5174 1900 5230 ea,

255 5247 380 5296 erat
399 5247 456 5297 et
475 5242 719 5315 angelus
745 5242 1009 5298 Ecclesiae
1032 5243 1439 5316 Ephesiorum,
1465 5244 1667 5317 utique
1690 5248 1900 5304 bonus.

259 5329 376 5384 Hoc
402 5333 599 5386 autem
621 5331 776 5403 quod
793 5330 864 5387 de
885 5330 1110 5403 Epheso
1130 5331 1405 5403 diximus,
1429 5350 1605 5406 super
1623 5337 1903 5393 omnibus

2011 4803 2343 4870 sanitatem,
2379 4803 2516 4874 quia
2547 4818 2730 4858 omnes
2757 4812 2885 4860 sunt
2931 4805 3283 4876 apparitores
3337 4804 3569 4875 spiritus
3598 4804 3662 4858 in

2009 4893 2381 4948 ministerium
2407 4893 2564 4947 missi
2584 4901 2793 4963 propter
2831 4909 2918 4950 eos
2958 4893 3054 4966 qui
3101 4895 3376 4950 consecuti
3415 4895 3547 4948 sunt
3574 4907 3664 4948 sa-

2011 4981 2182 5036 lutem
2205 4982 2286 5038 ‘0:
2321 4981 2420 5052 qui
2452 4986 2740 5052 quantum
2773 4982 2832 5038 in
2863 4981 2987 5039 suis
3033 4981 3258 5038 viribus
3315 4985 3439 5038 erat
3487 4981 3663 5052 adju-

2009 5070 2223 5126 vabant
2252 5070 2539 5125 homines.
2574 5069 2867 5127 Videbant
2891 5075 3087 5128 autem
3112 5071 3295 5127 multo
3317 5069 3656 5126 inferiorem

2013 5176 2178 5214 suam
2201 5175 2327 5214 esse
2343 5158 2715 5226 medicinam,
2742 5177 2918 5232 quam
2940 5159 3178 5216 illorum
3198 5175 3341 5215 cura
3359 5159 3656 5232 poscebat.

2011 5249 2187 5304 Porro
2222 5252 2284 5302 ut
2312 5248 2384 5302 de
2413 5248 2675 5320 exemplo
2708 5250 2899 5321 possis
2931 5249 3257 5322 intelligere
3307 5248 3462 5321 quod
3510 5246 3660 5302 dici-

2013 5355 2168 5402 mus,
2195 5337 2322 5391 vide
2353 5337 2498 5392 mihi
2532 5339 2734 5393 urbem
2767 5338 2824 5393 in
2857 5355 2974 5410 qua
2993 5342 3277 5412 aegrotent
3309 5337 3574 5410 plurimi,
3606 5339 3664 5392 et

330 5455 562 5534 “nlCor.
597 5472 682 5534 in,
714 5458 768 5514 9.
800 5457 1034 5514 "Joan.
1070 5460 1235 5525 x,11.
1267 5459 1289 5493 ⁸
1319 5458 1528 5530 Ephes.
1564 5477 1638 5531 ιν,
1675 5463 1762 5532 11,
1798 5464 1883 5518 12.
1915 5465 1935 5500 ⁷
1984 5467 2110 5520 Act.
2159 5479 2272 5531 xvi,
2305 5463 2358 5517 9.
2391 5464 2412 5498 ⁸
2460 5463 2625 5519 Deut.
2677 5479 2837 5520 xxm.
2868 5464 2924 5534 7,
2955 5465 3009 5519 8.
3043 5465 3064 5500 °
3093 5464 3299 5520 Joann.
3332 5478 3410 5530 v1,
3446 5460 3661 5532 18,-21.

264 5527 309 5563 ιο
341 5527 510 5583 Hebr.
544 5544 583 5596 ι,
619 5529 700 5583 14.

331 5649 448 5723 (32)
476 5648 556 5706 De
586 5647 810 5724 angelis
838 5646 1147 5732 hominum
1177 5646 1724 5732 provinciarumque
1745 5651 2020 5714 custodia
2091 5653 2334 5716 raefectis
2390 5669 2459 5714 ex
2514 5651 2780 5730 Origenis
2835 5655 3126 5722 sententia
3180 5655 3304 5734 (qui
3333 5661 3533 5721 tamen
3580 5649 3663 5726 βί-

331 5727 441 5788 met
468 5737 682 5791 parum
710 5722 988 5791 constans
1015 5720 1148 5791 fuit)
1181 5721 1446 5782 dicemus
1475 5723 1650 5791 paulo
1680 5725 1925 5791 inferius
1954 5729 2028 5791 ad
2049 5671 2259 5791 gemit.
2291 5729 2361 5788 23
2391 5733 2449 5790 et
2479 5727 2569 5788 35.

256 5718 441 5788 birhet
467 5718 694 5805 perunt
710 5722 988 5804 cgqetgns
1015 5720 1148 5802 fuit)
1177 5718 1446 5782 dicemus
1475 5718 1650 5802 paulo
1680 5725 1925 5806 inferius
1954 5729 2028 5811 ad

2100 5730 2259 5795 omit.
2291 5729 2361 5788 23
2391 5733 2449 5790 et
2479 5727 2571 5810 35.
