4058 6190
336 339 452 404 261

785 334 1279 402 TRANSLATIO
1323 333 1828 404 HOMILIARUM
1871 335 2238 404 OBIGENIS
2282 339 2361 402 IN
2404 306 2696 404 tUCAM.
2729 373 2808 386 —
2837 336 3110 405 HOMIL.
3155 336 3314 404 xm.

3631 336 3749 403 262

340 471 706 531 medicorum
724 469 1612 542 frequensadhibeaturmanus:
1635 473 1755 529 sint
1768 472 1996 530 diversa
2022 475 2077 542 Α
2106 477 2328 545 patens.
2359 473 2431 529 Et
2461 473 2751 546 quomodo
2783 473 2957 529 homo
2989 473 3038 529 si
3079 474 3456 531 commissam
3489 474 3601 531 sibi
3630 475 3750 534 dis-

337 562 603 632 vulnera,
628 559 893 633 quotidie
914 559 973 614 in
995 563 1322 617 emortuam
1364 578 1600 618 carnem
1628 579 1870 634 serpens
1893 580 1996 635 pu-

340 652 508 709 tredo
533 653 826 723 penetret:
853 652 910 704 et
928 652 1124 704 tamen
1143 650 1352 706 medici
1375 651 1477 722 qui
1499 651 1744 706 adhibiti
1767 655 1905 707 sunt
1923 652 1994 707 ad

345 741 692 806 curandum,
715 742 1011 810 nequeant
1023 736 1134 794 alia
1147 739 1299 795 ultra
1314 739 1571 796 invenire
1584 741 1993 812 medicamina,

343 835 402 887 et
430 828 572 890 artis
606 843 730 884 suae
760 825 1006 883 scientia
1057 829 1523 909 magnitudinem
1559 831 1698 886 mali
1729 830 1993 898 vincere;

343 935 483 976 cum
510 917 635 974 hac
663 917 724 972 in
753 915 975 971 talibus
1025 917 1180 973 nacti
1234 917 1372 988 sint,
1405 917 1632 974 eveniat
1660 918 1874 990 aliquis
1905 935 1996 973 ar-

346 1007 575 1064 chiater
603 1004 702 1078 qui
723 1004 938 1061 habeat
961 1021 1258 1062 summam
1280 1006 1340 1062 in
1367 1012 1490 1063 arte
1510 1007 1802 1076 notitiam,
1834 1013 1890 1064 et
1913 1007 1998 1062 illi

351 1095 457 1168 qui
487 1095 648 1168 prius
697 1109 905 1150 sanare
953 1093 1335 1166 nequiverant
1381 1099 1682 1152 cernentes
1730 1095 2001 1170 magistri

352 1201 532 1240 manu
559 1183 898 1256 putredines
921 1199 1151 1240 cessare
1177 1184 1507 1253 vulnerum,
1533 1203 1647 1241 non
1678 1185 1999 1258 invideant,

351 1291 468 1331 non
498 1272 679 1329 livore
709 1272 1060 1340 crucientur,
1093 1273 1195 1329 sed
1235 1273 1296 1329 in
1327 1272 1533 1330 laudes
1567 1279 1878 1349 erumpant
1907 1292 2004 1332 ar-

347 1362 657 1432 chiatri,et
687 1361 1002 1434 praedicent
1031 1361 1215 1418 Deum
1247 1363 1348 1434 qui
1372 1368 1428 1418 et
1455 1363 1566 1419 sibi
1596 1368 1653 1420 et
1683 1364 2004 1437 aegrotanti.

347 1455 459 1511 bus
487 1455 662 1508 tanta:
694 1450 952 1507 scientiae
983 1451 1284 1508 hominem
1316 1453 1560 1522 miserit,
1596 1453 1658 1509 In
1688 1454 1840 1510 hanc
1869 1471 2005 1528 ergo

351 1541 802 1598 similitudinem
854 1543 911 1595 et
958 1539 1272 1597 multitudo
1321 1543 1610 1599 exercitus
1665 1543 2006 1616 angelorum

350 1630 553 1688 audita
583 1633 674 1685 est
721 1628 958 1684 dicens:
1013 1629 1204 1684 Gloria
1231 1633 1292 1685 in
1338 1631 1564 1686 excelsis
1606 1632 1731 1702 Deo,
1765 1640 1818 1687 et
1844 1649 2009 1704 super

350 1727 555 1776 terram
581 1734 695 1789 pax
723 1718 783 1773 in
813 1716 1128 1773 hominibus
1158 1718 1308 1774 bonae
1334 1719 1653 1776 voluntatis.
1688 1723 2006 1793 Postquam

351 1807 509 1864 enim
543 1805 828 1863 Dominus
873 1805 1031 1862 venit
1078 1808 1151 1862 ad
1202 1811 1438 1876 terram,
1487 1826 1690 1881 pacem
1740 1811 1874 1867 fecit
1906 1829 2010 1884 per

349 1895 699 1970 sanguinem
746 1896 936 1952 crucis
984 1896 1296 1963 suae,’sive
1349 1914 1552 1954 eorum
1586 1916 1711 1970 quae
1761 1899 1819 1954 in
1851 1905 2006 1956 terra

351 1991 540 2054 erant,
565 1985 685 2042 sive
714 2001 918 2041 eorum
951 2001 1077 2056 quas
1105 1985 1163 2040 in
1196 1985 1356 2042 caelis
1389 1988 1451 2042 “.
1479 1988 1777 2060 Siquidem
1807 1989 2002 2046 volen-

349 2079 440 2132 tes
471 2073 664 2148 angeli
691 2076 758 2130 ut
797 2073 1240 2131 recordarentur
1280 2075 1549 2132 homines
1578 2079 1855 2134 creatoris
1887 2079 2001 2149 sui,

352 2181 489 2220 cum
521 2163 796 2220 fecissent
825 2162 1024 2219 omnia
1071 2180 1198 2235 quae
1228 2163 1288 2219 in
1319 2165 1443 2220 suis
1468 2165 1693 2222 viribus
1722 2171 1906 2235 erant,
1940 2171 2006 2222 ut

351 2257 730 2321 sanarentur,
759 2256 817 2308 et
858 2251 1188 2308 noluissent
1234 2252 1316 2308 illi
1347 2254 1635 2326 respicere
1664 2257 2000 2327 sanitatem,

356 2346 611 2398 cernunt
635 2357 766 2397 eum
797 2341 898 2413 qui
931 2358 1138 2398 sanare
1167 2343 1378 2415 potuit,
1411 2347 1468 2398 et
1497 2343 1892 2416 gloriﬁcantes
1922 2345 2004 2400 di-

357 2435 544 2488 cunt:
581 2429 760 2486 Gloria
785 2432 844 2486 in
888 2430 1118 2488 excelsis
1165 2436 1283 2488 Deo
1313 2439 1363 2488 et
1412 2448 1575 2503 super
1620 2437 1828 2489 terram
1866 2451 2000 2506 pax.

352 2519 622 2591 Diligens
649 2519 952 2591 Scriptura;
981 2519 1162 2575 lector
1191 2521 1452 2592 inquirat
1481 2523 1772 2594 quomodo
1807 2523 2004 2579 Salva-

352 2614 450 2666 tor
478 2608 739 2682 loquitur
785 2609 865 2664 ":
897 2613 1020 2665 Non
1067 2612 1194 2665 veni
1230 2626 1420 2681 pacem
1449 2614 1666 2667 mittere
1704 2629 1866 2684 super
1892 2617 2003 2668 ter-

354 2715 505 2766 ram,
535 2699 634 2754 sed
659 2697 926 2769 gladium,
959 2701 1016 2753 et
1047 2715 1204 2754 nunc
1237 2699 1428 2771 angeli
1458 2700 1516 2755 in
1549 2703 1677 2772 ejus
1707 2701 2006 2758 nativitate

356 2788 692 2858 decantant,
741 2803 906 2859 super
950 2795 1154 2843 terram
1181 2803 1314 2857 pax.
1365 2789 1667 2862 Siquidem
1699 2797 1753 2846 et
1801 2791 1858 2846 in
1893 2791 2006 2847 alio

357 2876 486 2933 loco
515 2892 584 2932 ex
639 2891 892 2949 persona
942 2875 1131 2949 ipsius
1189 2876 1440 2934 dicitur:
1499 2884 1696 2934 Pacem
1735 2896 1913 2936 meam
1941 2879 2008 2936 do

358 2966 541 3035 vobis,
571 2981 758 3037 pacem
801 2966 1050 3037 relinquo
1076 2965 1225 3021 vobis
1261 3007 1273 3020 .
1306 2966 1425 3022 Non
1467 2969 1615 3023 sicut
1640 2969 1880 3024 mundus
1909 2972 2012 3025 iste

359 3055 457 3111 dat
482 3071 672 3127 pacem
698 3070 792 3126 ego
816 3053 882 3110 do
925 3070 1117 3126 pacem
1146 3055 1210 3111 ¹³.
1250 3055 1464 3111 Vident
1510 3073 1644 3130 ergo
1676 3060 1830 3131 quod
1863 3059 2008 3114 infe-

360 3144 570 3214 rimus,
601 3147 705 3200 aut
732 3144 921 3216 possit
950 3142 1169 3201 solvere
1200 3146 1602 3216 quaestionem.
1636 3147 1693 3202 Si
1725 3147 2011 3219 scriptum

2103 562 2506 634 pensationem
2536 563 2682 619 bene
2730 562 2931 635 egerit,
2981 561 3255 618 laudatur
3301 580 3335 620 a
3380 564 3665 622 Domino:
3698 567 3751 623 si

2103 651 2274 719 male,
2311 652 2492 725 culpa
2522 657 2580 709 et
2607 651 2743 708 vitio
2775 652 3072 724 subjacet:
3103 651 3186 707 sic
3217 655 3273 707 et
3301 653 3560 725 angelus.
3590 655 3750 711 Scri-

2104 746 2274 813 ptum
2306 747 2396 798 est
2433 741 2591 798 enim
2623 742 2682 797 in
2723 741 3064 814 Apocalypsi
3092 741 3374 798 Joannis:
3427 743 3533 800 Sed
3589 743 3752 802 habes

2105 831 2186 885 ibi
2232 833 2460 886 nomina
2502 847 2677 904 pauca
2721 845 2846 902 quae
2897 831 3216 901 polluerunt
3261 830 3424 898 illud,
3466 831 3554 887 vel
3586 833 3748 889 illud.

2107 919 2174 974 Et
2218 937 2462 976 rursus:
2512 920 2684 975 Habes
2730 919 2812 974 ibi
2856 921 2953 991 qui
2995 919 3304 975 doctrinam
3357 921 3755 977 Nicolaitarum

2107 1008 2329 1064 doceant
2373 1010 2454 1063 *5:
2505 1025 2571 1064 ac
2623 1009 2831 1064 deinde
2874 1008 3055 1064 habes
3106 1008 3206 1065 illa
3256 1008 3346 1064 vel
3395 1009 3496 1065 illa
3525 1017 3762 1082 peccata

2110 1097 2408 1168 facientes,
2467 1104 2526 1154 et
2575 1103 2925 1154 accusantur
2982 1095 3194 1170 angeli,
3259 1099 3474 1170 quibus
3527 1101 3760 1156 credite

2111 1191 2251 1243 sunt
2298 1185 2582 1243 Ecclesiae.
2635 1187 2693 1242 Si
2743 1192 2940 1242 autem
2989 1186 3213 1260 angelis
3267 1187 3598 1244 sollicitudo
3648 1193 3760 1261 est,

2113 1277 2402 1346 quomodo
2425 1275 2693 1331 Ecclesiae
2714 1274 3134 1347 gubernantur,
3161 1275 3300 1347 quid
3325 1293 3558 1335 necesse
3584 1281 3673 1334 est
3692 1278 3766 1335 de

2114 1363 2455 1420 hominibus
2502 1365 2711 1432 dicere,
2761 1368 3052 1435 quantum
3101 1367 3324 1420 metum
3371 1364 3645 1433 habeant,
3698 1369 3766 1421 ut

2115 1453 2342 1526 possint
2359 1470 2493 1510 cum
2511 1453 2735 1526 angelis
2749 1452 3032 1508 laboranti
3041 1452 3498 1510 buslaborantes
3512 1453 3765 1511 salutem

2116 1542 2437 1615 consequi?
2458 1543 2575 1617 Ego
2596 1546 2736 1615 puto
2759 1542 3004 1598 inveniri
3023 1541 3200 1597 simul
3223 1559 3391 1612 posse
3411 1547 3467 1597 et
3488 1543 3765 1616 angelum

2116 1637 2171 1688 et
2199 1632 2499 1688 hominem
2529 1633 2713 1687 bonos
2744 1630 3012 1686 Ecclesiae
3041 1631 3364 1703 episcopos,
3398 1636 3455 1687 et
3478 1633 3766 1704 quodam-

2117 1723 2290 1777 modo
2313 1722 2490 1777 unius
2522 1721 2711 1793 operis
2723 1737 2851 1776 esse
2873 1720 3206 1792 participes.
3224 1721 3384 1786 Quod
3409 1737 3542 1777 cum
3566 1722 3646 1778 ita
3669 1722 3764 1791 sit,

2118 1816 2386 1882 petamus
2402 1810 2864 1882 omnipotentem
2884 1809 3092 1876 Deum,
3111 1814 3173 1864 ut
3194 1810 3383 1882 angeli
3402 1814 3458 1865 et
3474 1810 3766 1879 homines,

2115 1899 2501 1956 Ecclesiarum
2561 1898 2838 1971 episcopi,
2895 1898 3234 1968 adjumento
3293 1898 3412 1954 sint
3468 1899 3657 1970 nobis,
3712 1904 3770 1956 et

2112 1988 2370 2044 sciamus
2404 1988 2681 2059 quoniam
2704 1987 2938 2058 utrique
2960 2002 3062 2058 pro
3086 1985 3253 2042 nobis
3283 2003 3317 2042 a
3342 1988 3585 2042 Domino
3609 1989 3770 2060 judi-

2113 2081 2336 2133 centur.
2362 2077 2524 2142 Quod
2556 2077 2606 2132 si
2628 2075 2708 2130 illi
2742 2074 3242 2145 fuerintjudicati,
3276 2079 3333 2130 et
3352 2075 3565 2132 vitium
3593 2081 3769 2150 atque

2112 2171 2417 2239 peccatum
2449 2182 2564 2220 non
2594 2165 2654 2220 in
2682 2181 2884 2220 eorum
2924 2162 3171 2231 incuria,
3207 2165 3309 2220 sed
3341 2164 3401 2220 in
3435 2169 3634 2223 nostra
3664 2184 3765 2222 ne-

2112 2255 2391 2328 gligentia
2449 2243 2622 2310 fuerit
2680 2255 3008 2321 inventum,
3058 2270 3166 2310 nos
3219 2269 3536 2326 arguemur
3592 2259 3768 2328 atque

2111 2344 2452 2416 plectemur.
2489 2343 2609 2398 Illis
2659 2342 2815 2398 enim
2855 2342 3127 2398 universa
3173 2342 3540 2411 facientibus,
3574 2349 3630 2400 et
3659 2361 3761 2417 pro

2114 2436 2312 2488 nostra
2339 2433 2525 2498 salute
2575 2431 2918 2497 nitentibus,
2966 2448 3073 2486 nos
3126 2431 3512 2488 nihilominus
3559 2450 3593 2489 a
3633 2451 3765 2506 pec-

2114 2522 2258 2578 catis
2288 2521 2646 2577 vacabimus.
2679 2521 2856 2577 Porro
2890 2521 3223 2592 frequenter
3259 2523 3468 2588 evenit,
3503 2527 3570 2577 ut
3601 2523 3770 2580 nobis

2114 2611 2540 2682 laborantibus,
2572 2610 2656 2666 illi
2689 2628 2863 2666 suum
2895 2610 3154 2666 ofﬁcium
3186 2627 3302 2665 non
3329 2610 3602 2683 expleant
3629 2617 3685 2668 et
3706 2614 3766 2670 in

2116 2702 2304 2774 culpis
2335 2701 2472 2757 sint.
2503 2702 2569 2756 Et
2594 2703 2801 2772 factum
2849 2703 2945 2768 est,
2981 2699 3194 2771 inquit,
3243 2716 3365 2755 cum
3407 2702 3673 2758 abiissent
3703 2703 3773 2758 ab

2115 2793 2195 2846 eis
2226 2792 2411 2862 angeli
2459 2791 2518 2845 in
2555 2791 2732 2857 caelos,
2764 2797 3007 2860 pastores
3053 2789 3318 2843 dixerunt
3363 2791 3450 2845 ad
3491 2790 3729 2846 invicem
3753 2810 3772 2845 .-

2119 2880 2475 2935 Transeamus
2495 2894 2663 2950 usque
2679 2877 3010 2945 Bethlehem,
3033 2879 3085 2932 el
3115 2876 3394 2932 videamus
3417 2876 3516 2933 hoc
3538 2880 3773 2934 verbum

2119 2968 2260 3040 quod
2284 2971 2494 3039 factum
2522 2975 2617 3034 est,
2651 2965 2790 3038 quod
2820 2967 3088 3021 Dominus
3116 2966 3359 3020 ostendit
3392 2966 3570 3021 nobis.
3612 2966 3774 3023 Vene-

2119 3065 2250 3113 runt
2273 3058 2617 3127 festinantes,
2651 3059 2703 3110 et
2749 3056 3077 3110 invenerunt
3129 3053 3370 3109 Mariam
3417 3058 3469 3110 et
3496 3055 3695 3127 Ioseph
3723 3060 3780 3112 et

2119 3148 2378 3200 Puerum.
2415 3143 2522 3208 Qui
2563 3142 2905 3198 festinantes
2933 3146 3231 3212 venerant,
3264 3146 3322 3197 et
3352 3158 3467 3197 non
3499 3144 3776 3217 pedeten-

363 3237 538 3301 esset,
570 3249 734 3306 super
781 3237 986 3289 terram
1029 3249 1166 3304 pax,
1216 3237 1272 3289 et
1317 3234 1624 3306 hucusque
1661 3240 1816 3292 esset
1846 3217 2011 3292 iinita
2040 3217 2083 3285 C
2119 3233 2249 3305 tim,
2273 3249 2462 3304 neque
2483 3232 2634 3288 fesso
2656 3231 2864 3304 gradu,
2889 3230 3017 3286 ideo
3039 3229 3391 3286 invenerunt
3417 3231 3635 3305 Joseph
3661 3232 3780 3288 dis-

362 3321 674 3394 sententia,
706 3325 861 3378 recte
892 3322 1134 3394 quaestio
1185 3328 1542 3379 nasceretur.
1595 3324 1758 3380 Nunc
1788 3341 1919 3380 vero
1949 3325 2010 3381 in

363 3427 432 3468 eo
464 3411 619 3483 quod
651 3411 918 3466 additum
944 3415 1052 3483 est,
1083 3410 1194 3466 hoc
1216 3417 1324 3482 est,
1357 3413 1511 3484 quod
1544 3418 1674 3484 post
1704 3429 1904 3484 pacem
1931 3414 2014 3470 di-

365 3501 535 3569 citur,
569 3501 630 3554 in
654 3498 966 3556 hominibus
989 3500 1138 3555 bonx
1166 3499 1470 3558 voluntatis
1501 3501 1637 3575 (33),
1661 3502 1834 3559 solvit
1863 3519 2014 3575 quae-

367 3590 642 3646 stionem.
677 3589 790 3644 Pax
819 3588 975 3644 enim
1022 3605 1200 3661 quam
1231 3606 1345 3645 non
1387 3590 1486 3645 dat
1528 3591 1810 3648 Dominus
1840 3609 2017 3664 super

366 3688 606 3746 terram,
640 3694 756 3735 non
787 3683 877 3734 est
905 3695 1016 3749 pax
1043 3678 1207 3734 bonae
1261 3679 1597 3736 voluntatis.
1631 3680 1828 3754 Neque
1858 3681 2016 3737 enim

368 3769 451 3825 ait
479 3767 842 3840 simpliciter,
891 3772 1014 3824 Non
1065 3769 1192 3823 veni
1229 3784 1417 3839 pacem
1467 3771 1703 3838 mittere,
1753 3771 1854 3826 sed
1881 3786 2017 3826 cum

369 3857 795 3924 additamenta,
820 3873 987 3928 super
1019 3863 1263 3913 terram:
1297 3873 1486 3930 neque
1530 3860 1820 3916 contrario
1850 3860 2016 3928 dixit,

369 3960 489 4002 non
516 3946 644 4000 veni
667 3961 851 4017 pacem
868 3946 1083 4001 mittere
1102 3961 1268 4017 super
1290 3947 1497 4001 terram
1525 3945 1840 4002 hominibus
1865 3946 2022 4004 bonae

371 4035 693 4091 voluntatis.
719 4032 846 4090 Haec
867 4033 1020 4090 288
1045 4033 1147 4089 84
1167 4033 1343 4091 locuti
1366 4039 1506 4091 sunt
1526 4034 1717 4108 angeli
1738 4036 1808 4092 ad
1833 4040 2024 4108 pasto-

370 4141 487 4195 res,
519 4123 616 4195 qui
665 4139 782 4179 non
831 4122 1023 4179 solum
1052 4140 1119 4178 eo
1166 4127 1427 4196 tempore
1474 4123 1885 4196 loquebantur,
1918 4126 2020 4182 sed

370 4230 560 4286 usque
589 4212 766 4269 hodie
795 4211 908 4268 nisi
935 4212 1112 4269 locuti
1161 4213 1376 4269 fuerint
1406 4214 1477 4270 ad
1509 4219 1793 4286 pastores,
1827 4219 1884 4271 et
1915 4232 2024 4272 sua

371 4304 459 4359 eis
489 4319 667 4375 opera
696 4301 1048 4375 copularint,
1081 4302 1300 4358 dicitur
1330 4303 1402 4358 ad
1443 4319 1577 4360 eos:
1611 4305 1732 4359 Nisi
1761 4305 2025 4360 Dominus

371 4391 731 4463 aediﬁcaverit
757 4390 994 4459 domum,
1027 4392 1089 4446 in
1111 4407 1318 4446 vanum
1355 4390 1738 4448 laboraverunt
1767 4395 1863 4465 qui
1890 4392 2026 4450 aedi-

368 4479 546 4551 ﬁtant
591 4496 730 4536 eam.
783 4479 905 4536 Nisi
948 4479 1209 4536 Dominus
1260 4479 1577 4537 custodierit
1621 4483 1914 4549 civitatem,
1964 4484 2025 4538 in

2122 3327 2486 3395 pensatorem
2518 3326 2681 3377 ortus
2711 3319 3020 3386 Dominici,
3053 3323 3111 3374 et
3138 3318 3382 3388 Mariam
3412 3336 3539 3392 quae
3570 3320 3775 3376 Jesum

2123 3411 2274 3468 fudit
2303 3410 2361 3465 in
2394 3413 2648 3483 partum,
2683 3414 2740 3465 et
2767 3409 2962 3481 ipsum
3003 3408 3363 3463 Salvatorem
3387 3408 3681 3478 jacentem
3714 3409 3775 3465 in

2124 3500 2425 3574 praesepio.
2461 3499 2606 3554 Illud
2660 3502 2802 3565 erat,
2833 3498 2905 3553 de
2952 3513 3068 3568 quo
3099 3496 3384 3570 propheta
3424 3497 3778 3554 vaticinatus

2124 3595 2213 3646 est
2243 3589 2481 3645 dicens:
2532 3588 2789 3658 Cognovit
2836 3587 2924 3642 bos
2962 3602 3328 3658 possessorem
3369 3603 3550 3653 suum,
3580 3595 3635 3642 et
3663 3602 3776 3642 as:-

2124 3697 2230 3735 nus
2257 3693 2497 3751 prxsepe
2516 3676 2728 3733 domini
2754 3677 2846 3731 sui
2874 3676 2936 3730 ¹⁶.
2961 3676 3073 3731 Bos
3103 3675 3321 3731 animal
3346 3663 3636 3732 mundum
3668 3680 3777 3748 est,

2128 3768 2330 3825 asinus
2351 3765 2566 3823 animal
2585 3766 2980 3820 immundum.
3005 3765 3283 3837 Cognovit
3299 3765 3502 3822 asinus
3522 3782 3782 3839 praesepe

2129 3856 2352 3913 domini
2400 3856 2513 3911 sui.
2547 3855 2673 3910 Non
2723 3855 2975 3927 populus
3003 3853 3180 3910 Israel
3228 3853 3495 3926 cognovit
3523 3869 3781 3925 praesepe

2129 3946 2350 4003 domini
2401 3945 2513 4014 sui,
2566 3945 2666 4000 sed
2698 3944 3073 4000 immundum
3125 3941 3342 3999 animal
3387 3959 3457 3998 ex
3483 3942 3778 4014 gentibus.

2130 4037 2298 4092 Israel
2328 4051 2452 4092 vero
2482 4050 2573 4090 me
2600 4051 2710 4090 non
2736 4035 3000 4105 cognovit,
3033 4036 3088 4088 et
3119 4032 3354 4105 populus
3386 4047 3536 4088 meus
3558 4047 3644 4087 me
3671 4047 3784 4087 non

2131 4125 2409 4180 intetlexit
2441 4124 2531 4178 ‘5‘.
2559 4121 2954 4193 lntelligentes
2977 4121 3085 4178 hoc
3109 4137 3386 4194 praesepe,
3411 4120 3670 4177 nitamur
3689 4137 3785 4177 co-

2131 4229 2409 4286 gnoscere
2437 4212 2777 4275 Dominum,
2813 4215 2869 4266 et
2897 4210 3061 4281 digni
3093 4209 3218 4265 ﬁeri
3248 4209 3494 4266 scientia
3518 4211 3667 4282 ejus,
3699 4226 3787 4267 as-

2134 4319 2366 4359 sumere
2397 4317 2629 4373 quoque
2660 4298 3019 4355 nativitatem
3056 4302 3112 4354 et
3140 4298 3627 4356 resurrectionem
3657 4315 3784 4355 car-

2135 4391 2226 4448 nis
2256 4393 2404 4462 ejus,
2438 4389 2539 4446 sed
2571 4393 2628 4445 et
2674 4386 2956 4460 inclytum
2989 4405 3055 4444 ac
3103 4389 3430 4445 secundum
3461 4388 3786 4461 majestatis

2134 4482 2261 4553 ejus
2294 4480 2631 4544 adventum,
2665 4477 2758 4533 cui
2797 4481 2889 4532 est
2931 4476 3117 4550 gloria
3163 4482 3221 4534 et
3247 4479 3560 4550 imperium
3589 4477 3651 4532 in
3679 4493 3787 4532 saa-

371 4587 584 4626 vanum
633 4569 908 4626 laborabit
953 4571 1051 4641 qui
1095 4569 1326 4625 custodit
1370 4584 1492 4624 eam
1540 4571 1600 4624 ".
1653 4571 1712 4626 Si
1752 4573 2028 4628 audacter
2057 4589 2103 4653 D
2135 4569 2268 4626 cula
2296 4567 2666 4625 saeculorum.
2703 4571 2910 4622 Amen.

372 4658 609 4731 expedit
639 4658 801 4732 loqui
844 4659 1282 4730 Scripturarum
1331 4674 1571 4714 sensum
1603 4662 1892 4732 sequenti,
1926 4679 2028 4734 per

372 4746 642 4820 singulas
669 4746 959 4804 Ecclesias
989 4747 1101 4820 (34)
1124 4746 1243 4802 bini
1286 4754 1426 4802 sunt
1455 4747 1733 4820 episcopi,
1767 4749 1919 4805 alius
1947 4752 2030 4806 vi-

373 4835 592 4909 sibilis,
615 4836 767 4893 alius
792 4835 1102 4892 iuvisibilis
1128 4853 1141 4891 :
1174 4834 1271 4891 ille
1299 4836 1450 4892 visui
1476 4835 1688 4906 carnis,
1713 4836 1807 4893 hic
1831 4840 2032 4896 sensui

450 4953 492 5024 ‘f
539 4951 764 5020 Coloss,
811 4969 874 5024 1,,
913 4953 1004 5008 20.
1056 4952 1100 4987 ¹²
1145 4951 1351 5008 Matth.
1402 4969 1457 5022 x,
1508 4952 1596 5006 34.

373 5025 419 5062 ει
453 5023 565 5080 Isa.
603 5041 642 5095 ι,
676 5025 730 5094 3,
766 5024 808 5060 ιθ
835 5023 1006 5080 ibid.

447 5150 560 5223 (33)
591 5148 1002 5223 Genebrardus
1033 5147 1150 5223 ait:
1204 5149 1368 5220 Legit
1395 5163 1531 5223 ergo
1584 5147 1861 5223 Origenes
1892 5167 2028 5207 cum

379 5219 622 5289 Latinis,
658 5221 815 5278 bonae
843 5221 1160 5286 voluntatis,
1195 5219 1309 5274 non
1342 5225 1407 5274 ut
1436 5219 1736 5289 Graeculis,
1770 5225 1908 5278 bona
1936 5239 2028 5279 vo-

379 5295 588 5350 lnntas.

454 5365 566 5447 (3t)
598 5364 818 5420 Demus
847 5361 1182 5448 Adamantii
1219 5361 1482 5448 ingenio,
1511 5362 1665 5432 quod
1683 5363 1778 5448 ita
1807 5370 2029 5448 Apoca-

378 5434 565 5509 lypsis
618 5453 860 5509 capsxx
885 5435 1091 5509 locum
1150 5434 1584 5509 interpretetur,
1636 5438 1701 5509 _et
1729 5434 2032 5506 geminum

379 5504 635 5580 singulis
657 5504 930 5580 Ecclesiis
950 5507 1293 5580 episcopum
1315 5504 1575 5580 deputet,
1599 5504 1847 5561 alterum
1874 5524 2035 5580 aspe-

377 5576 680 5648 ctabilem,
704 5579 952 5636 alterum
974 5576 1087 5635 sub
1110 5576 1312 5649 oculos
1332 5576 1678 5649 neutiquam
1703 5576 2030 5636 cadentem.

375 5653 538 5739 quod
567 5647 816 5738 inferius
845 5650 1050 5732 pomi}.
1081 5649 1153 5712 23
1199 5648 1476 5724 replicat:
1509 5647 1570 5710 at
1598 5647 1747 5710 illud
1775 5651 1872 5728 pio
1900 5650 2032 5710 uni-

1689 4953 1733 4990 ¹³
1787 4954 1952 5011 Joan.
2007 4972 2125 5027 xxv,
2155 4956 2244 5012 27.

2343 4955 2387 4989 ¹⁴
2415 4951 2570 5010 Psal.
2623 4951 2816 5023 hxxvx,
2870 4953 2919 5018 1,
3006 4950 3049 4983 ¹⁵
3106 4953 3284 5022 Apoc.
3334 4965 3420 5021 ιιι,
3468 4949 3539 5006 4ε
3589 4967 3652 5021 ιι,
3700 4951 3787 5005 15.

2139 5149 2350 5220 cuique
2380 5146 2809 5220 repudiandum
2831 5145 3192 5220 omninoest
3211 5149 3387 5220 atque
3416 5161 3450 5201 a
3484 5145 3596 5201 ﬁde
3626 5145 3794 5220 abso‘

2140 5217 2307 5284 num,
2340 5217 2495 5289 quod
2528 5217 2699 5288 paulo
2748 5222 2881 5288 post
2929 5217 3166 5289 subdit,
3202 5218 3536 5289 frequenter
3565 5218 3792 5273 evenire

2141 5293 2324 5347 bonos
2355 5287 2628 5344 custodes
2656 5287 2913 5360 angelos,
2949 5289 3119 5344 nobis
3156 5287 3581 5360 laborantibus,
3614 5305 3790 5344 suum

2141 5362 2398 5420 ofﬁcium
2432 5376 2546 5414 non
2591 5359 2840 5432 explere,
2892 5365 2950 5432 et
2979 5362 3038 5415 in
3088 5359 3260 5432 culpa
3309 5377 3457 5416 esse.
3489 5360 3632 5432 Vide
3662 5377 3790 5432 qua:

2141 5438 2345 5514 contra
2375 5431 2694 5514 solemnem
2741 5431 2892 5514 hanno
2923 5431 3674 5514 Drigenis’_de_angelorum
3707 5431 3792 5514 la-

2141 5507 2350 5580 psibus
2376 5502 2709 5576 opinionem
2739 5504 2892 5560 infra
2927 5505 3000 5560 ad
3031 5502 3236 5560 homil.
3269 5504 3341 5560 25
3369 5502 3790 5560 animadverti-

2143 5595 2302 5636 mus.
