4058 6190
304 410 422 471 259
765 383 768 389 ’
1021 377 1023 380 ⁴
1563 402 1630 464 s.
1675 400 1989 466 EUSEBII
2033 398 2475 465 HIERONYMI
3241 372 3243 374 ’
3590 391 3714 463 sco

307 535 614 595 annuntiet
640 532 804 591 vobis
835 533 1112 606 quoniam
1145 536 1318 590 natus
1340 537 1427 590 est
1446 534 1611 590 vobis
1634 534 1806 590 hodie
1829 533 1949 590 Sal-
1977 542 2028 608 Α
2061 534 2373 606 provinciis
2405 532 2890 607 cognoscendum.
2925 534 3074 587 Ante
3121 526 3438 586 adventum
3471 532 3705 590 Domini
3805 523 3816 532 ”

303 631 486 695 vator,
521 623 620 697 qui
649 628 737 680 est
767 623 1032 678 Christus
1063 623 1368 678 Dominus.
1421 624 1650 679 Etenim
1689 629 1950 696 pastores
2060 623 2392 691 Salvatoris,
2425 622 2521 677 isti
2552 622 2742 695 angeli
2775 638 2984 694 parum
3017 625 3283 693 poterant
3321 620 3560 676 creditis
3592 621 3707 678 sibi

304 714 719 782 Ecclesiarum,
753 712 866 768 nisi
899 712 993 768 ille
1025 717 1227 784 pastor
1256 713 1500 779 venerit,
1565 729 1666 785 per
1714 730 1776 769 se
1805 715 1951 770 bene
2061 711 2332 768 utilitatis
2391 711 2612 778 atferre,
2673 716 2730 766 et
2785 715 3029 766 conatus
3103 726 3306 765 eorum
3363 710 3531 781 sequi
3590 728 3708 768 non

303 819 539 877 gregem
571 818 802 858 servare
833 817 947 856 non
978 805 1275 874 poterunt,
1309 801 1544 856 inﬁrma
1603 807 1690 858 est
1745 819 1948 858 eorum
2058 800 2288 857 valebat
2342 801 2600 856 etl‘ectus.
2677 799 3004 862 Quoddam.
3037 802 3125 854 est
3203 799 3465 870 signum,
3526 815 3708 872 quam

304 893 588 960 custodia,
623 891 736 946 nisi
769 889 1033 946 Christus
1065 907 1197 945 cum
1227 890 1310 945 eis
1342 891 1563 961 paverit
1609 895 1783 962 atque
1827 907 1945 947 ser-
2059 907 2266 962 parum
2301 891 2575 961 prodesse
2608 893 2873 961 poterant
2911 888 3210 959 subjectis.
3243 887 3530 944 Ausculta
3550 891 3708 960 quod

301 981 537 1036 vaverit.
572 980 804 1035 Dudum
862 979 923 1034 in
982 978 1255 1050 Apostolo
1309 978 1523 1035 lectum
1549 980 1590 1044 ⁵,
1652 979 1752 1035 Dei
1813 996 1944 1036 coo-
2057 978 2346 1034 dicimus:
2383 979 2624 1045 Quando
2681 976 2924 1048 angelus
2975 977 3373 1050 Egyptiorum
3405 977 3708 1050 Egyptios

303 1074 600 1144 peratores
630 1085 857 1125 sumus.
883 1068 1086 1124 Pastor
1114 1068 1324 1134 bonus,
1351 1068 1452 1140 qui
1473 1068 1738 1124 imitatur
1754 1073 1944 1141 pasto-
2055 1068 2389 1138 abjuvabat,
2422 1067 2516 1122 vix
2549 1084 2702 1122 unus
2734 1067 3062 1139 proselytus
3094 1066 3371 1123 credebat
3402 1066 3464 1122 in
3497 1068 3703 1140 Deum,

289 1175 412 1215 rem
444 1159 668 1214 bonum
689 1160 730 1224 ⁸,
786 1162 1125 1229 cooperator
1182 1161 1272 1212 est
1327 1157 1429 1212 Dei
1487 1161 1544 1212 et
1600 1157 1838 1214 Christi.
1874 1158 1941 1214 Et
2054 1159 2111 1212 et
2130 1156 2238 1212 hoc
2255 1157 2449 1221 ﬁebat,
2475 1156 2768 1228 lEgyptios
2793 1155 2999 1228 angelo
3022 1155 3420 1227 dispensante.
3443 1155 3705 1228 Denique

293 1251 596 1320 propterea
623 1251 823 1319 pastor
851 1246 1042 1302 bonus
1090 1251 1200 1312 est,
1252 1246 1354 1317 qui
1397 1246 1572 1301 habet
1609 1263 1807 1302 secum
1840 1263 1942 1319 pa-
2053 1245 2191 1316 quia
2222 1243 2486 1317 plerique
2517 1245 2588 1300 de
2616 1245 2902 1316 Egyptiis
2932 1250 2988 1300 et
3019 1244 3289 1299 Idumzeis
3311 1243 3588 1317 proselyti
3611 1261 3702 1301 ac-

289 1341 505 1393 storem
539 1336 829 1407 optimum
860 1339 1326 1407 compascentem
1361 1334 1493 1390 sibi.
1549 1336 1754 1391 Posuit
1782 1336 1937 1391 enim
2051 1332 2348 1405 cipiebant
2369 1333 2542 1390 ﬁdem
2574 1333 2812 1402 Christi,
2847 1337 3152 1406 propterea
3180 1332 3482 1405 Scriptura
3509 1333 3652 1390 dicit
3682 1352 3697 1392 :

280 1425 436 1483 Deus
456 1425 515 1482 in
539 1423 795 1482 Ecclesia
815 1424 1127 1496 apostolos,
1153 1423 1487 1496 prOphetas,
1515 1423 1934 1497 evangelistas,
2048 1425 2174 1477 Non
2204 1423 2608 1478 abommaberis
2638 1425 2982 1495 AEgyptium,
3009 1424 3267 1495 quoniam
3290 1421 3519 1480 advenae
3533 1425 3702 1480 eratis

283 1519 569 1588 pastores,
605 1514 888 1582 doctores,
923 1513 1121 1569 omnia
1180 1512 1240 1568 in
1299 1513 1654 1584 perfectione
1701 1518 1934 1569 sancto-
2048 1513 2110 1565 in
2141 1515 2289 1567 terra
2317 1513 2562 1584 ngypti,
2593 1515 2644 1567 et
2673 1512 2993 1577 Idumwum,
3027 1512 3160 1581 quia
3211 1512 3388 1582 frater
3448 1514 3574 1566 tuus
3595 1520 3692 1568 est.

288 1619 420 1660 rum
445 1603 702 1659 “.Ethasc
717 1602 952 1674 quidem
967 1601 1934 1673 suntdictasimplicius.Caeterum
2045 1599 2181 1654 Filii
2207 1601 2258 1654 si
2286 1603 2406 1654 nati
2438 1601 2658 1670 fuerint
2687 1603 2783 1667 eis,
2816 1601 2876 1655 in
2928 1601 3282 1671 generatione
3317 1602 3489 1656 tertia
3517 1603 3698 1657 intra-

289 1693 337 1748 si
370 1693 441 1748 ad
465 1693 836 1749 sacratiorem
861 1695 1088 1764 oportet
1119 1691 1430 1746 ascendere
1461 1690 1932 1764 intelligentiam,
2046 1687 2176 1743 bunt
2203 1690 2264 1743 in
2316 1690 2608 1746 Ecclesium
2662 1691 2765 1745 Dei
2809 1689 2850 1744 ⁸.
2884 1691 3071 1760 Atque
3130 1689 3212 1745 ita
3261 1688 3458 1757 ﬂebat,
3519 1693 3586 1745 ut
3617 1691 3689 1747 de

287 1781 481 1837 dicam
500 1781 787 1852 quosdam
812 1779 993 1835 fuisse
1017 1784 1280 1852 pastores
1300 1778 1539 1852 angelos
1561 1780 1662 1852 qui
1697 1796 1790 1835 res
1820 1779 1928 1834 hu-
2042 1778 2318 1834 omnibus
2349 1778 2621 1851 gentibus
2654 1776 2919 1834 nonnulli
2951 1776 3222 1850 proselyti
3254 1778 3548 1844 tierent,et
3577 1777 3688 1835 hoc

289 1885 495 1924 manas
519 1872 799 1941 regerent.
824 1867 1047 1923 Etcum
1080 1866 1289 1922 horum
1323 1867 1734 1940 unusquisque
1757 1884 1925 1923 suam
1959 1913 2007 1977 Β
2037 1864 2229 1937 ipsum
2251 1866 2493 1940 angelis,
2518 1867 2618 1939 qui
2642 1872 2845 1938 gentes
2866 1866 3160 1922 habebant
3176 1865 3463 1934 subditas,
3513 1867 3684 1923 adni-

289 1958 601 1977 __s_a-_l_'_A_
647 1961 1002 1977 _-__-_______L
1064 1960 1109 1977 ,Α
1148 1957 1346 1977 J:-L-_-
1382 1973 1440 1977 __
1484 1958 1751 1977 _.__a_'l____
1784 1955 1894 1977 --ΞΑ-3
2037 1955 2297 1977 ιΑ-ιιμ---
2356 1955 2518 1977 KV“..-
2553 1960 2742 1977 _-_L__.
2781 1954 2978 1977 ___.--I2
3016 1955 3371 1977 -_-.‘I-_1.2___.
3403 1956 3684 1977 -_--.I___L

282 1958 608 2013 custodiam
639 1961 1026 2023 conservaret,
1059 1960 1115 2011 et
1142 1957 1348 2011 diebus
1379 1973 1444 2011 ac
1484 1958 1753 2012 noctibus
1784 1955 1925 2029 vigi-
1959 1954 2007 1977 ”
2037 1955 2320 2010 tantibus.
2356 1955 2522 2010 Nunc
2551 1960 2748 2011 autem
2781 1954 2980 2026 populi
3011 1955 3378 2010 credentium
3402 1956 3689 2013 accedunt

283 2045 412 2102 lans
435 2047 560 2116 jam
592 2045 849 2101 laborem
882 2045 1029 2100 ferre
1062 2062 1176 2100 non
1224 2051 1442 2115 posset,
1489 2050 1546 2100 et
1593 2045 1701 2100 hoc
1731 2049 1929 2118 ageret
2040 2044 2112 2098 ad
2143 2043 2316 2099 ﬁdem
2348 2043 2506 2113 Jesu,
2539 2049 2597 2099 et
2651 2042 2844 2116 angeli
2905 2043 3122 2115 quibus
3181 2043 3410 2098 credita
3468 2043 3691 2102 fuerint

276 2135 587 2203 industrie,
620 2140 685 2189 ut
729 2139 930 2207 gentes
983 2152 1110 2206 quae
1139 2135 1249 2191 sibi
1281 2136 1510 2191 creditae
1546 2137 1792 2206 fuerant,
1826 2152 1926 2209 gu-
2036 2132 2326 2199 Ecclesiae,
2357 2133 2605 2188 roborati
2637 2132 2947 2204 praesentia
2968 2131 3302 2197 Salvatoris,
3361 2131 3583 2188 multos
3614 2132 3690 2188 ad

283 2224 576 2292 bernaret,
608 2224 839 2278 venisse
867 2225 1142 2296 angelum
1175 2229 1310 2280 nato
1333 2224 1599 2292 Domino,
1623 2231 1924 2280 etannun-
2036 2221 2262 2276 ducunt
2291 2221 2633 2294 proselytos,
2665 2225 2728 2276 ut
2785 2225 3211 2294 congregantur
3267 2221 3325 2276 in
3353 2220 3515 2276 omni
3542 2221 3682 2278 orbe

282 2313 463 2368 tiasse
494 2312 847 2386 pastoribus,
880 2313 1034 2383 quod
1060 2329 1230 2368 verus
1262 2318 1417 2368 esset
1437 2318 1639 2384 pastor
1667 2317 1922 2370 exortus.
2035 2309 2440 2366 conventicula
2496 2310 2986 2366 Christianorum.
3045 2310 3408 2381 Quapropter
3435 2326 3678 2366 consur-

279 2403 453 2458 Verbi
476 2402 684 2475 gratia,
708 2405 773 2456 ut
793 2401 866 2456 ad
885 2401 1218 2472 exemplum
1243 2402 1492 2469 veniam,
1528 2407 1653 2457 erat
1684 2403 1925 2473 quidam
2036 2403 2238 2470 gentes
2268 2398 2580 2454 laudemus
2610 2399 2948 2466 Dominum,
2984 2402 3045 2453 et
3069 2398 3284 2454 ﬁamus
3314 2415 3417 2470 pro
3458 2398 3680 2454 carnali

277 2494 480 2562 pastor
511 2491 881 2558 Macedoniae,
914 2489 1008 2546 hic
1040 2492 1439 2546 necessarium
1471 2491 1723 2546 habebat
1754 2490 1922 2546 auxi-
2036 2487 2235 2555 Israel,
2267 2487 2546 2559 spiritalis
2577 2487 2772 2544 Israel.
2829 2487 3249 2543 Benedicamus
3293 2487 3680 2559 omnipotenti

276 2577 424 2634 lium
455 2579 722 2635 Domini:
782 2583 1087 2650 propterea
1143 2579 1415 2651 apparuit
1463 2579 1522 2633 in
1583 2579 1808 2634 somnis
1839 2579 1924 2634 vir
2033 2575 2152 2631 Deo
2175 2577 3054 2648 opere,cogitatione,scrmone,
3078 2575 3138 2631 in
3159 2574 3388 2631 Christo
3407 2576 3678 2644 Jesu,cui

278 2666 514 2722 Macedo
544 2665 745 2733 Paulo,
777 2664 976 2721 dicens
1001 2683 1014 2721 :
1076 2666 1366 2722 Transiens
1422 2668 1485 2722 in
1535 2666 1922 2734 Macedoniam,
2033 2670 2123 2720 est
2142 2665 2327 2737 gloria
2351 2670 2407 2720 et
2437 2666 2745 2738 imperium
2764 2665 2825 2721 in
2849 2665 3445 2722 saaculaszsculorum.
3469 2667 3678 2725 Amen.

281 2755 450 2825 ajuva
476 2770 574 2810 nos
595 2755 635 2810 ⁷.
666 2754 813 2818 Quid
847 2753 917 2808 de
949 2753 1127 2810 Paulo
1171 2753 1424 2826 loquar?
1472 2773 1604 2810 cum
1656 2756 1776 2812 haec
1808 2773 1922 2811 non
2613 2780 2913 2836 ΗΟΜῙιλΑ
2951 2779 3096 2836 ΧῙιῙ,

279 2842 481 2941 E’RBIO:
513 2843 614 2941 989
642 2842 743 2913 qui
773 2842 833 2897 in
865 2841 1044 2941 Pf‘u‘o
1099 2847 1242 2910 erati
1303 2842 1562 2941 19°"???
1593 2843 1672 2941 ait
1706 2847 1874 2941 {esus
1895 2842 1924 2899 7
2032 2871 2106 2926 De
2134 2886 2192 2925 eo
2223 2869 2362 2940 quod
2391 2871 2653 2941 scriptum
2702 2878 2818 2926 est:
2853 2891 2881 2920 «
2940 2870 3004 2924 Et
3048 2872 3209 2941 facta
3261 2877 3336 2925 est
3377 2871 3678 2928 multitudo

276 2932 542 3006 Indigent
573 2932 769 3002 itaque
797 2936 1060 3003 pastores
1091 2933 1401 3003 praesentia
1429 2931 1666 2987 Christi.
1709 2933 1920 2996 Quam-
2101 2931 2374 2996 exercitus
2403 2931 2651 3006 caelestis,
2683 2963 2710 2992 »
2745 2957 2917 3012 usque
2944 2941 3014 2996 ad
3039 2931 3163 2997 eum
3193 2941 3373 2996 locum
3401 2943 3502 2997 ubi
3532 2944 3623 2998 ait
3656 2960 3678 3000 :

272 3021 473 3078 obrem
505 3021 750 3094 angelus
780 3020 1082 3076 descendit
1135 3021 1207 3077 de
1266 3020 1428 3092 coelo,
1487 3026 1544 3077 et
1575 3021 1694 3077 ait:
1743 3022 1874 3077 Noli;

2103 3035 2141 3094 ί
2155 3014 2485 3068 Invenerunt
2505 3013 2736 3069 Mariam
2756 3015 3009 3071 ctJesum
3029 3015 3267 3084 positum
3286 3014 3348 3068 in
3362 3029 3625 3086 prasepe.
3645 3035 3673 3064 ››

270 3113 482 3167 timere.
516 3112 648 3166 Ecce
672 3098 821 3165 enim
850 3111 1122 3166 annuntio
1151 3111 1302 3166 vobis
1322 3110 1589 3180 gaudium
1634 3127 1916 3183 magnum.
2103 3083 2240 3155 cap'
2278 3101 2338 3140 ¹¹⁶

265 3199 416 3254 Vere
437 3198 716 3270 gaudium
738 3213 1043 3268 magnum,
1065 3199 1158 3254 his
1177 3199 1390 3271 quibus
1404 3199 1713 3255 hominum
1733 3200 1923 3256 fuerat
2101 3199 2386 3256 Dominus
2417 3205 2614 3257 noster
2643 3204 2817 3272 atque
2847 3199 3111 3257 Salvator
3138 3201 3398 3257 nascitur
3418 3201 3476 3256 in
3499 3199 3672 3257 Beth-

263 3291 320 3343 et
353 3285 784 3360 provinciarum
817 3301 959 3340 cura
1002 3286 1312 3357 permissa,
1359 3287 1656 3343 Christum
1687 3289 1919 3344 venisse
1949 3275 1992 3341 C
2029 3287 2314 3359 lehem,et
2338 3289 2654 3346 multitudo
2668 3289 2919 3346 caelestis
2936 3291 3222 3346 exercitus
3240 3289 3443 3346 laudat
3488 3289 3671 3346 Deum

269 3376 329 3432 in
363 3375 672 3431 mundum.
707 3374 954 3430 Multum
986 3374 1258 3429 utilitatis
1280 3376 1500 3446 accepit
1521 3376 1785 3448 angelus,
1811 3377 1911 3448 qui
2023 3377 2236 3432 etdicit
2260 3395 2272 3433 :
2300 3378 2483 3434 Gloria
2515 3381 2576 3433 in
2605 3380 2835 3435 excelsis
2864 3381 2989 3451 Deo,
3021 3383 3072 3435 et
3121 3395 3282 3451 super
3311 3387 3518 3435 terram
3549 3396 3668 3451 pax

267 3464 649 3536 dispensabat
675 3463 973 3536 Egyptias
1003 3477 1115 3528 res,
1144 3468 1455 3534 postquam
1489 3464 1773 3520 Dominus
1813 3467 1914 3521 de-
2021 3465 2333 3522 hominibus
2355 3468 2505 3523 bona:
2531 3469 2848 3524 voluntatis.
2875 3469 3005 3524 Haec
3020 3473 3214 3524 autem
3237 3468 3498 3540 loquitur
3519 3467 3668 3524 mul-

267 3552 495 3609 scendit
522 3566 552 3606 e
569 3550 733 3618 coelo,
751 3557 818 3606 ut
836 3551 1088 3622 Egyptii
1110 3550 1423 3608 Christiani
1442 3553 1664 3608 ﬁerent.
1692 3553 1914 3610 Profuit
2020 3555 2208 3610 titudo
2227 3555 2479 3612 caelestis
2496 3557 2804 3625 exercitus,
2823 3557 2962 3629 quia
2964 3558 2988 3629 j
2998 3573 3092 3612 am
3108 3557 3397 3613 defecerat
3417 3557 3672 3629 prebere

261 3645 319 3696 et
378 3640 628 3706 cunctis,
689 3640 788 3711 qui
846 3639 1108 3696 diversas
1167 3641 1492 3713 provincias
1549 3641 1907 3698 obtinebant.
2020 3641 2360 3699 hominibus
2390 3644 2694 3713 auxilium,
2729 3650 2786 3701 et
2814 3646 3047 3702 videbat
3082 3662 3145 3702 se
3175 3662 3323 3718 opus
3355 3645 3509 3717 quod
3556 3644 3670 3701 sibi

260 3727 434 3784 Verbi
456 3744 653 3796 causa,
705 3729 940 3800 praesidi
992 3730 1361 3802 Macedoniae,
1393 3730 1624 3802 praesidi
1661 3729 1906 3803 Achaiae,
2021 3732 2308 3787 creditum
2342 3733 2548 3799 fuerat,
2577 3734 2821 3807 implere
2853 3751 2968 3790 non
2998 3750 3170 3807 posse
3203 3735 3424 3806 absque
3471 3749 3537 3790 eo
3569 3733 3672 3806 qui

263 3817 744 3890 reliquarumque
775 3817 1100 3889 regionum.
1135 3819 1333 3891 Neque
1362 3821 1518 3875 enim
1551 3822 1638 3876 fas
1669 3826 1759 3876 est
1787 3837 1907 3877 cre-
2017 3836 2147 3875 vere
2178 3820 2402 3878 salvere
2433 3827 2678 3894 poterat,
2705 3827 2761 3879 et
2784 3822 3065 3894 praesules
3114 3839 3345 3895 quoque
3387 3823 3548 3896 ipsos
3569 3822 3669 3894 ju-

263 3907 400 3963 dere
431 3905 618 3963 malos
675 3905 914 3979 angelos
971 3909 1096 3962 suis
1158 3925 1407 3979 praeesse
1463 3909 1795 3981 provinciis,
1853 3914 1908 3967 et
2016 3925 2169 3977 vare,
2233 3913 2296 3966 ut
2353 3911 2620 3967 homines
2678 3911 3063 3968 salvarentur.
3131 3913 3430 3979 Quomodo
3487 3911 3668 3984 igitur

264 3996 449 4052 bonos
467 4012 582 4052 non
599 3998 834 4052 easdem
853 3995 1180 4068 provincias
1194 3997 1407 4053 habere
1425 3998 1764 4069 permissas.
1794 4001 1907 4055 lloc
2017 3998 2302 4070 scriptum
2334 4004 2423 4056 est
2451 4001 2509 4055 in
2561 4000 2872 4072 Evangelio
2899 4002 2940 4070 ⁹,
2995 4001 3150 4073 quod
3212 4001 3453 4074 quidam
3485 4000 3665 4056 remis

263 4089 459 4140 autem
481 4085 638 4157 quod
669 4085 740 4140 de
771 4084 1018 4158 singulis
1039 4086 1354 4158 provinciis
1375 4086 1534 4153 dicit,
1559 4092 1698 4158 puto
1729 4087 1906 4143 etiam
2017 4085 2312 4144 sulcantes
2333 4105 2493 4144 mare
2514 4089 2793 4144 adversus
2817 4090 3144 4146 contrarios
3161 4090 3500 4160 ventosjam
3521 4088 3663 4145 fessi

257 4173 328 4230 de
348 4174 636 4231 universis
665 4173 1007 4231 hominibus
1039 4174 1392 4246 generaliter
1420 4175 1627 4232 debere
1651 4177 1901 4234 credere.
2015 4181 2199 4242 erant,
2231 4181 2289 4231 et
2318 4177 2522 4249 viginti
2579 4178 2860 4250 quinque,
2918 4179 3038 4234 sive
3081 4178 3326 4252 triginta
3373 4177 3549 4234 stadii
3578 4176 3662 4234 la-

258 4261 584 4334 Unicuique
613 4264 728 4319 duo
760 4263 1048 4320 assistunt
1077 4264 1267 4338 angeli
1299 4265 1433 4337 (32),
1470 4264 1616 4322 alter
1637 4266 1902 4338 justitiae,
2014 4265 2308 4337 borantes,
2338 4270 2572 4338 portum
2619 4271 2816 4323 tenere
2870 4284 2986 4323 non
3033 4271 3321 4340 poterant,
3375 4270 3432 4322 et
3461 4270 3668 4339 postea

259 4349 406 4407 alter
432 4350 782 4422 iniquitatis.
845 4352 905 4406 Si
964 4353 1124 4408 bonae
1183 4354 1565 4427 cogitationes
1623 4355 1682 4410 in
1733 4356 1904 4410 corde
2011 4354 2295 4410 Dominus
2317 4355 2668 4427 supervenit,
2700 4361 2757 4411 et
2785 4357 3084 4428 quiescere
3127 4356 3262 4412 fecit
3312 4356 3527 4412 ﬂuctus
3567 4359 3666 4411 tu-

259 4444 459 4496 nostro
483 4439 717 4507 fuerint,
743 4445 799 4496 et
829 4441 886 4495 in
911 4442 1107 4497 animo
1131 4443 1368 4512 justitia
1396 4442 1718 4514 pullularit,
1744 4443 1900 4500 haud
2013 4451 2255 4512 mentes,
2281 4461 2606 4516 navemque
2629 4445 2798 4516 cujus
2825 4445 2958 4502 hinc
2982 4446 3117 4502 inde
3137 4444 3323 4502 latera
3341 4445 3667 4501 tundeban-

261 4528 505 4586 dubium
538 4528 682 4601 quin
713 4529 881 4585 nobis
929 4529 1205 4602 loquatur
1252 4531 1494 4604 angelus
1546 4532 1800 4588 Domini.
1841 4534 1900 4589 Si
2012 4537 2125 4597 tur,
2157 4533 2228 4587 ab
2261 4532 3666 4606 imminentidiscrimineliberavit;sicintellige

256 4634 389 4675 vero
422 4618 577 4675 mala
607 4619 823 4674 fuerint
851 4618 918 4712 in.
942 4622 1140 4674 nostro
1170 4621 1342 4675 corde
1368 4626 1614 4693 versata,
1642 4621 1903 4694 loquitur
1932 4647 1979 4712 D
2011 4621 2287 4693 quoniam
2309 4626 2365 4677 et
2393 4620 2582 4695 angeli
2604 4622 2874 4679 volebant
2895 4623 3134 4696 quidem
3153 4622 3496 4680 hominibus
3514 4639 3660 4696 prea-

256 4707 424 4764 nobis
455 4707 698 4781 angelus
728 4706 965 4764 diaboli.
991 4709 1292 4773 Quomodo
1311 4708 1489 4780 igitur
1507 4727 1608 4782 per
1635 4711 1900 4783 singulos
1932 4706 1970 4712 —
2012 4711 2146 4766 bere
2167 4711 2471 4782 auxilium,
2495 4712 2646 4767 eteis
2671 4714 2742 4768 ab
2765 4713 3242 4785 aegrotationibus
3265 4713 3388 4769 suis
3406 4713 3665 4769 tribuere

256 4795 525 4853 homines
549 4796 837 4854 281-82
855 4796 978 4852 bini
1001 4801 1140 4852 sunt
1159 4796 1370 4869 angeli,
1403 4798 1486 4853 sic
1517 4799 1723 4870 opinor
1753 4803 1809 4855 et
1838 4800 1896 4855 in
2011 4801 2342 4869 sanitatem,
2379 4801 2516 4872 quia
2546 4817 2730 4857 omnes
2757 4810 2884 4858 sunt
2931 4804 3283 4874 apparitores
3336 4803 3568 4874 spiritus
3597 4803 3662 4856 in

257 4883 507 4956 singulis
538 4885 805 4958 dispares
835 4902 963 4942 esse
993 4886 1330 4959 provinciis,
1364 4891 1430 4942 ut
1477 4886 1596 4942 sint
1645 4891 1701 4944 et
1742 4888 1898 4961 boni,
2008 4892 2381 4947 ministerium
2406 4892 2564 4947 missi
2585 4899 2793 4962 propter
2831 4908 2917 4948 eos
2957 4893 3054 4964 qui
3100 4893 3375 4948 consecuti
3415 4894 3547 4947 sunt
3574 4906 3664 4947 sa-

262 4972 382 5028 sint
402 4977 456 5028 et
479 4974 637 5029 mali.
665 4974 835 5031 Verbi
853 4975 1062 5048 gratia,
1095 4976 1155 5030 in
1184 4974 1408 5047 Epheso
1431 4980 1667 5047 propter
1682 4993 1779 5033 eos
1801 4977 1903 5050 qui
2011 4980 2181 5036 lutem
2205 4981 2247 5016 ¹⁰
2273 4998 2285 5036 :
2320 4980 2420 5052 qui
2451 4985 2740 5052 quantum
2772 4981 2831 5036 in
2863 4981 2986 5038 suis
3033 4980 3257 5037 viribus
3313 4984 3440 5037 erat
3488 4979 3663 5051 adju-

259 5060 319 5116 in
347 5060 449 5118 illa
478 5064 622 5119 urbe
647 5068 976 5134 peccatores
1006 5070 1190 5135 erant,
1242 5064 1482 5137 pessimi
1531 5065 1721 5138 angeli
1753 5083 1901 5139 prae-
2009 5069 2222 5124 vahant
2251 5069 2540 5124 homines.
2575 5068 2867 5126 Videbant
2890 5075 3086 5127 autem
3111 5070 3295 5126 multo
3317 5069 3656 5125 inferiorem

261 5150 549 5206 sidebant.
588 5151 814 5207 Rursus
846 5152 984 5224 quia
1006 5154 1176 5210 multi
1199 5160 1364 5210 erant
1391 5155 1691 5211 credentes
1722 5157 1780 5212 in
1813 5174 1901 5229 ea,
2011 5175 2178 5214 suam
2200 5174 2327 5212 esse
2343 5157 2715 5225 medicinam,
2741 5176 2918 5230 quam
2940 5159 3178 5216 illorum
3197 5175 3341 5214 cura
3358 5157 3656 5231 poscebat.

256 5245 380 5295 erat
398 5245 456 5296 et
475 5240 719 5313 angelus
745 5241 1010 5297 Ecclesiae
1032 5243 1439 5314 Ephesiorum,
1465 5243 1667 5316 utique
1689 5247 1900 5303 bonus.
2011 5248 2186 5302 Porro
2222 5251 2284 5301 ut
2311 5247 2383 5301 de
2413 5247 2675 5319 exemplo
2708 5249 2899 5319 possis
2931 5248 3257 5321 intelligere
3306 5247 3462 5320 quod
3509 5245 3660 5302 dici-

260 5327 375 5383 Hoc
402 5331 600 5384 autem
622 5329 777 5401 quod
794 5328 864 5385 de
886 5328 1110 5401 Epheso
1131 5331 1405 5403 diximus,
1429 5349 1606 5405 super
1623 5336 1903 5392 omnibus
2012 5353 2167 5401 mus,
2194 5335 2322 5390 vide
2353 5336 2498 5392 mihi
2532 5337 2734 5392 urbem
2767 5337 2824 5391 in
2857 5354 2974 5408 qua
2992 5341 3277 5410 aegrotent
3308 5336 3574 5409 plurimi,
3606 5338 3664 5391 et

330 5455 351 5489 ⁵
382 5454 404 5509 Ι
433 5453 562 5509 Cor.
597 5471 682 5522 ιιι,
714 5457 769 5512 9.
801 5456 847 5490 δ’
867 5455 1035 5512 Joan.
1071 5473 1126 5522 x,
1151 5457 1236 5510 11.
1268 5458 1289 5492 ⁸
1320 5457 1529 5529 Ephes.
1565 5476 1638 5530 1v,
1676 5463 1762 5531 11,
1798 5463 1863 5516 12

264 5526 308 5563 ¹⁰
340 5525 510 5582 Hebr.
543 5542 584 5594 ι,
619 5527 700 5581 14.

2058 5467 2110 5518 :t.
2158 5478 2272 5530 xw,
2305 5462 2358 5516 9.
2391 5463 2412 5496 ⁸
2460 5462 2624 5518 Deut.
2676 5478 2836 5518 χχιιι.
2868 5463 2923 5532 7,
2956 5463 3009 5518 8.
3043 5463 3064 5498 °
3092 5463 3299 5518 Joann.
3332 5477 3410 5530 vx,
3447 5460 3660 5532 18,-21.

301 5648 448 5734 ,(32)
476 5647 556 5705 De
586 5645 810 5722 angelis
839 5644 1148 5734 hominum
1178 5645 1724 5734 provinciarumque
1745 5651 2022 5734 custodias
2049 5651 2356 5734 praefectis
2390 5667 2459 5734 ea
2480 5649 2780 5734 ‘Qrigenis
2835 5654 3126 5722 sententia
3181 5655 3304 5734 (qui
3333 5661 3534 5722 tamen
3581 5649 3664 5726 βί-

331 5671 448 5722 ςοι)
476 5671 556 5705 ue
586 5671 810 5722 angens
839 5671 1148 5703 uuuuuum
1178 5671 1724 5723 pruvmclarumque
1745 5671 2020 5713 custoum
2091 5671 2334 5715 reat‘ectls
2390 5671 2459 5712 ex
2514 5671 2570 5710 υ]

256 5719 442 5787 bimet
467 5735 681 5803 parum
709 5720 988 5803 09119th
1016 5717 1150 5801 fuit)
1183 5717 1446 5782 dicemus
1476 5723 1651 5801 paulo
1680 5723 1926 5805 inferius
1953 5729 2028 5790 ad
2049 5671 2258 5794 homil.
2290 5728 2361 5787 23
2391 5731 2449 5788 et
2479 5725 2570 5808 35ε
