4058 6190
336 339 452 404 261

785 334 1280 402 TRANSLATIO
1324 333 1828 404 HOMILIARUM
1872 333 2240 404 ORIGENIS
2283 339 2362 402 IN
2404 305 2696 405 DUCAM.
2730 373 2809 386 —
2837 337 3110 404 HOMIL.
3155 336 3316 405 XIII.

3632 336 3750 403 263

340 470 706 531 medicorum
726 469 1582 542 frequensadhibeaturmanus
1601 489 1613 528 :
1635 473 1997 530 sintdiversa
2023 475 2078 542 Α
2107 478 2329 546 patens.
2360 473 2432 530 Et
2461 473 2752 547 quomodo
2784 473 2958 529 homo
2990 473 3040 529 si
3081 475 3458 531 commissam
3489 474 3602 531 sibi
3631 475 3751 535 dis-

336 562 603 632 vulnera,
629 559 894 633 quotidie
914 559 975 614 in
997 565 1322 617 emortuam
1365 579 1600 619 carnem
1629 579 1871 634 serpens
1893 581 1996 635 pu-

339 652 509 710 tredo
534 653 827 723 penetret:
854 653 911 704 et
929 652 1126 704 tamen
1144 649 1353 706 medici
1377 651 1476 722 qui
1501 651 1745 707 adhibiti
1768 657 1906 707 sunt
1923 652 1994 708 ad

345 741 693 806 curandum,
716 741 1012 810 nequeant
1024 735 1135 794 alia
1147 739 1299 795 ultra
1316 740 1572 796 invenire
1585 741 1994 812 medicamina,

343 835 402 887 et
430 828 573 889 artis
606 843 731 884 sua:
760 825 1006 883 scientia
1059 829 1524 909 magnitudinem
1560 831 1698 886 mali
1730 829 1994 899 vincere;

343 935 484 976 cum
510 918 636 973 hac
664 916 725 972 in
755 914 976 972 talibus
1026 917 1180 973 nacti
1235 917 1372 989 sint,
1406 917 1632 974 eveniat
1661 918 1875 990 aliquis
1906 935 1998 973 ar-

346 1007 576 1065 chiater
604 1004 703 1078 qui
724 1005 938 1062 habeat
961 1021 1260 1062 summam
1281 1006 1340 1061 in
1369 1011 1491 1063 arte
1511 1006 1802 1076 notitiam,
1835 1012 1891 1064 et
1914 1007 1998 1062 illi

351 1096 458 1168 qui
488 1095 649 1168 prius
697 1110 905 1150 sanare
954 1094 1336 1166 nequiverant
1382 1099 1684 1152 cernentes
1731 1095 2002 1170 magistri

353 1201 534 1241 manu
561 1183 899 1256 putredines
921 1199 1153 1239 cessare
1176 1184 1508 1254 vulnerum,
1533 1203 1648 1241 non
1679 1185 2000 1258 invideant,

351 1291 470 1331 non
500 1272 681 1330 livore
710 1272 1060 1339 crucientur,
1095 1273 1196 1328 sed
1236 1273 1297 1329 in
1329 1272 1534 1330 laudes
1567 1279 1880 1349 erumpant
1907 1293 2005 1332 ar-

347 1363 659 1432 chiatri,et
687 1361 1003 1434 praedicent
1031 1362 1216 1418 Deum
1249 1363 1349 1434 qui
1373 1367 1430 1418 et
1456 1363 1568 1418 sibi
1597 1369 1654 1420 et
1683 1364 2006 1437 aegrotanti-

347 1455 460 1511 bus
489 1455 664 1508 tantae
694 1450 953 1506 scientiae
984 1451 1286 1508 hominem
1317 1453 1561 1521 miserit,
1597 1453 1659 1509 In
1689 1454 1841 1511 hanc
1871 1471 2006 1527 ergo

351 1540 803 1598 similitudinem
855 1543 912 1595 et
958 1539 1272 1597 multitudo
1322 1542 1610 1598 exercitus
1666 1543 2007 1616 angelorum

350 1630 554 1687 audita
585 1633 675 1685 est
722 1628 959 1684 dicens:
1014 1629 1206 1685 Gloria
1231 1632 1293 1684 in
1339 1631 1565 1686 excelsis
1607 1632 1732 1700 Deo,
1767 1640 1820 1688 et
1844 1649 2010 1704 super

351 1727 556 1775 terram
583 1733 697 1789 paa:
723 1718 784 1772 in
813 1716 1130 1773 hominibus
1159 1719 1310 1774 bona
1335 1719 1654 1776 voluntatis.
1690 1723 2008 1793 Postquam

352 1807 510 1864 enim
543 1806 829 1863 Dominus
874 1805 1033 1862 venit
1079 1807 1152 1862 ad
1203 1811 1440 1877 terram,
1488 1826 1691 1881 pacem
1741 1811 1875 1866 fecit
1907 1829 2011 1884 per

350 1896 701 1970 sanguinem
747 1896 937 1952 crucis
986 1896 1296 1962 suaa,'sive
1350 1914 1553 1954 eorum
1587 1917 1712 1970 quae
1761 1900 2007 1957 interra

351 1991 541 2054 erant,
566 1985 686 2042 sive
715 2001 918 2041 eorum
952 2001 1078 2057 qua:
1104 1985 1164 2041 in
1197 1985 1358 2042 ccelis
1389 1988 1452 2042 “.
1480 1988 1778 2060 Siquidem
1808 1989 2003 2046 volen-

351 2079 442 2132 tes
473 2074 664 2148 angeli
693 2077 759 2129 ut
798 2074 1241 2130 recordarentur
1281 2075 1550 2132 homines
1579 2079 1856 2134 creatoris
1888 2079 2002 2149 sui,

352 2181 490 2221 cum
523 2163 798 2220 fecissent
826 2162 1025 2218 omnia
1072 2180 1199 2235 quae
1229 2163 1289 2219 in
1320 2164 1444 2220 suis
1470 2165 1694 2222 viribus
1723 2171 1907 2234 erant,
1941 2171 2007 2222 ut

352 2257 731 2320 sanarentur,
761 2256 818 2308 et
860 2251 1189 2308 noluissent
1234 2252 1318 2308 illi
1349 2254 1636 2326 respicere
1665 2256 2000 2327 sanitatem,

357 2346 612 2399 cernunt
637 2357 767 2397 eum
797 2341 899 2413 qui
932 2358 1139 2398 sanare
1168 2343 1379 2414 potuit,
1413 2347 1469 2398 et
1498 2343 1893 2416 glorificantes
1923 2345 2006 2400 di-

358 2436 546 2488 cunt:
582 2430 761 2486 Gloria
785 2433 846 2486 in
889 2431 1119 2487 excelsis
1169 2436 1285 2488 Deo
1314 2440 1364 2488 et
1414 2448 1576 2503 super
1620 2438 1829 2489 terram
1867 2451 2002 2506 pax.

353 2520 623 2591 Diligens
650 2520 954 2592 Scriptura;
983 2520 1164 2576 lector
1193 2521 1454 2592 inquirat
1481 2523 1774 2594 quomodo
1808 2523 2004 2579 Salva-

353 2614 452 2666 tor
479 2608 741 2682 loquitur
786 2609 866 2664 “:
899 2613 1021 2666 Non
1067 2611 1195 2665 veni
1231 2626 1422 2681 pacem
1453 2614 1667 2667 mittere
1705 2629 1867 2684 super
1893 2617 2005 2668 ter-

355 2716 506 2766 ram,
536 2699 635 2755 sed
661 2697 928 2770 gladium,
960 2701 1018 2753 et
1047 2715 1205 2754 nunc
1239 2699 1429 2772 angeli
1460 2700 1518 2754 in
1551 2703 1678 2772 ejus
1709 2701 2008 2758 nativitate

357 2788 694 2858 decantant,
742 2803 907 2859 super
951 2796 1156 2844 terram
1182 2803 1316 2857 pax.
1366 2789 1668 2861 Siquidem
1701 2797 1755 2846 et
1801 2791 1860 2846 in
1895 2791 2008 2847 alio

357 2876 486 2934 loco
515 2893 585 2932 ex
640 2891 893 2949 persona
943 2875 1132 2949 ipsius
1190 2876 1441 2935 dicitur:
1501 2885 1698 2934 Pacem
1736 2896 1914 2936 meam
1943 2880 2010 2936 do

357 2966 542 3035 vobis,
571 2981 760 3037 pacem
803 2966 1052 3038 relinquo
1077 2965 1226 3021 vobis
1263 3008 1274 3020 .
1307 2966 1425 3022 Non
1468 2969 1616 3023 sicut
1641 2969 1882 3024 mundus
1910 2972 2014 3025 iste

360 3055 458 3112 dat
482 3071 672 3128 pacem
700 3070 794 3126 ego
818 3054 884 3110 do
927 3070 1119 3126 pacem
1149 3055 1211 3111 13.
1252 3054 1465 3112 Vident
1511 3073 1646 3130 ergo
1677 3060 1832 3130 quod
1865 3059 2010 3115 infe-

361 3145 571 3215 rimus,
603 3148 706 3201 aut
734 3144 922 3217 possit
951 3143 1170 3201 solvere
1201 3146 1604 3216 quaestionem.
1637 3147 1695 3202 Si
1725 3147 2012 3219 scriptum

2104 563 2507 634 pensationem
2537 564 2684 619 bene
2731 562 2932 635 egerit,
2982 561 3256 618 laudatur
3303 580 3336 620 a
3381 563 3666 622 Domino:
3700 567 3751 623 si

2104 651 2274 719 male,
2311 651 2493 725 culpae
2524 657 2581 708 et
2608 651 2744 707 vitio
2776 652 3073 723 subjacet:
3104 651 3187 706 sic
3218 655 3274 707 et
3302 653 3562 725 angelus.
3592 655 3751 712 Scri-

2106 746 2275 813 ptum
2307 746 2398 798 est
2435 742 2592 797 enim
2624 742 2683 797 in
2723 741 3065 814 Apocalypsi
3093 741 3376 797 Joannis:
3429 743 3534 800 Sed
3591 744 3754 802 habes

2107 831 2186 885 ibi
2233 833 2461 886 nomina
2504 848 2678 904 pauca
2723 845 2847 902 quae
2897 831 3218 902 polluerunt
3262 830 3426 897 illud,
3467 831 3555 887 vel
3586 833 3750 889 illud.

2108 919 2175 974 Et
2220 936 2464 976 rursus:
2513 920 2684 975 Habes
2731 920 2814 974 ibi
2857 921 2955 991 qui
2997 919 3307 975 doctrinam
3359 921 3757 977 Nicolaitarum

2109 1008 2330 1064 doceant
2375 1010 2455 1063 15:
2505 1025 2572 1065 ac
2623 1009 2832 1064 deinde
2875 1008 3057 1064 habes
3106 1008 3207 1065 illa
3257 1008 3347 1064 vel
3397 1009 3498 1065 illa
3526 1017 3763 1082 peccata

2111 1097 2409 1168 facientes,
2469 1104 2526 1154 et
2576 1103 2926 1154 accusantur
2984 1096 3196 1170 angeli,
3260 1099 3475 1170 quibus
3529 1100 3761 1156 creditae

2113 1191 2252 1243 sunt
2299 1185 2583 1242 Ecclesiae.
2636 1187 2695 1242 Si
2745 1192 2942 1242 autem
2991 1185 3214 1260 angelis
3268 1187 3600 1244 sollicitudo
3650 1193 3761 1260 est,

2113 1277 2403 1346 quomodo
2427 1275 2694 1331 Ecclesia:
2715 1274 3136 1347 gubernantur,
3163 1275 3302 1346 quid
3326 1293 3560 1334 necesse
3585 1281 3674 1334 est
3693 1278 3767 1334 de

2115 1363 2456 1420 hominibus
2503 1365 2712 1432 dicere,
2763 1368 3053 1435 quantum
3103 1367 3325 1420 metum
3372 1364 3646 1433 habeant,
3700 1369 3767 1421 ul.

2115 1453 2344 1525 possint
2360 1470 2494 1510 cum
2513 1453 2736 1526 angelis
2751 1451 3154 1508 laborantibus
3167 1451 3500 1510 laborantes
3513 1453 3766 1511 salutem

2117 1542 2438 1615 consequi?
2459 1543 2576 1616 Ego
2598 1546 2737 1614 puto
2761 1541 3005 1598 inveniri
3025 1540 3202 1597 simul
3224 1559 3391 1612 posse
3412 1546 3468 1598 et
3490 1543 3766 1616 angelum

2117 1637 2172 1688 et
2200 1633 2500 1688 hominem
2531 1632 2714 1687 bonos
2744 1630 3014 1687 Ecclesiae
3042 1631 3366 1703 episcOpos,
3399 1636 3456 1687 et
3479 1633 3768 1704 quodam-

2119 1723 2292 1777 modo
2314 1722 2491 1777 unius
2523 1721 2712 1793 operis
2725 1737 2852 1777 esse
2874 1721 3207 1792 participes.
3225 1721 3386 1787 Quod
3410 1737 3544 1777 cum
3567 1721 3648 1778 ita
3671 1722 3766 1790 sit,

2119 1816 2388 1882 petamus
2403 1810 2865 1882 omnipotentem
2885 1809 3093 1876 Deum,
3113 1814 3174 1864 ut
3195 1810 3384 1882 angeli
3403 1815 3459 1865 et
3475 1810 3768 1878 homines,

2117 1899 2503 1956 Ecclesiarum
2562 1898 2839 1970 episcOpi,
2897 1898 3236 1968 adjumento
3294 1898 3658 1969 sint'nobis,
3713 1905 3772 1955 et

2113 1988 2371 2044 sciamus
2405 1988 2682 2059 quoniam
2705 1987 2939 2058 utrique
2960 2002 3063 2058 pro
3087 1986 3254 2042 nobis
3285 2003 3318 2041 a
3344 1988 3586 2043 Domino
3609 1989 3771 2060 judi-

2114 2081 2338 2133 centur.
2363 2078 2525 2141 Quod
2557 2077 2606 2132 si
2628 2075 2710 2130 illi
2744 2074 3244 2145 fuerintjudicati,
3277 2079 3334 2130 et
3353 2075 3566 2132 vitium
3594 2082 3770 2150 atque

2113 2171 2419 2238 peccatum
2450 2181 2566 2220 non
2597 2165 2656 2220 in
2683 2181 2886 2220 eorum
2924 2162 3172 2230 incuria,
3208 2165 3310 2220 sed
3343 2164 3402 2220 in
3437 2169 3635 2223 nostra
3664 2183 3766 2222 ne-

2113 2255 2392 2328 gligentia
2450 2243 2623 2310 fuerit
2682 2254 3009 2322 inventum,
3059 2270 3168 2310 nos
3220 2269 3537 2326 arguemur
3593 2259 3768 2327 atque

2112 2343 2454 2416 plectemur.
2492 2343 2610 2398 Illis
2660 2342 2816 2398 enim
2857 2343 3128 2398 universa
3174 2342 3540 2411 facientibus,
3575 2348 3631 2399 et
3660 2361 3762 2417 pro

2114 2437 2314 2488 nostra
2341 2432 2526 2488 salute
2576 2431 2919 2497 nitentibus,
2967 2448 3075 2486 nos
3126 2431 3512 2488 nihilominus
3560 2450 3594 2488 a
3634 2451 3766 2506 pec-

2115 2522 2259 2578 catis
2289 2521 2647 2578 vacabimus.
2681 2521 2858 2577 Porro
2892 2521 3224 2592 frequenter
3260 2523 3470 2589 evenit,
3504 2527 3571 2577 ut
3600 2523 3771 2580 nobis

2116 2611 2541 2682 laborantibus,
2572 2610 2656 2666 illi
2691 2628 2864 2666 suum
2896 2610 3156 2666 ofﬁcium
3189 2627 3303 2665 non
3330 2610 3602 2683 expleant
3629 2618 3686 2668 et
3707 2614 3768 2670 in

2117 2701 2306 2774 culpis
2337 2701 2473 2757 sint.
2505 2702 2571 2756 Et
2595 2703 2803 2772 factum
2849 2703 2946 2768 est,
2981 2699 3196 2771 inquit,
3244 2716 3366 2755 cum
3408 2702 3674 2757 abiissent
3703 2703 3775 2758 ab

2117 2793 2196 2847 eis
2227 2791 2412 2862 angeli
2460 2791 2521 2845 in
2556 2791 2734 2857 caelos,
2765 2797 3008 2860 pastores
3055 2789 3318 2843 dixerunt
3365 2791 3451 2845 ad
3492 2791 3730 2846 invicem
3755 2809 3774 2845 :

2121 2881 2476 2935 Transeamus
2496 2894 2665 2950 usque
2681 2877 3011 2946 Bethlehem,
3035 2879 3087 2932 el
3117 2877 3395 2932 videamus
3418 2876 3517 2933 hoc
3539 2880 3775 2934 verbum

2121 2968 2260 3040 quod
2285 2973 2495 3040 factum
2523 2975 2618 3035 est,
2653 2965 2792 3038 quod
2821 2967 3088 3021 Dominus
3117 2966 3360 3020 ostendit
3393 2966 3571 3021 nobis.
3612 2966 3776 3023 Vene-

2120 3065 2251 3113 runt
2274 3058 2618 3128 festinantes,
2652 3059 2704 3110 et
2751 3057 3078 3110 invenerunt
3131 3054 3372 3109 Mariam
3418 3057 3471 3110 et
3497 3055 3696 3127 Joseph
3725 3060 3781 3112 et

2120 3149 2380 3200 Puerum.
2416 3144 2523 3208 Qui
2565 3142 2907 3198 festinantes
2934 3146 3232 3212 venerant,
3266 3145 3324 3198 et
3353 3159 3468 3197 non
3501 3145 3776 3217 pedeten-

363 3237 539 3302 esset,
571 3249 736 3306 super
783 3237 986 3289 terram
1030 3249 1168 3305 pax,
1217 3237 1274 3289 et
1319 3235 1624 3306 hucusque
1663 3240 1818 3292 esset
1847 3217 2013 3293 finita
2041 3217 2085 3286 (ἶ
2120 3234 2250 3305 tim,
2274 3249 2462 3304 neque
2485 3232 2636 3288 fesso
2658 3232 2866 3304 gradu,
2889 3230 3018 3286 ideo
3041 3230 3392 3287 invenerunt
3417 3231 3636 3304 Joseph
3663 3232 3782 3288 dis-

362 3321 676 3394 sententia,
707 3326 862 3378 recte
894 3322 1136 3394 quaestio
1187 3328 1543 3379 nasceretur.
1596 3324 1760 3379 Nunc
1790 3341 1920 3380 vero
1951 3325 2012 3382 in

364 3427 431 3468 eo
463 3411 620 3484 quod
653 3411 920 3466 additum
945 3414 1053 3484 est,
1085 3410 1195 3466 hoc
1217 3417 1326 3482 est,
1358 3413 1512 3484 quod
1545 3418 1676 3484 post
1705 3429 1906 3485 pacem
1933 3414 2016 3470 di-

365 3501 536 3569 citur,
571 3501 632 3555 in
656 3499 968 3556 hominibus
990 3501 1140 3555 bona
1167 3500 1471 3558 voluntatis
1502 3502 1638 3576 (33),
1663 3502 1836 3560 solvit
1864 3519 2016 3575 (ιυω-

367 3591 644 3646 stionem.
678 3589 792 3645 Pax
820 3588 976 3644 enim
1024 3605 1201 3661 quam
1233 3607 1347 3645 non
1388 3590 1488 3645 dat
1528 3591 1811 3648 Dominus
1841 3609 2018 3664 super

368 3688 607 3746 terram,
640 3695 758 3735 non
789 3682 878 3734 est
906 3695 1017 3750 pax
1044 3678 1208 3734 bonae
1263 3678 1598 3736 voluntatis.
1633 3681 1829 3754 Neque
1860 3681 2017 3737 enim

369 3769 452 3825 ait
480 3767 843 3842 simpliciter,
891 3772 1015 3824 Non
1065 3770 1194 3823 veni
1231 3784 1418 3839 pacem
1469 3771 1704 3838 mittere,
1754 3772 1855 3827 sed
1883 3787 2018 3826 cum

370 3857 797 3925 additamento,
821 3873 988 3929 super
1021 3862 1265 3913 terram:
1298 3874 1488 3929 neque
1531 3860 1821 3916 contrario
1851 3861 2018 3929 dixit,

370 3960 490 4002 non
517 3946 646 4000 veni
669 3960 852 4018 pacem
869 3947 1084 4002 mittere
1104 3961 1269 4018 super
1291 3949 1498 4001 terram
1526 3945 1841 4002 hominibus
1867 3946 2024 4004 bonae

371 4035 695 4092 voluntatis.
720 4032 847 4090 Haec
869 4033 1022 4090 288
1047 4033 1148 4089 84
1169 4033 1344 4091 locuti
1367 4039 1507 4091 sunt
1527 4034 1719 4108 angeli
1740 4036 1810 4092 ad
1835 4040 2025 4108 pasto-

372 4141 488 4196 res,
520 4123 619 4195 qui
667 4138 784 4179 non
833 4122 1024 4180 solum
1054 4140 1120 4179 eo
1168 4127 1429 4196 tempore
1476 4123 1887 4197 loquebantur,
1920 4126 2022 4181 sed

372 4230 562 4287 usque
591 4212 767 4269 hodie
797 4211 909 4268 nisi
937 4212 1113 4270 locuti
1162 4214 1378 4270 fuerint
1407 4214 1479 4269 ad
1510 4218 1794 4286 pastores,
1828 4219 1885 4270 et
1916 4232 2026 4272 sua

373 4304 460 4360 eis
490 4319 668 4375 opera
697 4302 1050 4375 copularint,
1082 4302 1302 4358 dicitur
1332 4303 1403 4358 ad
1445 4319 1578 4360 eos:
1612 4305 1734 4359 Nisi
1761 4305 2027 4360 Dominus

372 4392 732 4464 aediﬁcaverit
759 4391 995 4460 domum,
1029 4393 1091 4446 in
1114 4407 1319 4446 vanum
1356 4391 1740 4448 laboraverunt
1768 4395 1864 4465 qui
1891 4392 2028 4450 aedi-

369 4479 547 4552 ﬁlant
593 4496 732 4536 eam.
784 4481 906 4536 Nisi
949 4480 1210 4536 Dominus
1261 4479 1578 4536 custodierit
1622 4483 1915 4549 civitatem,
1966 4483 2026 4537 in

2123 3327 2488 3396 pensatorem
2519 3325 2682 3377 ortus
2713 3319 3020 3386 Dominici,
3055 3324 3113 3374 et
3139 3318 3382 3387 Mariam
3413 3336 3540 3392 qua
3571 3320 3776 3376 Jesum

2124 3412 2275 3468 fudit
2305 3411 2362 3465 in
2395 3415 2650 3483 partum,
2685 3414 2742 3465 et
2768 3409 2964 3481 ipsum
3004 3407 3364 3463 Salvatorem
3388 3409 3682 3478 jacentem
3715 3409 3776 3465 in

2125 3500 2426 3574 praesepio.
2461 3499 2608 3555 Illud
2661 3503 2802 3566 erat,
2835 3499 2906 3553 de
2953 3513 3069 3568 quo
3100 3496 3385 3570 propheta
3424 3497 3779 3555 vaticinatus

2125 3596 2214 3647 est
2243 3589 2482 3646 dicens:
2534 3588 2790 3659 Cognovit
2837 3587 2925 3642 bos
2963 3602 3329 3658 possessorem
3370 3603 3551 3659 suum,
3581 3595 3636 3642 et
3665 3603 3778 3642 ast-

2126 3697 2232 3735 nus
2258 3693 2498 3751 praesepe
2517 3677 2729 3734 domini
2755 3677 2846 3731 sui
2876 3677 2938 3730 ¹⁶.
2963 3676 3074 3732 Bos
3104 3674 3322 3731 animal
3347 3676 3638 3732 mundum
3669 3680 3779 3748 est,

2130 3769 2331 3825 asinus
2353 3766 2568 3823 animal
2586 3766 2982 3821 immundum.
3006 3764 3284 3838 Cognovit
3300 3765 3503 3822 asinus
3523 3783 3784 3839 praesepe

2130 3856 2353 3913 domini
2401 3856 2515 3911 sui.
2548 3855 2674 3910 Non
2724 3855 2976 3926 populus
3005 3853 3181 3910 Israel
3229 3853 3496 3926 cognovit
3525 3869 3782 3926 praesepe

2131 3946 2353 4003 domini
2402 3945 2514 4014 sui,
2567 3945 2667 4000 sed
2698 3944 3075 4000 immundum
3126 3941 3342 3999 animal
3388 3959 3458 3998 ex
3484 3942 3779 4014 gentibus.

2130 4037 2299 4092 Israel
2330 4051 2454 4092 vero
2483 4051 2574 4090 me
2603 4051 2712 4091 non
2738 4035 3001 4105 cognovit,
3034 4036 3088 4087 et
3120 4031 3356 4105 papulas
3387 4048 3537 4088 meus
3560 4047 3645 4087 me
3672 4047 3785 4087 non

2133 4125 2410 4180 intellexit
2443 4124 2532 4178 ιδ’.
2560 4122 2955 4193 Intelligentes
2978 4121 3086 4177 hoc
3111 4137 3388 4193 praesepe,
3412 4119 3670 4176 nitamur
3690 4137 3786 4177 co-

2133 4229 2410 4286 gnoscere
2439 4212 2778 4275 Dominum,
2813 4215 2870 4266 et
2898 4210 3062 4282 digni
3095 4209 3219 4265 ﬁeri
3250 4209 3494 4266 scientia
3519 4211 3668 4282 ejus,
3701 4227 3788 4267 as-

2135 4318 2367 4359 sumere
2399 4316 2631 4373 quoque
2661 4299 3020 4356 nativitatem
3057 4303 3113 4355 et
3141 4298 3628 4356 resurrectionem
3659 4315 3785 4355 car-

2136 4392 2228 4447 nis
2257 4393 2405 4462 ejus,
2440 4389 2540 4446 sed
2573 4393 2629 4444 et
2676 4387 2957 4460 inclytum
2990 4405 3056 4444 ac
3105 4389 3431 4445 secundum
3463 4388 3787 4460 majestatis

2135 4482 2263 4553 ejus
2295 4479 2632 4544 adventum,
2666 4477 2759 4532 cui
2799 4481 2890 4532 est
2932 4476 3118 4550 gloria
3164 4482 3222 4534 et
3248 4478 3562 4550 imperium
3591 4476 3652 4532 in
3681 4493 3788 4532 sae-

372 4587 585 4627 vanum
635 4569 909 4627 laborabit
954 4572 1053 4642 qui
1096 4569 1327 4626 custodit
1372 4585 1494 4624 eam
1541 4571 1602 4624 ¹⁴.
1655 4571 1714 4626 Si
1753 4573 2029 4628 audacter
2058 4589 2104 4653 Β
2137 4568 2268 4626 cula
2297 4566 2667 4624 saeculorum.
2705 4570 2911 4622 Amen.

373 4659 610 4731 expedit
641 4659 803 4732 loqui
847 4659 1283 4730 Scripturarum
1332 4674 1572 4714 sensum
1604 4662 1893 4731 sequenti,
1928 4679 2030 4734 per

373 4747 644 4820 singulas
671 4747 960 4804 Ecclesiae
990 4748 1102 4820 (34)
1124 4746 1245 4802 bini
1287 4754 1427 4802 sunt
1457 4747 1734 4820 episcopi,
1769 4749 1920 4805 alius
1948 4751 2032 4806 vi-

373 4835 594 4909 sibilis,
617 4836 769 4893 alius
793 4835 1104 4893 invisibilis
1129 4854 1142 4891 :
1176 4834 1272 4891 ille
1300 4835 1450 4892 visui
1477 4835 1690 4906 carnis,
1714 4836 1809 4894 hic
1832 4839 2033 4895 sensui

451 4954 493 5024 {‘
541 4951 766 5019 Coloss,
813 4970 875 5024 1,,
915 4953 1006 5007 20.
1057 4953 1102 4987 ¹²
1147 4951 1352 5008 Matth.
1403 4968 1458 5022 x,
1509 4952 1597 5006 34.

375 5025 420 5062 σι
455 5023 566 5081 Isa.
604 5041 644 5095 ι,
677 5025 732 5094 3,
767 5024 810 5060 ιθ
837 5023 1006 5080 ibid.

448 5151 562 5222 (33)
593 5148 1003 5222 Genebrardus
1033 5147 1152 5222 ait:
1205 5148 1369 5220 Legit
1397 5163 1532 5222 ergo
1585 5147 1862 5222 Origenes
1893 5167 2029 5207 cum

381 5219 624 5289 Latinis,
660 5221 816 5278 bona
844 5220 1160 5286 voluntatis,
1195 5219 1310 5274 non
1344 5225 1408 5274 ut
1437 5219 1737 5288 Graeculis,
1771 5224 2030 5279 bona’vo-

380 5295 590 5350 lnntas.

455 5365 568 5446 (34)
599 5364 820 5420 Demus
848 5361 1184 5448 Adamantii
1219 5361 1484 5448 ingenio,
1512 5362 1666 5432 quod
1685 5362 1780 5448 ita
1808 5369 2031 5448 Apoca-

379 5435 566 5509 lypsis
619 5453 861 5509 cap._x1
887 5435 1092 5509 locum
1152 5435 1586 5509 interpretetur,
1639 5438 1703 5509 _et
1731 5435 2034 5506 geminum

381 5503 637 5580 singulis
659 5503 931 5580 Ecclesiis
951 5507 1294 5580 episcopum
1308 5503 1576 5580 deputet,
1600 5503 1849 5561 alterum
1876 5525 2037 5580 aspe-

378 5576 682 5648 ctabilem,
705 5579 953 5636 alterum
975 5576 1088 5635 sub
1111 5576 1312 5649 oculos
1333 5576 1679 5649 neutiquam
1704 5576 2031 5649 cadentem.

376 5654 540 5738 quod
569 5647 818 5738 inferius
847 5651 1051 5732 homil.
1083 5650 1155 5712 23
1200 5648 1477 5724 replicat:
1511 5647 1572 5710 at
1599 5647 1749 5710 illud
1777 5650 1874 5729 pio
1902 5650 2033 5709 uni-

1690 4953 1735 4990 ¹³
1788 4954 1954 5010 Joan.
2009 4972 2126 5026 xxv,
2157 4956 2244 5011 27.

2932 4758 3000 4768 .-

2345 4955 2387 4988 ¹⁴
2417 4951 2571 5010 Psal.
2624 4951 2818 5022 ‘cxxvx,
2871 4952 2920 5018 1,
3007 4949 3050 4983 ¹⁵
3107 4953 3286 5022 Apoc.
3336 4965 3422 5021 In,
3469 4949 3540 5006 In:
3591 4966 3653 5021 ιι,
3702 4950 3788 5005 15.

2140 5149 2351 5219 cuique
2380 5146 2810 5219 repudiandum
2833 5145 3072 5219 omnino
3091 5149 3194 5219 est
3213 5148 3389 5219 atque
3418 5162 3452 5200 a
3485 5145 3598 5200 fide
3627 5145 3794 5219 abso'

2141 5216 2308 5283 num,
2341 5216 2496 5288 quod
2529 5216 2700 5288 paulo
2750 5223 2882 5288 post
2929 5217 3168 5289 subdit,
3205 5217 3538 5289 frequenter
3566 5218 3793 5273 evenire

2142 5294 2325 5347 bonos
2355 5287 2629 5344 custodes
2657 5287 2914 5360 angelos,
2951 5290 3120 5343 nobis
3157 5287 3582 5360 laborantibus,
3615 5305 3791 5344 suum

2142 5362 2399 5419 officium
2432 5375 2548 5432 non
2593 5359 2841 5430 explere,
2893 5364 2951 5432 et
2981 5362 3038 5415 in
3089 5359 3261 5432 culpa
3311 5376 3458 5415 esse.
3489 5359 3633 5432 Vide
3664 5376 3790 5432 quae

2143 5439 2346 5491 contra
2376 5431 2695 5486 solemnem
2742 5432 2893 5486 hanc
2924 5430 3019 5486 Ori
3064 5430 3205 5487 enis_
3225 5432 3296 5487 de
3334 5430 3793 5502 angelorum’la-

2143 5507 2351 5559 nsibus
2377 5502 2711 5559 ooinionem
2740 5504 2893 5559 infra
2929 5504 3001 5559 ad
3025 5449 3237 5559 Eomil.
3270 5503 3342 5559 25
3369 5502 3791 5559 animadverti-

2143 5507 2351 5580 psibus
2377 5502 2711 5575 opinionem
2740 5504 2893 5559 infra
2929 5504 3001 5559 ad
3032 5502 3237 5560 homil.
3270 5503 3342 5560 25
3369 5502 3791 5561 animadverti-

2145 5594 2302 5635 mus.
