4058 6190
333 359 452 422 263

751 435 1040 543 ses-ss
1077 469 1387 548 nomen
1426 476 1566 534 x1v.

333 599 412 654 De
437 611 498 654 eo
526 593 674 668 quod
693 593 959 668 scriptum
981 591 1064 668 _est
1084 606 1103 642 :
1135 610 1163 637 «
1199 586 1334 642 Cum
1351 588 1535 668 autem
1558 585 1782 668 impleti
1810 587 1981 668 essent

333 669 447 725 dies
474 656 914 733 circumcisionis
941 661 1076 733 ejus,
1130 680 1158 733 ξ)
1189 673 1381 733 usque_
1401 656 1472 733 _ad
1521 673 1646 733 eum
1679 657 1856 733 locum
1884 657 1980 712 ubi

333 742 452 800 ait:
484 729 975 793 ((Parturturum
1014 741 1067 787 et
1109 730 1240 787 duos
1268 729 1470 802 pullos
1517 729 1972 784 columbarum.»

333 811 472 892 Cap,
505 825 565 864 ιι.

401 932 563 998 Quod
595 933 866 986 mortuus
885 931 977 984 est
1005 925 1289 992 Christus,
1323 941 1426 996 pro
1449 927 1681 996 peccato
1710 927 1977 978 mortuus

331 1027 439 1079 est.
467 1021 595 1080 Non
617 1018 756 1092 quia
779 1018 904 1090 ipse
926 1015 1264 1088 peccaverit,
1287 1029 1476 1086 neque
1496 1012 1652 1069 enim
1674 1016 1975 1085 peccatum

330 1111 486 1174 fecit.
519 1126 624 1166 nec
651 1108 923 1164 inventus
954 1109 1043 1161 est
1071 1102 1241 1159 dolus
1271 1102 1332 1158 in
1363 1118 1460 1158 ore
1492 1102 1660 1172 ejus;
1693 1102 1792 1157 sed
1827 1117 1978 1156 mor-

327 1191 469 1257 tuus
499 1203 607 1265 est,
655 1201 720 1253 ut
749 1212 854 1252 nos
900 1194 1000 1267 qui
1032 1193 1246 1248 mortui
1298 1207 1528 1262 sumus,
1561 1189 1660 1246 illo
1692 1189 1976 1246 moriente

325 1285 598 1362 peccatis,
631 1298 1004 1357 nequaquam
1034 1284 1268 1354 peccato
1301 1283 1358 1336 et
1381 1279 1539 1334 vitiis
1558 1278 1885 1334 viveremus
1909 1277 1970 1332 ¹⁷.

327 1376 489 1434 Unde
548 1375 859 1432 scribitur:
920 1372 1086 1428 Sicut
1141 1369 1321 1442 igitur
1361 1367 1708 1424 commortui
1764 1382 1974 1423 sumus

327 1471 469 1523 tunc
499 1464 596 1522 illo
645 1461 949 1532 moriente,
979 1465 1037 1516 et
1083 1457 1556 1514 consurreximus
1605 1455 1968 1527 resurgenti:

327 1555 413 1612 sic
427 1571 560 1611 cum
572 1569 638 1609 eo
653 1549 986 1608 circumcisi
1004 1564 1232 1619 sumus,
1252 1552 1309 1603 et
1325 1550 1456 1619 post
1467 1543 1973 1600 circumcisionem

326 1643 573 1702 solemni
605 1641 950 1715 purgatione
972 1637 1259 1694 mundati.
1294 1635 1454 1691 Unde
1477 1635 1733 1705 nonjam
1755 1632 1977 1704 indige-

328 1750 461 1788 mus
493 1729 936 1787 circumcisione
966 1725 1204 1791 carnali,
1236 1725 1305 1779 Et
1334 1731 1399 1780 ut
1429 1724 1579 1779 scias
1603 1727 1838 1796 propter
1867 1737 1973 1776 nos

328 1820 509 1877 fuisse
533 1818 702 1876 illum
726 1816 1157 1884 circumcisum,
1183 1813 1318 1870 audi
1341 1812 1585 1869 Paulum
1619 1809 1973 1866 manifestis-

327 1910 476 1966 sime
506 1907 917 1981 praedicantem
952 1905 1013 1960 ¹⁸.
1045 1906 1107 1960 In
1139 1919 1241 1975 quo
1281 1904 1517 1970 habitat,
1555 1899 1764 1972 inquit,
1793 1900 1976 1956 omnis

323 1997 608 2070 plenitudo
637 1994 945 2052 divinitatis
995 1992 1370 2065 corporaliter,
1420 1999 1472 2046 et
1499 1992 1625 2046 estis
1665 1990 1729 2044 in
1760 1988 1856 2044 illo
1884 2003 1973 2043 re-

324 2089 481 2162 pleti,
515 2088 612 2158 qui
639 2093 715 2141 est
743 2092 906 2156 caput
934 2084 1112 2140 omnis
1135 2083 1494 2154 principatus
1514 2088 1564 2136 et
1588 2078 1892 2152 potestatis,
1917 2078 1976 2132 in

326 2193 430 2252 quo
460 2185 512 2233 et
536 2176 847 2232 circumcisi
873 2174 1005 2228 estis
1031 2172 1448 2228 circumcisione
1476 2172 1596 2225 sine
1625 2167 1877 2224 manibus
1916 2169 1977 2222 in

324 2267 700 2336 expoliationc
718 2263 959 2334 corporis
978 2263 1193 2327 carnis,
1216 2262 1275 2316 in
1303 2260 1718 2316 circumcisione
1744 2257 1973 2322 Christi,

325 2356 624 2428 consepulti
654 2353 706 2408 ei
735 2354 794 2408 in
825 2351 1165 2422 baptismate,
1213 2349 1275 2404 in
1304 2365 1407 2420 quo
1453 2353 1503 2404 et
1529 2349 1976 2404 consurreximus

317 2461 417 2518 per
471 2443 628 2515 ﬁdem
687 2441 1020 2514 operationis
1080 2440 1200 2508 Dei,
1250 2441 1348 2509 qui
1421 2438 1706 2494 suscitavit
1758 2452 1883 2492 cum
1940 2451 1975 2490 a

321 2533 574 2588 mortuis.
608 2531 675 2586 Et
705 2545 864 2585 mors
894 2528 1094 2600 igitur,
1126 2531 1184 2582 et
1236 2524 1604 2592 resurrectio,
1637 2529 1693 2581 et
1722 2524 1971 2580 circum-

323 2620 465 2678 cisio
513 2621 664 2692 ejus.
724 2634 827 2690 pro
875 2616 1044 2672 nobis
1103 2614 1264 2670 facta;
1316 2619 1476 2670 sunt.
1537 2616 1679 2670 Cum
1735 2614 1972 2685 impleti,

325 2710 537 2782 inquit,
569 2709 745 2764 essent
787 2705 900 2761 dies
941 2704 1383 2760 circumcidendi
1425 2719 1679 2776 puerum,
1724 2709 1973 2758 vocatum

323 2799 506 2870 fuerat
532 2812 725 2854 nomen
757 2796 874 2864 eius
903 2795 1076 2858 Iesus,
1119 2792 1263 2864 quod
1305 2795 1552 2848 vocatum
1580 2795 1657 2846 est
1685 2791 1751 2846 ab
1782 2791 1972 2862 angelo

324 2891 622 2958 antequam
646 2877 1042 2956 conciperetur.
1075 2879 1436 2937 Vocabulum
1479 2881 1618 2936 Jesu
1649 2879 1966 2952 gloriosum

324 2974 486 3034 omni
515 2975 759 3032 adoratu
793 2971 1072 3042 cultuque
1111 2969 1412 3043 appellari,
1450 2983 1639 3040 neque
1672 2968 1743 3024 ab
1775 2968 1858 3023 eis
1887 2969 1970 3023 ef-

323 3063 460 3121 ferri
491 3058 550 3118 in
581 3055 896 3127 mundum,
927 3059 1028 3116 sed
1053 3059 1124 3115 ab
1155 3057 1546 3116 excellentiori
1567 3057 1820 3130 quadam
1855 3073 1972 3112 ma-

319 3153 553 3226 jorique
574 3155 805 3206 natura.
830 3148 995 3204 Unde
1019 3149 1322 3221 signanter
1342 3146 1698 3220 evangelista
1724 3145 1969 3212 addidit,

1577 347 1646 407 S.
1692 342 2018 409 EUSEBII‘
2047 344 2496 411 HIEBONYMI

2009 481 2064 549 Α
2095 482 2211 534 tum
2238 482 2425 558 [uerat
2453 481 2522 537 ab
2551 479 2743 552 angelo
2765 480 3059 552 antequam
3085 477 3148 534 in
3172 484 3324 534 utero
3345 475 3735 550 conciperetur.

2091 567 2310 626 Dehinc
2334 569 2638 642 sequitur:
2673 569 2808 626 Cum
2818 571 2940 642 jam
2965 568 3177 641 impleti
3205 569 3380 624 essent
3402 566 3516 623 dies
3533 584 3739 641 purga-

2090 658 2256 714 tionis
2277 675 2466 715 eorum
2521 659 2818 716 secundum
2865 661 3040 730 legem
3079 659 3274 730 Moysi,
3303 656 3588 714 duxerunt
3613 673 3739 715 eum

2087 748 2498 820 Jerosotymam.
2531 750 2774 821 Propter
2804 749 3238 821 purgationem,
3263 746 3478 818 inquit,
3509 763 3734 807 eorum.

2087 835 2343 900 Quorum
2374 855 2576 894 eorum
2598 838 2626 892 ‘t
2654 837 2710 893 Si
2751 837 3033 910 scriptum
3065 840 3221 892 esset
3260 841 3500 908 propter
3521 852 3737 909 purga-

2084 924 2303 982 tionem
2327 927 2474 998 ejus,
2493 927 2550 982 id
2582 931 2690 996 est,
2706 927 2903 983 Marize
2925 943 3052 998 quas
3075 929 3396 997 pepererat,
3411 924 3555 982 nihil
3589 942 3739 997 quas-

2086 1014 2263 1070 tionis
2295 1015 2564 1082 oriretur,
2599 1021 2653 1071 et
2676 1016 2950 1072 audacter
2971 1015 3322 1084 diceremus,
3354 1013 3600 1070 Mariam
3623 1014 3735 1088 (35)

2085 1118 2212 1174 quae
2244 1103 2419 1159 homo
2440 1112 2581 1175 erat,
2611 1104 2956 1177 purgatione
2975 1102 3302 1174 indiguisse
3322 1107 3458 1174 post
3475 1108 3734 1175 partum.

2083 1190 2249 1247 Nunc
2267 1209 2400 1248 vero
2432 1193 2490 1247 in
2513 1209 2580 1248 eo
2602 1193 2757 1264 quod
2781 1192 2880 1263 ait,
2907 1193 3026 1248 dies
3045 1193 3390 1264 purgationis
3411 1191 3524 1264 (36)
3545 1207 3738 1249 eorum

2083 1295 2197 1335 non
2226 1279 2459 1336 videtur
2506 1297 2693 1337 unum
2740 1281 3092 1353 signiﬁcare,
3143 1281 3245 1337 sed
3297 1279 3566 1353 alterum,
3613 1281 3737 1338 sive

2082 1366 2298 1440 plures.
2315 1369 2463 1442 Ergo
2476 1369 2649 1426 Jesus
2671 1369 3016 1442 purgatione
3033 1368 3306 1442 indiguit,
3321 1368 3736 1428 etimmundus

2083 1457 2213 1525 fuit,
2246 1462 2346 1513 aut
2375 1457 2573 1530 aliqua
2610 1459 2783 1514 sorde
2811 1457 3097 1530 pullutus.
3127 1459 3459 1516 Temeraria
3491 1459 3733 1517 forsitan

2080 1546 2281 1602 videor
2309 1547 2521 1617 dicere,
2572 1549 2673 1604 sed
2713 1549 3146 1620 Scripturarum
3195 1547 3539 1604 auctoritate
3570 1565 3736 1606 com-

2084 1639 2297 1692 motus.
2334 1635 2470 1692 Vide
2528 1637 2669 1709 quid
2711 1637 2771 1692 in
2827 1637 2937 1694 Job
2991 1637 3280 1708 scriptum
3335 1641 3427 1692 est
3449 1637 3531 1692 "z
3566 1637 3736 1694 Nemo

2081 1723 2319 1780 mundus
2358 1741 2392 1779 a
2419 1724 2596 1793 sorde,
2625 1741 2724 1781 nec
2751 1727 2804 1782 si
2829 1727 2999 1782 unius
3027 1725 3244 1797 quidem
3279 1724 3390 1782 diei
3415 1726 3591 1795 fuerit
3617 1728 3736 1782 vita

2007 1849 2054 1916 Β
2085 1816 2226 1884 ejus.
2259 1812 2383 1868 Non
2414 1813 2577 1885 dixit,
2605 1831 2776 1870 nemo
2802 1815 3064 1871 mundus
3090 1831 3124 1870 a
3154 1819 3414 1886 peccato,
3445 1814 3546 1872 sed
3574 1829 3736 1871 nemo

2086 1901 2374 1958 287-88
2404 1901 2641 1958 mundus
2669 1920 2704 1958 a
2729 1904 2903 1960 sorde.
2949 1903 3146 1976 Neque
3174 1903 3332 1960 enim
3363 1902 3620 1975 idipsum
3653 1902 3734 1959 si-

2084 1990 2366 2063 gniﬁcant
2386 1993 2586 2048 sordes
2608 1996 2783 2064 atque
2804 1997 3061 2064 peccata.
3085 1996 3151 2047 Et
3171 1997 3240 2048 ut
3256 1990 3408 2049 scias
3429 1991 3586 2048 aliud
3613 2007 3737 2050 sor-

2085 2082 2238 2152 dem,
2261 2081 2420 2136 aliud
2442 2098 2650 2139 sonare
2667 2088 2992 2155 peccatum,
3014 2082 3195 2139 Isaias
3211 2082 3520 2139 manifeste
3541 2081 3730 2150 docet,

2084 2171 2283 2226 dicens
2313 2171 2394 2226 ’0:
2427 2171 2655 2228 Lavabit
2691 2172 2955 2228 Dominus
2985 2171 3198 2228 sordem
3225 2172 3470 2242 ﬁliorum
3500 2178 3552 2226 et
3580 2168 3735 2240 ﬁlia-

2081 2275 2212 2313 rum
2240 2259 2394 2326 Sion,
2427 2264 2482 2316 et
2510 2262 2836 2329 sanguinem
2879 2261 3172 2317 mundabit
3210 2259 3276 2318 de
3301 2261 3491 2318 medio
3520 2275 3730 2328 eorum,

2079 2349 2288 2418 spiritu
2305 2347 2514 2420 judicii
2553 2349 2782 2417 sordem,
2817 2358 2868 2406 et
2922 2351 3133 2421 spiritu
3179 2349 3568 2407 combustionis
3595 2364 3730 2406 san-

2080 2437 2327 2505 guinem.
2360 2436 2566 2493 Omnis
2595 2438 2794 2494 anima
2825 2455 2953 2512 quin
2982 2439 3242 2495 humano
3286 2452 3526 2511 corpore
3557 2437 3732 2494 fuerit

2081 2525 2308 2593 induta,
2343 2524 2519 2582 habet
2547 2528 2749 2583 sordes
2800 2545 2959 2585 suas.
2998 2526 3070 2584 Ut
3117 2533 3314 2585 autem
3346 2527 3498 2586 scias
3525 2529 3730 2584 Jesum

2081 2629 2314 2685 quoque
2343 2613 2705 2670 sordidatum
2730 2615 3100 2672 sentiendum
3129 2615 3454 2674 secundum
3484 2614 3733 2688 ignomi-

2081 2701 2238 2759 niam
2265 2704 2476 2770 crucis,
2503 2719 2617 2759 non
2640 2705 2966 2760 secundum
2989 2705 3179 2776 ipsam
3203 2720 3381 2776 quam
3403 2703 3732 2777 assumpsit

2080 2795 2343 2846 sanctam
2374 2807 2630 2860 carnem,
2653 2792 2724 2848 de
2752 2809 2869 2864 qua
2892 2792 3204 2865 Apostolus
3233 2793 3351 2850 ait:
3383 2795 3445 2850 In
3472 2793 3733 2850 similist»

2079 2879 2264 2936 dinem
2291 2881 2477 2936 carnis
2501 2883 2714 2953 peccati
2753 2882 2934 2938 fuisse
2981 2882 3218 2956 propria
3243 2881 3562 2948 voluntate,
3592 2883 3736 2953 quis.

2080 2985 2183 3041 pro
2215 2968 2403 3025 salute
2435 2974 2634 3025 nostra
2679 2970 3008 3028 humanum
3063 2987 3275 3044 corpus
3306 2973 3732 3042 sssumpserat,

2079 3057 2416 3113 Zachariam
2451 3058 2796 3130 prophetam
2837 3059 3104 3116 ausculta
3151 3059 3439 3117 dicentem
3469 3060 3512 3094 ²¹
3541 3075 3554 3115 :
3583 3059 3741 3115 Jesu:

2079 3155 2198 3203 erat
2229 3147 2454 3203 indutus
2483 3148 2719 3204 vestibus
2754 3149 3032 3206 sordibus.
3067 3149 3228 3214 Quod
3278 3148 3515 3221 quidem
3545 3153 3604 3205 et
3631 3147 3738 3202 ad-

327 3218 533 3298 dicens
558 3255 570 3293 :
602 3239 667 3294 Et
694 3240 944 3293 vocatum
971 3241 1053 3291 est
1079 3218 1277 3293 nomen
1308 3238 1425 3307 ejus
1453 3218 1626 3302 Iesus,
1663 3235 1804 3307 quod
1828 3251 1977 3291 voca-
2008 3218 2052 3285 C
2089 3252 2292 3292 versus
2322 3253 2421 3293 eos
2445 3237 2557 3309 (37)
2582 3237 2740 3306 facit,
2760 3237 2862 3309 qui
2887 3243 3104 3311 negant
3127 3218 3444 3294 Dominum
3471 3241 3738 3294 nostrum

403 3386 446 3420 17
479 3383 646 3439 Rom.
695 3397 770 3449 v1,
818 3381 873 3434 5.
927 3379 971 3414 ¹⁸
1019 3376 1242 3434 Coloss.
1292 3394 1354 3445 ιι,
1402 3377 1562 3430 6-12.
1625 3378 1669 3412 ¹⁶
1711 3393 1838 3448 cap.
1869 3393 1977 3444 xxv,

2089 3395 2176 3444 rs,
2208 3379 2260 3447 4,
2291 3380 2348 3432 5.
2415 3380 2459 3414 ὀ
2489 3396 2616 3452 cap.
2650 3397 2725 3447 ιν,
2783 3396 2934 3437 vers.
2995 3383 3048 3436 4.
3107 3382 3150 3416 ¹¹
3207 3397 3337 3453 cap.
3383 3397 3471 3447 ιιι,
3499 3395 3648 3436 vers.
3681 3377 3741 3435 3.

403 3533 515 3607 (35)
545 3531 702 3588 Satis
731 3529 991 3607 benigne
1011 3529 1082 3607 de
1122 3527 1978 3607 AdamantiosenseritHiero-

333 3599 568 3679 nymus,
592 3619 725 3658 cum
750 3599 918 3656 illum
941 3603 1022 3656 ait
1043 3601 1099 3656 in
1118 3600 1450 3673 praefatione
1472 3599 1773 3682 hujusmet
1794 3605 1982 3655 trans-

332 3675 590 3744 lationis,
623 3675 784 3745 quasi
809 3687 1046 3744 puerum
1088 3674 1222 3745 talis
1268 3672 1471 3727 ludere.
1506 3669 1578 3726 Ut
1608 3687 1763 3726 enim
1797 3671 1982 3745 multa

333 3719 667 3818 in'reliqiii‘s
689 3745 746 3799 in
773 3719 987 3818 L'ucam
1019 3744 1280 3818 homiliis
1302 3745 1529 3818 absona
1550 3743 1976 3818 pronuntiarit:

333 3830 461 3892 qua;
491 3813 569 3873 in'
595 3815 705 3872 hac
755 3816 820 3870 14
869 3816 1270 3892 elucubranda
1315 3813 1579 3892 effutivit,
1613 3813 1772 3870 nullo
1804 3831 1979 3892 excu-

333 3885 451 3948 sari
481 3893 648 3963 pacto
678 3893 921 3963 queunt.
954 3887 1058 3963 ilic
1089 3887 1347 3963 _Mariam
1381 3887 1614 3963 quippe
1640 3903 1773 3942 cum
1805 3885 1980 3941 homo

332 3957 849 4034 eratfpurgatione
878 3959 1223 4034 indiguisse,
1256 3957 1717 4034 adeoquetuisse
1742 3963 1980 4034 peccato

334 4028 666 4102 obnOiiarri,
700 4028 1086 4086 audacissime
1129 4029 1393 4085 blateret.
1423 4028 1573 4102 "Scio
1606 4028 1764 4102 quod
1793 4031 1979 4102 proje-

332 4112 484 4162 ctam
515 4099 902 4160 temeritatem
921 4102 1120 4157 Sixtus
1141 4102 1416 4156 Senensis
1446 4099 1546 4155 lib.
1565 4099 1983 4156 viBibliotheca:

334 4175 709 4234 adnotatione
764 4175 866 4229 136
923 4173 1016 4229 his
1071 4172 1278 4228 nititur
1347 4188 1658 4227 excusare:
1717 4172 1982 4240 Intelligzt

331 4254 562 4322 fortasse
573 4246 847 4322 _Origenes
875 4261 988 4301 non
1010 4244 1102 4322 __de
1134 4245 1464 4322 purgatione
1511 4243 1577 4298 ab
1609 4243 1982 4322 immunditiis

336 4315 387 4376 et
413 4317 664 4389 sordibus
678 4315 892 4388 partus,
923 4317 1120 4389 quibus
1136 4315 1292 4371 nulli
1316 4316 1550 4389 dubium
1577 4319 1654 4371 est
1673 4331 1785 4371 non
1808 4315 1983 4389 fuisse

333 4385 570 4447 Mariam
619 4385 952 4455 obnoxiam}
1009 4387 1100 4443 sed
1155 4389 1220 4444 de
1277 4388 1475 4442 ritibus
1518 4391 1567 4442 et
1615 4388 1978 4452 caeremoniis,

333 4463 536 4535 quibus
591 4459 790 4535 lioys‘es
834 4474 1126 4535 puerperas
1172 4461 1407 4535 lustrari
1452 4460 1719 4535 iusserat:
1755 4459 1852 4535 has
1881 4474 1981 4512 ne-

334 4530 477 4591 cesse
503 4534 624 4589 erat
653 4532 866 4586 servari
892 4547 926 4585 a
949 4534 1132 4585 matre
1157 4530 1342 4600 illius,
1367 4533 1464 4600 qui
1493 4531 1632 4600 leges
1660 4531 1982 4600 impleturus

332 4585 722 4676 venerat,_non
743 4601 1162 4676 _destructurus.‘
1193 4601 1296 4656 Cui
1327 4585 1398 4656 ἐἰ
1427 4585 1984 4676 suppetias‘accedit
2010 4585 2057 4650 D
2089 4600 2214 4676 des_
2251 4601 2372 4676 indi

334 4679 406 4734 cl.
445 4671 704 4742 lluetius,
738 4673 996 4745 idipsum
1021 4671 1374 4745 confirmans
1403 4690 1471 4728 ex
1497 4671 1561 4727 eo
1589 4673 1743 4745 quod
1773 4671 1977 4745 homil.

333 4751 366 4804 8
396 4750 456 4804 in
489 4747 804 4805 Leviticum
825 4742 1042 4801 _scribit
1077 4744 1374 4816 Origenes,
1424 4761 1522 4799 eas
1551 4742 1979 4816 solumrmulie-

334 4837 426 4876 res
457 4821 518 4875 in
574 4817 854 4891 pariendo
912 4833 1041 4873 esse
1081 4815 1438 4891 immundae,
1465 4831 1590 4886 quae
1623 4815 1845 4891 semine
1875 4815 1981 4869 ad-

338 4892 518 4947 misso
549 4885 888 4961 concipiunt
908 4893 964 4943 et
983 4887 1220 4961 pariunt
1243 4905 1256 4954 ;
1282 4903 1408 4956 quae
1437 4885 1568 4961 vero
1591 4885 1813 4961 semine
1843 4901 1982 4941 neu-

335 4963 562 5034 tiquam
582 4957 864 5034 suscepto
887 4957 1129 5034 peperit,
1151 4975 1280 5034 eam
1310 4973 1442 5034 v_ere
1471 4957 1840 5034 immundam
1864 4973 1979 5034 non

336 5027 466 5089 esse
489 5048 502 5088 :
537 5033 636 5087 ubi
659 5027 1027 5103 etinsignem
1050 5027 1313 5102 ejusdem
1336 5027 1527 5103 locum
1556 5028 1765 5103 [ecitat
1796 5045 1862 5083 ex
1883 5027 1984 5103 ho-

337 5104 502 5160 milia
533 5105 599 5158 12
629 5098 910 5173 ἱιιῐιθνίῐε
945 5098 1500 5173 quo—generationis
1547 5098 1761 5173 Christi
1791 5106 1848 5154 et
1868 5101 1980 5154 vir-

375 5175 548 5254 inalis
577 5172 764 5254 marite
798 5171 1058 5254 corporis
1079 5171 1403 5254 mundities
1425 5171 1818 5254 disertissime
1844 5188 1983 5254 prte-

334 5193 548 5304 sinatis
577 5193 764 5230 Μενιω
798 5193 1058 5254 COI‘POX‘IS
1079 5193 1403 5254 mundities
1425 5193 1818 5254 αιδςξηιεειωεξ
1844 5193 1983 5254 pra:-

378 5247 585 5303 icatur.
647 5244 775 5316 Sed
814 5249 923 5316 etsi
984 5249 1134 5316 recte
1186 5243 1327 5316 alibi
1383 5259 1637 5299 sensusse
1691 5243 1984 5316 colligitur

335 5319 513 5376 homo
560 5313 931 5387 immoderati
980 5315 1198 5387 ingenii
1254 5315 1603 5386 incertaque
1657 5313 1980 5378 sententiae,

337 5391 582 5447 minime
612 5390 761 5445 hanc
790 5386 962 5443 diluit
992 5386 1362 5443 manifestam
1407 5403 1637 5443 noxam.
1672 5387 1816 5443 Nam
1848 5402 1982 5442 cum

337 5463 477 5520 alibi
499 5477 752 5534 quoque,
780 5458 983 5534 homil.
1007 5459 1235 5534 Scilicet
1253 5460 1322 5514 2O
1340 5458 1577 5534 inibunc
1599 5461 1794 5534 ipsum
1815 5474 1986 5513 evan-

376 5529 982 5608 elistamfmjuriosus
1014 5532 1070 5586 in
1097 5530 1337 5587 Mariam
1363 5529 1654 5603 Virginem
1687 5529 1783 5596 sit,
1809 5545 1982 5602 quam

335 5551 527 5662 Subita
556 5613 794 5662 accusat
821 5603 1171 5662 incertaeque
1200 5601 1356 5662 ﬁdei.
1379 5601 1541 5662 pium
1563 5601 1837 5657 lectorem
1860 5617 1982 5656 mo-

379 5605 527 5662 ubiaa
556 5601 794 5664 accusat
821 5603 1171 5675 incertaeque
1200 5601 1541 5675 ﬁdei,_pium
1563 5601 1837 5657 lectorem
1860 5617 1984 5656 mo-

334 5693 473 5763 nere
501 5694 737 5746 necesse
764 5674 898 5764 _fuit,
921 5690 1038 5755 quo
1063 5672 1176 5734 sibi
1198 5672 1542 5736 scandalum
1565 5677 1782 5749 caveat,
1807 5676 1984 5748 atque

2092 3528 2422 3604 orthodoxae
2452 3530 2737 3604 Ecclesiae,
2772 3548 2898 3603 qua:
2930 3533 3160 3588 beatam
3190 3531 3481 3604 Virginem
3509 3530 3743 3602 speciali

2089 3601 2188 3656 Dei
2210 3602 2499 3676 privilegio
2530 3601 2758 3676 nullum
2782 3601 3044 3676 unquam
3076 3604 3136 3659 in
3168 3619 3231 3660 se
3264 3601 3574 3676 admisisse
3603 3617 3736 3676 pec-

2090 3682 2290 3798 catumt
2316 3673 2504 3798 docqt,
2539 3675 2714 3730 fidem
2761 3673 2962 3732 contra
3008 3675 3409 3732 hereticorum
3459 3673 3740 3746 blasphe-

2092 3759 2241 3798 miae
2291 3761 2434 3798 enea
2467 3787 2478 3798 .

2092 3751 2241 3798 mias
2268 3751 2478 3800 teneat.

2160 3816 2274 3882 (36)
2305 3815 2502 3889 Graeca
2545 3815 2715 3889 lectio
2745 3814 2939 3885 αὐτῶν,
2973 3833 3099 3889 quis
3130 3833 3286 3872 nunc
3319 3830 3550 3889 quoque
3580 3815 3741 3889 obtig

2091 3891 2208 3952 net,
2230 3903 2331 3958 pro
2349 3884 2484 3960 αὐτῇ
2493 3907 2538 3951 ς,
2554 3884 3354 3960 ἱιιίθιινοιθωίΑάὰιιιιιιιιιιὶιιιιὶ
3366 3884 3558 3960 traxit,
3578 3887 3739 3958 quod

2090 3963 2149 4013 et
2177 3963 2374 4015 notatu
2386 3976 2440 4032 m
2457 3958 2666 4032 Huetio
2681 3959 2900 4032 est,qui
2919 3964 3254 4032 corruptam
3278 3976 3408 4032 eam
3429 3958 3740 4032 lectionem

2090 4035 2277 4103 vocat,
2309 4031 2548 4103 vultque
2580 4030 2664 4085 illi
2697 4031 2849 4088 hanc
2879 4030 3122 4103 alteram
3166 4031 3405 4087 omnino
3437 4030 3740 4103 substitui,

2091 4097 2280 4184 ᾳύςτῇς,
2313 4097 2541 4184 nempe,
2591 4105 2728 4184 ejus,
2766 4103 2936 4184 junta
2983 4101 3294 4184 Vulgatam
3341 4108 3399 4158 et
3425 4102 3742 4184 ambigam

2090 4171 2630 4246 interpretati—onem
2659 4171 2992 4246 Erpenianzn
3024 4171 3315 4246 editionis,
3341 4173 3556 4245 quibus
3587 4173 3742 4229 addo

2092 4247 2150 4298 et
2177 4244 2495 4318 Copticam.
2529 4245 2598 4318 Et
2619 4244 2754 4318 vero
2780 4244 3085 4318 Origenem
3110 4245 3326 4318 erroris
3348 4244 3473 4317 ipse
3504 4259 3745 4300 monere

2091 4315 2378 4398 potuisset
2411 4316 2645 4398 Levitici
2670 4315 2838 4398 iocus
2882 4315 3008 4398 cap.
3044 4335 3107 4398 ιι,
3141 4317 3238 4389 qui
3283 4315 3578 4398 puerpera;
3609 4321 3742 4398 tan-

2090 4391 2239 4462 tum,
2265 4404 2379 4442 non
2401 4388 2577 4443 etiam
2599 4387 2807 4443 infanti
2831 4387 3094 4462 adhiberi
3117 4387 3522 4462 purgationem
3545 4387 3740 4462 jubet.

2091 4456 2277 4532 Nunc,
2313 4475 2651 4532 quanquam
2684 4460 2905 4532 noniob
2943 4456 3450 4532 peccatum'(quod
3483 4456 3744 4532 cogitare

2091 4529 2162 4615 de
2191 4529 2422 4615 Christo
2453 4529 2619 4613 mens
2639 4531 2894 4615 refugit),
2924 4529 3261 4615 purgatione
3279 4529 3474 4586 tamen
3506 4529 3742 4615 _ob_sor-

2089 4601 2191 4656 des
2251 4601 2574 4728 indiguisse
2629 4601 2861 4669 Jesum,
2895 4609 2948 4657 et
3005 4601 3373 4670 immundum,
3423 4606 3521 4658 aut
3546 4601 3746 4673 aliqua

2087 4672 2245 4728 sorde
2287 4674 2377 4745 pol
2404 4681 2595 4747 utam,
2630 4673 2990 4747 pronuntiat,
3016 4675 3366 4747 _Perperami
3399 4689 3630 4746 quoque
3657 4673 3742 4747 Ain

2091 4743 2543 4826 suum_'sensum
2565 4743 2872 4826 detorquet
2897 4745 3031 4802 Jobi
3051 4743 3480 4826 locum}.
3500 4743 3746 4826 mundus

2089 4829 2123 4868 a
2151 4815 2332 4890 sorde,
2364 4815 2867 4890 etc_._Nequissime
2886 4833 3019 4872 vero
3041 4833 3214 4890 suum
3243 4817 3386 4872 illud
3410 4815 3505 4872 hic
3523 4815 3746 4890 ingerit

2090 4888 2349 4944 solemne
2381 4887 2855 4960 deliramentum,
2907 4893 3046 4960 tunc
3089 4889 3424 4944 sordescere
3453 4887 3743 4955 animam,

2091 4972 2224 5016 cum
2259 4959 2501 5016 mortale
2543 4976 2754 5032 corpus
2802 4959 3012 5026 induit,
3063 4960 3305 5032 parique
3352 4963 3520 5032 pacto
3554 4961 3744 5016 Iesum

2089 5043 2301 5103 quoque
2327 5034 2652 5104 sorditatum
2678 5032 3027 5104 sentiendum,
3043 5032 3345 5088 secundum
3375 5032 3747 5104 ignominiam

2091 5101 2293 5169 crucis,
2329 5103 2482 5173 quod
2514 5107 2642 5172 ejus
2689 5101 2909 5158 scilicet
2938 5103 3136 5159 anima
3165 5104 3222 5158 in
3269 5101 3541 5159 muliebri
3575 5108 3744 5173 utero

2093 5175 2208 5248 sibi
2236 5171 2447 5248 corpus
2477 5171 2831 5248 adiunxerit.
2871 5174 3031 5248 Unde
3059 5181 3126 5248 et,
3146 5174 3392 5230 inferius
3421 5173 3630 5248 psalmi
3663 5171 3749 5227 vi-

2131 5245 2300 5318 esimi
2360 5245 2716 5318 primiiloco
2774 5245 3053 5315 abutitur,
3114 5245 3450 5318 loquentem
3490 5245 3747 5299 induens

2131 5266 2300 5302 831ml
2360 5266 2532 5316 prum
2591 5266 2716 5302 1000
2774 5266 3053 5315 ιωιιιιιυτ,
3114 5266 3450 5318 loquentem
3490 5266 3743 5299 ιιιαυδῐιε

2091 5266 2485 5375 galvatorem:
2547 5317 2654 5386 Ego
2710 5334 2834 5374 sum
2887 5319 3086 5372 vermis
3139 5321 3189 5372 et
3240 5334 3351 5373 non
3394 5317 3577 5384 homo,
3628 5320 3743 5371 etc.

2093 5389 2256 5458 Quod
2285 5388 2500 5444 videbat
2557 5391 2618 5444 in
2646 5390 2841 5446 matris
2893 5394 3050 5445 utero
3104 5388 3518 5444 immunditiam
3547 5403 3747 5460 corpo-

2092 5478 2234 5529 rum,
2267 5459 2560 5516 visceribus
2607 5463 2721 5533 ejus
2762 5461 2890 5516 hinc
2937 5460 3065 5516 inde
3107 5461 3376 5531 vallatus,
3421 5464 3477 5517 et
3501 5464 3746 5516 terrenae

2090 5535 2244 5608 faecis
2268 5533 2580 5608 patiebatur
2607 5535 2912 5608 angustias,
2938 5536 3045 5588 etc.

2163 5603 2279 5678 (37)
2309 5603 2847 5678 PutaMarcionitas
2875 5608 3051 5678 sique
3085 5603 3408 5678 Ebionitas,
3440 5617 3594 5678 quos
3618 5606 3747 5678 tra-

2094 5674 2182 5737 dit
2209 5674 2548 5737 Gennadius
2585 5674 2738 5738 libro
2782 5674 2858 5738 De
2894 5674 3262 5756 Mihi“,
3299 5693 3434 5762 cep.
3455 5674 3537 5758 Ὦ,
3573 5674 3744 5756 atar-
