4058 6190
239 263 374 329 965

686 259 1191 324 TRANSLATIO
1233 259 1731 328 HOMlLIARUM
1777 262 2146 327 ORIGENIS
2191 264 2270 326 IN
2316 265 2610 330 LUCAM.
2644 298 2724 314 -
2751 267 3022 332 HOMIL.
3051 267 3210 335 XIV.

3531 273 3664 336 266-

237 398 567 471 humanum
601 393 882 451 habuisse
909 412 1140 469 corpus,
1166 397 1265 452 sed
1286 397 1621 454 caelestibus
1643 402 1698 453 et
1715 399 1887 470 spiri-
1919 401 1973 466 Α
2000 403 2276 470 sanguine
2298 417 2461 471 puro,
2493 406 2544 456 et
2575 401 2643 456 ad
2672 406 2976 458 extremum
3002 411 3056 459 et
3082 406 3195 475 ipse
3214 405 3404 475 infans
3447 407 3657 464 sedebit

235 487 457 542 talibus
491 484 676 540 fuisse
707 489 1065 540 contextum.
1098 486 1157 541 Si
1190 485 1346 542 enim
1378 487 1449 542 de
1466 486 1893 557 coelestibus,et

235 581 303 632 ut
332 575 420 630 illi
455 573 599 630 falso
631 577 922 641 asserunt,
957 574 1027 629 de
1059 573 1349 630 sideribus
1380 579 1436 630 et
1465 575 1579 630 alia
1636 575 1891 647 quadam

233 663 565 721 sublimiori
600 662 972 736 epiritalique
1004 666 1216 719 natura
1247 680 1459 736 corpus
1518 664 1646 735 ejus
1692 664 1890 733 fuerit,

229 753 626 826 respondeant
649 768 830 823 quare
871 750 1127 824 potuerit
1187 751 1448 824 spiritale
1497 769 1708 825 corpus
1762 769 1891 809 esse

233 843 560 912 sordidum,
586 847 688 898 aut
717 841 1015 913 quomodo
1066 841 1177 896 hoc
1234 841 1692 913 interpretentur
1733 843 1888 914 quod

233 933 568 1006 posuimus,
599 933 749 1003 Iesus
779 934 899 986 erat
938 930 1162 986 indutus
1217 931 1458 987 vestibus
1511 930 1767 988 sordidis.
1829 931 1889 987 Si

234 1025 440 1076 autem
473 1019 685 1075 fuerint
713 1017 1055 1074 necessitate
1086 1019 1397 1090 compulsi,
1431 1022 1496 1074 ut
1538 1019 1886 1093 suscipiant,

233 1108 507 1182 spiritale
527 1125 734 1182 corpus
756 1108 1062 1164 sordidum
1086 1108 1336 1182 intelligi
1350 1109 1891 1178 vestimentum,de—

229 1199 381 1256 bent
409 1203 826 1271 consequenter
849 1197 1041 1253 dicere
1062 1197 1340 1270 quoniam
1364 1197 1507 1253 illud
1533 1200 1684 1270 quod
1715 1199 1775 1254 in
1798 1215 1888 1254 re-

227 1287 730 1363 promissionibus
762 1287 1000 1359 ponitur
1032 1286 1388 1359 completum
1421 1287 1516 1358 sit,
1550 1287 1608 1342 id
1639 1292 1729 1344 est
1756 1303 1769 1342 :
1793 1288 1887 1344 Se-

227 1380 484 1435 minatur
497 1393 693 1448 corpus
715 1375 978 1443 animale,
999 1377 1182 1445 surgit
1203 1392 1397 1448 corpus
1443 1377 1705 1448 spiritale
1733 1377 1798 1448 ’3,
1833 1381 1890 1432 et

229 1467 386 1541 quod
412 1466 619 1538 polluti
650 1469 708 1522 et
763 1465 985 1521 sordidi
1037 1481 1446 1538 resurgamus,
1504 1467 1659 1538 quod
1710 1468 1886 1522 etiam

230 1557 489 1629 cogitare
505 1553 804 1628 piaculum
827 1560 916 1610 est
931 1554 1183 1609 maxime
1197 1570 1328 1610 eum
1354 1569 1453 1627 qui
1470 1555 1580 1610 scit
1599 1554 1886 1627 scriptum

231 1662 362 1704 esse
385 1663 399 1700 :
425 1644 747 1701 Seminatur
777 1645 839 1699 in
867 1645 1242 1715 corruptione,
1275 1645 1459 1713 surgit
1517 1645 1578 1699 in
1629 1646 1888 1700 incorru-

229 1739 452 1810 ptione;
481 1735 789 1790 seminatur
820 1734 879 1787 in
903 1733 1274 1803 ignobilitate,
1306 1735 1482 1804 surgit
1504 1735 1562 1788 in
1583 1733 1764 1804 gloria
1784 1749 1887 1801 ;se-

235 1826 490 1881 minatur
513 1823 576 1878 in
607 1823 959 1893 inﬁrmitate,
1009 1823 1188 1892 surgit
1219 1823 1277 1876 in
1314 1822 1683 1890 /ortitudine;
1722 1825 1888 1878 semi-

236 1917 615 1986 natur-corpus
637 1911 906 1977 animale,
929 1912 1312 1982 surgitcorpus
1329 1910 1582 1982 spiritale
1601 1911 1690 1966 ²²¹.
1717 1910 1891 1984 Opor-

236 2009 320 2060 tet
336 2019 496 2078 ergo,
521 2005 586 2057 ut
607 2018 710 2073 pro
733 2000 980 2056 Domino
1002 2004 1059 2055 et
1085 1999 1381 2055 Salvatore
1403 2004 1622 2070 nostro,
1648 2000 1746 2073 qui
1771 2017 1890 2057 sor-

235 2093 396 2149 didis
423 2091 793 2148 Vestimentis
828 2091 1013 2145 fuerat
1042 2088 1308 2160 indutus,
1342 2093 1396 2144 et
1427 2093 1730 2146 terrenum
1764 2107 1888 2146 cor-

233 2198 351 2254 pus
373 2183 799 2252 assumpserat,
823 2195 890 2233 ea
915 2178 1264 2234 offerrentur
1277 2194 1404 2250 quae
1421 2194 1673 2250 purgare
1687 2180 1891 2234 sordes

229 2287 300 2326 ex
331 2269 465 2342 lege
495 2273 936 2324 consueverant.
960 2267 1122 2333 Quod
1154 2266 1492 2339 frequenter
1511 2267 1664 2322 inter
1683 2269 1891 2324 fratres

226 2358 551 2432 quaeritur,
579 2355 688 2411 loci
709 2355 1011 2411 occasione
1040 2360 1337 2411 commota
1369 2359 1638 2411 retracto.
1661 2355 1890 2412 Parvuli

228 2447 626 2520 baptizantur
654 2444 710 2499 in
745 2444 1143 2501 remissionem
1178 2450 1570 2517 peccatorum.
1633 2445 1892 2509 Quorum

235 2540 643 2611 peccatorum,
663 2533 747 2589 vel
771 2551 886 2606 quo
907 2539 1168 2606 tempore
1190 2533 1610 2606 peccaverunt?
1630 2541 1730 2590 aut
1749 2551 1894 2607 quo-

237 2626 420 2683 modo
453 2628 642 2697 potest
672 2624 792 2679 ulla
822 2623 1034 2678 lavacri
1069 2624 1130 2679 in
1179 2622 1441 2696 parvulis
1494 2623 1640 2680 ratio
1697 2624 1893 2681 subsi-

239 2721 422 2782 stere,
457 2714 569 2769 nisi
593 2715 762 2784 juxta
795 2712 959 2768 illum
994 2730 1232 2770 sensum
1267 2713 1337 2768 de
1394 2729 1509 2786 quo
1561 2712 1671 2785 (38)
1722 2713 1894 2787 paulo

243 2813 385 2862 ante
413 2802 709 2860 diximus:
743 2803 936 2858 Nullus
955 2803 1192 2858 mundus
1230 2819 1265 2857 a
1291 2803 1468 2870 sorde,
1508 2817 1607 2858 nec
1634 2804 1686 2857 si
1723 2804 1896 2858 unius

243 2895 363 2951 diei
386 2895 610 2968 quidem
635 2893 806 2964 fuerit
834 2894 950 2947 vita
979 2893 1098 2964 ejus
1125 2908 1289 2964 super
1345 2900 1550 2948 terram
1569 2892 1596 2946 ‘I
1646 2892 1712 2946 Et
1760 2891 1898 2964 quia

243 3001 358 3057 per
387 2982 663 3055 baptismi
695 2985 1129 3037 sacramentum
1146 2980 1467 3044 nativitatis
1492 2980 1694 3038 sordes
1725 2981 1896 3053 depo-

243 3076 495 3142 nuntur,
529 3075 836 3143 propterea
863 3069 1298 3141 baptizanturet
1327 3070 1574 3142 parvuli.
1595 3069 1715 3125 Nisi
1738 3072 1894 3126 enim

2003 490 2064 542 in
2095 492 2364 560 sanguine
2383 492 2685 561 purissimo
2711 507 2724 547 :
2759 490 2842 546 sic
2873 491 3014 563 quia
3041 491 3135 548 lex
3165 494 3446 565 spiritali
3475 501 3655 568 est,et

2005 579 2278 632 umbram
2309 577 2485 633 habet
2534 579 2866 635 futurorum
2910 579 3199 637 bonorum
3228 583 3294 653 ³⁵,
3329 599 3650 654 possumus

2003 661 2330 739 intelligere
2363 669 2769 740 purgationem
2800 685 2996 724 veram
3041 669 3212 726 nobis
3243 671 3470 728 evenire
3511 675 3644 744 post

2003 767 2256 836 tempus.
2292 764 2410 837 Ego
2443 770 2580 836 puto
2613 766 2765 838 quod
2798 770 2855 822 et
2883 770 3016 838 post
3045 767 3531 824 resurrectionem
3580 784 3649 826 ex

2001 853 2254 909 mortuis
2283 853 2655 926 indigeamus
2684 860 3048 911 sacramento
3079 856 3309 912 eluente
3337 872 3444 914 nos
3475 860 3649 929 atque

1999 947 2311 1014 purgante,
2344 959 2514 999 nemo
2545 943 2704 999 enim
2737 943 2960 1016 absque
2980 944 3092 1017 (39)
3124 945 3399 1002 sordibus
3447 962 3645 1002 resur-

1999 1044 2132 1101 gere
2164 1031 2393 1102 poterit,
2427 1047 2531 1087 nec
2563 1031 2742 1087 ullam
2775 1049 2948 1104 posse
2978 1033 3235 1090 animam
3252 1034 3493 1106 reperiri
3515 1050 3644 1106 qua

1998 1117 2288 1174 universis
2308 1119 2505 1174 statim
2525 1118 2680 1176 vitiis
2709 1123 2922 1176 careat.
2950 1119 3114 1178 Unde
3133 1121 3193 1177 in
3215 1121 3647 1195 regeneratione

1998 1214 2277 1286 baptismi
2309 1217 2634 1272 assumitur
2662 1223 3120 1288 sacramentum,
3157 1221 3526 1292 utquomodo
3545 1220 3646 1278 Je-

1999 1320 2101 1359 sus
2118 1306 2442 1362 secundum
2459 1305 2952 1377 dispensationem
2984 1306 3178 1363 carnis
3198 1307 3492 1365 oblatione
3507 1326 3648 1383 pur-

1997 1396 2172 1464 gatus
2203 1397 2312 1462 est,
2345 1394 2426 1449 ita
2451 1395 2628 1450 etiam
2646 1411 2752 1450 nos
2776 1394 3024 1467 epiritali
3045 1397 3484 1467 regeneratione
3503 1414 3645 1471 pur-

1997 1497 2225 1553 gemur.
2257 1483 2542 1539 Duxerunt
2599 1483 2760 1539 illum
2813 1483 3110 1540 secundum
3159 1485 3328 1556 legem
3372 1485 3543 1557 Moysi
3585 1489 3649 1544 in

1996 1571 2410 1643 Jerosolgmam,
2489 1573 2690 1643 oﬂerre
2762 1576 2894 1628 ante
2975 1578 3321 1645 conspectum
3402 1576 3646 1633 Domini.

2002 1667 2292 1725 289-90
2319 1670 2420 1725 Ubi
2445 1670 2700 1742 suntqui
2722 1671 2908 1726 Deum
2931 1670 3078 1742 legis
3093 1675 3330 1743 negant,
3364 1672 3464 1745 qui
3485 1671 3652 1730 aiunt

1917 1774 1966 1840 Β
2000 1775 2116 1814 non
2140 1759 2453 1830 istum,sed
2470 1759 2648 1815 alium
2663 1778 2695 1814 a
2708 1761 2934 1815 Christo
2949 1759 3130 1816 fuisse
3145 1761 3518 1834 inEvangelio
3535 1778 3650 1835 pra

1999 1846 2259 1902 dicatum
2274 1847 2302 1902 ?
2321 1848 2466 1903 Misit
2495 1849 2636 1903 Deus
2663 1849 2868 1903 Filium
2884 1864 3050 1904 suum
3067 1851 3275 1919 factum
3294 1864 3365 1905 ex
3386 1851 3647 1917 muliere,

1996 1946 2214 2016 factum
2243 1946 2340 2001 sub
2370 1947 2484 2016 lege
2509 1947 2552 1981 ²⁶
2590 1947 2738 2018 Ergo
2783 1946 3110 2017 putandum
3157 1949 3265 2014 est,
3318 1950 3383 2002 ut
3433 1947 3648 2004 Filium

2000 2050 2174 2090 suum
2207 2035 2396 2090 bonus
2433 2041 2582 2089 Deus
2613 2036 2722 2089 sub
2745 2033 2869 2104 lege
2895 2033 3093 2090 fecerit
3118 2033 3428 2104 Creatoris,
3450 2041 3507 2091 et
3535 2035 3646 2092 sub

2001 2122 2373 2193 inimicijure
2403 2123 2555 2194 quod
2590 2122 2714 2194 ipse
2743 2122 3028 2178 dederat?
3058 2123 3210 2188 Quin
3265 2124 3464 2196 potius
3516 2125 3648 2182 ideo

2001 2212 2110 2267 sub
2141 2211 2268 2284 lege
2298 2212 2490 2267 factus
2508 2216 2619 2278 est,
2653 2217 2717 2266 ut
2741 2210 3054 2267 redimeret
3082 2227 3181 2268 eos
3221 2213 3322 2284 qui
3368 2213 3477 2270 sub
3525 2213 3650 2285 lege

2001 2305 2119 2357 est:
2143 2300 2438 2368 Attendite,
2464 2301 2667 2373 papule
2686 2317 2866 2370 meus,
2899 2301 3079 2373 legem
3103 2317 3298 2371 meum,
3331 2306 3386 2358 et
3403 2302 3645 2376 reliqua.

2002 2400 2505 2470 Adduxeruntergo
2535 2403 2743 2466 eum,et
2773 2401 3085 2454 statuerunt
3122 2407 3252 2455 ante
3306 2409 3650 2473 conspectum

2001 2491 2243 2546 Domini.
2290 2490 2469 2561 Cujus
2525 2489 2834 2560 Scriptura:
2884 2493 3168 2561 precepts
3243 2489 3652 2562 complentes?

2002 2586 2221 2659 Nempe
2251 2587 2440 2643 illius:
2501 2587 2650 2642 Sicut
2699 2588 2966 2658 scriptum
3011 2591 3110 2656 est,
3164 2587 3378 2661 inquit,
3421 2589 3484 2644 in
3539 2590 3655 2662 lege

2005 2679 2204 2749 Moysi,
2236 2679 2368 2748 quia
2398 2692 2560 2731 omne
2585 2677 2962 2731 masculinum
2993 2675 3132 2748 quod
3190 2679 3370 2748 aperit
3410 2679 3649 2746 vulvam,

2004 2783 2255 2832 sanctum
2284 2775 2511 2830 Domino
2559 2775 2872 2842 vocabitur;
2905 2778 2993 2829 et:
3031 2775 3125 2830 Ter
3168 2791 3271 2845 per
3310 2791 3524 2830 annum
3548 2791 3653 2848 ap-

2001 2864 2220 2936 parebit
2247 2880 2404 2919 omne
2441 2863 2815 2918 masculinum
2847 2864 2907 2917 in
2927 2871 3213 2932 conspectu
3231 2865 3458 2918 Domini
3477 2863 3648 2920 Dei".

2004 2961 2328 3017 Masculina
2357 2977 2484 3032 quae
2533 2976 2601 3015 ex
2641 2976 2706 3014 eo
2764 2958 2918 3029 quod
2977 2957 3209 3013 vulvam
3260 2960 3466 3016 matris
3513 2976 3648 3034 ape-

2006 3055 2250 3107 ruerunt
2280 3054 2483 3105 sancta
2513 3052 2699 3114 erant,
2735 3046 3130 3102 offerebantur
3158 3053 3291 3104 ante
3322 3047 3504 3106 altare
3547 3054 3650 3106 Do-

245 3161 390 3235 quis
428 3135 669 3217 renatus
699 3159 876 3215 fuerit
895 3135 964 3214 es
993 3175 1147 3230 aqua
1175 3165 1232 3215 et
1260 3135 1491 3231 spiritu,
1525 3175 1640 3214 non
1685 3160 1896 3232 poterit
1929 3141 1971 3208 C
2011 3138 2392 3235 mini-_0m"€:
2417 3135 3246 3235 ίηίῖυίίρεηῖαδσιιίίηαφβαοά
3291 3139 3468 3209 “Perit
3522 3137 3650 3235 ηπ·-

245 3251 473 3310 intrare
497 3250 557 3305 in
589 3265 834 3321 regnum
867 3247 1146 3304 ccelorum
1175 3248 1239 3303 ²⁸.
1275 3248 1428 3320 Cum,
1459 3249 1672 3321 inquit,
1695 3250 1899 3321 expleti

246 3342 426 3396 essent
454 3339 571 3395 dies
597 3340 944 3410 purgationis
965 3353 1167 3394 eorum.
1207 3336 1520 3410 Explentur
1549 3338 1674 3394 dies
1725 3343 1782 3394 et
1811 3341 1906 3410 ju-

248 3429 452 3486 stitia.
486 3432 684 3500 Neque
733 3427 890 3484 enim
932 3427 1130 3483 statim
1178 3432 1244 3482 ut
1283 3431 1420 3483 nata
1463 3427 1656 3496 fuerit,
1708 3428 1907 3486 anima

247 3521 566 3592 purgatur,
599 3533 704 3572 nec
732 3520 922 3589 potest
950 3517 1267 3588 perfectam
1297 3516 1358 3572 in
1392 3515 1519 3588 ipso
1550 3521 1680 3572 ortu
1713 3533 1908 3575 conse-

249 3606 364 3680 qui
393 3606 731 3679 puritatem,
765 3605 867 3662 sed
908 3605 1061 3661 sicut
1107 3604 1391 3678 scriptum
1424 3610 1514 3662 est
1562 3605 1621 3660 in
1651 3605 1778 3679 lege
1827 3607 1902 3661 “z

249 3696 320 3754 Si
351 3695 658 3751 masculum
694 3696 926 3768 peperit,
979 3702 1180 3766 septem
1237 3694 1435 3750 diebus
1485 3698 1664 3750 mater
1708 3695 1912 3751 sedebit

250 3789 321 3842 in
352 3801 629 3855 sanguine
658 3783 960 3850 immundo,
992 3800 1056 3838 ac
1111 3782 1312 3839 deinde
1356 3785 1588 3852 triginta
1627 3784 1804 3840 tribus
1852 3787 1913 3840 in

2004 3247 2149 3287 vam.
2181 3229 2486 3284 Sacratum
2520 3224 2819 3298 quidpiam
2851 3225 3471 3299 sonat.Quemcunque
3488 3229 3650 3287 enim

2013 3320 2084 3374 de
2118 3323 2285 3373 utero
2315 3316 2568 3373 effusum
2602 3331 2825 3370 marem
2873 3313 3108 3379 dixeris,
3171 3331 3285 3371 non
3337 3317 3422 3372 sic
3469 3320 3660 3391 aperit

2013 3416 2244 3472 vulvam
2269 3413 2476 3470 matris
2507 3430 2647 3480 suae,
2692 3416 2754 3467 ut
2780 3411 3066 3468 Dominus
3116 3412 3311 3480 Jesus,
3344 3415 3483 3487 quia
3531 3433 3659 3474 om-

2017 3506 2183 3562 nium
2215 3502 2531 3560 mulierum
2554 3518 2667 3557 non
2701 3505 2905 3573 partus
2936 3499 3198 3573 infantis,
3222 3503 3324 3559 sed
3345 3503 3452 3560 viri
3475 3504 3666 3563 coitus

2016 3593 2248 3649 vulvam
2281 3595 2522 3647 reserat.
2577 3591 2781 3645 Matris
2808 3606 2942 3645 vero
2996 3591 3224 3645 Domini
3287 3608 3354 3648 eo
3407 3597 3669 3667 tempore

2017 3691 2188 3749 vulva
2218 3693 2477 3746 reserata
2514 3690 2628 3760 (40)
2658 3691 2768 3756 est,
2802 3704 2918 3760 quo
2947 3692 3006 3744 et
3036 3692 3238 3760 partus
3281 3690 3498 3760 editus,
3531 3692 3672 3765 quia

2022 3784 2294 3840 sanctum
2325 3782 2558 3834 uterum
2591 3782 2647 3833 et
2675 3775 2835 3833 omni
2897 3777 3236 3850 dignatione
3278 3781 3671 3838 venerationis

331 3884 383 3918 ιε
435 3883 462 3938 1
515 3883 642 3938 Cor.
696 3899 786 3950 xv,
844 3881 932 3936 44.
989 3881 1058 3916 εν
1123 3881 1266 3937 ibid.
1327 3882 1419 3950 42,
1466 3881 1556 3938 44.
1613 3882 1658 3916 ’³
1712 3882 1879 3940 Joan.

2018 3925 2026 3949 ,
2085 3881 2139 3936 5.
2201 3879 2246 3914 ²⁴
2299 3876 2477 3932 Levit.
2517 3893 2619 3944 x11,
2650 3875 2769 3931 2-4.
2801 3875 2846 3909 ³⁵
2877 3874 3045 3942 Rom,
3077 3893 3177 3948 vn,
3214 3877 3276 3932 M
3306 3895 3321 3946 ;
3352 3877 3494 3934 Heb.
3527 3895 3584 3946 χ,
3617 3879 3670 3948 1,

248 3958 302 3992 ³⁵
338 3952 470 4012 Gal.
505 3969 580 4022 ιν,
612 3953 662 4024 4,
695 3953 736 3988 ³⁷
762 3954 940 4010 Exod.
973 3969 1098 4018 xm,
1125 3954 1161 4007 2
1189 3971 1202 4021 ;
1234 3969 1396 4019 xxm,
1432 3954 1520 4007 17.

256 4068 468 4110 messe
497 4050 602 4108 Dei
633 4050 843 4106 Filium
875 4067 1110 4107 carnem
1143 4051 1213 4106 de
1240 4051 1381 4106 coelo
1405 4067 1604 4106 secum
1627 4053 1915 4110 attulisse.

254 4127 458 4190 Quare
489 4123 708 4196 mirum
741 4124 931 4196 magis
962 4123 1116 4194 quod
1140 4123 1240 4191 ait,
1264 4123 1380 4177 illis
1401 4124 1770 4196 consensisse
1792 4125 1918 4182 Ori-

256 4211 514 4270 genem,_
533 4195 635 4270 qui
655 4194 1003 4250 ementitum
1029 4211 1242 4270 corpus
1263 4200 1318 4270 et
1340 4194 1724 4270 specietenus
1747 4214 1921 4270 appa-

258 4266 426 4334 rens,
459 4266 756 4322 Christum
789 4271 1050 4338 gestasse
1083 4266 1555 4338 decuerit.Haud
1586 4267 1742 4324 enim
1775 4266 1914 4334 scio,

259 4355 612 4413 quanquam
644 4345 702 4393 et
732 4337 869 4413 alibi
905 4338 973 4393 de
1022 4354 1157 4393 vero
1202 4337 1440 4413 Christi
1475 4354 1723 4413 corpore
1764 4346 1918 4413 recte

259 4407 662 4502 ﬁdam—aptius
680 4409 917 4502 sentiat,
943 4415 1162 4502 etrcum
1182 4407 1679 4502 .priLmisninfra‘ad
1711 4410 1914 4502 homil.
1951 4437 1998 4502 Β

265 4486 358 4554 17,
385 4499 470 4562 ea
499 4479 1245 4562 luculentioritesti‘monio‘
1270 4480 1376 4562 hac
1407 4480 1536 4562 ipsa
1562 4483 1922 4562 expositione

263 4551 650 4623 sordidarum
681 4551 893 4607 Christi
923 4552 1176 4623 vestium
1207 4551 1472 4623 Origenis
1505 4551 1653 4623 fides
1691 4553 1925 4610 defendi

265 4627 482 4698 possit.
512 4622 668 4698 Olim
698 4622 1040 4698 Pamphilus
1072 4624 1223 4698 hanc
1245 4622 1433 4694 ipsam
1458 4622 1815 4680 calumniam
1848 4625 1920 4681 ab

264 4695 612 4752 ldmantii
642 4695 878 4766 scriptis
909 4695 1144 4749 amovit.

343 4767 464 4851 (38)
491 4769 609 4823 Aut
635 4765 818 4851 igitur
842 4766 1164 4851 eo‘dixoerat
1195 4782 1392 4851 sensu,
1445 4770 1510 4821 ut
1538 4766 1740 4851 serdes
1787 4765 1921 4851 illae,

269 4837 488 4896 animae
516 4837 722 4909 sordés
744 4841 959 4904 essent,
993 4839 1114 4893 sive
1146 4841 1482 4907 peccatum:
1533 4843 1590 4892 et
1645 4837 1924 4909 blasphe-

272 4927 412 4967 mus
443 4911 506 4966 in
537 4908 838 4965 Christum
870 4910 1018 4976 fuit;
1054 4914 1165 4980 aut
1184 4910 1363 4980 (quod
1396 4909 1636 4980 propius
1681 4909 1754 4964 ad
1779 4908 1925 4979 ejus

271 4989 365 5038 est
397 4982 684 5052 mentem)
716 4981 916 5052 sordes
947 4979 1204 5052 corporis
1228 4979 1458 5051 absque
1481 4979 1927 5052 Acriminecen-

270 5055 419 5115 suit.
455 5060 511 5108 et
544 5050 718 5108 modo
778 5051 1020 5124 originis
1048 5050 1377 5124 peccatum
1419 5050 1594 5124 tollit,
1639 5051 1928 5124 legalique

267 5130 582 5197 comparat
610 5123 962 5197 caeremoniae
995 5123 1546 5197 Piedobaptismum.
1581 5123 1646 5177 Et
1665 5123 1798 5179 vero
1814 5123 1930 5197 alia

267 5194 599 5252 occurrunt
629 5197 687 5250 in
720 5194 1049 5249 Adamantii
1083 5194 1319 5266 scriptis
1351 5196 1496 5266 loca,
1550 5211 1676 5265 quae
1734 5195 1928 5266 suspi-

263 5269 447 5324 cione
477 5269 725 5339 hujusce
749 5266 972 5339 erroris
1003 5265 1350 5339 gravissima
1397 5265 1685 5339 laborant.

351 5340 469 5409 (39)
502 5335 670 5394 Paria
699 5338 793 5392 his
824 5335 1272 5409 habet'inl‘erius
1304 5335 1506 5391 homil.
1537 5338 1629 5403 24,
1679 5336 1784 5409 ubi
1830 5351 1930 5392 eos

259 5407 514 5484 tantum
547 5410 717 5484 igneo
747 5408 988 5465 flumine
1015 5425 1049 5464 a
1080 5408 1310 5484 Christo
1343 5407 1935 5484 baptinatumiriprm

2028 4051 2279 4108 brardus
2305 4047 2620 4104 cavendam
2648 4046 2799 4100 hanc
2831 4046 3108 4100 admonet
3136 4044 3491 4102 doctrinam:
3542 4047 3672 4104 Six-

2028 4128 2126 4179 tus
2154 4119 2426 4177 Senensis
2446 4117 2762 4191 benignius
2774 4116 3042 4191 eXplicat,
3066 4115 3354 4191 refertque
3375 4117 3446 4173 ad
3476 4118 3667 4191 ignem

2030 4195 2247 4250 ultimae
2274 4187 2766 4262 conﬂagrationis,
2800 4187 2999 4262 quiex
3032 4187 3232 4262 electis
3261 4187 3669 4261 aliquos'non-

2028 4267 2172 4322 dum
2197 4263 2340 4320 satis
2366 4258 2646 4334 pur'gat‘os
2676 4258 2970 4324 lustrabit,
3005 4259 3282 4334 r_e_pro_bos
3305 4258 3439 4334 vero
3462 4278 3669 4319 omnes

2029 4329 2450 4421 αρρτειιθοάδες
2478 4329 2831 4421 ῌθΐξεξξθέιὲἱ
2861 4329 3544 4421 V9€9_*_1“Eii‘zeh°,°qﬁe
3571 4351 3668 4421 ειε-

2031 4401 2143 4481 cipi
2177 4401 2674 4481 sensu.‘0rig_e_nis
2721 4417 2838 4455 non
2898 4417 3068 4481 posse
3114 4403 3288 4457 verba
3321 4401 3667 4481 con—tendit,

2074 4473 2508 4548 nandoquidem
2543 4473 3180 4548 illenesanctissimos
3234 4473 3471 4548 quidem
3517 4473 3671 4532 viros

2074 4497 2508 4548 ιιᾶῐιαοψλιαθω
2544 4497 2638 4528 HIC
2668 4497 2739 4527 ue
2773 4497 3180 4528 δαυυιιδδιωυδ
3234 4497 3471 4544 quiuem
3517 4497 3671 4532 ἯΓΟΒ

2032 4497 2268 4607 ἓθῐνυπι
2300 4552 2460 4618 puta,
2495 4550 2597 4618 aut
2628 4544 2895 4618 Paulum.
2927 4543 3036 4599 hoc
3062 4546 3288 4618 futuros
3311 4545 3673 4618 igneimmuf

2034 4639 2138 4678 nes
2169 4615 2504 4676 arbitratur.
2558 4615 2813 4689 Ru_r_sum
2858 4616 3132 4689 Suarezio
3181 4615 3515 4689 respondet,
3571 4615 3675 4689 qui

2033 4699 2176 4750 tom.
2203 4691 2274 4770 IV
2295 4691 2352 4744 in
2380 4705 2517 4770 mp.
2541 4695 2597 4741 ὃ.
2623 4686 2856 4770 'i‘bom.,
2873 4704 2930 4759 q.
2950 4688 3018 4770 156
3039 4690 3178 4743 sect.
3203 4687 3256 4770 lt,
3281 4686 3676 4770 ut‘Origeném

2034 4768 2288 4838 excuset,
2322 4758 2617 4838 mendosa
2637 4759 2756 4838 haec
2788 4758 2915 4815 esse
2936 4764 2992 4814 et
3007 4763 3279 4838 corrupta
3301 4758 3676 4838 librariorum

2033 4837 2173 4893 vitio
2232 4829 2551 4900 contendit,
2603 4831 2779 4902 idque
2857 4845 2928 4902 eo
2992 4829 3368 4902 potissimum
3439 4831 3680 4902 probat,

2037 4908 2191 4981 quod
2223 4905 2397 4981 paulo
2428 4898 2702 4975 superius
2726 4903 2850 4981 ipse
2881 4898 2960 4954 ait
2983 4898 3466 4981 Origenes,_quotf
3477 4898 3682 4974 polluti

2036 4973 2087 5036 et
2105 4973 2316 5035 sordidi
2343 4973 2713 5045 resurgamus,
2746 4975 2909 5045 etiam
2961 4973 3199 5045 cogitare
3239 4973 3530 5045 piaculum
3577 4982 3678 5032 est.

2037 5050 2327 5122 Nimirum
2351 5041 2571 5122 tantam
2597 5042 2810 5122 (inquit
2832 5041 3096 5122 Huetius)
3125 5042 3182 5095 in
3210 5041 3419 5122 multis
3447 5044 3682 5122 haesitat

2037 5122 2255 5177 tionem
2287 5118 2554 5185 Origenis
2598 5113 3113 5185 deprehendimus,
3165 5118 3228 5168 ut
3267 5132 3482 5172 novum
3532 5115 3679 5172 mihi

2040 5135 2255 5177 tionem
2287 5135 2381 5175 UP]
2429 5135 2554 5172 enls
2598 5135 3111 5185 aepreneuuunus,
3165 5135 3228 5168 uc
3267 5135 3482 5172 novum
3532 5135 3679 5172 mlm

2040 5210 2156 5249 non
2189 5191 2284 5266 sit,
2317 5135 2521 5266 eagem
2551 5184 2794 5241 homilia
2824 5183 3248 5266 diversajllum
3280 5187 3682 5266 etpugnantie

2082 5255 2389 5327 rodidi'sse,
2422 5259 2724 5328 Enimvero
2756 5255 2896 5327 quid
2927 5255 3035 5328 hoc
3058 5255 3187 5328 ipso
3207 5255 3579 5316 manifestius
3598 5259 3682 5316 ef-

2067 5341 2159 5390 ‘ato
2182 5351 2194 5389 :
2217 5334 2394 5404 Neque
2421 5331 2573 5404 enim
2601 5327 2799 5404 absque
2825 5327 3395 5404 sordibusresurgere
3435 5333 3640 5404 poterit
3659 5333 3686 5384 ν

2043 5407 2156 5463 Eos
2185 5398 2348 5468 adeo,
2382 5401 2482 5474 qui
2509 5400 2588 5474 ob
2614 5398 2826 5474 erroris
2871 5404 3008 5474 nota
3047 5398 3242 5456 locum
3273 5398 3454 5458 hunc
3495 5403 3686 5459 vindi-

261 5483 546 5550 nuntiat,
570 5471 673 5554 qui
731 5497 886 5554 aqua
931 5480 1220 5554 etspiritu
1254 5471 1471 5535 fuerint
1518 5471 1827 5554 baptizati',
1879 5483 1936 5535 et
2044 5471 2500 5554 care‘sajagu‘nt,
2521 5471 2640 5554 .niti
2663 5471 2912 5527 arbitror
2944 5471 3186 5554 frustra.

259 5551 1058 5632 purgationeindiguerint,
1076 5551 1366 5632 malorum
1401 5551 1614 5632 autemj
1646 5567 1825 5632 noxes
1878 5554 1936 5608 et

253 5621 578 5689 iritia'wfore
601 5629 667 5685 ut
697 5621 954 5684 ﬂammis
1002 5624 1237 5698 penitus
1289 5627 1706 5700 excoquantur.
1756 5621 1937 5682 Gene-

571 5752 836 5848 ΡΑτιοῐ..
883 5750 1100 5820 XXVI.

2116 5549 2228 5624 (40)
2260 5543 2370 5605 Par
2398 5543 2637 5624 quidem
2674 5559 2856 5624 .error
2899 5547 2990 5624 est
3013 5543 3688 5624 Eetustiprumn'eliquet

2048 5613 2434 5706 scriptorum;
2455 5621 2631 5696 atque
2672 5613 2732 5673 in
2763 5613 2972 5704 primis
3013 5613 3358 5682 Tertulliani
3413 5613 3578 5684 libro‘
3615 5617 3694 5710 De
