4058 6190
429 331 544 394 ΞΒἿ

1675 331 1744 391 8.
1789 324 2099 388 EUSEBII
2145 322 2590 385 HIERONYMI

429 463 824 520 venerandum
844 466 978 519 ante
1009 464 1371 520 nativitatem
1394 461 1607 517 Christi
1631 458 1928 515 masculus
1952 474 2077 513 om-
2107 459 2161 525 Α
2193 474 2314 525 nos,
2350 456 2444 512 ille
2475 456 2574 528 qui
2606 472 2708 528 pro
2741 458 2860 510 toto
2892 453 3112 509 mundo
3143 452 3579 519 nascebatur,et
3593 452 3715 524 pati
3737 452 3843 508 ha-

430 554 570 608 nino
613 568 731 608 non
778 551 985 624 tetigit.
1007 554 1207 609 Audeo
1254 553 1394 624 quid
1427 550 1607 622 loqui,
1644 549 1782 620 quia
1823 553 1880 602 et
1917 547 1975 602 in
2011 561 2078 600 eo

430 642 587 713 quod
619 641 902 713 scriptum
937 647 1066 696 est:
1098 642 1342 714 Spiritus
1379 641 1479 696 Dei
1511 640 1686 694 veniet
1713 654 1876 709 super
1906 646 1977 708 te,
2028 643 2080 690 et

430 733 612 786 virtus
641 728 910 784 Alt'issimi
938 731 1279 786 obrumbabit
1309 740 1359 786 te
1387 731 1450 798 ³⁸,
1495 727 1851 801 principium
1900 725 2076 780 semi-

433 819 526 875 nis
555 824 614 875 et
643 824 956 891 conceptus
987 820 1181 886 fuerit,
1217 825 1274 876 et
1317 819 1440 876 sine
1488 818 1670 874 vulvae
1728 815 2080 872 reseratione

434 924 624 965 novus
652 907 712 963 in
746 913 911 964 utero
950 908 1101 964 fetus
1133 909 1466 965 adoleverit.
1512 907 1673 962 Unde
1721 909 1778 961 et
1818 903 2080 960 Salvator

435 997 731 1069 loquitur:
764 998 874 1067 Ego
901 1014 1023 1053 sum
1055 1001 1256 1053 vermis
1283 1005 1335 1053 et
1375 1013 1488 1052 non
1517 996 1674 1051 homo
1719 995 2080 1066 opprobrium

436 1088 744 1158 hominum,
776 1093 829 1142 et
858 1087 1080 1159 abjectio
1105 1089 1284 1160 plebis
1336 1088 1398 1142 ³ο.
1459 1085 1708 1141 Videbat
1756 1084 1817 1139 in
1873 1082 2079 1138 matris

435 1181 600 1233 utero
623 1175 1063 1232 immunditiam
1088 1193 1420 1248 corporum,
1446 1174 1770 1230 visceribus
1790 1174 1918 1244 ejus
1946 1172 2080 1226 hinc

433 1265 570 1322 inde
597 1265 868 1336 vallatus,
905 1271 1148 1321 terrena
1179 1266 1335 1321 faecis
1373 1264 1705 1336 patiebatur
1751 1261 2076 1333 angustias,

437 1355 590 1412 unde
603 1353 892 1410 assimilat
913 1371 975 1410 se
994 1371 1062 1410 ve
1084 1355 1283 1423 vermi,
1312 1359 1370 1411 et
1389 1353 1530 1409 dicit
1555 1369 1566 1408 :
1590 1355 1698 1422 Ego
1719 1368 1838 1406 sum
1859 1352 2077 1418 vermis,

431 1450 486 1500 et
509 1459 619 1499 non
646 1443 823 1498 homo.
856 1444 938 1498 Ex
968 1460 1128 1500 mare
1159 1444 1377 1516 quippe
1397 1460 1461 1498 ac
1489 1442 1708 1498 femina
1725 1441 1898 1496 homo
1919 1439 2080 1494 nasci

433 1532 604 1600 solet,
635 1548 740 1604 ego
762 1549 896 1588 vero
918 1550 1036 1590 non
1057 1550 1126 1588 ex
1147 1531 1408 1588 masculo
1433 1536 1490 1588 et
1513 1531 1730 1586 femina
1754 1529 2080 1586 secundum

433 1623 616 1677 ritum
647 1620 977 1677 humanum
1009 1627 1181 1694 atque
1205 1626 1498 1688 naturam,
1525 1621 1624 1676 sed
1658 1620 1716 1675 in
1748 1617 2079 1689 exemplum

435 1710 650 1766 vermis
683 1715 859 1767 natus
889 1727 1042 1779 sum,
1077 1713 1246 1782 cujus
1280 1727 1394 1767 non
1435 1715 1525 1766 est
1567 1709 1805 1764 aliunde
1856 1722 2079 1774 semen,

437 1801 539 1855 sed
595 1799 654 1853 in
712 1800 879 1870 ipsis,
926 1805 982 1856 et
1039 1817 1107 1856 ex
1187 1800 1330 1872 ipsis
1391 1801 1450 1854 in
1523 1798 1739 1870 quibus
1811 1795 2159 1906 coalescitB

437 1887 778 1960 corporibus
807 1889 968 1961 origo
1000 1894 1106 1944 est.
1130 1891 1365 1960 Propter
1395 1889 1546 1960 quod
1571 1887 1710 1958 quia
1729 1902 1901 1942 omne
1922 1901 2077 1940 mas-

435 1976 700 2034 culinum
733 1977 888 2049 quod
920 1978 1105 2050 aperit
1136 1978 1386 2044 vulvam,
1419 1981 1688 2032 sanctum
1715 1974 1957 2030 Domino
1987 1989 2080 2028 vo-

436 2063 682 2132 cabitur,
717 2065 927 2120 ductus
956 2070 1046 2120 est
1074 2066 1134 2120 in
1162 2064 1612 2137 Jerosolymam,
1657 2071 1721 2119 ut
1775 2066 2081 2134 appareret

437 2159 572 2210 ante
601 2158 977 2225 conspectum
1011 2155 1130 2224 Dei,
1162 2159 1215 2210 et
1245 2160 1482 2226 propter
1510 2153 1654 2208 illud
1687 2153 1840 2224 quod
1885 2150 2080 2221 sequi-

437 2247 570 2298 tur:
607 2243 671 2298 Ut
695 2243 924 2297 daretur
949 2259 1150 2298 munus
1173 2259 1274 2314 pro
1300 2259 1358 2299 eo
1397 2244 1546 2315 quod
1585 2245 1646 2297 in
1699 2244 1817 2313 lege
1865 2242 2084 2296 Domini

434 2333 701 2403 scriptum
727 2335 840 2387 est:
884 2333 998 2386 Par
1025 2335 1301 2386 turturum
1329 2341 1426 2386 aut
1471 2331 1602 2386 duos
1644 2329 1833 2401 pullos
1878 2331 2083 2384 colum-

441 2423 662 2476 barum.
696 2421 1019 2475 Turturum
1043 2438 1164 2492 par,
1189 2425 1246 2476 et
1265 2421 1413 2476 duos
1435 2420 1628 2492 pullos
1650 2419 2080 2485 columbarum,

439 2526 544 2581 pro
575 2508 870 2564 Salvatore
911 2509 1177 2564 videmus
1210 2509 1455 2565 oblatos.
1498 2510 1612 2580 Ego
1663 2513 1717 2563 et
1755 2525 1888 2562 aves
1938 2507 2083 2562 istas

440 2598 641 2654 beatas
670 2601 810 2669 puto
842 2614 970 2669 qua:
1002 2615 1106 2670 pro
1139 2603 1268 2654 ortu
1300 2598 1531 2653 Domini
1577 2596 1783 2652 oblatio
1815 2601 1976 2663 sunt,
2030 2601 2086 2651 et

441 2687 736 2760 quomodo
767 2687 994 2742 asinam
1024 2687 1258 2742 Balaam
1292 2687 1491 2755 miror,
1525 2691 1581 2742 et
1613 2686 1885 2740 felicitate
1914 2701 2083 2739 accu-

443 2775 625 2847 mulo,
660 2775 799 2848 quia
827 2774 1005 2848 digna
1036 2775 1208 2831 fuerit
1237 2793 1352 2832 non
1384 2774 1574 2830 solum
1596 2774 1789 2829 videre
1810 2772 2084 2845 angelum

443 2866 564 2937 Dei,
598 2867 697 2921 sed
721 2866 897 2921 etiam
916 2881 1013 2920 ore
1044 2869 1295 2920 reserato
1320 2865 1376 2918 in
1405 2864 1731 2920 humanum
1754 2879 2083 2918 sermonem

443 2971 749 3027 erumpere
777 2970 789 3008 :
819 2953 902 3009 sic
924 2953 1110 3008 multo
1123 2953 1379 3025 amplius
1401 2953 1507 3008 has
1526 2952 1791 3008 volucres
1813 2951 2082 3023 praedico,

442 3060 658 3116 easque
688 3042 956 3114 sustollo,
991 3043 1146 3115 quod
1180 3059 1282 3115 pro
1315 3043 1562 3098 Domino
1583 3047 1778 3097 nostro
1810 3048 1864 3096 et
1888 3041 2083 3097 Salva-

443 3137 568 3190 tore
598 3132 802 3188 oblata:
834 3137 991 3187 sunt.
1027 3135 1087 3190 Ut
1125 3136 1383 3204 o/jerrent
1407 3149 1508 3204 pro
1539 3148 1598 3188 eo
1627 3149 1730 3195 par
1783 3135 2082 3200 turturum,

2188 547 2381 612 bebat,
2407 563 2600 600 coram
2625 543 2868 600 Domino
2893 544 3301 608 mundaretur,
3328 543 3426 598 sed
3451 547 3514 596 ut
3536 542 3842 613 dispensa-

2189 635 2268 692 tio
2300 636 2427 706 ejus
2460 653 2604 691 nova
2638 633 2855 697 omnia,
2889 633 2970 688 ita
3001 650 3178 687 novas
3211 647 3442 704 quoque
3466 631 3707 686 haberet
3726 631 3838 688 ho-

2188 726 2354 790 stias,
2388 723 2711 780 secundum
2743 722 3100 776 voluntatem
3156 719 3572 792 omnipotentis
3625 720 3725 775 Dei
3775 721 3837 777 in

2188 815 2414 869 Christo
2445 813 2607 878 Jesu,
2643 810 2734 866 cui
2768 816 2856 866 est
2886 810 3072 882 gloria
3101 816 3156 866 et
3189 809 3502 881 imperium
3528 809 3588 864 in
3623 808 3840 866 secula

2189 903 2556 960 saeculorum.
2591 908 2798 955 Amen.

2618 1015 2715 1067 29
2734 1009 2908 1066 3-9.?
2943 1007 3247 1061 HOMILIA
3288 1005 3401 1059 XV.

2187 1101 2261 1156 Dc
2304 1101 2571 1172 Simeoue,
2624 1103 2763 1173 quod
2811 1104 2870 1156 in
2917 1100 3126 1173 spiritu
3171 1095 3240 1150 ad
3274 1095 3548 1173 templum
3594 1098 3828 1173 uenerit,

2261 1189 2428 1244 usque
2456 1175 2522 1227 ad
2544 1167 2666 1228 cum
2696 1178 2894 1236 locum,
2931 1171 3022 1224 ubi
3049 1170 3128 1222 ait
3153 1184 3164 1221 ε
3201 1192 3243 1244 (εί
3263 1169 3418 1221 Nunc
3461 1167 3696 1222 dimittis
3722 1183 3833 1223 ser-

2261 1240 2384 1298 vum
2417 1250 2592 1311 tuum,
2625 1247 2869 1311 Domi-ne,
2893 1245 2952 1297 in.
2970 1256 3124 1311 pace.
3158 1262 3184 1288 ››
3208 1240 3346 1310 Cap.
3372 1256 3431 1292 ii.

2262 1352 2446 1424 Digna
2477 1353 2576 1407 Dei
2610 1367 2850 1408 munere
2881 1348 3189 1422 quaerenda
3211 1350 3299 1401 est
3322 1346 3486 1400 ratio.
3509 1347 3730 1403 Simeon
3749 1349 3836 1402 vir

2189 1445 2410 1497 sanctus
2439 1446 2488 1496 cl
2521 1445 2759 1497 Domino
2784 1441 3030 1512 placens,
3065 1436 3218 1491 sicut
3247 1437 3304 1490 in
3337 1435 3641 1506 Evangelio
3682 1437 3832 1491 εστὶ-

2190 1535 2358 1602 ptum
2391 1536 2497 1598 est,
2530 1540 2848 1602 exspectans
2877 1525 3308 1584 consolationem
3355 1523 3553 1590 Israel,
3608 1541 3835 1596 respon-

2189 1635 2309 1673 sum
2340 1629 2616 1691 acceperat
2637 1636 2671 1675 a
2701 1621 2914 1691 Spirilu
2943 1624 3148 1684 sancto,
3181 1630 3291 1668 non
3319 1630 3377 1668 se
3413 1615 3572 1684 prius
3602 1623 3834 1670 mortem

2191 1710 2467 1765 obiturum
2496 1725 2669 1781 quam
2711 1709 2916 1764 videret
2972 1707 3249 1762 Christum
3297 1705 3534 1758 Domini.
3585 1704 3733 1769 Quid
3781 1704 3834 1761 ά

2191 1799 2426 1870 profuit,
2464 1806 2528 1854 ut
2558 1799 2778 1853 videret
2807 1797 3103 1851 Christum
3127 1793 3153 1847 ‘l
3175 1793 3376 1848 Utrum
3393 1791 3503 1847 hoc
3520 1797 3748 1849 tantum
3773 1794 3832 1850 in

2192 1888 2579 1960 promissione
2611 1887 2834 1955 habuit,
2871 1891 2936 1941 ut
2966 1885 3185 1939 videret
3215 1881 3404 1952 illum,
3448 1881 3712 1954 nihilque
3761 1899 3830 1939 ex

2190 1978 2316 2033 visu
2349 1978 2476 2048 ejus
2507 1981 2962 2048 consequeretur
2981 1971 3297 2028 utilitatis?
3320 1988 3392 2025 an
3413 1969 3554 2025 latet
3597 1970 3832 2042 aliquod

2191 2067 2410 2122 donum
2442 2067 2687 2137 dignum
2721 2064 3006 2134 Dei,quod
3041 2063 3248 2117 beatus
3270 2059 3503 2114 Simeon
3527 2063 3584 2114 et
3621 2061 3833 2116 meruit

2191 2161 2249 2212 et
2287 2155 2543 2226 accepit?
2566 2154 2878 2208 Fimbriam
2903 2148 3233 2207 vestimenti
3253 2149 3390 2204 Jesu
3415 2147 3628 2204 mulier
3646 2149 3839 2222 tetigit

2192 2248 2248 2298 et
2279 2248 2481 2297 sanata
2513 2249 2600 2297 est
2627 2243 2690 2296 ³ο.
2723 2242 2783 2296 Si
2815 2240 2915 2294 illa
2939 2240 3010 2294 ad
3043 2244 3363 2293 extremam
3394 2242 3618 2308 partem
3661 2238 3835 2293 vesti-

2194 2332 2374 2387 menti
2409 2336 2633 2386 tantum
2667 2329 3047 2385 emolumenti
3080 2327 3302 2395 habuit,
3338 2326 3478 2397 quid
3513 2326 3837 2397 putandum

2193 2427 2283 2478 est
2313 2421 2382 2475 de
2411 2421 2700 2490 Simeone,
2726 2419 2826 2490 qui
2850 2421 2906 2474 in
2935 2435 3077 2474 suas
3102 2417 3269 2471 ulnas
3293 2415 3515 2486 accepit
3534 2416 3838 2484 infantem,

2195 2516 2253 2565 et
2283 2509 2537 2564 brachiis
2567 2514 2771 2564 tenens
2801 2508 3108 2563 laetabatur
3137 2510 3310 2576 atque
3332 2505 3624 2576 gaudebat
3642 2505 3842 2561 videns

2195 2598 2502 2671 parvulum
2530 2615 2564 2651 a
2592 2615 2654 2652 se
2684 2597 2921 2669 gestari,
2973 2595 3073 2667 qui
3099 2597 3172 2651 ad
3206 2596 3430 2650 vinctos
3471 2602 3708 2650 venerat
3754 2611 3843 2652 re-

2196 2688 2521 2755 solvendos,
2548 2703 2726 2758 seque
2748 2688 2945 2758 ipsum
2965 2685 3134 2740 nodis
3157 2685 3417 2756 corporis
3434 2683 3836 2740 liberandum:

2196 2778 2389 2832 sciens
2421 2776 2713 2831 neminem
2741 2791 2912 2848 posse
2941 2776 3012 2830 de
3043 2774 3299 2830 claustro
3329 2774 3590 2845 corporis
3641 2790 3843 2846 quem»

2197 2866 2352 2939 piam
2381 2865 2648 2920 emittero
2675 2881 2807 2919 cum
2839 2880 2942 2936 spe
2973 2864 3180 2918 futurae
3203 2862 3350 2933 vita),
3376 2863 3489 2918 nisi
3507 2878 3640 2918 eum
3663 2879 3839 2936 quem

2195 2956 2254 3011 in
2305 2953 2562 3010 brachiis
2609 2954 2962 3009 continebat.
3025 2951 3187 3008 Unde
3226 2953 3298 3007 ad
3351 2968 3486 3006 eum
3536 2952 3836 3024 loquitur:

2194 3046 2349 3101 Nunc
2384 3043 2633 3112 dimittis,
2663 3044 2911 3113 Domine,
2941 3057 3161 3098 servum
3189 3049 3345 3096 tuum
3375 3042 3436 3096 in
3462 3057 3616 3111 pace.
3641 3047 3840 3109 Quan-

2197 3134 2296 3189 diu
2328 3133 2485 3188 enim
2517 3131 2813 3187 Christum
2845 3147 2958 3186 non
3010 3131 3302 3197 tenebam,
3351 3131 3613 3201 quandiu
3665 3131 3837 3190 illum

440 3226 540 3278 aut
566 3222 706 3276 duos
735 3221 912 3292 pullos
941 3221 1339 3276 columbarum.
1388 3221 1612 3277 Novum
1641 3221 1783 3293 quid
1834 3219 2078 3276 forsitan
2113 3211 2156 3278 C
2196 3222 2340 3278 meis
2375 3220 2630 3277 brachiis
2661 3238 2775 3276 non
2810 3221 3128 3290 arctabam,
3161 3219 3393 3276 clausus
3423 3235 3607 3287 eram,
3659 3227 3718 3277 et
3765 3222 3843 3279 de

440 3311 640 3367 videar
669 3309 902 3375 inferre,
936 3309 1036 3364 sed
1071 3325 1172 3380 pro
1205 3311 1512 3380 majestate
1555 3326 1759 3380 parum
1818 3310 2085 3382 dignum.

442 3401 606 3459 Sicut
637 3416 782 3454 nova
813 3398 921 3452 fuit
951 3397 1245 3468 generatio
1269 3397 1606 3464 Salvatoris,
1641 3415 1755 3453 non
1789 3415 1857 3453 ex
1891 3400 2007 3454 viro
2031 3404 2088 3456 et

446 3489 710 3552 muliere,
745 3486 846 3540 sed
898 3501 966 3540 ex
997 3484 1121 3540 sola
1156 3490 1386 3539 tantum
1419 3485 1682 3555 Virgine:
1747 3485 1831 3539 sic
1880 3491 1937 3540 et
1985 3504 2088 3558 par

447 3581 747 3632 turturum
777 3579 834 3629 et
863 3573 976 3628 duo
1003 3573 1144 3644 pulli
1168 3572 1575 3628 columbarum
1603 3589 1719 3627 non
1744 3575 1978 3629 fuerunt
2000 3581 2087 3629 ta-

449 3668 536 3722 les
565 3664 766 3737 quales
798 3661 982 3718 oculis
1015 3663 1207 3718 carnis
1230 3663 1549 3734 aspicimus
1576 3680 1588 3718 :
1613 3663 1713 3717 sed
1741 3663 1942 3735 quales
1966 3665 2090 3736 Spi-

448 3758 598 3814 ritus
629 3758 868 3809 sanctus
899 3757 1005 3816 est,
1043 3752 1142 3822 qui
1173 3752 1231 3806 in
1264 3752 1455 3824 specie
1485 3751 1766 3808 columbre
1788 3754 2090 3811 descendit

443 3854 502 3905 et
531 3844 684 3901 venit
721 3857 899 3914 super
928 3840 1303 3907 Salvatorem,
1336 3841 1571 3913 quando
1602 3844 1660 3896 in
1690 3843 1940 3897 Jordane
1990 3844 2087 3900 ba—

442 3936 698 4012 ptizatus
727 3935 817 3988 est
835 3931 919 3985 ’9'.
944 3929 1083 3986 Tale
1106 3929 1214 3984 fuit
1238 3934 1293 3985 et
1309 3934 1720 4001 parturturum
1746 3945 1759 3986 :
1785 3947 1899 3986 non
1919 3938 2086 3990 erant

438 4025 532 4083 ilaa
562 4023 829 4081 volucres
859 4020 970 4091 (41)
1003 4024 1066 4074 ut
1097 4018 1218 4074 istae
1251 4035 1377 4089 quin
1427 4035 1528 4090 per
1575 4035 1767 4074 aerem
1817 4019 2079 4090 volitant,

436 4117 539 4173 sed
573 4113 837 4170 divinum
871 4108 1151 4182 quiddam
1185 4112 1241 4163 et
1284 4107 1546 4163 humana
1593 4108 2082 4180 contemplatione

434 4203 768 4278 augustius,
805 4201 916 4256 sub
946 4196 1138 4271 specie
1165 4195 1450 4252 columbis
1479 4202 1538 4252 et
1558 4196 1805 4253 turturis
1837 4216 2080 4270 appara-

431 4293 551 4362 bat,
586 4296 650 4348 ut
682 4307 795 4346 non
827 4287 1048 4344 talibus
1078 4285 1333 4342 victimis
1364 4284 1640 4358 qualibus
1664 4302 1868 4342 omnes
1891 4287 2078 4346 homi-

2197 3309 2449 3367 vinculis
2481 3311 2634 3365 exire
2667 3327 2780 3365 non
2815 3314 3097 3382 poteram.
3131 3309 3248 3364 Hoc
3278 3313 3477 3364 autem
3509 3326 3624 3365 non
3647 3310 3842 3368 solum

2199 3401 2270 3455 de
2299 3401 2585 3466 Simeone,
2619 3400 2719 3454 sed
2753 3399 2821 3454 de
2852 3398 3011 3454 omni
3034 3399 3290 3454 humano
3313 3400 3845 3470 generesciendum

2199 3495 2307 3544 est.
2342 3489 2400 3544 Si
2433 3490 2566 3559 quis
2595 3489 2924 3560 egredietur
2953 3505 2984 3544 e
3016 3489 3257 3553 mundo,
3303 3487 3352 3542 si
3385 3491 3516 3560 quis
3547 3505 3579 3543 e
3616 3505 3850 3547 caream

2200 3579 2527 3632 vinctorum
2559 3578 2732 3632 domo
2763 3577 3098 3645 dimittitur,
3134 3582 3198 3632 ut
3227 3578 3298 3632 ad
3332 3579 3696 3650 regnandum
3744 3593 3848 3636 va-

2201 3667 2318 3730 dat,
2352 3671 2549 3721 sumat
2576 3667 2779 3722 Jesum
2812 3669 2869 3720 in
2902 3667 3175 3722 manibus
3221 3667 3366 3734 suis,
3416 3673 3473 3722 et
3521 3667 3852 3725 circumdet

2199 3770 2332 3810 eum
2365 3756 2621 3810 brachiis
2651 3757 2799 3822 suis,
2849 3761 3036 3810 totum
3090 3755 3301 3811 habeat
3330 3756 3389 3810 in
3423 3758 3581 3826 sinu,
3606 3762 3660 3813 et
3703 3763 3849 3814 tunc

2194 3843 2494 3899 exsultans
2525 3845 2604 3900 ire
2636 3845 2863 3916 poterit,
2924 3861 3038 3916 quo
3092 3845 3402 3900 desiderat.
3455 3846 3838 3904 Considerate

2194 3938 2415 4006 quanta
2444 3935 2800 4006 dispensatio
2833 3935 3213 4006 precesserit,
3249 3940 3312 3990 ut
3339 3934 3548 3991 Filium
3595 3935 3697 3992 Dei
3751 3936 3846 3993 Si-

2195 4030 2717 4080 meoamereretur
2746 4029 2959 4078 tenere.
2986 4024 3246 4078 Primum
3278 4041 3626 4096 responsum
3651 4042 3684 4080 a
3702 4037 3840 4082 san-

2192 4118 2282 4168 cto
2334 4112 2550 4182 Spiritu
2602 4118 2921 4184 acceperat,
2975 4129 3091 4167 non
3137 4129 3270 4168 eum
3323 4113 3515 4169 videre
3565 4120 3841 4186 mortem,

2191 4201 2304 4257 nisi
2335 4201 2498 4272 prius
2530 4201 2771 4258 vidisset
2801 4201 3102 4257 Christum
3157 4201 3406 4256 Domini.
3458 4202 3674 4259 Deinde
3724 4220 3844 4260 non

2189 4289 2430 4346 fortuitu
2462 4306 2528 4345 ac
2559 4291 2909 4362 simpliciter
2939 4293 3242 4364 ingressus
3273 4297 3362 4347 est
3390 4291 3699 4364 templum,
3736 4291 3842 4350 sed

496 4444 540 4480 ³⁸
573 4447 706 4498 Luc.
738 4457 778 4509 1,
809 4441 899 4496 35.
931 4441 975 4474 '9
1007 4437 1157 4495 Psal.
1188 4455 1302 4506 χχι,
1335 4440 1390 4506 7,
1420 4439 1488 4473 ’θ’
1522 4437 1729 4494 Matth.
1765 4455 1846 4508 ιιι,
1881 4441 1966 4497 16.
1998 4443 2043 4477 ³ο
2072 4442 2077 4498 ξ

2194 4444 2277 4500 th.
2311 4459 2386 4508 Ix,
2418 4445 2607 4499 20-22.

424 4614 593 4656 carne
621 4594 843 4652 Christi.
885 4609 1010 4668 cap.
1041 4592 1132 4660 23,
1175 4595 1351 4662 atque
1408 4606 1657 4668 eorum,_
1687 4609 1834 4668 quos
1884 4593 2068 4668 Gene-
2101 4600 2146 4664 Β
2178 4613 2359 4668 eoque
2391 4596 2707 4652 Ezechielis
2737 4597 2972 4654 oraculo
3005 4600 3481 4655 corroboratum:
3517 4605 3688 4656 Porta
3720 4598 3839 4658 hac

426 4670 678 4727 brardus
699 4672 872 4738 atque
901 4665 1142 4738 Huetius
1163 4668 1505 4738 praetexunt,
1533 4664 1824 4738 Ambrosii
1849 4667 2072 4738 scilicet

423 4741 752 4806 Athanasii,
776 4734 996 4807 Basilii,
1021 4735 1122 4806 qui
1149 4740 1220 4790 de
1244 4735 1489 4807 virginei
1508 4734 1751 4807 claustri
1773 4737 2070 4806 apertione

429 4815 490 4870 in
522 4819 692 4887 partu
715 4805 1250 4887 disseruntfProbe
1278 4805 1488 4887 autem.
1502 4805 1712 4887 liuetio
1732 4805 2069 4887 notandum

427 4878 541 4951 est;
587 4885 864 4941 omnibus
914 4880 987 4934 iis
1033 4878 1427 4949 exceptionem
1475 4878 1638 4951 illam
1678 4879 2072 4937 adhibendam

425 4949 578 5028 esse,
610 4971 726 5028 qua
764 4955 834 5009 ad
869 4951 1224 5028 solvepdum‘
1250 4949 1541 5028 A_mbrosii
1572 4950 1787 5028 locum,
1821 4969 1964 5028 usus
1985 4957 2075 5008 est

425 5021 683 5083 Thomas
713 5043 768 5098 p.
797 5042 880 5098 iii,
903 5039 959 5094 q.
994 5022 1084 5087 28,
1116 5025 1255 5098 a._2,
1277 5021 1356 5076 ita
1387 5036 1594 5092 nempe
1616 5021 1839 5098 locutos
1873 5025 2071 5080 Patres

424 5098 579 5168 illos,
619 5094 750 5152 cum
784 5096 928 5150 illud
960 5094 1325 5168 evangelista
1349 5100 1704 5168 exponerent
1733 5112 1745 5149 :
1772 5097 2068 5150 ()mnema-

419 5166 700 5226 sculinum
727 5168 1057 5238 adaperiens
1087 5166 1325 5238 vulvam,
1356 5169 1615 5238 sanctum
1642 5166 1872 5222 Domino
1911 5183 2066 5222 voca-

417 5243 604 5298 bitur:
635 5241 789 5312 quod
823 5237 1062 5312 quidem
1096 5237 1410 5312 exvulgata
1432 5237 1706 5312 loquendi
1752 5245 2066 5312 consuetu:

410 5309 913 5384 dineusurpatum
947 5309 1063 5384 est,
1094 5325 1208 5384 non
1241 5311 1311 5364 ad
1343 5309 1790 5384 signiﬁcandam
1823 5309 2064 5382 virginei

407 5384 588 5457 sigilli
621 5385 681 5439 in
710 5379 1020 5457 puerperio
1051 5381 1371 5457 laesionem,
1405 5381 1505 5435 sed
1537 5379 1756 5457 exitum
1782 5379 2065 5457 duntaxat

448 5451 589 5513 r'olis
619 5458 691 5511 de
714 5451 908 5511 'utero.
942 5453 1226 5507 Caeterum
1256 5453 1460 5507 eodem
1491 5451 1810 5506 adnotante
1831 5453 2061 5520 Huetio,

449 5545 517 5584 oc
550 5533 638 5586 est
667 5527 903 5600 optimae
945 5524 1181 5600 Patrum
1205 5529 1336 5600 tam
1362 5524 1720 5590 Graecorum,
1753 5539 1929 5600 quam
1955 5525 2058 5579 La-

400 5600 666 5658 tinorum
697 5595 902 5674 partis,
925 5602 990 5674 Et
1008 5596 1284 5674 Ephesini
1309 5601 1585 5668 praeterea
1609 5595 1841 5674 concilii
1861 5597 2061 5674 decre-

406 5674 560 5752 tum,
604 5668 884 5750 perpetuo
924 5668 1188 5731 Ecclesiae
1239 5683 1529 5728 consensu
1587 5668 2055 5744 comprobatum,

2185 4671 2378 4724 clausa
2407 4674 2514 4724 erit
2540 4685 2561 4730 ;
2592 4687 2701 4744 non
2732 4673 3026 4741 aperietur,
3062 4675 3113 4725 et
3139 4674 3224 4726 vir
3271 4689 3380 4726 non
3429 4673 3686 4727 transibit
3737 4688 3842 4744 per

2183 4756 2340 4808 eam;
2366 4744 2629 4812 quoniam
2653 4742 2919 4796 Dominus
2952 4749 3092 4797 Deus
3115 4745 3283 4798 Israel
3307 4747 3583 4813 ingressus
3613 4746 3693 4798 est
3738 4742 3842 4814 per

2183 4829 2336 4868 eam:
2364 4818 2571 4883 eritque
2599 4814 2787 4868 clausa
2827 4816 3088 4884 principi,
3142 4816 3426 4869 illibatam
3475 4821 3532 4869 et
3582 4817 3639 4868 in
3695 4831 3835 4870 con-

2183 4891 2354 4956 ceptu
2385 4891 2441 4939 et
2483 4902 2538 4939 in
2570 4893 2738 4955 partu
2781 4887 2970 4940 Mariae
3029 4888 3447 4958 virginitatem,
3497 4886 3836 4958 Christique

2182 4973 2394 5028 corpus
2427 4959 2626 5011 eodem
2663 4959 2835 5011 modo
2863 4960 3014 5012 foras
3047 4957 3392 5028 prodidisse,
3419 4971 3535 5028 quo
3559 4957 3628 5012 ad
3657 4958 3836 5014 disoi-

2180 5027 2351 5098 pultis
2382 5027 2664 5100 obseratis
2699 5029 2918 5084 foribus
2950 5027 3288 5100 pedetravit.

2250 5099 2359 5172 (4,1)
2385 5098 2584 5152 Merito
2611 5099 2906 5171 Origenes,
2941 5098 3090 5171 Quod
3129 5103 3186 5156 in
3232 5100 3549 5172 Scripturis
3605 5099 3830 5172 edisse-

2179 5171 2396 5243 rendis,
2432 5170 2802 5238 pessumdato
2833 5170 3045 5242 saepius
3077 5170 3588 5236 historico'sensu,
3613 5170 3833 5243 allego-

2177 5240 2321 5314 ricis
2345 5242 2811 5314 expositionibus
2845 5240 2930 5298 rei
2957 5244 3256 5300 veritatem
3309 5243 3618 5314 praevertit,
3675 5240 3830 5298 male

2176 5313 2329 5382 apud
2365 5313 2629 5367 Ecclesia:
2665 5316 2858 5368 Patres
2889 5318 3162 5370 continuo
3189 5313 3391 5370 audiit.
3455 5313 3620 5368 Haud
3671 5320 3837 5370 certe

2176 5388 2315 5457 scio,
2344 5401 2459 5455 qua
2493 5384 2677 5455 possit
2709 5386 2827 5439 htDC
2848 5387 3245 5457 interpretatio
3275 5383 3650 5457 excusatione
3689 5385 3843 5440 obli-

2174 5455 2307 5530 niri,
2341 5472 2475 5510 cum
2509 5462 2772 5512 turtures
2806 5475 2906 5527 pro
2932 5455 3158 5514 Christo
3178 5457 3405 5514 oblatos
3435 5455 3614 5530 fuisse
3632 5460 3818 5530 negat

2168 5500 2431 5601 uolu’cres,
2464 5537 2524 5581 ut
2556 5531 2678 5583 ista;
2705 5500 2856 5594 sunlt,
2882 5544 3007 5601 quae
3049 5547 3149 5601 ρει·
3196 5546 3381 5585 acrem
3430 5528 3685 5598 volitant,
3711 5500 3841 5585 θεαί

2168 5598 2423 5675 diuinum
2447 5601 2707 5675 quiddam
2742 5610 2794 5675 et
2852 5598 3097 5675 humana
3145 5601 3607 5675 contemplatione
3657 5615 3840 5675 augu-

2166 5672 2306 5731 stius
2333 5672 2436 5734 sub
2457 5671 2640 5745 specie
2669 5671 2931 5731 columbo:
2959 5679 3009 5732 et
3030 5674 3269 5732 turturis
3294 5671 3640 5752 apparuisse.
