4058 6190
210 302 331 373 269

656 311 1157 373 TRANSLATIO
1201 311 1703 374 HOMILIARUM
1750 308 2116 374 ORIGENIS
2163 314 2242 373 ΙΝ
2287 314 2579 376 LUCAM.
2614 348 2691 357 —
2720 314 2988 374 HOMIL.
3035 314 3197 375 XVI.

3509 311 3631 374 270

209 445 371 500 venit
400 442 458 498 in
491 441 781 512 templum
811 441 872 496 in
902 441 1123 513 Spiritu
1142 441 1264 498 Dei.
1290 443 1723 515 Quotquotenim
1743 443 1867 515 Spi-
1898 446 1953 512 Α
1980 443 2286 515 vigilantes
2336 450 2390 499 et
2438 446 2812 501 observantes
2861 444 3156 500 custodias
3216 445 3402 500 noctis
3445 461 3626 516 supra

210 536 328 589 ritu
354 533 454 588 Dei
479 540 741 603 aguntur,
794 531 855 585 hi
881 530 991 600 ﬁlii
1018 539 1146 586 sunt
1174 533 1271 588 Dei
1298 534 1363 587 3’.
1407 533 1660 605 Spiritus
1693 533 1873 605 igitur

220 628 468 680 sanctus
496 637 629 676 eum
674 619 841 674 duxit
870 621 930 674 in
970 620 1276 692 templum.
1326 626 1408 677 Tu
1440 639 1673 694 quoque
1704 622 1753 678 si
1784 621 1871 677 vis

218 716 421 767 tenere
444 709 729 777 Jesum,et
750 708 1081 780 amplexare
1102 711 1395 780 manibus,
1421 716 1478 767 et
1506 711 1720 784 dignus
1746 710 1871 766 fieri

218 803 378 856 exire
406 800 477 856 de
507 814 757 866 carcere,
790 797 951 854 omni
979 797 1178 854 labore
1234 801 1511 871 nitere,ut
1531 802 1741 857 ducem
1769 800 1872 855 ha-

217 892 360 946 beas
410 890 721 961 Spiritum,
766 887 1084 959 veniasque
1132 889 1205 943 ad
1255 888 1539 962 templum
1572 889 1694 946 Dei.
1728 890 1872 945 Ecce

214 996 379 1036 nunc
431 983 556 1034 stas
585 977 641 1032 in
676 977 891 1048 templo
939 976 1171 1032 Domini
1201 978 1360 1047 Jesu,
1395 979 1502 1034 hoc
1533 983 1643 1047 est,
1678 979 1738 1033 in
1767 979 1871 1034 Ec-

213 1070 404 1126 clesia
430 1069 578 1139 ejus,
615 1067 716 1121 hoc
745 1071 834 1120 est
864 1064 1151 1138 templum
1182 1067 1253 1122 de
1283 1066 1427 1122 vivis
1460 1067 1756 1139 lapidibus
1778 1085 1874 1123 ex-

212 1164 536 1215 structum.
580 1160 707 1211 Stas
734 1160 932 1210 autem
990 1156 1049 1209 in
1098 1155 1315 1227 templo
1351 1157 1604 1225 Domini,
1635 1156 1874 1228 quando

208 1248 338 1306 vita
366 1252 488 1314 tua,
508 1250 567 1301 et
594 1244 953 1300 conversatio
978 1244 1247 1300 Ecclesiae
1279 1246 1449 1301 fuerit
1481 1245 1876 1317 appellatione

212 1335 588 1410 dignissima.
623 1333 683 1388 Si
712 1333 941 1388 veneris
971 1332 1181 1404 spiritu
1204 1335 1274 1389 ad
1299 1333 1876 1406 templum,invenies

209 1424 521 1499 parvulum
552 1423 782 1490 Jesum,
812 1421 1031 1477 levabis
1066 1422 1229 1477 illum
1278 1422 1532 1478 brachiis
1561 1422 1680 1478 tuis
1710 1428 1766 1478 et
1796 1424 1880 1482 di-

212 1534 310 1574 ces
343 1535 358 1572 :
391 1515 550 1569 Nunc
579 1512 791 1567 dimitis
839 1527 1055 1566 servum
1101 1514 1282 1580 tuum,
1334 1513 1580 1581 Domine,
1632 1514 1691 1566 in
1715 1529 1875 1584 pace,

209 1604 511 1663 secundum
539 1601 765 1656 verbum
794 1604 969 1655 tuum.
1003 1600 1307 1672 Simulque
1337 1602 1571 1657 attende
1599 1602 1752 1672 quod
1786 1619 1875 1658 so-

210 1693 421 1751 lutioni
452 1696 513 1747 et
541 1689 875 1747 dimissioni
910 1707 1022 1761 pax
1053 1690 1254 1745 addita
1289 1690 1383 1744 sit.
1424 1691 1549 1745 Non
1582 1691 1740 1745 enim
1771 1690 1874 1760 ait,

213 1781 445 1839 Dimitti
479 1779 628 1848 volo,
653 1780 754 1835 sed
786 1796 923 1833 cum
948 1779 1428 1847 additamento,in
1456 1795 1595 1851 pace
1627 1778 1869 1835 dimitti.

219 1873 365 1931 Nam
394 1875 453 1926 et
483 1870 653 1925 beato
684 1868 927 1923 Abrahae
985 1868 1090 1922 hoc
1142 1868 1295 1923 idem
1331 1868 1687 1939 promissum
1719 1875 1807 1923 est
1856 1886 1869 1923 :

218 1964 291 2017 Tu
318 1964 506 2016 autem
534 1959 695 2014 vades
726 1957 795 2011 ad
821 1961 1003 2028 putres
1032 1965 1151 2012 tuos
1198 1961 1257 2011 in
1300 1974 1454 2029 pace,
1528 1959 1773 2012 nutritus
1816 1958 1877 2014 in

214 2059 428 2109 senecta
459 2050 619 2103 bona.
682 2046 822 2110 Quis
875 2051 964 2102 est
1010 2046 1112 2118 qui
1151 2046 1437 2101 moriatur
1480 2047 1535 2101 in
1569 2062 1729 2117 pace,
1761 2045 1877 2101 nisi

217 2140 321 2213 qui
351 2138 532 2195 habet
560 2152 761 2209 pacem
797 2136 894 2191 Dei
925 2152 1055 2207 quae
1084 2152 1317 2191 omnem
1349 2152 1589 2192 sensum
1616 2139 1874 2206 superat,

218 2228 596 2298 custoditque
625 2243 725 2281 cor
779 2224 1138 2296 possessoris
1164 2224 1256 2279 sui
1287 2224 1314 2279 ?
1363 2225 1503 2290 Quis
1541 2228 1631 2279 est
1673 2224 1774 2295 qui
1805 2224 1876 2279 de

217 2318 446 2376 seculo
478 2318 589 2371 isto
618 2315 833 2370 recedit
874 2314 933 2368 in
983 2331 1143 2386 pace,
1195 2314 1309 2368 nisi
1358 2314 1409 2369 is
1452 2313 1551 2385 qui
1604 2312 1879 2385 intelligit

217 2394 384 2482 quod
448 2411 600 2461 Deus
648 2408 769 2460 erat
798 2404 856 2457 in
897 2404 1127 2459 Christo
1162 2404 1452 2458 mundum
1496 2402 1877 2458 reconcilians

217 2494 636 2567 sibi,nihilque
666 2493 1174 2565 inimicumﬁabet
1203 2491 1602 2548 adversarium
1624 2492 1747 2555 Dei,
1776 2492 1877 2547 sed

219 2602 459 2646 omnem
494 2600 695 2656 pacem
719 2588 891 2655 atque
922 2582 1292 2638 concordiam
1316 2582 1485 2638 bonis
1517 2582 1574 2636 in
1598 2598 1659 2637 se
1690 2581 1877 2653 operi-

219 2679 334 2733 bus
362 2672 709 2744 assumpsit,
743 2678 801 2727 et
826 2673 909 2727 sic
939 2672 999 2726 in
1030 2687 1170 2744 pace
1200 2672 1521 2726 dimittitur
1545 2687 1784 2742 pergere
1806 2670 1879 2725 ad

221 2769 461 2823 sanctos
493 2763 714 2825 Patres,
746 2764 817 2816 ad
862 2779 1014 2833 quos
1046 2766 1103 2817 et
1131 2767 1371 2817 sanctus
1415 2761 1708 2815 Abraham
1752 2776 1881 2831 pro-

224 2858 413 2912 fectus
444 2852 577 2909 est?
608 2852 757 2917 Quid
779 2851 851 2906 de
866 2851 1138 2907 Patribus
1160 2852 1369 2922 loquar
1385 2849 1413 2905 Ἰ
1432 2850 1503 2905 ad
1522 2850 1720 2921 ipsum
1743 2866 1882 2919 quo-

224 2960 342 3017 que
373 2943 477 3015 qui
508 2941 974 3014 patriarcharum
1030 2939 1301 3012 princeps
1351 2944 1408 2995 et
1454 2938 1738 2995 Dominus
1770 2942 1881 3005 est,

225 3035 311 3090 ire
338 3033 570 3100 Jesum,
593 3031 666 3086 de
697 3047 812 3102 quo
843 3030 1058 3085 dicitur
1085 3045 1098 3083 :
1132 3030 1332 3086 Melius
1360 3033 1439 3084 est
1466 3029 1666 3083 resolvi
1693 3036 1743 3082 et
1769 3042 1884 3081 esse

226 3140 354 3179 cum
382 3122 606 3178 Christo
630 3120 695 3174 ³³.
730 3119 830 3175 Ille
861 3119 1036 3174 habet
1064 3122 1292 3188 Jesum,
1334 3118 1435 3189 qui
1466 3118 1642 3173 audet
1671 3115 1830 3187 loqui
1866 3132 1879 3169 :

1980 551 2213 607 gregem
2247 552 2441 590 suum.
2474 535 2647 590 Venit
2676 533 2919 606 angelus
2951 534 3059 589 sub
3089 533 3216 604 ipsa
3249 534 3389 589 hora
3415 534 3623 589 nativi-

1981 623 2118 679 tatis
2146 624 2309 689 Jcsu,
2344 629 2399 678 et
2429 624 2507 678 ait
2539 626 2607 678 ad
2637 641 2734 678 eos
2782 642 2794 678 :
2846 624 3123 678 Annuntio
3171 623 3318 678 vobis
3363 623 3627 693 gaudium

1981 730 2262 783 magnum.
2297 717 2395 779 Ite,
2427 721 2478 767 et
2504 714 2796 767 invenietis
2843 714 3117 779 infantem
3146 711 3454 766 involutum
3480 728 3623 783 prm-

1981 804 2091 867 nis,
2123 811 2173 856 et
2196 804 2432 873 positum
2464 804 2521 856 in
2543 804 2835 872 praesepio.
2887 801 3147 856 Necdum
3182 799 3424 872 angelus
3452 799 3630 854 verba

1984 892 2231 957 finierat,
2268 897 2324 947 et
2371 909 2501 947 ecce
2534 892 2850 947 multitudo
2882 890 3133 946 cmlestis
3181 889 3465 945 exercitus
3495 888 3628 944 lau-

1984 982 2121 1036 dare
2152 982 2325 1053 ccepit
2354 987 2407 1036 et
2442 982 2781 1037 benedicere
2817 984 3016 1035 Deum.
3048 979 3194 1034 Cum
3223 979 3334 1034 hoc
3363 982 3631 1050 pastores

1983 1070 2193 1142 trepidi
2226 1070 2747 1142 perspexissent,ct
2776 1069 3020 1142 angelus
3050 1068 3390 1124 recessisset
3418 1067 3491 1122 ab
3521 1065 3627 1136 eis,

1985 1160 2256 1216 dixerunt
2285 1161 2356 1215 ad
2390 1160 2630 1214 invicem
2670 1178 2682 1215 :
2718 1162 2925 1214 Eamus
2977 1158 3311 1223 Bethlehem,
3360 1164 3413 1212 et
3442 1154 3628 1212 videa-

1983 1267 2105 1305 mus
2133 1253 2339 1320 factum
2376 1249 2513 1320 quod
2557 1251 2818 1304 Dominus
2866 1246 3093 1303 ostendit
3128 1247 3304 1303 nobis.
3334 1246 3636 1301 Venerunt

1986 1344 2042 1395 et
2069 1340 2415 1395 invenerunt
2447 1339 2776 1411 parvulum.
2811 1339 2952 1392 Tam
3004 1337 3085 1390 illi
3130 1352 3309 1408 quam
3340 1339 3634 1407 parentes,

1988 1429 2251 1483 videntes
2283 1445 2409 1499 quae
2464 1429 2613 1482 facta
2662 1429 2911 1495 fuerant,
2962 1424 3406 1480 admirabantur
3456 1439 3637 1495 super

1988 1517 2116 1571 hoc.
2160 1519 2230 1571 Et
2278 1518 2350 1572 de
2395 1516 2627 1572 Simone
2676 1515 2973 1580 scribitur,
3008 1514 3162 1585 quod
3202 1527 3499 1567 rumorem
3530 1527 3634 1566 au-

1986 1608 2133 1661 xerit
2162 1606 2450 1673 miraculi,
2512 1606 2597 1661 vel
2635 1621 2847 1677 magna
2906 1620 3043 1676 pars
3086 1602 3275 1665 fuerit,
3330 1600 3637 1672 tenuitque

1988 1711 2235 1766 puerum
2259 1696 2317 1749 in
2346 1695 2601 1750 brachiis
2632 1695 2776 1761 suis,
2809 1699 2867 1748 et
2897 1693 2978 1748 ait
3008 1709 3019 1748 :
3056 1695 3217 1748 Nunc
3244 1690 3500 1759 dimittis,
3532 1690 3636 1745 Do-

1988 1787 2158 1852 mine,
2189 1800 2408 1839 servum
2440 1794 2597 1839 tuum
2628 1786 2687 1838 in
2710 1800 2858 1854 pace,
2891 1782 3188 1837 secundum
3205 1780 3431 1835 verbum
3458 1787 3633 1847 tuum,

1987 1876 2118 1945 quia
2147 1874 2405 1929 viderunt
2455 1874 2607 1926 oeuli
2647 1875 2757 1927 mei
2796 1874 3038 1925 salutare
3086 1878 3257 1925 tuum.
3312 1868 3634 1939 Fastigium

1984 1967 2041 2019 et
2070 1967 2135 2018 ut
2163 1963 2243 2017 ita
2273 1964 2485 2029 dicam,
2517 1962 2745 2017 culmen
2780 1977 2957 2031 super
2986 1959 3077 2013 his
3108 1975 3234 2029 quae
3259 1956 3639 2027 jactabantur

1985 2053 2056 2107 de
2075 2053 2234 2119 Jesu,
2267 2056 2325 2106 et
2352 2057 2514 2123 pater
2534 2054 2590 2105 et
2622 2055 2807 2104 mater
2837 2049 2994 2103 illius
3026 2047 3410 2114 mirabantur,
3442 2060 3635 2101 sermo

1986 2141 2278 2197 Simeonis
2305 2140 2567 2195 fuit.Non
2599 2139 2753 2194 enim
2774 2138 2993 2193 sul'ﬁcit
3014 2138 3064 2192 ei
3089 2140 3282 2191 tenere
3304 2134 3634 2207 parvulum,

1985 2237 2042 2285 et
2071 2246 2137 2285 ea
2167 2246 2294 2301 quae
2335 2230 2403 2284 de
2436 2229 2749 2300 semetipso
2781 2226 3001 2297 scripta
3043 2230 3182 2281 sunt
3211 2224 3501 2297 proloqui,
3533 2225 3655 2280 sed‘

1986 2319 2283 2374 benedixit
2327 2318 2475 2389 patri
2512 2317 2666 2372 illius
2697 2323 2753 2371 et
2784 2317 2955 2371 matri
2992 2332 3005 2371 :
3049 2319 3105 2371 et
3135 2315 3206 2370 de
3247 2315 3374 2385 ipso
3406 2328 3639 2386 quoque

1987 2408 2355 2480 prophetavit
2396 2409 2635 2473 infante,
2671 2408 2869 2462 dicens
2904 2422 2917 2460 :
2959 2407 3091 2461 Ecce
3120 2406 3209 2460 hic
3234 2405 3445 2476 positus
3473 2405 3550 2458 est
3578 2402 3642 2458 in

1986 2499 2213 2553 ruinam
2260 2504 2310 2551 et
2377 2499 2824 2552 resurrectionem
2875 2496 3174 2550 multorum
3220 2495 3279 2548 in
3326 2491 3517 2559 Israel,
3587 2494 3643 2547 et

1988 2589 2048 2641 in
2095 2588 2313 2657 signum
2359 2589 2452 2640 cui
2499 2586 2921 2640 eontradieelur.
2977 2585 3141 2638 Tuam
3207 2597 3418 2654 quoque
3470 2583 3642 2653 ipsius

1987 2678 2235 2730 animam
2262 2675 2619 2745 pertransibit
2658 2674 2895 2743 glaJius,
2944 2678 3005 2727 ut
3046 2673 3361 2726 revelentur
3388 2672 3461 2725 de
3489 2670 3637 2725 mul-

1989 2767 2057 2819 tis
2104 2764 2356 2819 cordibus
2406 2764 2781 2834 cogitationes.
2833 2762 2978 2827 Quid
3030 2761 3139 2817 sibi
3174 2760 3293 2815 vult
3322 2759 3476 2830 quod
3511 2758 3637 2812 ait:

1988 2855 2118 2909 Ecce
2176 2853 2263 2907 hic
2317 2857 2529 2925 positus
2575 2862 2650 2906 est
2700 2854 2754 2905 in
2809 2854 3037 2906 ruinam
3085 2859 3135 2904 et
3194 2849 3644 2904 resurrectionem

1989 2944 2289 2999 multorum
2322 2944 2380 2996 in
2414 2943 2584 2995 Israel
2604 2945 2629 2993 ἱ)
2660 2941 2801 2994 Huic
2848 2940 2987 3010 quid
3020 2936 3212 2993 simile
3243 2938 3301 2991 in
3334 2933 3642 3008 Evangelio

1992 3033 2316 3087 secundum
2368 3031 2651 3084 Joannem
2688 3028 2873 3099 reperi
2922 3028 3205 3098 scriptum
3242 3043 3253 3080 :
3285 3027 3343 3080 In
3366 3024 3645 3095 judicium

1992 3138 2094 3195 ego
2146 3124 2203 3175 in
2255 3120 2527 3173 mundum
2572 3121 2741 3174 istum
2788 3119 2935 3181 veni,
2985 3119 3043 3171 ut
3073 3118 3169 3188 qui
3195 3132 3304 3171 non
3346 3114 3533 3170 vident
3559 3113 3645 3169 vi-

234 3214 362 3269 Vivo
392 3213 504 3283 iam
534 3226 642 3266 non
674 3225 790 3278 ego,
826 3209 964 3264 vivit
993 3224 1120 3264 vero
1168 3211 1226 3263 in
1274 3224 1360 3264 me
1408 3206 1658 3262 Christus
1695 3206 1760 3259 ³³.
1810 3204 1885 3260 Ut
1915 3197 1956 3264 C
1994 3211 2177 3275 deant,
2203 3217 2253 3264 et
2284 3210 2380 3280 qui
2410 3208 2589 3261 rident
2619 3209 2752 3262 czeci
2780 3208 2917 3276 ﬁant
2961 3206 3027 3260 δι.
3070 3204 3368 3269 Quomodo
3417 3219 3553 3275 ergo
3585 3201 3645 3257 in

230 3302 413 3377 igitur
484 3304 542 3356 et
609 3316 718 3355 nos
785 3302 1008 3354 stantes
1070 3298 1130 3352 in
1191 3296 1433 3368 templo,
1509 3300 1567 3351 et
1624 3298 1889 3350 tenentes

232 3392 335 3448 Dei
370 3390 603 3460 Filium,
627 3387 1142 3460 amplexantesque
1163 3385 1488 3457 eum,digni
1520 3384 1886 3453 remissione,

232 3487 290 3537 et
321 3480 679 3552 profectione
709 3478 783 3533 ad
833 3476 1075 3533 meliora
1104 3477 1313 3545 simus,
1358 3491 1592 3530 oremus
1622 3473 1887 3544 omnipo-

231 3575 459 3626 tentem
487 3569 695 3634 Deum,
728 3583 963 3623 oremus
994 3571 1051 3621 et
1080 3567 1193 3639 (42)
1225 3566 1420 3637 ipsum
1453 3562 1763 3637 parvulum
1794 3562 1887 3617 Je-

230 3677 394 3727 sum,
429 3675 601 3730 quem
632 3657 849 3729 alloqui
881 3660 938 3712 et
986 3661 1182 3711 tenere
1224 3654 1629 3710 desideramus
1667 3651 1726 3705 in
1757 3652 1887 3705 bra-

230 3749 389 3805 chiis
421 3766 436 3803 :
472 3747 566 3803 cui
598 3752 685 3803 est
712 3745 897 3819 gloria
920 3750 977 3800 et
1004 3743 1316 3817 imperium
1339 3743 1398 3799 in
1422 3743 1635 3798 saecula
1658 3738 1892 3796 saculo-

230 3854 396 3901 rum.
432 3844 639 3892 Amen.

665 3925 949 3980 393-94
988 3923 1299 3978 HOMlLIA
1328 3920 1472 3975 XVI.

233 4003 314 4057 De
339 4014 405 4055 eo
434 3992 579 4069 quod
602 3999 858 4068 scriptum
903 4002 982 4069 est
1012 4012 1031 4049 :
1068 4018 1087 4043 α
1125 3996 1299 4069 Erant
1343 4001 1503 4069 pater
1553 3992 1670 4069 ejus
1698 3998 1749 4044 et
1780 4004 1895 4042 ma-

311 4077 398 4126 ter
439 4063 720 4123 intrantes
752 4084 916 4139 super
966 4068 1050 4121 his
1080 4082 1199 4137 quae
1230 4063 1553 4139 dicebantur
1601 4063 1665 4118 de
1692 4077 1802 4139 _eo,
1864 4081 1893 4139 )3

310 4158 484 4214 usque
511 4143 587 4195 ad
616 4141 792 4195 locum
820 4134 936 4194 'ubi
990 4134 1102 4214 aitv
1126 4155 1144 4191 :
1194 4160 1221 4188 «
1274 4139 1403 4214 Ecce
1450 4138 1553 4190 iste
1572 4135 1787 4214 positus
1806 4134 1895 4214 ‘est

308 4219 373 4270 in
386 4204 628 4268 ruinam
656 4220 707 4267 et
735 4212 1197 4266 resurrectionem
1222 4209 1527 4265 multorum
1560 4204 1620 4260 in
1648 4204 1836 4260 Israel-
1867 4225 1888 4252 ι

308 4288 450 4357 Cap.
485 4301 550 4338 ιι.

312 4376 382 4430 Et
409 4376 597 4441 erant,
631 4371 845 4443 inquit,
886 4379 1046 4449 pater
1073 4370 1229 4425 illius
1257 4375 1307 4425 et
1337 4376 1516 4423 mater
1558 4366 1896 4421 admirantes

239 4480 405 4536 super
434 4464 522 4518 his
552 4478 671 4534 qua:
728 4460 1050 4517 dicebantur
1094 4459 1158 4515 de
1213 4474 1291 4515 eo.
1353 4458 1782 4529 Congregemus
1834 4454 1894 4509 in

228 4546 428 4607 unum
461 4568 531 4607 ea
561 4567 690 4622 quae
712 4550 772 4605 in
801 4554 935 4605 ortu
952 4550 1093 4605 Jesu
1118 4549 1273 4603 dicta
1302 4546 1636 4618 scriptaque
1666 4548 1806 4600 sunt
1826 4544 1897 4599 de

244 4656 329 4711 eo,
362 4646 421 4697 et
452 4657 610 4696 nunc
638 4639 788 4695 scire
820 4639 1147 4711 poterimus
1177 4637 1412 4710 singula
1442 4650 1688 4707 quaeque
1725 4634 1902 4707 digna

246 4747 373 4786 esse
403 4728 713 4786 miraculo.
746 4729 1138 4795 Quamobrem
1171 4727 1496 4782 mirabatur
1524 4729 1581 4780 et
1600 4728 1765 4796 pater
1793 4723 1899 4796 (sic

247 4820 401 4875 enim
434 4818 764 4891 appellatus
808 4824 898 4874 est
946 4817 1181 4889 Joseph,
1232 4816 1373 4889 quia
1418 4814 1715 4870 nutritius'
1746 4813 1899 4885 fuit),

250 4909 578 4964 mirabatur
600 4912 659 4963 et
688 4912 876 4963 mater
905 4924 1081 4979 super
1097 4906 1371 4962 omnibus
1401 4921 1528 4977 qua:
1559 4903 1904 4959 dicebantur

251 4998 317 5052 de
348 5014 441 5054 eo.
500 4997 780 5061 Quaenam
834 5014 971 5069 ergo
1004 5001 1164 5064 sunt,
1223 5012 1352 5067 quae
1381 4995 1451 5051 de
1490 4993 1732 5067 parvulo
1760 4992 1901 5049 Jesu

248 5084 405 5143 fama
439 5087 849 5160 disperserat?
884 5092 1157 5143 Pastores
1188 5089 1353 5141 erant
1404 5086 1463 5140 in
1512 5084 1747 5158 regione
1777 5082 1901 5152 illa,

1990 3298 2283 3372 judicium
2313 3298 2565 3367 venit,ut
2596 3313 2708 3351 non
2743 3296 3001 3349 videntes
3033 3294 3101 3349 de
3133 3293 3471 3349 nationibus
3494 3291 3649 3347 vide-

2000 3393 2147 3456 rent,
2181 3393 2238 3443 et
2267 3387 2367 3459 qui
2423 3390 2587 3457 prius
2618 3385 2889 3440 videbant
2920 3384 2990 3438 de
3025 3382 3197 3437 lsrael
3229 3382 3361 3437 caeci
3393 3383 3597 3437 fierent
3628 3397 3642 3437 :

1999 3481 2083 3536 sic
2111 3478 2268 3533 venit
2297 3477 2355 3531 in
2389 3478 2619 3530 ruinam
2662 3480 2717 3529 et
2770 3473 3253 3528 resurrectionem
3301 3470 3643 3526 multorum.

2000 3572 2062 3625 In
2094 3569 2343 3624 adventu
2374 3567 2528 3621 enim
2567 3564 2791 3619 Domini
2823 3562 3160 3630 Salvatoris,
3206 3561 3308 3633 qui
3334 3560 3496 3633 prius
3528 3565 3647 3617 ste-

1997 3662 2209 3724 terant,
2242 3659 2605 3724 corruerunt,
2638 3658 2694 3708 ct
2724 3652 2823 3725 qui
2853 3651 3203 3721 ceciderant,
3244 3653 3644 3706 surrexerunt.

2004 3748 2126 3803 Una
2157 3747 2278 3802 haec
2307 3749 2397 3800 est
2425 3743 2824 3815 interpretatio
2856 3743 2925 3797 de
2955 3758 3020 3797 eo
3066 3741 3221 3812 quod
3253 3740 3477 3795 dictum
3506 3742 3597 3794 est
3630 3754 3644 3795 :

1999 3839 2140 3891 Ecce
2192 3834 2284 3889 hic
2331 3835 2536 3905 positus
2589 3840 2664 3887 est
2711 3834 2771 3886 in
2822 3833 3041 3885 ruinam
3088 3839 3139 3884 et
3194 3829 3651 3884 resurrectionem

2002 3926 2303 3980 multorum
2334 3925 2391 3977 in
2424 3924 2613 3978 lsrael.
2650 3922 2751 3976 Est
2781 3925 2975 3976 autem
3007 3925 3064 3974 et
3093 3918 3268 3974 altius
3290 3917 3437 3987 ’quid
3479 3914 3650 3971 intel-

2002 4012 2302 4085 ligendum
2334 3998 2613 4068 adversus
2645 4028 2743 4066 eos
2763 4010 2848 4066 vel
2882 4008 3259 4079 maxime,qui
3284 4010 3486 4061 contra
3512 4008 3654 4060 Con-

2004 4103 2248 4159 ditorem
2279 4102 2578 4167 latrant,et
2608 4101 2743 4155 hinc
2774 4100 2909 4154 inde
2941 4099 3010 4153 de
3043 4096 3226 4153 Veteri
3256 4095 3651 4164 Testamento,

2005 4210 2130 4265 quae
2164 4209 2278 4247 non
2305 4190 2660 4260 inlelhgunt,
2697 4187 3032 4244 testimonia
3063 4184 3653 4258 congregantes,sim-

2005 4282 2245 4353 plicium
2276 4281 2451 4336 corda
2509 4278 2826 4349 decipiunt.
2864 4275 3043 4330 Aiunt
3091 4278 3246 4329 enim
3282 4290 3294 4328 :
3331 4274 3473 4329 Ecce
3502 4272 3657 4328 Deus

2006 4371 2149 4443 legis
2181 4375 2240 4426 et
2282 4368 2721 4441 prophetarum,
2765 4366 2953 4421 videte
2985 4362 3178 4437 qualis
3210 4364 3289 4418 sit
3336 4379 3349 4417 :
3398 4365 3518 4431 Ego
3574 4358 3662 4415 in-

2005 4460 2151 4532 quit,
2182 4461 2246 4525 ³⁵,
2279 4457 2538 4523 occidam,
2590 4458 2766 4511 vivere
2812 4455 3014 4526 faciam
3043 4474 3061 4508 :
3092 4453 3418 4525 percutiam,
3470 4460 3520 4505 et
3563 4464 3657 4520 ego

1930 4574 1977 4639 Β
2005 4550 2213 4606 sanabo
2246 4566 2258 4603 :
2294 4552 2345 4602 et
2372 4563 2481 4601 non
2510 4554 2590 4601 est
2620 4546 2721 4615 qui
2746 4553 2904 4600 eruat
2952 4544 3018 4599 de
3054 4544 3314 4598 manibus
3354 4541 3510 4595 meis.
3547 4542 3665 4615 Au-l

2012 4639 2547 4706 diunt,occidam,et
2578 4652 2691 4690 non
2724 4634 2993 4701 audiunt,
3024 4631 3310 4703 viviﬁcabo
3336 4650 3355 4685 :
3389 4629 3654 4693 audiunt,

2003 4729 2337 4801 percutiam,
2382 4730 2439 4781 et
2497 4724 2698 4779 audire
2754 4724 3158 4787 contemnunt,
3212 4724 3264 4774 et
3292 4734 3386 4790 ego
3424 4715 3653 4772 sanabo.

2013 4816 2349 4873 Istiusmodi
2382 4813 2786 4870 occasionibus
2818 4812 3145 4866 Creatorem
3199 4805 3657 4863 calumniantur.

2010 4907 2195 4979 Igitur
2210 4909 2522 4975 antequam
2548 4904 2961 4973 interpretetur
2975 4913 3149 4969 quem
3172 4912 3411 4952 sensum
3425 4894 3657 4949 habeat:

2011 4997 2126 5070 Ego
2179 4996 2517 5066 inter/icium
2559 5001 2608 5048 et
2658 4991 2958 5061 viviﬁcabo,
2986 4988 3303 5057 percutiam
3338 4993 3389 5041 et
3434 4981 3659 5054 sonabo,

2012 5101 2302 5158 opponam
2329 5083 2412 5139 eis
2442 5079 2848 5137 testimonium
2881 5076 3197 5149 Evangelii,
3222 5075 3534 5147 dicamque
3567 5071 3667 5128 ad-

318 5265 359 5301 "
391 5270 561 5324 Rom.
593 5283 713 5335 VIII,
747 5267 834 5322 14.
913 5268 958 5302 ³³
986 5266 1135 5322 Phil.
1172 5284 1212 5339 ι,
1243 5268 1333 5323 23.
1408 5267 1454 5301 3‘
1492 5265 1679 5322 Galat.
1715 5283 1778 5338 ιι,
1809 5266 1898 5322 29.
1975 5264 2019 5301 3‘
2048 5264 2218 5321 Joan.
2250 5278 2322 5318 ix.
2356 5262 2444 5317 39.
2522 5260 2566 5295 ³⁵
2597 5262 2761 5315 Deut.
2793 5273 2968 5330 xxxu,
2996 5257 3085 5313 39.

272 5492 281 5499 .
318 5449 437 5521 (42)
473 5448 754 5522 Colligere
785 5449 921 5504 hinc
952 5444 1370 5518 licet,sénsisse
1399 5446 1904 5522 Origenem,ora_n-

240 5520 387 5576 dum
417 5519 661 5593 quidem
695 5538 831 5577 cum
862 5527 1034 5577 Patre
1058 5523 1287 5593 Filium,
1313 5522 1413 5576 sed
1447 5521 1671 5593 diverso
1703 5519 1912 5593 oratio-

240 5590 591 5675 nisgenere
619 5611 633 5648 :
661 5610 805 5675 qua;
826 5594 911 5649 illi
941 5595 1193 5675 multam
1223 5590 1503 5675 invidiam
1533 5590 1913 5675 doctrinape-

2017 5445 2240 5509 Filium,
2272 5458 2441 5513 neque
2468 5457 2601 5513 cum,
2622 5440 2767 5495 Filio
2797 5441 3041 5513 Patrem.
3095 5432 3211 5493 Hoc
3244 5431 3522 5513 nimirum
3554 5426 3666 5490 cri-

2020 5508 2280 5586 minatur
2326 5508 2684 5586 Theophilus
2723 5514 2780 5566 in
2821 5512 3168 5586 synodicae
3197 5510 3366 5586 nobis
3409 5508 3666 5586 primum

2018 5580 2256 5661 vulgata
2302 5586 2454 5661 inter
2489 5574 2982 5661 .llieronymiiinas
3030 5582 3196 5656 epist.
3237 5582 3327 5649 92,
3378 5574 3433 5635 n'.
3466 5579 3521 5648 2,
3552 5574 3664 5637 col.

239 5656 422 5741 perit,
469 5656 713 5746 perinde
755 5670 930 5741 atque
981 5665 1283 5723 sensisset.
1337 5666 1449 5722 Non
1491 5680 1602 5722 esse
1632 5656 1911 5720 orandum
2021 5656 2153 5728 541ξ
2180 5675 2356 5733 quam
2382 5656 2613 5731 juvabit
2643 5656 2978 5714 recoluisse.
