4058 6190
388 329 499 387 2η

1630 320 1694 381 S.
1742 318 2057 381 EUSEBII
2101 318 2546 381 HIERONYMI

3679 321 3801 381 272

390 473 625 515 versum
658 454 978 511 haereticos.
1013 455 1295 513 295-90
1330 453 1790 510 lnnumerabiles
1822 452 2037 525 quippe
2067 452 2122 517 A
2154 458 2303 525 rant,
2349 458 2661 526 postquam
2708 452 2941 509 Domini
2999 453 3342 508 mandatum
3410 454 3810 525 praetergressi

391 546 642 601 haereses
664 549 959 616 sunt,qu1e
979 544 1356 616 Evangelium
1381 543 1702 599 secundum
1728 543 1943 598 Lucam
1966 556 2047 596 re-

393 634 638 706 cipiunt.
663 634 722 689 Si
756 637 1061 706 propterea
1092 638 1392 701 cruentus,
1425 636 1482 687 et
1511 632 1568 686 in
1600 634 1829 687 tantum
1861 646 2047 686 saevus

393 728 452 779 et
482 722 738 778 crudelis
770 727 860 777 est
875 722 1328 792 Conditor,quia
1350 720 1491 775 dicit
1518 737 1530 776 :
1564 722 1673 791 Ego
1693 720 2046 790 interﬁciam.

395 819 447 868 et
488 811 774 883 vwiﬁcabo
804 829 822 866 :
856 812 1190 883 percutiam,
1222 814 1273 865 et
1300 808 1525 876 sonabo,
1576 807 2050 864 manifestissime

396 894 570 957 estet
595 899 1007 971 Jesumipsius
1052 915 1180 955 esse
1230 896 1479 965 Filium;
1512 897 1714 955 eadem
1757 897 2049 969 siquidem

399 989 470 1045 de
499 1006 565 1045 eo
596 988 814 1061 scripta
843 993 982 1044 sunt
1031 1005 1044 1045 :
1101 990 1231 1043 Ecce
1260 987 1349 1043 hic
1386 988 1597 1059 positus
1629 991 1707 1043 est
1738 989 1796 1042 in
1826 988 2051 1042 ruinam

398 1086 447 1135 et
466 1079 921 1134 resurrectionem
939 1077 1243 1133 multorum
1269 1080 1329 1133 in
1371 1077 1687 1133 Israel.Non
1739 1076 1798 1131 in
1857 1092 2049 1130 resur-

399 1166 714 1224 rectionem
745 1170 1001 1235 tantum,
1032 1166 1133 1223 sed
1166 1170 1223 1222 et
1246 1165 1305 1220 in
1340 1166 1591 1222 ruinam.
1622 1167 1677 1221 Si
1708 1165 1931 1222 malum
1963 1171 2056 1223 est

398 1257 745 1328 interﬁcere,
780 1259 1002 1312 malum
1033 1256 1110 1312 sit
1139 1260 1196 1311 et
1242 1255 1302 1310 in
1356 1255 1587 1311 ruinam
1635 1255 1849 1311 venire.
1903 1255 2047 1320 Quid

399 1345 883 1419 respondebunt?
911 1345 1191 1401 Utrumne
1221 1345 1494 1401 recedent
1522 1363 1557 1401 a
1602 1344 1762 1401 cultu
1794 1346 1940 1415 ejus,
1975 1363 2048 1400 an

400 1439 659 1509 quaerent
691 1434 946 1507 aliquam
995 1433 1554 1506 interpretationem,
1587 1438 1643 1489 et
1688 1434 1759 1489 ad
1789 1432 2049 1505 tropolo-

397 1526 524 1598 gias
554 1524 911 1598 confugient,
946 1528 1009 1579 ut
1041 1524 1194 1595 quod
1226 1523 1287 1578 in
1323 1523 1556 1579 ruinam
1603 1522 1845 1591 venerit,
1887 1522 2049 1579 beni-

398 1615 680 1688 gnitatem
714 1613 902 1686 magis
928 1629 1105 1684 quam
1137 1610 1539 1668 austeritatem
1560 1611 1774 1668 sonet?
1802 1613 1870 1667 Et
1900 1629 2049 1684 quo-

400 1702 572 1759 modo
616 1703 851 1774 justum
898 1700 1007 1757 erit
1054 1701 1288 1773 quando
1322 1701 1459 1773 quid
1490 1701 1548 1756 in
1581 1701 1893 1774 Evangelio
1936 1700 2049 1756 tale

398 1791 705 1864 reperitur,
727 1790 798 1846 ad
830 1788 1138 1862 allegorias
1163 1794 1219 1845 et
1251 1805 1429 1846 novas
1459 1788 1877 1862 intelligentiae
1911 1806 2053 1845 con-.

350 1880 355 1891 ’
402 1882 600 1954 fugere
631 1896 643 1935 :
677 1880 913 1952 quando
942 1896 1074 1936 vero
1106 1878 1165 1934 in
1196 1878 1386 1934 Veteri
1418 1879 2047 1948 Instrumento,statim

399 1973 758 2039 accusare,et
788 1968 1013 2023 nullam
1046 1966 1812 2039 explanationem,quamvis
1844 1969 2050 2040 proba-

395 2058 531 2115 bilis
561 2058 660 2125 sit,
701 2055 1001 2131 recipere?
1028 2056 1140 2112 Sed
1171 2062 1228 2112 et
1276 2056 1386 2112 hoc
1433 2057 1589 2130 quod
1637 2058 1907 2129 sequitur
1940 2076 1952 2115 :
1985 2060 2047 2114 In

396 2147 665 2217 iudicium
691 2163 784 2218 ego
822 2148 949 2203 veni
976 2147 1037 2202 in
1064 2145 1331 2201 mundum
1360 2147 1546 2217 istum,
1578 2156 1639 2203 ut
1668 2163 1778 2203 non
1806 2147 2047 2204 videntes

392 2236 636 2305 videant,
690 2245 742 2293 et
781 2238 879 2309 qui
916 2235 1102 2291 vident
1140 2238 1271 2291 σιεσί
1314 2236 1453 2306 ﬁant
1498 2237 1563 2307 ³⁸,
1597 2237 1866 2309 quamvis
1897 2255 2048 2310 quaa-

398 2331 533 2384 rant
565 2331 631 2382 ut
658 2324 1254 2398 edisserant,implere
1286 2342 1400 2380 non
1433 2328 1729 2398 poterunt.
1763 2328 1880 2399 Ego
1912 2343 2045 2383 vero

400 2417 539 2489 quia
568 2420 701 2488 opto
734 2430 862 2471 esse
892 2414 1005 2487 (43)
1043 2413 1500 2483 ecclesiasticus,
1534 2419 1590 2470 et
1620 2431 1734 2471 non
1762 2416 1833 2470 ab
1866 2415 2043 2472 haere-

396 2505 629 2562 siarcha
660 2504 982 2576 aliquo,sed
1014 2521 1048 2559 a
1077 2502 1293 2560 Christi
1325 2502 1606 2559 vocabulo
1637 2505 2046 2576 nuncupari,et

391 2594 608 2651 habere
639 2611 853 2651 nomen
887 2593 1042 2666 quod
1094 2591 1461 2648 benedieitur
1505 2608 1683 2664 super
1721 2596 1956 2662 terram,
1990 2599 2046 2650 et

395 2685 567 2758 cupio
597 2689 720 2741 tam
766 2700 938 2756 opere
966 2699 1145 2755 quam
1176 2698 1355 2737 sensu
1387 2684 1443 2736 et
1491 2697 1621 2738 esse
1651 2686 1708 2738 et
1737 2682 1848 2737 dici
1880 2683 2043 2740 Chri-

392 2773 933 2847 stianus,aaqualem
966 2777 1022 2828 et
1048 2772 1107 2826 in
1136 2771 1313 2827 veteri
1344 2776 1401 2826 et
1430 2771 1487 2827 in
1521 2788 1667 2849 nova
1692 2770 1818 2845 lege
1849 2789 2043 2845 quaero

390 2869 697 2927 rationem.
729 2863 1008 2936 Loquitur
1059 2866 1206 2916 Deus
1240 2879 1253 2915 :
1285 2863 1405 2931 Ego
1452 2860 1780 2917 inter/icium
1805 2880 1827 2916 .-
1857 2861 2044 2919 liben-

391 2965 482 3017 ter
509 2957 696 3014 habeo
729 2959 793 3010 ut
820 2950 1133 3009 interﬁciat
1163 2966 1255 3006 me
1283 2949 1459 3006 Deus.
1490 2951 1731 3017 Quando
1761 2952 1916 3007 enim
1945 2970 2043 3010 ve-

395 3053 493 3104 tus
524 3048 584 3102 in
617 3061 709 3100 me
742 3044 916 3098 homo
947 3047 1054 3108 est,
1084 3045 1143 3096 et
1162 3041 1287 3096 vivo
1319 3039 1510 3095 adhuc
1539 3040 1707 3111 quasi
1738 3039 2039 3109 bomo,cu-

395 3135 491 3209 pio
524 3137 589 3189 ut
644 3131 870 3187 occidat
924 3130 983 3185 in
1043 3147 1135 3185 me
1194 3129 1348 3185 Deus
1407 3133 1658 3185 veterem
1715 3129 2037 3202 hominem,

2078 1839 2125 1904 B

2157 547 2620 617 sunt,cmperunt
2648 542 2843 598 videre
2873 541 3022 597 male
3047 546 3102 596 et
3131 544 3429 613 aspectum
3466 540 3811 597 obedientie

2156 634 2516 706 subripiente
2543 630 2773 701 delicto,
2808 636 3008 703 postea
3035 630 3435 702 perdiderunt.
3468 629 3583 702 Ego
3615 629 3698 685 sic
3720 630 3813 686 in-

2157 725 2355 797 telligo
2388 728 2444 777 et
2473 720 2615 776 illud
2648 722 2804 792 quod
2852 719 2993 775 dicit
3036 720 3189 775 Deus
3234 721 3279 752 ⁴⁰
3313 737 3324 774 :
3359 721 3496 788 Quis
3522 722 3654 792 fecit
3688 737 3810 776 mu-

2158 821 2273 872 tum
2302 822 2352 869 et
2378 812 2624 878 surdum,
2667 809 2935 866 videntem
2981 813 3031 864 et
3059 826 3258 864 ciccum
3283 810 3311 864 ?
3337 809 3523 864 Nonne
3573 826 3670 880 ego
3699 810 3812 866 Do-

2161 907 2347 960 minus
2378 903 2563 957 Deus?
2594 904 2693 955 Est
2721 898 2925 954 oculus
2970 898 3226 970 corporis
3265 915 3379 970 quo
3435 903 3666 955 terrena
3698 899 3813 956 ista

2162 992 2579 1065 conspicimus,
2613 988 2819 1044 oculus
2848 989 3172 1044 secundum
3215 1005 3455 1044 sensum
3484 988 3704 1060 carnis,
3734 989 3811 1046 de

2162 1100 2275 1155 quo
2346 1080 2647 1151 Scriptura
2704 1077 2847 1133 dicit
2893 1078 2931 1111 "'
2990 1094 3002 1132 ε
3054 1079 3283 1155 sztstra
3332 1077 3538 1133 incedis
3585 1078 3812 1150 inﬂatus

2160 1187 2325 1227 sensu
2360 1170 2570 1226 carnis.
2624 1167 2727 1222 Cui
2758 1165 3041 1221 habemus
3075 1148 3255 1221 aliu'm
3287 1166 3650 1222 contrarium
3683 1183 3812 1224 me-

2161 1260 2364 1315 liorem
2395 1256 2665 1313 etdivina
2693 1255 3017 1327 sapientem
3054 1272 3065 1311 :
3100 1255 3198 1327 qui
3231 1254 3369 1327 quia
3398 1272 3585 1312 caecus
3615 1256 3677 1312 in
3708 1273 3814 1313 no-

2160 1348 2251 1405 bis
2280 1352 2423 1413 erat,
2455 1345 2611 1401 venit
2637 1345 2811 1400 Jesus
2844 1348 2909 1400 ut
2952 1346 3162 1399 faceret
3190 1362 3325 1400 eum
3371 1345 3584 1411 videre,
3615 1351 3684 1401 ut
3712 1346 3817 1418 qui

2160 1455 2277 1493 non
2306 1436 2599 1502 videbant,
2633 1434 2908 1504 viderent,
2944 1433 3044 1505 qui
3076 1439 3271 1489 autem
3320 1434 3616 1504 videbant,
3675 1435 3813 1492 caeci

2160 1529 2385 1583 ﬁerent.
2416 1526 2593 1580 Juxta
2621 1524 2777 1578 hunc
2802 1539 2939 1595 ergo
2971 1528 3297 1590 sensum,et
3330 1526 3437 1579 hoc
3467 1524 3625 1595 quod
3656 1541 3816 1581 nunc

2158 1616 2446 1672 habemus
2493 1614 2554 1668 in
2588 1613 2861 1668 manibus
2892 1617 2981 1668 est
3009 1612 3452 1685 intelligendum
3489 1630 3503 1669 :
3532 1614 3666 1669 Ecce
3710 1617 3817 1671 iste

2153 1707 2365 1777 positus
2388 1708 2464 1758 est
2492 1705 2549 1757 in
2580 1705 2826 1773 ruinam,
2859 1706 2911 1757 et
2939 1705 3000 1757 in
3024 1702 3481 1758 resurrectionem
3510 1703 3815 1761 multorum

2158 1796 2217 1849 in
2247 1794 2436 1849 Israel.
2491 1793 2684 1848 Habeo
2719 1791 2940 1863 aliquid
2972 1791 3031 1846 in
3089 1808 3182 1847 me
3210 1792 3363 1863 quod
3395 1791 3545 1849 male
3585 1797 3722 1861 stat,
3754 1798 3814 1850 et

2158 1883 2376 1955 peccati
2409 1881 2683 1953 superbia
2712 1897 2772 1936 se
2799 1878 2968 1953 erigit
3000 1897 3012 1933 :
3046 1879 3155 1936 hoc
3184 1881 3372 1947 cadat,
3417 1880 3527 1938 hoc
3559 1882 3813 1939 subrua-

2156 1978 2271 2028 tur.
2306 1972 2466 2035 Quod
2500 1970 2547 2025 si
2581 1969 2851 2025 ceciderit
2889 1985 2903 2024 :
2956 1970 3109 2040 quod
3142 1973 3275 2025 ante
3305 1974 3523 2039 ruerat,
3557 1987 3812 2045 surgens

2155 2060 2601 2117 stabit.Interior
2630 2059 2804 2113 homo
2828 2074 2995 2114 meus
3017 2060 3313 2130 quondam
3337 2061 3571 2129 jacebat
3601 2059 3807 2134 elisus,

2155 2155 2213 2205 et
2241 2149 2488 2205 exterior
2517 2148 2709 2204 stabat
2739 2153 2986 2203 erectus.
3046 2150 3377 2220 Antequam
3423 2150 3719 2206 crederem
3749 2150 3813 2208 in

2155 2240 2382 2308 Jesum,
2436 2239 2656 2293 bonum
2706 2237 2763 2291 in
2828 2254 2920 2291 me
2971 2236 3230 2308 jacebat,
3302 2237 3525 2293 malum
3591 2240 3809 2296 stabat.

2155 2328 2473 2400 Postquam
2502 2326 2598 2382 ille
2626 2326 2806 2394 venit,
2836 2330 2977 2380 tunc
3016 2326 3173 2397 quod
3208 2325 3268 2381 in
3301 2343 3396 2383 me
3423 2326 3643 2383 malum
3678 2328 3809 2402 fuit,

2156 2419 2394 2485 cerruit,
2427 2421 2483 2472 et
2515 2415 2808 2487 expletum
2841 2418 2930 2469 est
2960 2413 3103 2469 illud
3135 2416 3178 2449 ‘2
3212 2432 3225 2469 :
3261 2414 3486 2488 Semper
3509 2418 3810 2489 mortiﬁca-

2153 2510 2356 2564 tionem
2402 2508 2527 2562 Jesu
2580 2508 2640 2559 in
2689 2519 2908 2576 corpore
2939 2505 3398 2577 circumferentes.
3438 2506 3508 2561 Et
3539 2505 3683 2562 illud
3712 2508 3757 2541 ‘3
3789 2522 3806 2565 :

2153 2596 2477 2666 Mortiﬁcate
2506 2594 2749 2650 membra
2780 2600 2954 2649 vestra
3000 2610 3162 2665 super
3213 2598 3438 2662 terram,
3468 2598 3803 2667 fornicatio-

2152 2701 2299 2750 nem,
2320 2684 2751 2751 immunditiam,
2777 2683 3084 2753 lu.’cariam,
3107 2681 3804 2756 itlolalatriammeneﬁcia,

2152 2779 2209 2830 et
2234 2779 2459 2831 cmtera.
2507 2774 2726 2828 Horum
2775 2772 3043 2828 omnium
3092 2771 3253 2828 utilis
3275 2773 3445 2829 ruina
3492 2774 3644 2831 facta
3689 2779 3806 2832 est.

2153 2865 2220 2920 Et
2248 2865 2319 2919 de
2354 2864 2462 2919 hac
2492 2861 2663 2917 ruina
2718 2861 2950 2917 dicitur.
3016 2861 3343 2933 Ubicumque
3382 2865 3494 2917 erit
3543 2864 3804 2937 cadaver,

2150 2954 2268 3008 illic
2303 2953 2775 3022 congregabuntur
2802 2951 3012 3023 aquilae
3042 2951 3103 3005 δ”.
3137 2951 3392 3007 Cadaver
3420 2952 3531 3023 (44)
3586 2952 3807 3025 quippe

2151 3060 2185 3099 a
2215 3059 2354 3099 casu
2385 3058 2596 3097 nomen
2628 3039 2868 3113 accepit.
2902 3039 3029 3095 Una
3059 3045 3147 3095 est
3175 3040 3295 3095 hac
3325 3040 3590 3109 ruina,ad
3624 3058 3805 3114 quam

2150 3133 2407 3206 primum
2438 3131 2596 3187 venit
2621 3131 2796 3186 Jesus
2821 3147 2833 3184 :
2856 3146 2960 3185 nec
2990 3132 3181 3202 potest
3210 3130 3396 3186 facere
3428 3131 3805 3188 resurrectio-

393 3229 453 3280 et
476 3220 727 3277 vivificet
757 3233 850 3272 me
880 3233 949 3271 ex
981 3218 1246 3272 mortuis.
1298 3218 1522 3273 Primus
1549 3221 1718 3291 enim,
1753 3219 1851 3289 ait,
1886 3221 2043 3279 homo
2075 3212 2117 3281 C
2160 3240 2312 3293 nem,
2345 3221 2460 3277 nisi
2491 3221 2660 3276 ruina
2707 3218 3085 3292 praecesserit.
3119 3218 3288 3275 Venit
3337 3224 3471 3275 ante
3503 3220 3805 3277 destruere

389 3312 456 3369 de
486 3316 643 3368 terra
670 3311 929 3365 terrenus
980 3306 1245 3362 secundus
1303 3306 1458 3362 homo
1511 3305 1577 3361 de
1630 3309 1760 3363 ca’lo
1793 3311 2040 3367 ccclesiis.

385 3402 538 3460 Sicut
598 3399 946 3473 portavimus
1009 3397 1309 3465 imaginem
1387 3396 1610 3463 terreni,
1672 3407 1949 3467 portemus
1996 3406 2047 3457 et

381 3492 690 3563 imaginem
717 3489 945 3544 caelestis
972 3487 1037 3540 ³⁷.
1059 3484 1392 3540 Secundum
1427 3484 1583 3539 hunc
1607 3501 1849 3542 sensum
1881 3489 2046 3551 intel.

380 3581 589 3653 ligitur
633 3583 690 3634 et
744 3577 887 3633 illud
941 3594 953 3632 :
1010 3577 1066 3631 In
1090 3575 1373 3647 judicium
1403 3590 1500 3646 ego
1530 3577 1657 3629 veni
1685 3577 1743 3630 in
1773 3580 2042 3636 mundum

374 3671 564 3739 istum,
596 3676 658 3725 ut
685 3669 781 3741 qui
808 3683 919 3722 non
948 3665 1151 3733 vident,
1186 3664 1407 3719 videant
1436 3682 1454 3716 :
1485 3669 1539 3719 et
1559 3667 1654 3736 qui
1685 3665 2041 3735 vident,c:eci

373 3759 531 3831 ﬁant.
592 3757 889 3813 Habemus
943 3755 1004 3810 in
1065 3753 1236 3810 nobis
1296 3770 1500 3810 omnes
1548 3754 1836 3827 homines,
1868 3775 2034 3831 aspe-

373 3851 532 3905 ctum
565 3851 623 3903 et
650 3846 992 3902 cacitatem.
1031 3844 1219 3898 Adam
1251 3848 1308 3899 et
1336 3843 1586 3908 videbat,
1634 3849 1689 3901 et
1731 3864 1845 3902 non
1875 3848 2032 3905 vide-

371 3937 494 3994 bat.
556 3937 671 3992 Eva
699 3938 1279 4008 quoque,antequam
1314 3932 1679 4005 aperirentur
1708 3936 2027 4009 oculiejus,

372 4025 590 4083 vidisse
622 4023 992 4081 describitur.
1032 4023 1202 4089 Vidit,
1236 4021 1428 4094 inquit
1456 4023 1520 4090 ³⁸,
1551 4025 1763 4080 mulier
1793 4027 2026 4097 lignum,

373 4117 505 4188 quia
535 4115 737 4172 bonum
776 4112 845 4168 ad
893 4112 1310 4183 comedendum,
1346 4114 1395 4167 et
1437 4114 1701 4184 optimum
1748 4116 1920 4172 oculis
1949 4119 2028 4174 ad

372 4204 688 4273 videndum,
719 4212 769 4260 et
802 4203 1001 4259 tollens
1040 4202 1106 4257 de
1149 4203 1334 4272 fructu
1373 4201 1542 4274 ligni,
1573 4203 1822 4275 comedit,
1854 4211 1907 4261 et
1932 4206 2023 4262 de~

371 4291 452 4348 dit
480 4294 598 4349 viro
621 4308 742 4360 suo,
796 4301 847 4349 et
893 4292 1258 4348 comederunt.
1295 4289 1479 4363 Igitur
1521 4307 1636 4347 non
1669 4298 1834 4348 erant
1863 4296 2019 4364 czeci,

370 4380 471 4436 sed
505 4380 796 4436 videbant.
833 4380 1045 4436 Deinde
1071 4381 1338 4452 sequitur
1369 4396 1381 4435 :
1417 4382 1481 4435 Et
1508 4382 1691 4452 aperti
1718 4391 1848 4438 sunt
1876 4385 2021 4440 oculi

367 4484 557 4526 eorum
584 4471 648 4527 ³ο.
683 4470 829 4543 Ergo
862 4469 993 4525 caeci
1026 4469 1278 4536 fuerant,
1313 4485 1415 4525 nec
1444 4468 1738 4540 videbant,
1769 4489 2021 4544 quorum

2153 3314 2307 3383 quod
2339 3311 2398 3365 in
2432 3328 2524 3366 me
2556 3309 2778 3365 malum
2812 3309 3028 3379 fuit,ut,
3053 3307 3150 3363 illo
3182 3308 3480 3365 destructo
3512 3315 3570 3365 et
3598 3309 3809 3365 morti-

2158 3403 2347 3469 ﬁcato,
2382 3403 2698 3472 cousurgat
2739 3399 2798 3454 in
2849 3415 2941 3453 me
2981 3403 3038 3453 et
3064 3397 3387 3454 viviticetur
3416 3398 3476 3454 id
3506 3400 3661 3471 quod
3690 3399 3806 3456 bo-

2154 3508 2297 3545 num
2353 3494 2459 3558 est,
2513 3495 2577 3544 ut
2624 3504 3057 3561 consequamur
3100 3505 3346 3560 regnum
3389 3488 3668 3544 caelorum
3699 3506 3811 3563 per

2151 3579 2464 3634 Dominum
2496 3584 2760 3635 nostrum
2792 3579 2995 3633 Jesum
3028 3577 3346 3646 Christum,
3379 3577 3471 3632 cui
3501 3582 3591 3633 est
3615 3576 3811 3650 gloria

2148 3673 2203 3724 et
2233 3669 2545 3741 imperium
2578 3668 2635 3722 in
2669 3666 2881 3723 saecula
2911 3666 3279 3722 saeculorum.
3313 3671 3521 3723 Amen.

2564 3784 2852 3841 297-98
2885 3783 3186 3840 HOMILIA
3225 3784 3379 3838 XVII
3496 3801 3575 3846 ’χ

2142 3881 2222 3932 De
2249 3891 2309 3931 eo
2340 3876 2477 3947 qucd
2510 3878 2771 3945 scriptum
2802 3878 2882 3929 est
2908 3891 2926 3947 κε
2969 3897 2990 3922 ι
3023 3874 3197 3929 Erant
3217 3882 3395 3947 pater
3423 3874 3543 3947 ejus
3568 3874 3619 3947 et
3672 3889 3802 3929 ma-

2213 3953 2296 4002 ter
2323 3945 2665 4003 admirantes
2693 3962 2862 4014 super
2900 3946 2987 4000 his
3025 3960 3151 4017 quae
3192 3945 3517 4000 dicebantur
3555 3945 3620 3999 de
3648 3961 3731 4008 eo,
3767 3967 3800 3995 ››

2209 4026 2260 4145 St
2291 4036 2514 4145 rursiém
2545 4035 2713 4090 usque
2743 4017 2811 4072 ad
2841 4033 2962 4072 eum
2994 4017 3175 4072 locum
3213 4018 3314 4071 ubi
3353 4018 3421 4072 de
3456 4024 3624 4071 Anna
3654 4019 3801 4072 scri-

2244 4095 2379 4145 itur.
2459 4108 2549 4162 ap.
2580 4108 2640 4144 II.

2206 4208 2359 4262 Luca
2388 4207 2488 4278 qui
2521 4206 2757 4278 scripsit
2805 4207 3094 4278 :Spiritus
3142 4208 3361 4261 sanctus
3408 4207 3581 4261 veniet
3628 4221 3804 4277 super

2130 4301 2200 4364 te,
2252 4296 2316 4351 et
2366 4297 2540 4350 virtus
2587 4297 2856 4351 Altissimi
2883 4295 3227 4350 obumbrabit
3281 4296 3405 4365 tibi,
3434 4302 3663 4366 propter
3693 4295 3799 4351 hoc

2130 4390 2181 4441 et
2211 4385 2350 4457 quod
2379 4395 2571 4440 natum
2599 4387 2770 4457 fuerit
2790 4389 3068 4452 sanctum,
3117 4384 3398 4439 vocabitur
3440 4384 3616 4439 Filius
3651 4384 3750 4439 Dei
3776 4401 3804 4439 :

2131 4479 2187 4531 et
2215 4475 2315 4547 qui
2349 4475 2652 4530 manifeste
2702 4474 2870 4530 nobis
2908 4475 3173 4544 tradidit,
3223 4473 3509 4545 quoniam
3531 4472 3803 4545 Virginis

367 4557 519 4615 oculi
552 4562 753 4632 postea
785 4562 925 4615 sunt
976 4556 1180 4630 aperti.
1240 4558 1352 4614 Sed
1384 4559 1482 4630 qui
1512 4559 1660 4617 bene
1691 4565 1825 4618 ante
1869 4562 2022 4620 vide-
2050 4551 2097 4616 D
2132 4565 2293 4621 ﬁlius
2322 4564 2492 4620 Jesus
2523 4568 2632 4631 est,
2666 4580 2771 4620 nec
2801 4564 2872 4620 de
2928 4564 3187 4620 humano
3218 4567 3534 4635 conceptus
3581 4566 3672 4618 est
3702 4578 3803 4619 se-

438 4686 483 4722 “
509 4683 678 4743 Joan.
714 4700 793 4748 1x.
824 4685 913 4740 39.
990 4684 1034 4720 ³⁷
1065 4685 1085 4740 1
1116 4684 1240 4743 Cor.
1274 4701 1367 4753 xv,
1400 4686 1487 4755 47,
1521 4686 1609 4741 49.

1721 4687 1766 4722 ³⁸
1798 4688 1938 4745 Gen.
1976 4708 2058 4758 III,
2098 4694 2151 4748 6.
2228 4693 2272 4727 39
2300 4691 2441 4747 ibid.
2475 4692 2528 4746 7.

2644 4692 2686 4725 ‘0
2733 4690 2910 4746 Exod.
2962 4707 3038 4760 1v,
3086 4691 3170 4745 11.
3249 4691 3287 4723 ¹ι¹
3339 4687 3556 4744 Coloss.
3592 4705 3654 4756 ιι,
3702 4689 3797 4762 18,

364 4757 411 4794 ⁴²
433 4759 484 4815 lI
513 4759 642 4828 Cor,
678 4775 753 4828 Iv,
790 4759 876 4813 10.
955 4757 1000 4792 ⁸³
1028 4758 1249 4824 Coloss.
1283 4774 1367 4825 ιιι,
1400 4758 1454 4811 5.
1531 4757 1577 4792 ⁴⁴
1624 4757 1833 4815 Matth.
1870 4778 2021 4819 xxrv.

439 4882 551 4957 (43)
585 4887 803 4957 Damus
835 4881 1247 4957 haneOrigeni
1281 4881 1537 4950 laudem,
1571 4883 1726 4954 quod
1769 4884 2024 4944 interne-

367 4954 561 5011 civum
584 4972 719 5011 cum
751 4955 1041 5012 haereticis
1068 4954 1286 5010 bellum
1311 4959 1587 5027 perpetuo
1620 4958 1887 5027 gesserit,
1931 4976 2023 5016 ea-

369 5027 796 5102 que_co_nti_nuo
827 5028 1012 5083 teneri
1046 5027 1291 5081 ﬁrmiter
1319 5042 1385 5080 ac
1416 5026 1572 5102 cr_e_d_i
1596 5026 1864 5102 jusserit,
1901 5047 2025 5102 qua:

371 5095 445 5173 ab
478 5096 734 5173 Ecclesia
765 5105 1248 5173 proponerentur,
1282 5095 1628 5173 Pamphilus
1657 5098 1715 5173 in
1760 5095 2026 5173 Apologia

370 5168 642 5237 Quomodo
672 5168 889 5241 inquit,
916 5172 1175 5225 universa
1195 5169 1583 5227 ha’reticorum
1629 5168 1885 5241 dogmata
1924 5168 2024 5229 ile-

365 5245 603 5315 struens,
632 5242 746 5315 ipse
798 5241 1117 5315 (Origenes)
1165 5258 1379 5313 semper
1424 5243 1782 5313 apostolicam
1824 5247 2022 5315 conﬁr-

364 5314 600 5367 maverit
626 5311 812 5387 ﬁdem,
832 5315 884 5366 si
911 5314 1140 5387 velimus
1179 5311 1360 5367 omnes
1388 5311 1693 5370 sententias
1734 5316 1852 5387 ejus
1901 5311 2025 5373 con-

366 5398 616 5467 gregare,
640 5387 695 5439 et
728 5382 952 5454 longum
995 5385 1132 5439 satis
1174 5393 1295 5467 est,'
1321 5392 1370 5439 et
1423 5387 1531 5467 erit
1583 5382 1896 5467 tam‘n'obis,
1929 5390 2025 5459 qui

364 5454 677 5526 scribimus.
710 5469 1019 5519 onerosum,
1064 5471 1229 5525 quam
1278 5455 1579 5526 legentibus
1608 5454 1912 5513 taediosum.

437 5525 550 5601 (44)
580 5525 996 5601 Hec‘minime
1026 5540 1261 5601 necesse
1285 5532 1381 5601 est
1410 5532 1443 5581 a
1472 5527 1676 5584 Latino
1708 5528 2022 5601 interprete

2136 4888 2221 4945 dit
2250 4888 2619 4962 etymologia,
2654 4893 2718 4962 ut
2747 4888 2806 4944 S.
2840 4887 3200 4962 Epiphanius
3221 4889 3490 4962 testatur
3518 4884 3683 4962 Epist
3713 4887 3794 4962 ad

2132 4958 2421 5017 Joannem
2451 4958 3003 5033 Je"rosolymitan'un;
3037 4961 3188 5033 inter
3220 4958 3701 5033 llierqnymianas
3718 4960 3792 5015 51

2135 5051 2193 5087 n.
2231 5035 2260 5086 4
2294 5049 2306 5086 :
2344 5034 2544 5103 Corpus
2577 5026 2774 5087 hoc'ob
2833 5032 2889 5087 id
2910 5034 3078 5101 juxta
3112 5032 3319 5086 Gra’cos
3372 5026 3562 5100 δέμας,
3598 5030 3792 5103 idest,

2133 5102 2454 5167 vinculum,
2515 5104 2626 5158 sive
2672 5106 2842 5174 ῥηχίη
2885 5105 3059 5157 alium
3113 5103 3509 5174 proprietatem
3562 5102 3794 5172 πτῶμα,

2134 5176 2191 5229 id
2236 5184 2336 5241 est,
2388 5174 2649 5241 cadaver,
2675 5173 2828 5245 dici,
2877 5178 3005 5245 quia
3053 5173 3252 5229 animm
3283 5173 3347 5227 de
3383 5174 3517 5230 caelo
3547 5177 3795 5230 ruerint.

2136 5245 2439 5301 Enimvero
2469 5247 2552 5301 sic
2582 5252 2787 5302 vocant
2834 5246 3013 5301 δι’ωοί
3046 5263 3257 5317 corpus
3289 5245 3554 5299 exanime
3587 5260 3599 5298 :
3634 5247 3797 5297 πτῶ-

2138 5319 2621 5389 p1.Adamantilis
2652 5318 2802 5373 hanc
2825 5320 3191 5373 commodam
3225 5323 3433 5389 nactus
3463 5332 3800 5389 suaeexpo-

2135 5386 2329 5445 Sitioni
2381 5389 2813 5461 etymologiam,
2864 5406 3041 5461 quam
3100 5388 3350 5461 'aliasad
3383 5386 3799 5461 opinationem

2132 5478 2299 5518 suam
2331 5459 2713 5533 asserendum
2752 5459 3095 5533 torquebat,
3146 5460 3240 5517 hic
3270 5460 3396 5533 ipse
3431 5459 3741 5533 'scripserit
3776 5479 3801 5520 :

2130 5552 2330 5607 πτωμα
2359 5536 2486 5608 γοῦν
2517 5532 2620 5585 ἀπὸ
2651 5528 2911 5609 nminem-4
2964 5528 3202 5609 λέγεται,
3249 5528 3487 5589 cadaver
3520 5528 3727 5608 quippe
3754 5548 3806 5595 α

367 5596 544 5655 verba
573 5596 842 5685 suppleta
872 5597 1141 5682 arbitrari
1201 5612 1215 5654 :
1269 5597 1515 5683 Cadaver
1577 5601 1779 5734 quippe
1829 5596 1875 5657 α’
1892 5619 2023 5661 casu
2127 5596 2267 5667 casu
2292 5596 2490 5665 nomen
2517 5603 2740 5683 accepit.

367 5684 562 5734 nomen
588 5678 815 5734 accepit.
847 5668 972 5734 Non
1004 5685 1163 5733 enim
1195 5668 1375 5731 semel
1404 5669 1680 5734 Origenes
1735 5689 1771 5732 n
1803 5670 1911 5734 hac
1934 5673 2021 5734 lu~

362 5684 562 5761 agmen
588 5668 815 5750 ac'eépit.
847 5668 972 5757 Iflga
1004 5669 1163 5733 enim
1195 5668 1375 5731 semel
1404 5668 1687 5752 Origenes
1711 5668 1771 5734 in
1803 5670 1911 5749 hac
1934 5673 2021 5745 lu~
