4058 6190
238 331 355 398 173

671 328 1176 395 TRANSLATIO
1218 328 1721 395 HOMILIARUM
1765 328 2131 395 ORIGENIS
2174 331 2254 393 IN
2301 328 2586 395 LUCAM.
2623 363 2699 375 --
2729 334 3000 396 HOMIL.
3047 326 3234 397 XVII.

3540 320 3659 395 974

241 468 436 528 mine:
461 467 575 525 iste
603 470 830 542 patrem
852 468 980 542 ejus
1000 467 1217 542 Joseph
1247 472 1497 527 testatus
1518 473 1624 542 est,
1649 469 1886 527 dicens:
1920 468 1974 537 Α
2003 474 2169 528 Nunc
2217 471 2414 527 autem
2462 468 2967 543 interpretandum
2999 470 3139 543 quid
3195 469 3308 528 sibi
3362 465 3500 528 velit
3546 465 3658 526 hoc

240 561 415 619 Erant
464 563 623 634 pater
671 560 825 616 illius
866 564 917 615 et
962 563 1145 616 mater
1190 560 1533 617 admirantes
1588 578 1750 633 super
1807 561 1892 619 his

239 668 366 725 qua
394 650 715 707 dicebantur
739 650 811 705 de
839 666 918 706 eo.
951 651 1087 714 Quae
1120 650 1301 723 igitur
1327 668 1504 707 causa
1552 651 1794 722 exstitit,
1829 656 1894 709 ut

238 756 379 799 eum
428 740 527 813 qui
579 744 746 813 pater
801 757 915 795 non
976 740 1105 807 fuit,
1148 746 1371 814 patrem
1427 758 1554 798 esse
1603 759 1891 798 memora-

239 835 327 888 ret
356 830 508 903 (45)?
549 829 659 895 Qui
712 828 969 900 simplici
1015 829 1373 901 expositione
1422 835 1734 887 contentus
1779 836 1888 901 est,

239 920 384 977 dicit
412 936 428 974 :
461 919 950 976 Honoravit‘eum
980 920 1233 991 Spiritus
1285 925 1524 977 sanctus
1574 922 1759 977 Patris
1788 939 1891 978 vo-

237 1010 475 1079 cabulo,
509 1010 645 1082 quia
686 1010 974 1066 nutrierat
1019 1010 1392 1067 Salvatorem.
1429 1012 1535 1078 Qui
1577 1016 1773 1068 autem
1808 1010 1889 1068 al-

233 1100 365 1156 tius
408 1098 624 1170 aliquid
672 1099 934 1171 inquirit,
972 1105 1161 1171 potest
1193 1101 1383 1156 dicere
1417 1118 1428 1156 :
1464 1102 1603 1172 quia
1650 1117 1889 1174 genera-

234 1189 425 1246 tionis
454 1189 592 1245 ordo
623 1207 655 1243 a
684 1189 861 1244 David
896 1206 1081 1261 usque
1125 1192 1196 1246 ad
1247 1192 1463 1263 Joseph
1498 1191 1888 1256 deducitur“,

234 1283 296 1336 et
327 1296 401 1335 ne
428 1277 722 1334 videretur
752 1280 969 1335 frustra
996 1280 1212 1352 Joseph
1256 1282 1569 1350 nominari,
1595 1282 1693 1353 qui
1730 1285 1892 1353 pater

235 1385 355 1425 non
384 1368 575 1423 fuerat
604 1369 939 1435 Salvatoris,
964 1375 1027 1424 ut
1053 1371 1449 1442 generationis
1482 1372 1621 1426 ordo
1651 1371 1892 1426 haberet

233 1456 432 1515 locum
457 1474 470 1512 :
497 1462 666 1530 pater
689 1458 1019 1530 appellatus
1050 1465 1140 1515 est
1160 1460 1411 1516 Domini.
1437 1460 1893 1515 Admirabantur

233 1547 421 1621 igitur
470 1551 635 1618 pater
680 1546 840 1602 illius
871 1556 921 1603 et
957 1553 1143 1604 mater
1190 1567 1367 1622 super
1414 1549 1505 1605 his
1554 1568 1680 1622 qua:
1730 1550 1891 1604 dice-

234 1635 456 1691 bantur
483 1635 555 1689 de
587 1652 674 1701 eo,
710 1640 829 1691 tam
861 1638 933 1692 ab
980 1638 1205 1710 angelo,
1238 1656 1417 1711 quam
1449 1657 1482 1694 a
1512 1638 1889 1695 multitudine

236 1724 489 1782 caelestis
545 1726 857 1790 exercitus,
918 1744 1141 1783 necnon
1190 1746 1224 1784 a
1272 1730 1626 1801 pastoribus.
1680 1728 1890 1785 Omnia

236 1815 457 1888 quippe
480 1814 600 1869 haec
623 1816 951 1883 audientes,
968 1816 1477 1874 vehementissime
1498 1819 1883 1874 mirabantur.

239 1903 457 1960 Dehinc
487 1905 791 1976 Scriptura
819 1904 899 1962 ait
923 1923 935 1960 :
958 1907 1247 1962 Benedicit
1296 1910 1348 1963 ei
1396 1908 1633 1976 Simeon,
1667 1918 1718 1964 et
1746 1909 1893 1964 dixit

236 1994 306 2049 ad
351 1993 586 2049 Mariam
632 2000 869 2049 matrem
914 1997 1030 2067 ejus
1061 2015 1081 2051 :
1122 1998 1251 2053 Ecce
1295 2001 1401 2054 iste
1444 2000 1647 2069 positus
1698 2003 1775 2054 est
1830 2000 1891 2053 in

234 2085 463 2138 ruinam
485 2087 537 2139 et
566 2085 624 2138 in
666 2087 1115 2141 resurrectionem
1164 2088 1462 2143 multorum
1505 2091 1570 2143 in
1616 2089 1814 2153 Israel,
1839 2091 1892 2143 et

234 2173 297 2227 in
324 2174 554 2241 signum
580 2176 673 2228 cui
699 2175 1121 2231 contradicetur.
1156 2178 1219 2232 Et
1252 2182 1406 2232 tuam
1438 2179 1613 2249 ipsius
1645 2180 1892 2232 animam

228 2263 598 2333 pertransibit
628 2262 868 2335 gladius,
910 2273 970 2318 ut
1013 2266 1323 2321 revelantur
1363 2284 1432 2323 ex
1471 2268 1661 2322 multis
1707 2267 1892 2322 cordi-

233 2351 341 2406 bus
371 2352 747 2419 cogitationes.
769 2355 1069 2418 Quomodo
1100 2354 1363 2411 Salvator
1388 2356 1447 2411 in
1480 2356 1712 2411 ruinam
1745 2360 1802 2411 et
1832 2357 1887 2411 in

232 2440 736 2497 resurrectionem
792 2443 1112 2499 multorum
1176 2446 1424 2514 venerit,
1486 2450 1574 2502 est
1631 2450 1888 2502 contem-

231 2528 551 2603 plandum.

306 2619 421 2684 Qui
453 2619 555 2690 [αι.
587 2619 757 2690 Quid]
789 2621 1136 2694 simpliciter
1164 2624 1419 2696 exponit,
1457 2628 1649 2697 potest
1678 2624 1888 2692 dicere,

235 2707 298 2764 in
328 2707 568 2763 ruinam
599 2726 736 2765 eum
774 2713 1006 2767 venisse
1041 2712 1389 2781 infidelium,
1421 2720 1478 2770 et
1506 2715 1565 2769 in
1598 2730 1893 2769 resurrec-

237 2813 376 2853 nem
408 2798 793 2855 credentium.
819 2801 925 2865 Qui
967 2818 1098 2857 vero
1147 2803 1415 2858 curiosus
1466 2804 1752 2876 interpres
1781 2806 1889 2874 est,

237 2885 407 2953 dicit,
424 2904 801 2961 nequaquam
826 2907 959 2945 eum
984 2892 1187 2946 cadere
1219 2892 1318 2964 qui
1343 2895 1476 2947 ante
1498 2909 1612 2947 non
1646 2892 1889 2947 steterit.

236 2975 327 3033 Da
357 2974 507 3031 mihi
536 2977 734 3048 igitur,
760 2979 861 3052 qui
885 2980 1058 3035 fuerit
1089 2980 1187 3036 ille
1216 2981 1316 3053 qui
1348 2982 1591 3049 steterit,
1616 2986 1673 3037 et
1703 2982 1760 3036 in
1794 2998 1891 3036 cu-

232 3064 341 3137 jus
374 3064 604 3121 ruinam
636 3067 897 3124 Salvator
925 3070 1242 3138 advenerit,
1276 3087 1500 3126 necnon
1533 3074 1589 3126 et
1627 3086 1759 3125 eum
1793 3071 1893 3142 qui

239 3159 582 3228 consurgat.
629 3157 772 3212 Nam
826 3158 1027 3229 utique
1074 3158 1172 3215 ille
1219 3160 1541 3231 consurgit,
1575 3160 1676 3231 qui
1725 3164 1895 3215 antea

240 3248 565 3300 corruerat.
607 3245 936 3303 Videndum
987 3251 1075 3304 est
1122 3250 1346 3321 utique,
1520 3253 1577 3305 et

242 3330 514 3389 Salvator
542 3351 660 3390 non
693 3334 823 3391 aliis
852 3341 1031 3409 atque
1063 3338 1192 3394 aliis
1229 3338 1288 3393 in
1334 3338 1565 3395 ruinam
1597 3337 1818 3395 venerit
1845 3342 1902 3395 et

242 3422 739 3479 resurrectionem
787 3425 1130 3497 multorum,
1166 3428 1266 3484 sed
1312 3427 1519 3483 iisdem
1570 3433 1626 3483 et
1672 3428 1730 3482 in
1783 3428 1901 3483 rui-

243 3527 387 3566 nam
416 3515 475 3567 et
500 3512 558 3567 in
591 3515 1083 3572 resurrectionem
1113 3518 1355 3573 venerit.
1387 3518 1450 3573 In
1461 3519 1767 3591 judicium,
1800 3518 1900 3586 ait,

240 3614 345 3669 ego
374 3602 519 3672 veni,
552 3611 611 3658 ut
643 3606 739 3675 qui
784 3621 892 3659 non
938 3605 1194 3662 videbant
1241 3606 1483 3677 videant,
1515 3615 1568 3662 et
1616 3610 1713 3681 qui
1752 3608 1903 3661 vide-

243 3688 384 3744 bant
409 3692 545 3747 caeci
571 3694 707 3761 ﬁant
732 3693 796 3748 ⁸⁸.
834 3694 938 3750 Est
978 3695 1135 3751 enim
1176 3695 1233 3750 in
1281 3695 1451 3750 nobis
1484 3697 1639 3767 quod
1672 3696 1905 3752 videbat

243 3777 441 3850 prius,
474 3784 531 3833 et
562 3787 763 3853 postea
792 3783 989 3839 videre
1032 3784 1240 3839 desivit
1272 3801 1287 3839 :
1322 3790 1378 3839 et
1410 3785 1564 3840 aliud
1601 3786 1755 3857 quod
1790 3801 1906 3839 non

240 3866 513 3934 videbat,
571 3875 628 3924 et
683 3876 881 3941 postea
936 3873 1110 3945 cmpit
1160 3873 1373 3929 videre.
1423 3874 1597 3929 Verbi
1660 3874 1849 3946 gratia
1887 3892 1905 3928 :

248 3955 407 4012 Volo
463 3956 622 4013 idere
674 3959 787 4016 illis
852 3962 1059 4029 oculis,
1115 3962 1329 4035 quibus
1359 3967 1529 4019 antea
1584 3980 1698 4019 non
1750 3962 1907 4018 vide-

243 4044 414 4113 bam,
450 4050 509 4102 et
539 4047 639 4118 qui
686 4049 831 4103 mihi
880 4054 1082 4123 postea
1129 4053 1371 4108 reserati
1421 4056 1580 4121 sunt,
1629 4051 1908 4123 quoniam

246 4139 387 4206 post
444 4135 906 4194 inobedientiam
954 4145 1010 4195 et
1057 4141 1244 4196 Adam
1284 4146 1340 4197 et
1383 4143 1505 4197 Eva:
1558 4141 1712 4198 oculi
1770 4144 1911 4197 sunt

256 4224 469 4296 aperti,
498 4226 569 4281 de
599 4227 817 4298 quibus
860 4228 1144 4301 superiori
1193 4246 1461 4287 sermone
1510 4231 1907 4287 tractavimus.

2002 566 2158 638 quod
2187 563 2268 621 ait
2301 581 2313 620 :
2346 566 2479 621 Ecce
2509 563 2599 621 hic
2631 565 2839 637 positus
2884 566 2963 620 est
3010 556 3071 618 in
3117 562 3361 629 ruinam,
3392 562 3444 619 et
3471 562 3533 618 in
3564 576 3655 616 re-

1998 658 2392 713 surrectionem
2436 656 2737 711 multorum
2787 655 2849 709 in
2890 650 3087 711 Israel.
3122 652 3212 708 Me
3260 654 3484 724 oportet
3529 648 3654 724 pri-

2001 763 2166 802 mum
2202 747 2427 815 cadere,
2462 749 2520 801 et
2550 761 2684 800 eum
2717 743 3001 809 cecidero,
3036 746 3238 815 postea
3267 742 3415 798 bene
3458 756 3651 797 resur-

2001 853 2154 909 gere,
2189 852 2261 891 ne
2311 834 2574 890 Salvator
2620 850 2795 890 causa
2847 832 3022 888 fuerit
3079 830 3245 888 malae
3304 829 3517 898 ruinae;
3550 829 3652 887 sed

2001 929 2307 998 prepterea
2339 924 2543 980 cadere
2574 939 2668 978 me
2700 922 2849 987 fecit,
2881 925 2947 979 ut
2978 936 3353 994 eonsurgam,
3378 924 3436 977 et
3467 917 3653 976 multo

2002 1015 2145 1070 mihi
2179 1014 2349 1069 ruina
2385 1012 2585 1068 utilior
2629 1011 2821 1084 fuerit,
2850 1028 3027 1084 quam
3059 1010 3204 1067 illud
3256 1015 3493 1083 tempus
3536 1025 3653 1082 quo

1999 1104 2239 1161 videbar
2269 1107 2443 1159 stare.
2468 1102 2707 1159 Stabam
2730 1101 2886 1157 enim
2917 1100 2975 1157 in
3000 1104 3236 1174 peccato
3268 1116 3335 1156 eo
3364 1103 3652 1172 tempore,

2002 1210 2115 1266 quo
2167 1197 2401 1267 peccato
2458 1192 2722 1249 vivebam
2760 1210 2772 1248 :
2805 1195 2863 1247 et
2908 1191 3047 1264 quia
3104 1195 3341 1263 peccato
3397 1188 3651 1260 stabam,

2002 1284 2192 1357 prima
2240 1283 2385 1339 mihi
2436 1282 2661 1339 utilitas
2705 1280 2815 1337 fuit
2865 1285 2930 1337 ut
2980 1281 3270 1346 caderem,
3311 1283 3364 1336 et
3416 1283 3653 1353 peccato

2002 1389 2278 1429 morerer.
2315 1372 2571 1444 Denique
2600 1375 2657 1427 et
2701 1370 2890 1427 sancti
2933 1370 3248 1443 prophetae,
3281 1368 3517 1445 quando
3547 1384 3651 1424 au-

2001 1462 2232 1535 gustius
2261 1460 2481 1534 aliquid
2534 1459 3105 1533 contemplabantur,
3133 1457 3421 1515 cadebant
3456 1456 3516 1513 in
3562 1456 3653 1513 fa-

2002 1552 2150 1607 ciem
2182 1569 2370 1609 suam.
2402 1552 2714 1623 Propterea
2753 1553 2948 1605 autem
2990 1548 3296 1618 cadebant,
3319 1549 3383 1602 ut
3415 1548 3653 1619 peccata

2001 1659 2103 1715 per
2132 1642 2366 1697 ruinam
2394 1640 2626 1713 plenius
2659 1642 3067 1713 purgarentur.
3091 1637 3210 1693 Hoc
3228 1635 3425 1709 ipsum
3455 1639 3513 1691 et
3531 1634 3651 1691 Sal-

1997 1735 2161 1787 vator
2188 1731 2294 1787 tibi
2328 1730 2587 1804 primum
2640 1728 2926 1799 concedit,
2960 1731 3025 1783 ut
3074 1742 3335 1783 corruas.
3367 1724 3650 1783 Ethnicua

1922 1848 1967 1912 Β
2000 1838 2149 1892 eras,
2182 1822 2354 1912 cadat
2381 1820 2441 1875 in
2471 1823 2527 1877 te
2558 1819 2829 1912 ethnicus
2864 1834 2878 1872 :
2912 1815 3201 1889 diligebas
3230 1819 3514 1884 scortum,
3537 1813 3646 1912 p-ri-

2002 1928 2168 1967 mum
2199 1910 2258 1966 in
2289 1914 2345 1966 te
2376 1913 2639 1965 scortum
2676 1907 2925 1963 intereat
2958 1924 2971 1962 :
3005 1908 3278 1978 peccator
3305 1920 3455 1972 eras,
3479 1903 3651 1960 cadat

2001 2001 2065 2058 in
2094 2005 2151 2056 te
2185 2002 2471 2072 peccator,
2505 2000 2572 2053 ut
2608 1996 2799 2068 possis
2842 1994 3053 2051 dehinc
3101 2008 3403 2064 resurgere
3453 1995 3512 2047 et
3559 1990 3648 2047 di-

2002 2106 2177 2146 cere:
2226 2090 2286 2144 Si
2323 2087 2649 2145 commortui
2704 2101 2916 2151 sumus,
2946 2091 2999 2140 et
3050 2084 3393 2139 convivemus
3429 2099 3447 2137 :
3501 2086 3553 2138 et
3601 2082 3653 2137 si

2000 2181 2191 2235 mortis
2237 2178 2571 2250 conformes,
2602 2176 2771 2231 simul
2799 2182 2853 2232 et
2892 2174 3311 2230 resurrectionis
3357 2172 3564 2228 erimus
3585 2172 3650 2226 ⁸⁷.

2002 2271 2117 2326 Iste
2148 2268 2491 2325 299-800
2520 2266 2700 2339 igitur
2731 2264 2789 2320 in
2823 2263 3056 2320 ruinam
3096 2266 3153 2318 et
3181 2261 3241 2317 in
3274 2260 3652 2318 resurrectio-

2002 2376 2138 2416 nem
2170 2358 2490 2414 multorum
2527 2354 2752 2428 positus
2777 2357 2867 2410 est
2893 2354 2953 2409 in
2983 2351 3182 2418 Israel,
3205 2350 3317 2408 hoc
3337 2353 3445 2420 est,
3469 2350 3528 2407 in
3557 2349 3653 2407 his

2002 2449 2103 2521 qui
2134 2448 2584 2521 plena-possunt
2615 2444 2737 2500 acie
2768 2447 2825 2499 et
2864 2442 3088 2499 ratione
3118 2440 3475 2513 conspicere.
3498 2441 3564 2497 Et
3595 2441 3657 2496 in

2000 2541 2222 2610 signum
2244 2538 2334 2593 cui
2358 2534 2780 2592 contradicetur.
2801 2532 3086 2589 Omnibus
3107 2548 3234 2604 quae
3259 2534 3457 2586 narrat
3475 2529 3655 2586 histo-

2002 2628 2086 2683 ria
2116 2629 2187 2683 de
2217 2626 2529 2691 Salvatore,
2555 2622 2997 2679 contradicitur.
3014 2620 3192 2692 Virgo
3214 2624 3403 2676 mater
3426 2622 3533 2690 est,
3557 2618 3651 2675 cui

2003 2716 2439 2773 contradicitur.
2474 2712 2826 2771 Marcionita
2855 2710 3264 2767 contradicunt
3292 2709 3429 2765 huic
3460 2707 3649 2778 signo,

2001 2810 2059 2861 et
2091 2806 2275 2872 aiunt,
2301 2803 2536 2875 penitus
2564 2818 2698 2858 eum
2732 2801 2802 2856 de
2833 2798 3077 2855 muliere
3108 2814 3222 2854 non
3250 2814 3378 2853 esse
3407 2812 3650 2869 genera-

2002 2898 2149 2949 tum.
2174 2891 2457 2948 Ebionitas
2487 2890 2895 2946 contradicunt
2935 2888 3124 2959 signo,
3148 2886 3409 2942 dicentes
3430 2902 3498 2940 ex
3524 2884 3648 2939 viro

2004 2988 2061 3038 et
2084 2981 2329 3037 muliere
2356 2982 2437 3036 ita
2457 2984 2660 3036 natum
2684 2994 2830 3043 esse,
2856 2981 2921 3032 ut
2941 2993 3047 3032 nos
3074 2990 3307 3047 quoque
3330 2973 3649 3030 nascimur.

2004 3071 2220 3127 Habuit
2267 3086 2479 3142 corpus
2526 3069 2876 3133 humanum,
2910 3069 2967 3121 et
2995 3064 3105 3120 hoc
3135 3061 3372 3135 signum
3421 3066 3510 3118 est
3557 3060 3651 3118 cui

2004 3158 2444 3216 contradicitur.
2476 3156 2586 3212 Alii
2641 3155 2797 3212 enim
2848 3154 3071 3220 dicunt,
3123 3169 3257 3209 eum
3304 3150 3534 3208 venisse
3581 3151 3652 3206 de

1749 3250 1899 3305 forte
1929 3233 1972 3300 C
2011 3249 2169 3306 oculis
2196 3249 2309 3319 (46)
2339 3264 2352 3301 :
2386 3246 2509 3313 alii,
2540 3245 2656 3301 tale
2687 3243 2857 3318 quale
2888 3259 2994 3299 nos
3025 3258 3236 3315 corpus
3267 3240 3567 3311 habuisse,
3593 3243 3657 3295 ut
3719 3250 3725 3256 '

2010 3355 2113 3412 per
2142 3336 2585 3393 similitudinem
2634 3332 2894 3404 corporis
2942 3330 3117 3386 etiam
3168 3334 3369 3386 nostra
3415 3344 3661 3400 corpora

2013 3427 2325 3483 redimeret
2360 3442 2393 3480 a
2421 3422 2770 3497 peccatis,et
2807 3422 2971 3476 daret
3001 3418 3172 3475 nobis
3198 3435 3361 3491 spem
3394 3434 3660 3473 resurre-

2014 3516 2249 3573 ctionis.
2290 3513 2627 3570 Resurrexit
2658 3529 2692 3567 a
2720 3510 2970 3567 mortuis
3000 3525 3013 3563 :
3046 3512 3104 3564 et
3132 3507 3241 3564 hoc
3290 3507 3528 3581 signum
3574 3508 3665 3563 est

2015 3605 2108 3662 cui
2158 3602 2600 3667 contradicitur,
2644 3598 2938 3672 quomodo
2985 3596 3325 3662 resurrexit,
3357 3600 3415 3651 et
3462 3598 3663 3651 utrum

2015 3696 2161 3768 ipse,
2178 3698 2234 3749 et
2262 3692 2395 3749 talis
2440 3689 2634 3763 qualis
2663 3692 2888 3745 mortus
2917 3691 3027 3754 est,
3049 3703 3123 3742 an
3166 3689 3322 3742 certe
3349 3684 3411 3741 in
3460 3683 3663 3742 melio-

2016 3784 2098 3839 ris
2128 3781 2472 3840 substantiae
2518 3796 2729 3851 corpus
2760 3775 3158 3834 resurrexerit.
3188 3776 3258 3832 Et
3304 3782 3392 3830 est
3437 3774 3669 3829 inﬁnita

2018 3871 2309 3929 contentio
2334 3888 2347 3927 :
2383 3868 2513 3926 aliis
2542 3867 2891 3934 dicentibus,
2915 3867 3161 3921 ﬁxuram
3192 3864 3486 3920 clavorum
3519 3862 3669 3919 Tho-

2020 3979 2126 4017 mas
2168 3959 2423 4017 ostendit
2468 3959 2528 4014 in
2579 3957 2855 4014 manibus
2903 3954 3092 4011 suis“
3125 3970 3138 4009 :
3174 3950 3305 4009 aliis
3353 3968 3384 4007 e
3431 3950 3667 4024 regione

2019 4050 2426 4116 tractantibus,
2448 4048 2497 4105 si
2529 4046 2683 4102 idem
2709 4061 2920 4117 corpus
2944 4042 3169 4109 habuit,
3193 4039 3486 4113 quomodo
3507 4038 3666 4095 clau-

2021 4139 2101 4196 sis
2128 4140 2431 4211 ingressus
2453 4140 2541 4192 est
2562 4135 2747 4201 ostiis,
2767 4138 2823 4189 et
2854 4130 3048 4188 stetit?
3067 4130 3240 4185 Vides
3264 4128 3446 4202 igitur
3468 4142 3669 4200 quem—

2022 4227 2345 4285 admodum
2391 4221 2755 4297 argumentis
2791 4219 2970 4277 variis
3022 4217 3198 4275 etiam
3220 4214 3667 4274 resurrectionis

323 4350 367 4384 ⁸⁸
394 4351 598 4407 Matth.
634 4370 671 4415 1,
704 4354 858 4409 6-16.
934 4356 978 4390 ⁴⁶
1006 4355 1175 4411 Joan.
1209 4374 1285 4425 1x,
1318 4357 1406 4411 39.
1481 4358 1524 4391 ‘7
1558 4358 1723 4412 Rom.
1756 4374 1834 4427 v1,
1866 4356 1921 4424 8,
1950 4354 2006 4409 5.
2082 4353 2125 4387 ⁸⁸
2154 4353 2325 4407 Joan.
2357 4367 2451 4418 xx,
2482 4350 2573 4404 27.

297 4476 449 4565 ‘(552
488 4476 729 4565 S‘e'hedae
755 4478 955 4565 .Gra'bii
981 4483 1060 4565 iet
1100 4481 1431 4565 Combefisii
1466 4498 1478 4536 :
1512 4477 1908 4565 'Aultoﬁg‘tspov

259 4545 353 4623 ρὲν
386 4545 480 4600 οὖν
514 4545 720 4621 λέγοιτ’
754 4547 811 4601 ἂν
862 4548 946 4603 ὅτι
978 4549 1229 4622 ἐτίμησεν
1284 4550 1440 4604 αὐτὸν
1491 4551 1552 4604 τὸ
1603 4545 1824 4623 Ilva-3:141.
1847 4550 1909 4603 τὸ

258 4617 659 4697 gratiam-0:3
689 4620 894 4697 ’ξπ-ατρὸς
943 4617 1309 4697 πρρᾴηέγορῖᾳέ
1358 4620 1542 4697 instar},
1594 4623 1654 4675 τὸ
1696 4617 1909 4697 πὰιδῌίον

259 4687 498 4765 Ἰῄσοῦςθ’
527 4687 899 4765 ᾇνεθρξίψαέρη
931 4687 1230 4765 Audit-sinon
1271 4687 1363 4759 ⁷δὲ,
1425 4687 1542 4747 ἐπεῖ
1594 4695 1626 4762 ἡ
1660 4690 1912 4764 γενεαλο-

261 4761 353 4887 ἔὶα
398 4761 493 4815 τὸν
553 4761 753 4838 mea?
811 4764 914 4817 ἀπὸ
966 4761 1148 4818 Δαυὶδ
1182 4761 1623 4839 ἐγενεαλόγησεν
1674 4761 1772 4818 Ἵνα
1846 4765 1909 4831 in“,

292 4832 385 4887 όξη
416 4835 643 4887 περιττῆ
679 4833 763 4887 ἐπὶ
795 4836 886 4887 τὸν
935 4837 1007 4887 ui.
1060 4838 1384 4887 νεννγῖσαντα
1428 4837 1519 4887 τὸν
1572 4844 1804 4887 Ennio:
1834 4785 1909 4887 ἑο-

292 4785 353 4814 ἰα
398 4785 493 4815 τον
570 4785 753 4838 uuam?
811 4785 914 4817 απο
966 4785 1129 4818 ΔΤ)ιο
1182 4785 1622 4839 εγενεαΛογῃσεν·
1693 4785 1772 4818 ινα
1846 4786 1909 4831 ιη

292 4832 763 4910 ὁξἏπεριῖτῂ-ἐετὶ
795 4836 886 4910 τρν
934 4837 1007 4907 μὴ
1060 4838 1384 4910 γεννήσαντα
1428 4837 1519 4889 τὸν
1572 4844 1804 4907 Storia:
1834 4785 1915 4903 £9-

261 4902 662 4980 loiié'm,_o:t).l’
696 4902 798 4980 ἔχῃ
826 4902 1005 4980 λόγὸν
1048 4902 1374 4979 ἐὲτιτῆνδειον,
1424 4907 1511 4961 δεδι
1539 4912 1699 4961 τοῦτο
1722 4902 1911 4979 νέπατὴρ

262 4966 605 5052 ἶνὴγφρεῦθη
640 4966 989 5050 τοέἮυρίὸυ.
1025 4966 1281 5052 δίνηρὶιίδί
1316 4966 1653 5044 adpositione
1681 4981 1795 5036 dici
1819 4966 1914 5051 ρδ-

263 5050 361 5104 ιεα
403 5050 735 5125 [tonoratum
781 5067 907 5105 eum
952 5050 1203 5122 fuisse‘a
1245 5054 1455 5124 Spiritu
1510 5061 1694 5108 sancto
1737 5050 1918 5125 patris

261 5121 714 5203 vocabulo,_quza
762 5138 993 5203 puerum
1027 5125 1228 5203 _Jesum
1280 5121 1583 5203 nutrierat.
1616 5126 1698 5203 ⁸Αι
1737 5121 1918 5203 juxta

262 5193 517 5274 altiorem
550 5195 905 5274 intellectum,
938 5195 1071 5274 quia
1118 5197 1485 5274 generationis
1512 5197 1682 5274 series
1723 5195 1919 5274 doscph

261 5279 296 5317 α
326 5264 508 5337 David
538 5263 774 5333 deducit,
810 5282 883 5319 ne
927 5263 1135 5334 frustra
1166 5268 1418 5322 videatur
1446 5268 1524 5322 ad
1551 5268 1745 5337 Joseph
1796 5268 1916 5322 des-

259 5334 497 5392 cendere
518 5339 617 5407 qui
644 5354 753 5392 non
801 5341 1067 5406 genuerat
1110 5337 1480 5405 Salvatorem,
1512 5338 1603 5391 sed
1652 5334 1922 5393 rationem

260 5406 777 5490 habegtjdoneam,
816 5412 1104 5481 prapterea
1136 5418 1298 5482 pater
1345 5411 1653 5484 appellatus
1700 5414 1776 5465 est
1823 5412 1920 5464 Do—

261 5480 431 5534 mini.
466 5478 705 5536 Rugus.

296 5619 311 5632 .
336 5549 453 5621 (46)
483 5551 988 5632 Observatumest
1019 5569 1199 5625 supra
1227 5555 1297 5632 ad
1329 5553 1635 5632 homiliam
1666 5553 1727 5632 1’5
1749 5551 1921 5607 veris-

262 5623 419 5677 sime
450 5623 743 5679 creditum
775 5623 1204 5697 probatumque
1250 5625 1500 5693 Origeni,
1532 5641 1663 5680 vere
1711 5623 1921 5679 huma-

260 5710 414 5753 num
446 5711 684 5769 corpus,
707 5700 764 5754 et
793 5713 909 5754 non
935 5696 1282 5755 ementitum
1310 5696 1605 5755 Christum
1637 5699 1917 5771 gestasse.

2020 4476 2188 4533 Nunc
2219 4490 2356 4545 ergo
2387 4470 2621 4545 quando
2666 4468 2966 4525 haereticos
2996 4467 3359 4545 pronuntiat,
3390 4465 3490 4540 qui
3533 4479 3667 4545 eum

2021 4552 2250 4631 putant.2
2284 4539 2583 4631 {aterquate
2602 4558 2720 4631 .nos
2768 4558 2976 4631 corpus
2996 4539 3284 4631 'ntibuisse,
3314 4543 3369 4594 et
3394 4539 3667 4631 aLsemet:

1942 4604 1989 4669 Ι)
2020 4604 2147 4701 ipso
2198 4604 2736 4701 dissentire,.atq‘ue
2765 4604 3073 4701 a‘v'eritate
3122 4610 3354 4701 longius
3399 4609 3669 4701 aberrare

2026 4678 2209 4761 prima
2252 4690 2441 4761 fronte
2487 4678 2773 4761 videatur.
2803 4684 3041 4761 Verum_
3064 4698 3164 4761 res
3202 4678 3370 4761 aliter
3408 4678 3670 4760 putanda

2025 4748 2133 4827 est,
2161 4760 2461 4816 Ebionitas
2508 4756 2802 4830 siquidem
2836 4752 3193 4830 perstringit,
3218 4750 3317 4830 qui
3367 4748 3666 4807 communi

2025 4826 2151 4905 lege
2176 4837 2400 4905 natura:
2438 4847 2509 4905 ei;
2540 4826 2677 4905 viro
2699 4832 2763 4905 et
2793 4826 3035 4905 muliere
3064 4828 3407 4905 generatum
3439 4837 3669 4905 corpus

2026 4893 2557 4975 assumpsissesibi
2576 4900 2875 4975 Christum
2905 4893 3475 4975 impiedetiniebant.
3505 4893 3670 4975 liinc-

2026 4992 2141 5047 que
2172 4965 2313 5031 adeo
2339 4975 2408 5029 de
2432 4965 3135 5047 illa_putandus_est__lbqui
3160 4965 3668 5047 dissimilitudine,

2026 5036 2204 5118 quam
2236 5047 2486 5118 ipsemet
2534 5036 2599 5118 in
2636 5041 2917 5118 procnqu
2942 5036 3225 5118 librorum
3257 5038 3333 5092 De
3373 5036 3670 5118 principiis

2027 5109 2435 5174 astruit'inter
2478 5109 2741 5169 nostrum
2774 5115 2830 5166 et
2859 5109 3069 5166 Christi
3123 5125 3336 5180 corpus
3368 5125 3380 5162 :
3408 5109 3670 5180 Incarna-

2027 5199 2132 5253 tus,
2164 5189 2377 5259 inquit,
2409 5188 2487 5259 est
2507 5184 2826 5259 _(Christus)
2870 5198 2989 5238 eum
3039 5187 3181 5237 Deus
3227 5179 3381 5245 esset,
3404 5183 3469 5259 et
3515 5179 3671 5259 homo

2027 5253 2266 5325 mansit;
2305 5258 2444 5330 quod
2497 5257 2640 5311 Deus
2677 5258 2871 5330 _era_t_,_
2888 5270 3085 5324 corpus
3139 5253 3435 5330 assumpsit
3490 5254 3673 5330 nostra

2027 5322 2250 5404 corpori
2273 5322 2480 5404 sintita,
2506 5343 2567 5384 eo
2608 5326 2734 5404 solo
2751 5322 3039 5404 diﬂ'erciis,
3061 5325 3201 5396 quod
3223 5322 3524 5404 natantem
3540 5322 3673 5404 ,νίν-

2028 5394 2160 5474 αἱηέ
2204 5403 2268 5459 de
2314 5401 2525 5473 Spiritu
2582 5401 2767 5453 sancto
2812 5394 2919 5453 'est.
2956 5399 3019 5474 Et
3062 5394 3325 5474 Quoniam
3367 5394 3472 5474 _hic
3524 5394 3677 5450 Iesus

2033 5469 2278 5531 Christus
2314 5469 2477 5529 natus
2526 5476 2580 5525 et
2626 5485 2819 5541 passus
2850 5476 2927 5525 est
2956 5472 3018 5524 in
3046 5469 3292 5531 veritate,
3327 5470 3380 5521 et
3425 5480 3535 5520 non
3577 5479 3679 5537 per

2031 5548 2350 5619 imaginem,
2377 5544 2657 5619 communi
2686 5542 2786 5596 hac
2807 5549 2982 5619 morte
3008 5554 3131 5596 vere
3160 5542 3408 5597 mortuus
3427 5544 3520 5604 est,
3553 5550 3681 5592 vere

2030 5614 2177 5677 enim
2206 5636 2241 5674 a
2267 5614 2502 5675 martuis
2534 5614 2856 5671 resurrexit.
