4058 6190
427 317 560 383 ’976

1689 316 1750 377 S.
1800 312 2111 378 EUSEBII
2154 312 2600 378 HIERONYMI

3711 317 3842 383 376

443 457 572 530 ejus
603 453 846 528 quaestio
875 454 1216 526 concitetur,
1248 459 1306 512 et
1355 455 1420 510 fit
1462 453 1697 528 signum
1731 453 1824 510 cui
1855 459 2084 511 contra-
2121 449 2168 516 A
2204 455 2469 508 mortuus
2499 454 2588 508 est
2621 466 2634 506 :
2669 451 2934 524 quandiu
2980 449 3137 509 enim
3171 449 3526 510 abscondite
3553 455 3722 512 erant
3751 470 3843 512 co-

443 546 678 604 dicitur.
711 547 830 620 Ego
860 549 918 604 et
944 545 1054 602 hoc
1101 545 1255 618 quod
1305 544 1722 618 prophetarum
1754 563 1851 602 ore
1883 544 2093 618 praedi-

445 640 605 694 ctum
635 640 745 703 est,
769 639 910 708 puto
936 635 1172 708 signum
1202 652 1330 692 esse
1361 636 1454 692 cui
1486 636 1921 692 contradicitur.
1944 637 2094 692 Sunt

446 727 603 784 enim
635 725 834 798 plures
863 726 1138 797 haeretici,
1162 727 1261 797 qui
1284 731 1556 782 asserunt
1586 743 1718 782 eum
1740 743 1772 780 a
1795 726 2095 799 prephetis

447 815 682 889 penitus
713 831 828 870 non
861 815 1044 870 fuisse
1067 815 1464 887 praedicatum.
1491 817 1559 871 Et
1579 816 1720 887 quid
1745 833 1838 870 me
1859 831 2096 872 necesse

447 908 540 962 est
567 904 753 961 multa
779 904 1092 978 prosequi?
1122 904 1331 960 Omnia
1361 922 1488 976 qua:
1519 905 1589 960 de
1620 922 1684 960 eo
1714 909 1946 961 enarrat
1974 904 2093 962 his-

448 993 619 1062 toria,
642 993 879 1066 signum
911 997 1001 1049 est
1029 993 1120 1048 cui
1153 994 1590 1050 contradicitur.
1615 995 1740 1050 Non
1771 995 1926 1066 quod
1960 1011 2095 1051 con-

451 1081 745 1140 tradicant
772 1081 831 1136 hi
855 1083 954 1154 qui
981 1083 1230 1138 credunt
1251 1083 1310 1138 in
1333 1099 1464 1138 cum
1491 1101 1505 1138 :
1533 1099 1639 1140 nos
1666 1083 1881 1156 quippe
1901 1085 2099 1140 omnia

451 1171 672 1228 scimus
699 1189 834 1228 vera
866 1188 996 1228 esse
1026 1189 1152 1244 qua:
1185 1173 1401 1245 scripta
1429 1177 1569 1228 sunt
1595 1191 1608 1229 :
1641 1173 1740 1228 sed
1775 1173 1914 1245 quia
1939 1174 2097 1246 apud

449 1259 784 1318 incredulos
805 1259 1238 1332 universa,quae
1263 1262 1332 1316 de
1353 1277 1419 1318 eo
1441 1262 1660 1334 scripta
1687 1262 2096 1335 sunt,signum

453 1349 530 1406 sit
557 1349 649 1405 cui
677 1349 1116 1406 contradicitur.
1151 1350 1368 1406 Deinde
1407 1352 1640 1406 Simeon
1673 1351 1754 1406 ait
1785 1369 1796 1407 :
1830 1355 1904 1407 Et
1945 1357 2099 1408 tuam

451 1439 626 1511 ipsius
681 1441 929 1495 animam
971 1441 1334 1512 pertransibit
1379 1439 1624 1508 gladius.
1675 1441 1815 1504 Quis
1864 1445 1953 1498 est
1989 1441 2100 1498 iste

447 1526 704 1602 gladius,
727 1528 826 1601 qui
858 1545 975 1584 non
1007 1528 1250 1585 aliorum
1286 1533 1540 1597 tantum,
1564 1531 1662 1586 sed
1697 1531 1872 1586 etiam
1905 1531 2098 1587 Mariae

452 1631 554 1672 cor
581 1616 934 1688 pertransit?
975 1622 1185 1690 Aperte
1233 1619 1528 1686 scribitur,
1565 1621 1718 1692 quod
1752 1621 1809 1674 in
1840 1624 2102 1692 tempore

454 1705 748 1778 passionis
804 1722 1010 1762 omnes
1057 1707 1175 1763 sint
1219 1707 1466 1778 apostoli
1521 1709 1922 1780 scandalizati,
1973 1709 2100 1782 ipso

456 1811 690 1867 quoque
720 1795 967 1852 Domino
1011 1797 1236 1852 dicente
1257 1799 1302 1832 ⁸ο
1334 1815 1346 1852 :
1383 1799 1576 1854 Omnes
1622 1816 1712 1854 vos
1757 1800 2100 1855 scandaliaa-
2132 1827 2180 1892 Β

457 1885 659 1940 bimini
687 1885 746 1940 in
772 1895 926 1941 nocte
945 1887 1062 1942 hac.
1089 1888 1236 1959 Ergo
1260 1887 1634 1943 scandalizati
1659 1895 1799 1943 sunt
1823 1889 2100 1956 universi,

453 1973 514 2030 in
543 1977 774 2030 tantum
809 1980 874 2030 ut
903 1976 1108 2032 Petrus
1140 1994 1372 2048 quoque
1399 1977 1796 2049 apostolorum
1831 1979 2103 2052 princeps

451 2062 622 2119 tertio
653 2063 975 2136 denegarit.
1010 2066 1202 2131 Quid?
1235 2070 1512 2138 putamus
1543 2069 1721 2139 quod,
1745 2069 2101 2124 scandaliza-

451 2151 531 2208 tis
573 2151 874 2225 apostolis,
898 2155 1010 2226 (47)
1046 2156 1230 2211 Mater
1278 2157 1508 2212 Domini
1541 2175 1574 2212 a
1604 2157 1880 2213 seandalo
1927 2158 2105 2214 fuerit

361 2282 368 2289 ρ
453 2239 784 2298 immunis?
813 2241 869 2297 Si
917 2245 1262 2299 scandalum
1293 2245 1351 2300 in
1388 2246 1616 2301 Domini
1668 2247 1939 2318 passione
1985 2264 2099 2304 non

455 2346 630 2404 passa
658 2335 768 2397 est,
795 2348 908 2387 non
931 2337 1022 2389 est
1041 2337 1309 2390 mortuus
1340 2335 1510 2389 .lesus
1534 2351 1637 2406 pro
1671 2336 1921 2406 peccatis
1951 2337 2100 2406 ejus.

450 2417 513 2476 Si
545 2423 738 2475 autem
771 2436 975 2476 omnes
1022 2427 1420 2494 peccaverunt,
1456 2427 1514 2478 et
1543 2428 1715 2494 egent
1762 2424 1948 2495 gloria
1977 2425 2100 2495 Dei,

448 2507 758 2578 justificati
791 2509 980 2580 gratia
1012 2511 1140 2581 ejus
1171 2515 1228 2567 et
1257 2512 1564 2584 redempti,
1599 2513 1804 2584 utique
1835 2517 1891 2568 et
1923 2513 2104 2568 Maria

453 2593 556 2651 illo
585 2599 845 2668 tempore
877 2599 1268 2656 scandalizata
1290 2605 1396 2656 est.
1421 2601 1491 2655 Et
1518 2601 1626 2656 hoc
1658 2607 1746 2657 est
1771 2603 1924 2673 quod
1948 2620 2102 2658 nunc

455 2683 692 2768 Simeon
723 2686 1052 2758 prophetat,
1086 2689 1322 2745 dicens:
1357 2691 1420 2744 Et
1451 2699 1602 2745 tuam
1631 2692 1808 2760 ipsius
1825 2693 2103 2752 animam;

454 2790 581 2846 quas
615 2775 732 2831 scis
762 2775 985 2848 absque
1015 2778 1137 2832 viro
1179 2779 1474 2850 peperisse
1517 2785 1574 2834 te
1621 2780 1942 2851 Virginem,
1977 2797 2103 2852 quae

453 2861 672 2919 audisti
704 2881 744 2935 a,
766 2864 1036 2922 Gabriele
1069 2885 1081 2922 :
1115 2867 1360 2939 Spiritus
1387 2877 1605 2924 sanctus
1634 2872 1812 2924 veniet
1840 2885 2002 2942 super
2031 2874 2102 2938 te,

449 2959 502 3008 et
529 2954 704 3008 virtus
732 2954 1003 3010 Altissimi
1039 2956 1384 3012 obrumbabit
1427 2958 1551 3027 tibi,
1581 2959 1942 3029 pertransibit
1973 2959 2104 3014 inii-

451 3039 708 3098 delitatis
736 3042 993 3116 gladius,
1026 3049 1082 3101 et
1113 3047 1516 3118 ambiguitatis
1548 3065 1824 3104 mucrone
1856 3048 2100 3118 ferieris,

451 3133 510 3184 et
539 3129 918 3202 cogitationes
948 3139 1061 3190 tuae
1108 3140 1164 3190 te
1195 3137 1252 3190 in
1298 3137 1526 3192 diversa
1572 3137 1936 3204 lacerabunt,
1967 3154 2100 3193 cum

450 3215 666 3274 videris
698 3217 887 3284 illum,
923 3238 1100 3294 quem
1132 3223 1343 3278 Filium
1394 3224 1490 3278 Dei
1539 3226 1830 3294 audieras,
1865 3231 1923 3282 et
1953 3227 2101 3282 scie-
2132 3204 2174 3270 Ο

453 3303 559 3361 bas
589 3307 813 3381 absque
857 3311 1080 3366 semine
1112 3311 1217 3365 viri
1267 3327 1394 3367 esse
1443 3318 1804 3384 generatum,
1840 3315 2099 3389 cruciligi

451 3399 510 3450 et
540 3396 708 3464 mori,
740 3404 797 3454 et
827 3399 1134 3471 suppliciis
1177 3401 1456 3456 humanis
1487 3419 1614 3457 esse
1660 3404 2011 3472 subjectum,
2046 3410 2103 3460 et

454 3483 526 3538 ad
561 3491 919 3556 postremum
962 3487 1416 3561 lacrymabililer
1445 3498 1894 3561 conquerentem
1926 3497 2100 3564 atque

457 3572 742 3630 dicentem
779 3593 793 3631 :
827 3577 1012 3645 Pater,
1055 3580 1104 3633 si
1141 3580 1400 3650 possibile
1442 3585 1539 3649 est,
1572 3586 1914 3651 pertranseat
1951 3583 2102 3638 calix

449 3660 556 3716 iste
601 3679 637 3718 a
678 3665 846 3720 me“.
871 3696 935 3706 —
965 3667 1030 3722 Et
1070 3674 1220 3722 tuam
1260 3684 1388 3738 ergo
1437 3673 1684 3724 animam
1739 3671 2101 3740 perlransibit

445 3749 686 3820 gladius,
727 3757 788 3808 ut
837 3755 1145 3810 revelentur
1191 3773 1260 3811 ex
1309 3757 1614 3812 multorum
1657 3759 1908 3815 cordibus
1953 3760 2099 3830 cogi-

447 3839 700 3896 tationes.
753 3841 1147 3916 Cogitationes
1191 3850 1357 3900 erant
1406 3845 1571 3902 mala:
1627 3847 1686 3902 in
1739 3847 2098 3917 hominibus,

447 3942 574 3998 quae
622 3935 927 4002 propterea
976 3931 1235 3988 revelata;
1281 3938 1441 4003 sunt,
1475 3939 1540 3989 ut
1584 3935 1820 4007 prolatae
1869 3937 1926 3990 in
1977 3953 2098 3992 me-

448 4015 612 4072 dium
671 4019 1074 4091 perderentur,
1107 4027 1166 4077 et
1223 4022 1537 4077 interfecta;
1591 4027 1766 4095 atque
1823 4028 2098 4080 emortuis

445 4119 576 4162 esse
607 4106 960 4181 desinerent,
993 4116 1050 4166 et
1081 4111 1368 4166 occideret
1406 4129 1506 4167 eas
1536 4110 1630 4167 ille
1664 4113 1762 4184 qui
1796 4130 1896 4184 pro
1928 4114 2098 4170 nobis

2201 542 2534 615 gitationes,
2560 559 2665 599 nec
2685 541 2924 616 prolatae
2948 543 3006 600 in
3029 543 3316 611 medium,
3339 543 3707 617 impossibile
3725 551 3847 603 erat

2201 649 2300 690 eas
2333 633 2567 706 penitus
2595 633 2864 689 interfici.
2889 633 3052 690 Unde
3073 637 3131 690 et
3159 634 3288 701 nos,
3311 633 3359 690 si
3391 635 3843 708 peccaverimus,

2185 723 2486 779 debemus
2516 723 2707 778 dicere
2731 741 2744 778 :
2768 723 3058 780 Peccatum
3086 739 3270 780 meum
3299 731 3486 780 notum
3507 725 3619 796 feci
3647 725 3771 792 tibi,
3793 732 3846 782 et

2203 814 2562 884 iniquitatem
2591 829 2770 867 meam
2810 829 2921 869 non
2951 815 3179 870 θυι-2
3209 812 3494 870 abscondi.
3527 815 3663 870 Dixi
3691 832 3711 870 .°
3739 817 3846 872 An-

2201 903 2466 958 mmtiabo
2497 903 2841 975 injustitiam
2883 919 3061 960 meam
3109 911 3297 959 contra
3322 919 3414 960 me
3441 905 3668 960 Domino
3691 905 3757 961 ιι.
3789 905 3848 962 Si

2203 992 2360 1048 enim
2389 992 2500 1048 hoc
2530 991 2857 1062 fecerimus,
2889 997 2946 1047 et
2993 991 3441 1050 revelaverimus
3487 997 3720 1065 peccata
3751 1011 3852 1052 no-

2206 1085 2328 1138 stra
2356 1099 2473 1137 non
2503 1081 2695 1150 solum
2727 1086 2859 1150 Deo,
2887 1083 2986 1138 sed
3019 1086 3077 1138 et
3106 1081 3199 1138 his
3229 1083 3331 1154 qui
3362 1087 3612 1155 possunt
3631 1083 3852 1141 mederi

2205 1171 2546 1227 vulneribus
2577 1171 2796 1228 nostris
2826 1175 3000 1244 atque
3035 1171 3308 1244 peccatis,
3341 1172 3692 1229 delebuntur
3720 1189 3853 1245 pec-

2207 1264 2337 1316 cata
2368 1264 2569 1316 nostra
2601 1261 2672 1316 ab
2694 1277 2780 1327 eo,
2803 1261 2904 1332 qui
2937 1260 3018 1316 ait
3041 1278 3054 1316 :
3077 1262 3207 1317 Ecce
3225 1261 3414 1318 delebo
3431 1271 3494 1317 ut
3513 1262 3720 1318 nubem
3749 1266 3858 1321 ini-

2209 1351 2448 1422 quitates
2479 1355 2623 1416 luas,
2655 1353 2708 1406 et
2735 1353 2876 1405 sicut
2911 1350 3204 1422 caliginem
3243 1355 3472 1422 peccata
3502 1355 3597 1408 tua
3616 1353 3681 1406 ⁸³.
3717 1356 3860 1410 Post

2210 1439 2500 1496 Simeonis
2523 1438 2910 1512 prophetiam,
2932 1439 3073 1511 quia
3089 1455 3326 1496 necesse
3347 1443 3472 1498 erat
3492 1444 3556 1496 ut
3578 1439 3859 1498 mulieres

2209 1529 2387 1584 etiam
2418 1527 2801 1596 salvarentur,
2834 1529 2997 1584 venit
3027 1528 3340 1600 prophetes
3373 1528 3608 1598 mulier,
3632 1529 3704 1586 de
3739 1547 3861 1600 qua

2210 1617 2488 1674 scribitur
2519 1634 2531 1672 :
2568 1621 2642 1674 Et
2685 1625 2804 1674 erat
2851 1619 3008 1674 Anna
3035 1619 3394 1690 praphetissa,
3427 1619 3554 1688 ﬁlia
3604 1619 3860 1676 Phanuel

2209 1707 2274 1764 de
2303 1707 2449 1763 tribu
2478 1708 2628 1762 Aser.
2661 1707 2844 1770 Quam
2886 1706 3129 1779 pulcher
3157 1707 3332 1763 ordol
3377 1707 3503 1763 Non
3533 1707 3692 1764 venit
3720 1714 3862 1767 ante

2209 1795 2398 1862 virum
2445 1797 2675 1867 mulier,
2708 1797 2808 1852 sed
2857 1795 3111 1868 primum
3143 1797 3302 1852 venit
3331 1797 3588 1864 Simeon,
3620 1797 3723 1870 qui
3753 1815 3858 1871 ap-

2212 1886 2523 1958 prehendit
2553 1886 2854 1952 infantem,
2878 1890 2936 1942 et
2964 1885 3154 1941 tenuit
3185 1886 3242 1942 in
3275 1885 3531 1943 brachiis
3560 1886 3684 1942 suis
3718 1913 3731 1944 :
3768 1887 3863 1944 de-

2212 1976 2346 2032 inde
2377 1975 2609 2042 mulier,
2633 1976 2802 2047 cujus
2834 1993 2948 2030 non
2981 1978 3122 2030 sunt
3142 1975 3378 2048 quidem
3405 1976 3580 2032 verba
3607 1975 3859 2050 digesta,

2212 2067 2311 2122 sed
2345 2065 2568 2121 dictum
2599 2069 2691 2121 est
2730 2064 3080 2137 generaliter
3109 2065 3264 2137 quod
3312 2065 3581 2124 confessa
3621 2065 3700 2122 sit
3745 2067 3861 2123 Do-

2212 2153 2394 2221 mino,
2425 2157 2482 2210 et
2510 2153 2703 2210 locuta
2745 2153 2815 2208 de
2861 2171 2928 2210 eo
2977 2153 3250 2209 omnibus
3298 2155 3394 2223 qui
3443 2155 3864 2226 exspectabant

2212 2244 2670 2316 redemptionem
2703 2243 2899 2299 Israel.
2931 2243 3001 2298 Et
3023 2243 3187 2314 juste
3217 2245 3424 2299 sancta
3453 2241 3666 2299 mulier
3693 2244 3866 2316 spiri-

2212 2337 2338 2389 tum
2371 2333 2758 2406 prophetandi
2789 2331 3000 2388 meruit
3021 2332 3300 2404 accipere,
3323 2332 3463 2404 quia
3484 2332 3662 2404 longe
3689 2333 3868 2390 casti-

2210 2425 2328 2477 tate
2358 2420 2666 2494 longisque
2689 2419 2933 2491 jejuniis
2965 2420 3037 2474 ad
3085 2418 3195 2475 hoc
3232 2417 3466 2474 culmen
3498 2420 3866 2476 ascenderat.

2211 2509 2433 2579 Videte,
2466 2509 2766 2578 mulieres,
2789 2507 3194 2564 testimonium
3225 2511 3428 2576 Annae,
3462 2512 3518 2564 et
3547 2509 3868 2572 imitamini

2213 2598 2382 2666 illud,
2415 2599 2464 2654 si
2497 2599 2730 2670 quando
2771 2598 2936 2654 vobis
2987 2597 3240 2655 evenerit
3287 2602 3354 2652 ut
3399 2597 3656 2670 perdatis
3684 2598 3867 2654 viros.

2213 2687 2586 2744 Considerate
2615 2687 2756 2760 quid
2787 2689 2859 2743 de
2891 2703 2960 2743 ea
2988 2686 3277 2759 scriptum
3309 2687 3387 2743 sit
3410 2703 3424 2743 :
3447 2690 3668 2758 Septem
3696 2689 3870 2744 annis

2211 2781 2358 2835 vixit
2394 2797 2432 2834 a
2477 2780 2796 2850 virginitate
2849 2794 2953 2834 sua
2998 2795 3126 2834 cum
3181 2779 3300 2833 viro
3353 2793 3469 2847 suo,
3501 2781 3560 2833 et
3617 2775 3869 2848 reliqua,

2209 2877 2495 2941 propterea
2518 2867 2806 2940 praphetes
2834 2869 2972 2941 fuit.
2997 2867 3196 2938 Neque
3217 2867 3371 2922 enim
3401 2870 3468 2922 ut
3493 2865 3640 2922 libet
3668 2869 3726 2922 et
3762 2865 3873 2924 for-

2212 2957 2360 3013 tuito
2381 2957 2636 3030 Spiritus
2660 2962 2900 3013 sanctus
2921 2956 3208 3012 habitavit
3233 2955 3294 3012 in
3320 2972 3407 3012 ea.
3429 2955 3658 3012 Bonum
3689 2960 3792 3016 est
3819 2959 3874 3014 et

2213 3047 2493 3119 primum,
2519 3046 2567 3102 si
2598 3063 2716 3118 qua
2745 3049 2936 3118 potest
2975 3045 3328 3117 virginitatis
3375 3043 3624 3118 gratiam
3674 3045 3870 3116 possi-

2213 3135 2366 3192 dere.
2396 3136 2458 3192 Si
2485 3138 2679 3191 autem
2711 3135 2821 3191 hoc
2851 3151 2966 3190 non
2999 3133 3272 3207 potuerit,
3295 3135 3398 3190 sed
3429 3132 3685 3190 evenerit
3709 3133 3771 3190 ei
3807 3138 3872 3191 ut

2213 3225 2418 3296 perdat
2444 3224 2659 3291 virum,
2681 3224 2857 3280 vidua
2894 3226 3239 3296 perseveret.
3263 3223 3425 3290 Quod
3471 3222 3708 3294 quidem
3747 3238 3868 3281 non

2211 3313 2402 3370 solum
2445 3317 2576 3384 post
2623 3316 2869 3368 mortem
2900 3311 3030 3378 viri,
3059 3313 3163 3368 sed
3203 3311 3380 3368 etiam
3429 3327 3565 3368 cum
3595 3309 3692 3367 ille
3721 3311 3869 3368 vivit

2211 3401 2628 3464 debet,habere
2656 3401 2715 3457 in
2747 3401 2964 3467 animo,
2997 3405 3064 3456 ut
3093 3400 3326 3457 etiamsi
3363 3417 3479 3456 non
3508 3399 3737 3456 venerit
3767 3417 3869 3456 vo-

2209 3489 2411 3546 luntas
2441 3491 2629 3562 ipsius
2659 3494 2715 3546 et
2746 3490 3132 3563 propositum,
3165 3507 3200 3546 a
3242 3489 3490 3546 Domino
3521 3493 3869 3554 coronetur,

2209 3583 2268 3636 et
2298 3579 2490 3635 dicat:
2515 3579 2633 3634 Hoc
2661 3595 2836 3635 voveo
2869 3585 3042 3652 atque
3073 3579 3372 3652 promitto,
3393 3578 3440 3633 si
3471 3576 3617 3633 mihi
3649 3576 3870 3634 huma-

2210 3683 2353 3724 num
2385 3667 2603 3739 aliquid
2638 3668 2793 3739 quod
2838 3684 2954 3723 non
2987 3671 3124 3740 opto
3155 3665 3487 3740 contigerit,
3519 3663 3667 3723 nihil
3698 3665 3868 3721 aliud

2208 3756 2416 3813 faciam
2451 3773 2630 3829 quam
2660 3755 3121 3812 incontaminata
3147 3755 3440 3827 viduaque
3470 3769 3869 3827 perseverem.

2207 3847 2376 3902 Nunc
2405 3861 2538 3902 vero
2569 3850 2628 3901 et
2652 3845 2922 3901 secundae
2951 3849 3008 3901 et
3037 3844 3219 3902 tertias
3249 3849 3308 3901 et
3355 3848 3574 3916 quartae
3617 3843 3868 3916 nuptiae,

2209 3939 2276 3992 ut
2310 3933 2683 4006 depluribus
2718 3937 2965 4000 taceam,
2989 3933 3448 4006 reperiuntur,et
3480 3949 3593 3988 non
3623 3931 3874 4004 ignora—

2208 4040 2344 4079 mus
2374 4023 2530 4094 quod
2559 4021 2675 4078 tale
2707 4021 3048 4094 conjugium
3076 4022 3188 4094 (48)
3221 4021 3414 4092 ejiciet
3441 4037 3548 4077 nos
3576 4020 3650 4076 de
3675 4035 3869 4093 regno

2208 4111 2331 4169 Dei.
2363 4111 2526 4168 Sicut
2555 4111 2712 4166 enim
2757 4110 2830 4166 ab
2860 4109 3272 4168 ecclesiasticis
3320 4109 3713 4184 dignitatibus
3747 4125 3871 4166 non

401 4289 412 4297 _
514 4203 560 4238 ‘9
588 4205 793 4262 Matth.
824 4225 974 4274 xxvr,
1007 4209 1097 4264 31.
1173 4210 1216 4245 ⁵ο
1247 4210 1392 4264 Ibid.
1427 4211 1515 4265 39.
1593 4211 1632 4245 ⁵¹
1669 4209 1822 4267 Psal.
1857 4228 2011 4280 xxxx,
2043 4212 2098 4266 5.
2174 4211 2219 4245 ⁶²
2249 4210 2360 4266 Isa.
2390 4225 2540 4279 XLIV,
2569 4211 2659 4263 22.

521 4301 634 4382 (ρἹ)
659 4304 780 4382 _H_oc
810 4321 1042 4382 quoque
1057 4323 1248 4382 supra
1279 4311 1545 4382 notatum
1579 4314 1668 4362 est
1699 4307 1865 4382 nobis
1897 4309 1968 4364 ad
2003 4309 2103 4364 ho-

453 4371 618 4449 milia
649 4374 715 4429 14
745 4371 1302 4449 εοόζῐιᾱοιιὶεθὶιθω,
1339 4379 1433 4434 ubi
1463 4383 1702 4435 Marem
1734 4380 1945 4435 Christi
1975 4396 2100 4436 ma-

453 4447 628 4522 trem,
649 4450 851 4522 utpote
873 4447 1191 4522 hominem,
1213 4452 1554 4520 purgatione
1577 4451 1901 4522 indiguisse
1922 4470 1956 4506 a
1979 4469 2104 4521 pec-

450 4520 580 4592 cato
607 4517 811 4592 sensit,
845 4520 1120 4592 refragari
1175 4517 1336 4576 hanc
1374 4517 1720 4577 sententiam
1770 4517 2100 4578 orthodoxae

447 4587 718 4665 Ecclesiae
750 4587 1084 4665 consensui,
1111 4593 1554 4665 Tridentiniquc
1575 4594 1812 4665 concilii
1847 4597 2099 4662 decreto,

443 4665 585 4716 sect.
618 4662 674 4724 6,
705 4677 832 4716 can.
866 4663 955 4731 25,
991 4680 1105 4734 quo
1146 4665 1208 4718 B.
1242 4665 1414 4731 Virgo
1464 4662 1692 4720 nullum
1745 4683 2005 4734 unquam
2040 4666 2097 4720 in

446 4743 509 4786 se
543 4738 845 4806 peccatum
871 4735 938 4789 ad
951 4735 1182 4806 misisse
1211 4738 1439 4806 speciali
1469 4737 1565 4790 Dei
1593 4738 1883 4806 privilegio
1914 4737 2100 4794 decla-

448 4805 923 4878 ratur.ldipsum
949 4805 1041 4861 hic
1066 4805 1404 4875 reponimus
1425 4805 1918 4878 Adamantio,qui
1944 4826 2098 4864 scan-

441 4873 578 4944 dali,
627 4873 996 4947 inﬁdelitatis,
1039 4873 1524 4948 ambiguitatisque
1572 4897 1701 4934 reas
1750 4873 1941 4946 notas,
1974 4880 2096 4936 cul-

447 4961 702 5017 pamque
760 4948 1145 5005 sanctissimis
1205 4949 1302 5005 Dei
1367 4951 1531 5004 Matri
1599 4952 1773 5005 audiit
1840 4951 2091 5008 inurere.

441 5017 817 5091 Quanquam,
870 5024 933 5074 ut
981 5037 1052 5074 ne
1103 5022 1242 5091 quid
1297 5021 1690 5088 dissimulem,
1738 5022 1876 5082 scio.
1911 5029 1969 5078 et
2019 5022 2090 5079 cl.

440 5085 690 5169 Duelius
722 5085 905 5161 notat,
930 5091 1081 5169 hanc
1110 5085 1298 5169 ipsam
1327 5093 1594 5169 Origenis
1621 5085 1972 5169 sententiam
1999 5100 2091 5169 to-

442 5159 624 5241 tidem
661 5159 1086 5241 propemodum
1110 5159 1299 5241 verbis
1341 5168 1398 5220 in
1429 5159 1732 5241 epistolam
1777 5183 1945 5241 suam
1989 5167 2092 5241 317

441 5230 715 5308 retulisse
747 5230 1360 5308 magnumBasilium,
1386 5230 1484 5308 qui
1515 5237 1690 5305 gladii
1719 5238 1953 5294 nomine
1984 5238 2091 5294 llu-

437 5303 792 5377 ctuationem
839 5307 1154 5377 quamdam
1205 5303 1448 5364 indicai-i
1484 5303 1817 5364 aSimeone
1866 5309 2088 5376 scribit,

439 5373 764 5451 divisugim
798 5373 1084 5451 infparles
1132 5381 1326 5436 Maria»
1369 5380 1649 5445 animam,
1686 5384 1934 5434 mortem
1988 5373 2086 5451 pa;

437 5445 616 5522 tiente
640 5447 818 5522 ‘Filio,
844 5445 1016 5519 juxta
1045 5453 1309 5522 ejusdem
1345 5452 1646 5507 oraculum
1675 5470 1686 5505 :
1715 5452 1906 5505 Omnes
1937 5445 2090 5506 scan-

437 5516 916 5594 (laliz-qbiminiﬁin
950 5516 1359 5594 me."Alioquin
1395 5526 1464 5578 ad
1499 5528 1762 5578 sancta-In
1796 5524 2083 5591 Virginem

439 5589 655 5666 inbutis
684 5590 897 5666 Christi
949 5595 1200 5649 fructum
1241 5589 1368 5648 -nnn
1420 5596 1598 5651 fuisse
1649 5589 2082 5666 perventurum.

435 5661 612 5716 Addit
644 5661 1337 5737 laudattls_Abrinccnsis
1385 5661 1694 5737 episcopus
1726 5668 1921 5722 'l‘ilum
1973 5671 2083 5722 Bo-

435 5737 721 5804 strenum,
773 5735 1268 5809 Amphilochium,
1312 5735 1456 5794 orat.
1491 5739 1543 5809 3,
1576 5735 1658 5795 De
1703 5755 1928 5795 occursu
1977 5739 2081 5797 Do-

2209 4308 2372 4375 mini,
2395 4307 2874 4378 Chrysostomum
2906 4308 2966 4378 in
2991 4307 3134 4378 psal.
3158 4323 3282 4376 xm,
3305 4305 3580 4378 Cyrillum
3608 4307 3670 4378 in
3697 4308 3878 4372 Joan-

2209 4396 2355 4450 nem,
2387 4377 2648 4450 aliosque
2678 4377 3011 4444 nonnullos,
3032 4377 3130 4450 qui
3172 4377 3462 4434 Simeonis
3493 4377 3874 4450 prophetiam

2212 4449 2413 4506 eodem
2445 4449 2739 4521 explicant
2764 4466 2939 4506 sensu
2967 4449 3236 4521 :tametsi
3271 4455 3398 4520 post
3427 4449 3874 4521 dubitationem

2212 4521 2412 4578 statim
2447 4519 2643 4595 animo
2676 4522 3080 4595 conﬁrmatam
3101 4519 3342 4577 Mariam
3371 4521 3571 4588 luisse,
3593 4519 3880 4595 plerique

2211 4611 2414 4648 omnes
2447 4592 2689 4648 minime
2723 4593 3107 4648 dil‘fiteantur.

2280 4665 2392 4738 (48)
2424 4665 2558 4738 Haec
2587 4680 2819 4738 quoque
2849 4667 3071 4738 absona
3099 4662 3369 4738 Ecclesiae
3385 4661 3694 4738 dogmatis
3720 4679 3877 4721 sen-

2208 4735 2388 4793 tentia
2420 4741 2508 4809 est
2530 4735 2854 4809 de'iteralis
2877 4735 3120 4809 nuptiis,
3146 4736 3300 4808 quod
3321 4735 3562 4809 ejiciant
3584 4735 3656 4790 de
3677 4751 3876 4809 regno

2207 4809 2330 4864 Dei.
2361 4813 2428 4863 Et
2455 4807 2590 4863 licet
2620 4807 2792 4878 paulo
2826 4805 3289 4879 post'summam
3329 4805 3698 4879 severitatem
3733 4805 3877 4878 ipse

2207 4885 2491 4952 temperet
2520 4878 2925 4952 AdamantiUS,
2962 4885 3028 4952 et
3065 4879 3384 4934 metuentis
3431 4878 3628 4950 potius
3672 4895 3874 4950 quam

2206 4951 2522 5022 asserentis
2554 4951 2726 5006 modo
2759 4951 3095 5022 pronuntiet
3117 4967 3139 5022 :7
3160 4967 3296 5022 cum
3327 4957 3521 5022 tamen
3552 4965 3652 5005 eas
3682 4952 3877 5022 quasi

2205 5023 2298 5092 pio
2331 5020 3323 5096 et_Christiano'homipeindignas
3361 5021 3650 5090 traducat,
3679 5020 3875 5078 nolit-

2205 5109 2317 5164 que
2347 5094 2648 5162 digamum
2679 5109 2791 5149 esse
2827 5093 2892 5150 de
2921 5093 3262 5160 Ecclesia,'et
3289 5095 3356 5150 de
3385 5109 3448 5148 eo
3475 5108 3732 5160 numero,
3767 5097 3878 5164 qui

2203 5181 2313 5220 non
2344 5165 2504 5220 habet
2546 5181 2743 5233 rugam
2784 5171 2883 5220 aut
2928 5167 3225 5234 maculam,
3257 5170 3314 5220 et
3361 5164 3565 5220 merito
3611 5164 3877 5234 vapulat

2203 5235 2724 5309 abdecclcsiasticis
2767 5237 3176 5309 scriptoribus,
3209 5236 3616 5309 praecipueque
3657 5235 3876 5294 Theo-

2200 5306 2380 5380 philo,
2406 5313 2472 5380 et
2504 5309 2798 5380 notionem
2831 5306 3097 5380 Ecclesiae
3127 5306 3642 5380 pessime'videtur
3689 5324 3878 5380 noce-

2200 5379 2374 5448 pisse.
2403 5379 2613 5436 Notum
2648 5379 3221 5436 Montanistarum’et
3249 5380 3706 5435 Novatianorum
3746 5379 3876 5436 hu-

2191 5451 2454 5520 jusmodi
2474 5451 2684 5523 placita
2701 5451 3154 5508 orthodoxorum
3178 5451 3568 5522 anathematis
3586 5451 3873 5523 conﬁxa;

2198 5539 2303 5596 nec
2333 5521 2527 5596 tamen
2561 5523 2928 5596 difﬁtendum
2963 5524 3228 5596 Origenis
3257 5521 3706 5596 tevosecuudas
3747 5539 3875 5579 nu-

2194 5595 2346 5666 ptias
2373 5595 2607 5669 licuisse
2639 5593 2896 5664 quidem,
2929 5596 3045 5669 sed,
3061 5593 3331 5669 aliquam
3363 5600 3558 5669 tamen
3590 5594 3874 5669 inconti-

2194 5665 2401 5742 nentis:
2433 5666 2684 5742 speciem
2729 5683 2844 5736 prie
2873 5683 2935 5724 se
2965 5665 3193 5738 tulisse,
3221 5673 3277 5726 et
3322 5665 3672 5742 paenitentia:
3733 5666 3878 5726 im-

2193 5739 2477 5810 positione
2512 5741 2763 5794 notatas.
3324 5739 3343 5742 “
3469 5739 3474 5742 ⁷
3527 5751 3536 5759 ·
