4058 6190
288 380 403 449 πυτ

682 376 1186 441 TRANSLATIO
1231 374 1737 439 HOMILIARUM
1782 374 2153 439 ORlGENIS
2197 377 2275 439 IN
2322 376 2615 441 LUCAM.
2650 378 3026 442 —HOMIL.
3073 377 3292 444 XVIII.

3580 380 3700 447 3118

289 515 481 577 solum
526 509 854 583 furnicatio,
887 511 987 566 sed
1027 515 1084 568 et
1129 510 1347 584 nuptiae
1395 510 1702 583 repellunt,
1753 528 1941 585 neque
1966 508 2022 576 Α
2051 528 2252 585 puero,
2294 509 2395 583 qui
2444 510 2694 570 necdum
2752 510 3059 571 duodecim
3106 526 3292 569 annos
3341 510 3706 587 impleverat,

291 605 446 663 enim
478 603 810 677 cpiscopus,
843 617 950 657 nec
996 602 1317 675 presbyter,
1349 619 1454 658 nec
1503 601 1804 674 diaconus,
1839 620 1944 659 nec

288 696 468 752 vidua
496 696 743 765 possunt
760 706 890 747 esse
920 690 1138 763 digami
1175 708 1189 746 :
1222 691 1305 746 sic
1333 691 1574 747 forsitan
1605 697 1663 748 et
1691 692 1762 748 de
1792 696 1942 748 ccetu

291 784 724 860 primitivorum
784 780 1418 853 immaculatorumque
1470 781 1757 848 Ecclesiae,
1815 798 1942 854 quae

289 890 404 930 non
432 871 617 928 habet
646 867 962 939 maculam,
999 886 1187 941 neque
1219 886 1448 942 rugam,
1483 870 1750 941 ejicietur
1778 871 1941 943 diga-

291 979 426 1027 mus
460 978 474 1017 :
509 978 627 1018 non
673 976 789 1034 quo
837 960 897 1015 in
931 962 1214 1015 mternum
1266 959 1536 1016 mittatur
1582 960 1942 1030 incendium,

289 1052 389 1112 sed
420 1067 543 1124 quo
571 1055 791 1122 partem
826 1065 940 1105 non
972 1048 1187 1104 habeat
1226 1048 1285 1103 in
1318 1064 1495 1121 regno
1526 1050 1649 1107 Dei.
1683 1048 1940 1118 Memini,

291 1158 433 1201 cum
462 1139 876 1211 interpretarer
930 1137 1101 1204 illud,
1139 1139 1294 1210 quod
1327 1139 1401 1194 ad
1440 1139 1773 1199 Corinthios
1805 1140 1944 1195 scri-

290 1229 458 1287 bitur
488 1246 502 1285 :
537 1229 784 1286 Ecclesia:
813 1228 934 1293 Dei,
968 1244 1088 1300 quae
1124 1235 1207 1284 est
1231 1228 1504 1295 Corinthi,
1536 1245 1661 1284 cum
1689 1229 1944 1286 omnibus

288 1322 390 1393 aui
417 1319 676 1376 invocant
700 1333 822 1374 eum
852 1319 917 1388 ⁵³,
952 1317 1171 1374 dixisse
1201 1335 1297 1373 me
1327 1318 1722 1375 diversitatem
1750 1317 1944 1375 Eccle-

288 1409 408 1474 sia,
442 1412 503 1465 et
547 1424 749 1464 eorum
796 1406 894 1478 qui
943 1407 1220 1463 invocant
1266 1424 1480 1463 nomen
1519 1407 1765 1464 Domini.
1801 1408 1942 1465 Puto

288 1497 445 1557 enim
478 1512 923 1568 monogamum,
949 1501 1009 1552 et
1035 1496 1342 1569 virginem,
1367 1501 1425 1552 et
1453 1513 1586 1553 cum
1617 1496 1719 1568 qui
1754 1497 1811 1553 in
1844 1513 1941 1553 ca-

290 1586 573 1646 stimonia
626 1590 975 1658 perseverat,
1009 1602 1137 1642 esse
1189 1586 1259 1642 de
1315 1586 1569 1642 Ecclesia
1616 1586 1718 1643 Dei
1760 1602 1941 1642 :cum

289 1693 425 1734 vero
454 1676 557 1748 qui
588 1674 667 1731 sit
716 1675 1008 1746 digamus,
1042 1674 1176 1731 licet
1207 1675 1420 1730 bonam
1466 1675 1678 1732 habeat
1706 1691 1941 1731 conver-

292 1765 607 1829 sationem,
638 1767 696 1819 et
725 1764 947 1819 caeteris
990 1764 1303 1820 virtutibus
1334 1763 1564 1836 polleat,
1595 1768 1794 1820 tamen
1824 1779 1941 1819 non

290 1870 421 1911 esse
452 1854 525 1909 de
556 1852 814 1909 Ecclesia
851 1856 909 1953 et
939 1852 1009 1907 de
1035 1868 1101 1909 eo
1133 1870 1399 1953 numero,
1429 1854 1533 1953 qui
1580 1870 1696 1908 non
1724 1853 1944 1953 habent
1973 1886 2021 1953 Β

291 1959 501 2017 rugam
532 1946 638 1999 aut
679 1941 993 2013 maculam,
1029 1945 1131 1997 aut
1161 1942 1382 2014 aliquid
1426 1942 1763 1998 istiusmodi
1793 1961 1807 2012 ;
1838 1942 1941 1999 sed

289 2048 422 2090 esse
471 2032 544 2087 de
590 2032 849 2087 secundo
899 2031 1105 2104 gradu,
1156 2035 1215 2087 et
1261 2032 1332 2087 de
1379 2031 1472 2088 his
1522 2032 1625 2104 qui
1672 2033 1945 2089 invocant

288 2138 506 2179 nomen
536 2121 790 2191 Domini,
814 2125 872 2176 et
902 2121 1003 2192 qui
1035 2120 1335 2177 salvantur
1355 2122 1592 2193 quidem
1613 2122 1674 2177 in
1706 2123 1942 2179 nomine

286 2210 433 2267 Jesu
463 2209 700 2276 Christi,
734 2226 1106 2282 nequaquam
1137 2214 1331 2266 tamen
1360 2215 1720 2267 coronantur
1748 2212 1820 2267 ab
1852 2228 1938 2269 eo.

286 2299 398 2357 Qui
428 2303 521 2355 est
548 2298 728 2373 gloria
773 2304 831 2355 et
858 2299 1169 2371 imperium
1218 2304 1280 2355 in
1310 2299 1524 2357 saecula
1575 2300 1940 2358 saeculorum.

285 2390 512 2447 Amen.

720 2497 949 2553 θυι-4
987 2496 1287 2552 HOMILIA
1325 2496 1522 2553 XVIII.

287 2588 374 2645 De
400 2601 463 2643 eo
499 2585 646 2657 quod
669 2587 937 2658 scriptum
964 2590 1045 2642 est
1074 2605 1094 2640 :
1126 2609 1154 2637 ‹‹
1189 2587 1334 2657 Puer
1370 2594 1553 2642 autem
1597 2587 1865 2643 crescebat
1891 2594 1945 2642 et

364 2658 804 2729 confortabatur,
839 2680 868 2708 »
919 2675 1089 2729 usque
1132 2659 1204 2713 ad
1250 2674 1377 2714 eum
1427 2659 1632 2728 locum,
1665 2659 1762 2714 ubi
1811 2659 1895 2713 ait
1922 2676 1941 2712 :

373 2750 403 2780 α
433 2730 517 2787 An
544 2746 617 2786 ne
645 2730 895 2786 sciebatis
930 2731 1062 2803 quia
1092 2730 1149 2785 in
1197 2731 1281 2785 his
1310 2745 1430 2805 quae
1460 2733 1651 2797 Patris
1678 2731 1792 2788 mei
1820 2733 1948 2785 sunt

365 2807 576 2873 oportet
598 2818 688 2877 me
716 2817 829 2858 esse
852 2805 877 2855 ?
908 2823 936 2851 ››
966 2807 1099 2874 Cap.
1135 2819 1197 2856 II.

366 2925 550 2984 Natus
578 2930 670 2982 est
705 2925 990 2983 Dominus
1036 2943 1203 2983 meus
1230 2926 1425 2993 Jesus,
1457 2929 1514 2982 et
1556 2927 1948 2982 ascenderunt

288 3019 570 3089 parentes
614 3016 745 3087 ejus
792 3016 850 3070 in
894 3014 1342 3089 Jerosolymam,
1376 3020 1443 3071 ut
1490 3015 1848 3088 complerent
1876 3032 1946 3072 ea

292 3119 428 3177 qua
454 3104 689 3161 fuerant
730 3103 791 3159 in
845 3104 966 3175 lege
998 3109 1302 3177 praecepta,
1336 3110 1393 3161 et
1438 3105 1714 3160 offerrent
1742 3122 1846 3177 pro
1878 3120 1945 3160 eo

288 3207 404 3265 per
429 3196 751 3259 turturum,
784 3198 841 3249 et
870 3194 1018 3249 duos
1048 3192 1240 3266 pullos
1270 3193 1698 3249 columbarum.
1732 3193 1943 3249 Tenuit

2054 601 2212 659 dicta
2240 605 2399 658 sunt.
2433 602 2576 659 Cum
2607 605 2803 658 autem
2858 600 3175 659 duodecim
3207 606 3363 659 esset
3390 618 3705 673 annorum,

2053 696 2316 748 remanet
2360 690 2421 746 in
2461 689 2813 747 Jerusalem.
2853 690 3129 747 Parentes
3173 691 3303 763 ejus
3347 690 3703 765 ignorantes,

2054 785 2325 852 quaerunt
2354 796 2489 836 eum
2522 779 2788 852 sollicite,
2816 784 2875 838 et
2923 796 3036 837 non
3068 779 3393 837 inveniunt.
3427 781 3705 846 Quaerunt

2054 870 2206 927 inter
2233 870 2463 936 afﬁnes,
2494 873 2764 941 quaerunt
2806 869 2867 925 in
2916 868 3221 940 comitatu,
3256 872 3526 942 quaerunt
3553 868 3707 926 inter

2053 964 2242 1028 notos,
2275 963 2332 1015 et
2360 958 2421 1013 in
2461 957 2556 1014 his
2586 958 2866 1014 omnibus
2921 975 3037 1015 non
3068 958 3385 1031 reperiunt.
3418 955 3709 1025 Quaritur

2053 1064 2189 1122 ergo
2219 1048 2393 1105 Jesus
2424 1064 2457 1103 a
2489 1045 2831 1119 parentibus
2853 1047 2978 1103 suis
3009 1062 3144 1103 cum
3176 1050 3363 1119 patre,
3389 1045 3491 1118 qui
3522 1044 3710 1102 nutri-

2054 1137 2171 1195 tius
2201 1141 2258 1195 et
2286 1153 2482 1192 comes
2509 1136 2697 1192 fuerat
2715 1136 3027 1209 ‘Egyptum
3057 1134 3468 1192 descendentis
3498 1151 3513 1192 :
3541 1138 3600 1190 et
3618 1137 3707 1191 ta-

2053 1242 2188 1283 men
2220 1244 2337 1283 non
2369 1225 2567 1282 statim
2619 1229 2684 1282 ut
2714 1225 3013 1298 quaeritur,
3046 1224 3360 1283 invenitur.
3392 1225 3518 1281 Non
3545 1223 3707 1283 enim

2051 1316 2204 1373 inter
2223 1319 2500 1388 cognatos
2523 1319 2579 1371 et
2595 1315 2788 1371 carnis
2811 1313 3172 1388 propinquos
3194 1312 3490 1371 invenitur
3507 1313 3704 1379 Jesus,

2053 1422 2168 1461 non
2200 1405 2259 1461 in
2291 1405 2383 1461 his
2415 1402 2514 1476 qui
2545 1402 2921 1476 corporaliter
3044 1404 3098 1460 ei
3224 1401 3422 1473 juncti
3448 1406 3609 1461 sunt.
3637 1405 3704 1460 In

2051 1494 2374 1552 multorum
2397 1493 2678 1550 comitatu
2705 1493 2874 1550 Jesus
2897 1510 3063 1551 meus
3086 1509 3202 1550 non
3220 1496 3410 1564 potest
3433 1490 3703 1547 inveniri.

2052 1586 2220 1643 Disce
2251 1583 2352 1641 ubi
2383 1599 2516 1640 eum
2554 1587 2883 1656 quaerentes
2912 1581 3223 1656 reperiant,
3257 1584 3324 1637 ut
3352 1585 3410 1638 et
3440 1586 3503 1638 tu
3537 1596 3703 1653 que-

2050 1692 2185 1731 rens
2213 1690 2348 1730 cum
2390 1671 2609 1745 Joseph
2639 1672 2933 1743 Mariaque
2963 1671 3245 1745 reperias.
3278 1674 3344 1730 Et
3372 1677 3702 1743 quarentes,

2050 1763 2263 1836 inquit,
2299 1765 2627 1819 invenerunt
2656 1763 2820 1818 illum
2857 1763 2919 1818 in
2951 1761 3169 1835 templo.
3202 1761 3330 1818 Non
3362 1759 3701 1833 ubicunque

2050 1852 2111 1911 in
2143 1852 2255 1910 alio
2284 1852 2432 1924 loco,
2464 1851 2566 1908 sed
2596 1851 2655 1907 in
2703 1850 2943 1922 templo.
2975 1850 3175 1924 Neque
3203 1851 3263 1906 in
3293 1848 3512 1923 templo
3558 1848 3702 1906 sim-

2051 1941 2299 2015 pliciter,
2333 1941 2435 1999 sed
2475 1939 2535 1996 in
2568 1940 2760 1998 medio
2799 1940 3123 2007 doctorum,
3157 1938 3493 1997 audientem
3526 1941 3583 1994 et
3610 1935 3702 1993 in-

2051 2033 2445 2104 terrogantem
2477 2046 2597 2086 eos.
2631 2033 2698 2085 Et
2725 2032 2785 2084 tu
2819 2043 2955 2100 ergo
2999 2044 3194 2100 quare
3223 2028 3428 2083 Jesum
3457 2025 3517 2081 in
3550 2030 3698 2082 tem-

2051 2121 2147 2194 plo
2179 2120 2300 2188 Dei,
2333 2134 2527 2191 quaere
2569 2118 2630 2172 in
2660 2116 2916 2174 Ecclesia
2947 2134 2961 2174 :
2994 2131 3190 2189 quaere
3219 2132 3353 2172 eum
3385 2113 3539 2187 apud
3574 2129 3698 2171 ma-

2052 2209 2286 2282 gistros,
2318 2209 2420 2281 qui
2449 2208 2510 2263 in
2542 2206 2760 2279 templo
2785 2214 2944 2278 sunt,
2975 2209 3033 2263 et
3076 2222 3194 2261 non
3223 2202 3605 2278 egrediuntur
3631 2218 3703 2259 ex

2052 2315 2139 2356 eo.
2172 2299 2230 2354 Si
2259 2298 2417 2354 enim
2465 2297 2548 2354 ita
2598 2296 2918 2369 quaesieris,
2953 2295 3213 2352 invenies
3258 2310 3413 2351 eum.
3444 2292 3620 2349 Porro
3649 2290 3701 2348 si

2053 2387 2347 2462 quispiam
2377 2386 2520 2444 dicit
2564 2403 2627 2443 se
2674 2385 3026 2459 magistrum
3068 2400 3219 2455 esse,
3252 2387 3309 2442 et
3353 2383 3554 2440 Jesum
3585 2396 3701 2439 non

2052 2477 2248 2548 habet,
2281 2476 2393 2533 iste
2440 2476 2681 2532 nomine
2729 2480 2959 2532 tantum
3011 2472 3292 2546 magister
3337 2474 3445 2544 est,
3477 2475 3534 2528 et
3571 2468 3703 2537 ideo

2052 2568 2209 2640 apud
2239 2582 2373 2623 eum
2405 2582 2518 2621 non
2542 2569 2734 2638 potest
2758 2563 3005 2621 inveniri
3032 2563 3205 2621 Jesus
3236 2562 3492 2617 Verbum
3514 2559 3618 2616 Dei
3648 2561 3706 2615 et

2053 2656 2359 2729 sapientia.
2393 2657 2647 2711 Iuventus
2692 2662 2794 2721 est,
2824 2652 3036 2725 inquit,
3068 2654 3128 2707 in
3174 2651 3355 2708 medio
3402 2650 3703 2723 doctorum.

2052 2745 2352 2811 Quomodo
2382 2743 2442 2799 in
2465 2742 2577 2800 alio
2605 2744 2731 2800 loco
2757 2744 2829 2798 de
2860 2741 3160 2814 prOphetis
3180 2740 3466 2811 scriptum
3488 2742 3597 2805 est,
3619 2737 3706 2794 sic

2052 2839 2111 2893 et
2136 2850 2292 2890 nunc
2322 2831 2579 2905 intellige
2610 2833 2670 2888 in
2704 2831 2894 2887 medio
2944 2832 3272 2887 doctorum.
3304 2828 3384 2899 Si,
3416 2826 3610 2897 inquit
3637 2826 3701 2897 ⁸⁵,

2053 2924 2222 2981 alteri
2251 2923 2549 2980 revelatum
2567 2923 2741 2993 fuerit
2766 2921 3003 2990 sedenti,
3032 2920 3251 2990 primus
3280 2924 3469 2974 taceat.
3496 2919 3560 2969 In
3590 2929 3704 2968 me-

2054 3013 2150 3069 dio
2180 3013 2487 3068 doctorum
2509 3010 2811 3066 sedentem
2841 3008 3149 3065 inveniunt
3178 3022 3314 3063 eum
3338 3021 3350 3061 :
3379 3008 3438 3060 et
3467 3019 3583 3059 non
3615 3018 3704 3057 so-

2054 3101 2178 3158 lum
2198 3101 2518 3169 sedentem,
2537 3100 2637 3154 sed
2660 3102 2718 3154 et
2744 3096 3139 3153 sciscitantem
3161 3099 3219 3151 et
3231 3093 3565 3151 audientem
3582 3107 3703 3147 eos.

2054 3194 2123 3246 Et
2151 3205 2308 3245 nunc
2339 3204 2591 3260 praesens
2623 3191 2714 3242 est
2736 3186 2932 3253 Jesus,
2953 3183 3277 3255 interrogat
3304 3197 3434 3251 nos,
3458 3184 3516 3238 et
3544 3176 3708 3235 audit

289 3258 429 3340 eum
458 3282 717 3339 brachiis
738 3258 866 3339 suis
893 3258 1145 3349 Simeon,
1170 3286 1235 3339 ut
1264 3283 1488 3340 dudum
1513 3283 1732 3339 lectum
1764 3286 1871 3352 est,
1891 3287 1947 3338 et
1976 3258 2018 3325 C
2055 3258 2382 3350 loquentes.
2416 3278 2478 3331 Et
2505 3275 2876 3343 mirabantur,
2901 3272 3115 3344 inquit,
3135 3286 3339 3327 omnes.
3375 3269 3564 3342 Super
3593 3282 3707 3338 quo

295 3371 673 3445 prophetavit
721 3373 793 3429 de
846 3388 916 3427 eo
948 3388 1072 3443 quae
1122 3378 1324 3429 narrat
1360 3372 1610 3429 historia
1643 3389 1655 3429 :
1691 3377 1749 3427 et
1788 3376 1948 3444 post-

294 3476 480 3533 quam
510 3461 710 3516 omnia
752 3460 811 3515 in
845 3477 1005 3517 more
1054 3462 1342 3533 completa
1387 3466 1548 3534 sunt,
1583 3464 1954 3517 revertuntur

296 3554 576 3622 parentes
628 3566 745 3623 quo
788 3549 959 3606 Jesus
1006 3553 1147 3606 tunc
1197 3551 1309 3623 (49)
1365 3551 1573 3623 agebat
1605 3567 1618 3604 :
1651 3555 1709 3605 et
1754 3554 1951 3607 tamen

296 3639 571 3695 crescebat
612 3644 666 3695 et
713 3641 1131 3710 confortabatur
1167 3642 1440 3711 sapientia
1488 3648 1539 3695 et
1580 3642 1781 3711 gratia.
1815 3639 1955 3695 Nec-

301 3726 452 3784 dum
482 3729 872 3801 quadraginta
901 3730 1027 3784 dies
1050 3730 1417 3802 purgationis
1446 3728 1803 3800 impleverat,
1827 3744 1957 3784 nec-

300 3815 447 3873 dum
486 3817 767 3874 Nazareth
816 3822 1070 3884 venerat,
1102 3823 1161 3874 et
1200 3819 1325 3889 jam
1376 3822 1559 3875 totam
1609 3817 1957 3890 sapientiam

300 3905 682 3977 respiciebat.
724 3906 917 3963 Potuit
961 3909 1263 3979 Scriptura
1311 3906 1525 3973 dicere,
1559 3907 1854 3963 crescebat
1903 3908 1960 3961 et

298 3993 762 4065 confortabatur,
787 4000 842 4052 et
871 3996 1192 4069 accipiebat
1222 3996 1495 4069 spiritum
1529 4014 1542 4065 ;
1577 3997 1677 4050 sed
1701 3994 1803 4066 qui
1832 4007 1967 4053 eve.“

300 4087 582 4145 Cuaverat
629 4101 692 4140 se
731 4086 978 4141 formam
1025 4087 1177 4142 servi
1228 4085 1520 4157 accipiens
1550 4086 1615 4152 δι,
1649 4084 1848 4140 statim
1895 4087 1961 4140 ut

302 4189 410 4247 pro
443 4173 831 4232 mundatione
859 4176 976 4247 (50)
1004 4176 1134 4246 ejus
1166 4175 1521 4231 sacriﬁcium
1554 4174 1818 4231 oblatum
1848 4176 1957 4241 est,

302 4260 363 4331 id
385 4261 547 4334 quod
568 4263 985 4329 vacuefecerat,
1008 4263 1350 4335 adimplevit
1374 4280 1389 4319 :
1418 4281 1532 4320 non
1565 4263 1722 4336 quod
1748 4279 1960 4334 corpus

303 4351 435 4422 ejus
464 4350 624 4409 illico
656 4353 850 4423 majus
879 4352 1057 4409 fuerit
1104 4353 1411 4421 effectum;
1446 4354 1546 4409 sed
1579 4353 1735 4424 quod
1766 4368 1959 4408 sacra-

305 4438 427 4498 tius
458 4440 764 4514 quippiam
797 4442 1255 4511 demonstratur,
1303 4442 1602 4513 Scriptura
1632 4441 1913 4497 referente
1944 4458 1958 4496 :

305 4533 458 4588 Puer
484 4538 674 4587 autem
718 4532 986 4588 crescebat
1018 4544 1070 4587 et
1096 4532 1525 4603 confortabatur,
1556 4540 1609 4587 et
1651 4531 1963 4599 replebatur

2059 3366 2430 3425 mirabantur
2444 3366 2472 3420 ?
2493 3365 2616 3420 Non
2641 3379 2817 3435 super
2835 3359 3392 3434 interrogationibus
3413 3358 3561 3428 ejus,
3578 3355 3711 3411 licet

2061 3461 2118 3512 et
2145 3456 2284 3527 ipsae
2319 3453 2615 3510 mirabiles
2645 3458 2833 3520 erant,
2865 3454 2965 3507 sed
3022 3466 3200 3523 super
3229 3446 3709 3521 responsionibus

2062 3547 2210 3617 ejus.
2232 3543 2403 3601 Aliud
2435 3547 2523 3600 est
2551 3543 2706 3599 enim
2739 3542 3118 3613 interrogare,
3146 3538 3307 3596 aliud
3337 3535 3709 3610 respondere.

2064 3634 2467 3707 Interrogabat
2491 3633 2825 3704 magistros,
2849 3633 2906 3686 et
2935 3630 3074 3702 quia
3093 3627 3447 3701 respondere
3475 3641 3592 3681 non
3614 3640 3713 3697 po-

2064 3727 2273 3789 terant,
2307 3723 2432 3795 ipse
2462 3721 2577 3787 his,
2609 3721 2681 3776 de
2710 3718 2926 3793 quibus
2955 3718 3432 3791 interrogaverat,
3466 3727 3713 3785 respon-

2065 3812 2257 3870 debat.
2290 3811 2454 3875 Quod
2504 3813 2700 3865 autem
2743 3807 3046 3881 responsio
3078 3824 3193 3863 non
3240 3802 3714 3861 vicissitudinem

2066 3900 2518 3967 sermocinandi,
2551 3899 2653 3956 sed
2684 3898 3014 3955 doctrinam
3052 3896 3112 3953 in
3145 3893 3464 3967 Scripturis
3492 3890 3713 3948 sanctis

2067 3994 2255 4059 sonet,
2308 3990 2400 4059 lex
2441 3988 2640 4045 divina
2690 3992 2745 4044 te
2792 3987 3014 4043 doceat.
3066 3985 3295 4057 Moyses
3341 3982 3713 4053 loquebatur,

2067 4085 2221 4138 Deus
2250 4083 2447 4137 autem
2469 4077 2860 4151 respondebat
2889 4075 2939 4131 ei
2970 4091 3126 4131 voce.
3148 4070 3467 4143 Responsio
3498 4067 3600 4124 illa
3623 4082 3715 4124 eo-

2068 4186 2201 4226 rum
2232 4172 2376 4239 erat,
2409 4184 2587 4240 super
2616 4166 2833 4238 quibus
2861 4164 3232 4237 ignorantem
3254 4165 3486 4232 Moysen
3517 4155 3714 4213 Domi-

2068 4276 2181 4316 nus
2212 4257 2561 4315 instruebat.
2595 4254 2895 4310 Interdum
2944 4252 3261 4323 interrogat
3305 4249 3504 4315 Jesus,
3535 4245 3716 4303 inter-

2070 4349 2210 4404 dum
2262 4346 2594 4418 respondet,
2626 4342 2777 4400 sicut
2818 4358 3001 4413 supra
3048 4339 3327 4396 diximus.
3370 4339 3718 4409 Quanquam

2070 4434 2361 4494 mirabilis
2391 4435 2520 4505 ejus
2550 4429 2931 4503 interrogatio
2963 4429 3063 4495 sit,
3093 4433 3292 4485 tamen
3324 4425 3510 4482 multo
3539 4423 3719 4481 mira-

2070 4525 2243 4581 bilior
2266 4527 2357 4579 est
2373 4521 2697 4595 responsio.
2714 4520 2787 4577 Ut
2804 4518 2989 4591 igitur
3008 4522 3067 4574 et
3095 4535 3202 4574 nos
3227 4517 3541 4574 audiamus
3556 4529 3718 4581 eum,

306 4600 1393 4692 sapientiaouaeramussicubialibide
1408 4620 1650 4691 parvulo
1675 4620 1960 4691 scriptum
1994 4631 2041 4697 ι)
2070 4619 2128 4670 et
2158 4615 2444 4686 prOponat
2471 4609 2641 4667 nobis
2672 4608 3047 4681 quastiones,
3078 4623 3227 4678 quas
3250 4608 3385 4697 ipse
3415 4600 3717 4697 disscljlﬁt.

307 4706 409 4775 Iit,
437 4710 711 4765 crescebat
739 4714 794 4765 et
820 4711 1270 4781 confortabatur,
1295 4714 1357 4764 ut
1387 4725 1457 4764 ex
1484 4707 1790 4763 collatione
1820 4705 1965 4762 mul-

310 4798 510 4865 torum
535 4796 675 4868 quid
691 4796 827 4870 plus
840 4798 898 4853 in
915 4798 1161 4854 Domino
1175 4801 1373 4854 nostro
1386 4794 1965 4867 dicatur,intelligere

310 4882 638 4941 valeamus.
658 4891 737 4943 De
755 4887 1010 4944 Joanne:
1034 4888 1180 4943 Puer
1199 4891 1381 4942 autem
1399 4885 1666 4941 crescebat
1688 4892 1737 4939 et
1752 4886 1965 4955 confor-

312 4973 571 5030 tabatur:
585 4980 642 5030 et
662 4981 859 5030 tamen
882 4993 997 5031 non
1020 4975 1651 5047 additur,etreplebatur
1665 4975 1964 5045 sapientia,

312 5063 418 5120 led
466 5065 879 5136 eoufortabatur
921 5066 1144 5137 spiritu.
1196 5065 1299 5120 Hic
1353 5081 1487 5120 vero
1536 5064 1608 5119 de
1659 5062 1900 5118 Domino
1950 5078 1964 5117 :

310 5152 619 5227 Crescebat,
654 5152 866 5226 inquit,
904 5161 957 5211 et
986 5154 1426 5225 con/artabatur,
1457 5162 1510 5209 et
1536 5153 1853 5224 replebatur
1882 5166 1968 5205 sa-

309 5241 557 5315 pientia.
590 5246 643 5299 et
669 5243 853 5316 gratia
879 5244 979 5300 Dei
1005 5251 1123 5299 erat
1140 5259 1303 5314 super
1329 5258 1476 5299 eum.
1510 5246 1641 5298 Haec
1671 5241 1870 5298 omnia
1899 5240 1969 5297 de

387 5375 434 5411 ⁸³
461 5375 486 5433 I
516 5381 642 5435 Cor.
678 5394 726 5446 ι,
752 5378 808 5432 2.
865 5378 911 5412 ⁸⁸
939 5375 1191 5453 Philipp.
1226 5393 1287 5444 ιι,
1317 5378 1374 5432 7.
1432 5376 1476 5411 ⁸⁵
1503 5376 1523 5431 I
1554 5376 1681 5432 Cor.
1729 5391 1848 5446 XIV,
1878 5373 1968 5428 30.

391 5509 505 5582 (49)
534 5509 1165 5583 Rescripsimustunc,
1200 5526 1303 5582 pro
1352 5527 1467 5582 quo
1498 5526 1645 5583 nunc
1671 5507 1975 5583 legebatur

315 5581 704 5654 antea,idque
729 5581 916 5654 genus
947 5581 1381 5654 aliainterdum
1410 5581 1569 5638 taciti
1592 5581 1970 5654 castigamus.

316 5652 443 5727 Hec
462 5650 932 5727 vero'contextus
954 5652 1127 5727 paulo
1145 5653 1353 5727 adhuc
1381 5654 1610 5727 videtur
1632 5650 1969 5727 impeditus.

391 5724 508 5799 (50)
543 5723 751 5784 Recole
800 5742 926 5798 quae
954 5722 1236 5799 superius
1288 5726 1362 5782 ad
1409 5723 1611 5783 homil.
1648 5723 1716 5778 14
1744 5722 1853 5778 hac
1904 5723 1976 5777 de

2071 4704 2445 4760 Obsecremus
2495 4699 2682 4765 illum,
2711 4702 2769 4753 et
2814 4714 2948 4754 cum
2976 4697 3174 4752 labore
3203 4692 3384 4750 nimio
3437 4697 3495 4748 et
3520 4688 3720 4747 dolore

2073 4793 2501 4865 quaeramus,et
2517 4793 2656 4846 tunc
2685 4787 3009 4860 poterimus
3030 4784 3290 4840 invenire
3313 4797 3489 4853 quem
3509 4775 3720 4852 queri-

2076 4898 2230 4937 mus.
2262 4881 2389 4936 Nun
2419 4879 2577 4935 enim
2619 4878 2835 4933 frustra
2860 4874 3149 4955 scriptum
3182 4876 3271 4928 est
3301 4888 3315 4926 :
3347 4872 3457 4940 Ego
3484 4872 3535 4925 et
3561 4871 3723 4940 pater

2076 4975 2198 5026 tuus
2226 4971 2465 5026 dolentes
2495 4967 2874 5040 quaerebamus
2902 4972 2984 5020 te:
3007 4964 3231 5034 oportet
3255 4960 3413 5016 enim
3443 4957 3542 5031 qui
3565 4973 3723 5030 qua-

2078 5060 2155 5116 rit
2170 5061 2200 5115 J
2209 5076 2398 5130 esum,
2415 5074 2531 5114 non
2553 5056 2934 5129 negligenter,
2954 5068 3070 5107 non
3084 5049 3385 5114 dissolute,
3400 5064 3518 5105 non
3536 5051 3726 5102 trans-

2078 5149 2248 5207 itorie
2296 5163 2577 5221 quaerere,
2621 5144 2773 5200 sicut
2818 5143 3087 5214 quaerunt
3140 5137 3427 5209 nonnulli,
3483 5142 3540 5194 et
3595 5135 3731 5215 ideo

2080 5236 2341 5294 invenire
2370 5251 2487 5291 non
2517 5235 2785 5306 possunt.
2816 5230 2935 5288 Nos
2973 5232 3167 5287 autem
3198 5227 3467 5285 dicamus
3492 5243 3506 5284 :
3527 5225 3728 5284 Dolen-

2082 5504 2429 5578 purgatione
2454 5517 2527 5578 ex
2556 5499 2824 5578 Qrigenis
2856 5515 3030 5578 sensu
3072 5496 3353 5578 diximus,
3386 5494 3623 5578 quibus,
3655 5493 3730 5550 ad

2170 5541 2184 5559 ι
2238 5541 2429 5560 unum
2458 5541 2527 5558 να
2558 5541 2650 5557 νυ
2697 5541 2824 5556 νων
2856 5541 3030 5557 ...μων
3073 5541 3330 5555 .............
3432 5541 3602 5552 -.-η
3656 5541 3730 5550 ν-

2085 5541 3731 5656 inligandamblaspheiniaasuspicionem,add’el‘praaclaizam

2085 5666 2155 5705 ex
2184 5637 2567 5719 subsequenti
2596 5637 3132 5719 ejusdemliomilia
3162 5637 3512 5719 sententiam
3540 5654 3556 5695 :
3594 5637 3729 5696 Ani-

2086 5738 2178 5777 ma
2206 5723 2331 5778 Iesu
2359 5713 2643 5791 numquam
2668 5717 2879 5791 peccati
2904 5714 3061 5772 sorde
3086 5713 3362 5770 maculata
3388 5718 3488 5768 est.
