4058 6190
303 372 429 440 979.

1559 374 1623 436 s.
1672 371 1980 438 nossem
2025 324 2469 438 sinuosam

3599 367 3720 455 gae

303 515 386 571 tu
413 507 716 583 quaerimus
737 513 806 567 te.
828 506 898 565 Et
928 523 1062 565 cum
1083 506 1191 566 hoc
1223 506 1562 578 dixerimus,
1588 509 1659 567 ad
1689 507 1958 568 laboran-
1986 510 2042 576 Α
2072 506 2479 582 compleretur.
2505 469 2673 566 Ibant
2700 506 2898 583 itaque
2928 511 3196 583 parentes
3217 507 3365 581 ejus,
3383 507 3551 580 juxta
3579 523 3717 565 con-

306 605 424 657 tem
455 598 716 656 animam
769 602 1056 666 nostram,
1088 603 1144 656 et
1174 616 1304 656 cum
1338 598 1535 656 dolore
1575 605 1954 673 quaerentem,

307 687 686 762 respondebit
713 692 772 745 et
802 689 952 744 dicet
985 705 996 745 :
1034 690 1264 745 Nescitis
1303 692 1439 763 quia
1467 691 1527 746 in
1559 690 1645 746 his
1675 708 1800 764 quae
1827 696 1960 748 sunt

306 780 496 837 Patris
522 780 638 835 mei
664 794 751 834 me
780 783 988 848 oportet
1009 795 1122 835 esse
1143 783 1168 834 .9
1196 780 1300 836 Ubi
1337 785 1478 836 sunt
1509 781 1762 837 ἣξει-θῐὶοἱ
1792 781 1959 854 impii

310 873 488 940 atque
532 867 750 938 vesani,
787 869 885 941 qui
936 874 1210 924 asserunt
1258 886 1371 946 non
1405 885 1534 926 esse
1584 871 1768 926 Patris
1820 871 1960 928 Jesu

309 955 526 1014 Christi
557 957 744 1031 legem
775 963 834 1014 et
864 957 1177 1031 prophetas
1197 959 1224 1013 ?
1253 958 1417 1016 Certe
1440 960 1613 1016 Jesus
1649 960 1708 1016 in
1739 960 1959 1033 templo

309 1049 452 1118 erat,
487 1048 641 1120 quod
677 1065 710 1102 a
741 1046 1053 1104 Salomone
1083 1053 1487 1104 constructum
1519 1053 1661 1117 erat,
1696 1056 1751 1104 et
1781 1050 1961 1106 conii-

308 1139 465 1191 tetur
483 1135 770 1209 templum
795 1134 939 1211 illud
961 1136 1147 1192 Patris
1176 1137 1265 1193 sui
1299 1154 1448 1205 esse,
1475 1154 1649 1211 quem
1684 1139 1852 1195 nobis
1874 1157 1961 1195 re-

309 1224 539 1294 velavit,
574 1226 742 1297 cujus
803 1223 1011 1280 Filium
1061 1243 1189 1282 esse
1241 1242 1303 1282 se
1355 1227 1518 1282 dixit.
1555 1229 1965 1301 Respondeant

310 1315 605 1387 quomodo
631 1314 778 1370 alter
796 1314 1009 1381 bonus,
1034 1319 1091 1370 et
1121 1314 1268 1371 alter
1299 1316 1375 1372 sit
1397 1318 1598 1388 justus
1629 1318 1966 1384 Deus.Quia

307 1403 488 1479 igitur
533 1403 796 1460 Salvator
845 1403 1138 1460 Creatoris
1180 1409 1273 1460 est
1305 1404 1506 1474 Filius,
1541 1405 1600 1460 in
1653 1423 1964 1462 commune

309 1497 544 1550 Patrem
597 1485 1306 1569 Filiumquelaudemus,
1343 1494 1513 1567 cujus
1561 1494 1671 1558 lex.
1709 1497 1879 1568 cujus
1909 1500 1966 1552 et

309 1581 596 1655 templum
627 1586 734 1639 est.
766 1582 868 1637 Cui
901 1587 989 1638 est
1018 1581 1204 1654 gloria
1233 1587 1290 1639 et
1318 1583 1629 1656 imperium
1661 1585 1720 1640 in
1753 1584 1965 1642 secula

312 1669 683 1729 uasculorum.
718 1673 923 1730 Amen.

755 1779 904 1838 805
916 1780 993 1836 -θ
1033 1778 1338 1837 HOMILIA
1376 1780 1516 1837 XIX.

2068 601 2465 670 suetudinem,
2493 600 2552 656 in
2584 599 2905 658 Jerusalem
2938 600 3010 657 ad
3042 600 3361 657 solemnem
3392 597 3545 654 diem
3576 602 3720 675 Pas-

2068 688 2207 748 chaa.
2241 693 2305 748 Et
2331 709 2456 748 cum
2482 695 2658 764 factus
2686 691 2890 765 fuisset
2943 707 3218 748 annorum
3245 689 3550 747 duodecim.
3584 687 3725 744 Dili-

2071 783 2274 851 genter
2324 779 2584 847 observa,
2619 780 2759 852 quia
2811 779 3153 852 priusquam
3199 778 3508 834 duodecim
3564 783 3721 833 esset

2068 884 2377 937 annorum,
2401 869 2690 941 sapientia
2712 869 2807 924 Dei
2832 874 2889 924 et
2910 869 3151 940 caeteris,
3172 885 3297 940 quae
3320 868 3391 923 de
3414 883 3480 924 eo
3502 867 3722 939 scripta

2069 957 2808 1030 sunt,complebatur.Cum
2832 961 3061 1031 ergo,ut
3119 956 3718 1026 diximus,duodecim

2070 1050 2223 1102 esset
2248 1063 2534 1102 annorum
2555 1050 2610 1102 et
2618 1048 2790 1118 juxta
2811 1062 3031 1102 morem
3055 1045 3179 1101 dies
3211 1044 3602 1100 solemnitatis
3623 1060 3720 1099 ex-

2072 1134 2212 1210 pleti
2245 1140 2460 1207 essent,
2494 1139 2551 1191 et
2601 1141 3026 1192 reverterentur
3053 1139 3323 1207 parentes
3369 1150 3500 1189 cum
3532 1132 3722 1188 infan-

2071 1225 2196 1281 tulo
2228 1225 2392 1296 Jesu,
2421 1225 2702 1281 remansit
2733 1241 2877 1296 puer
2906 1224 2965 1279 in
3010 1223 3357 1291 Jerusalem,
3390 1228 3447 1279 et
3497 1223 3722 1278 nescie-

2072 1315 2215 1371 bant
2235 1318 2503 1387 parentes
2523 1315 2670 1386 ejus.
2695 1315 2764 1370 Et
2784 1313 2880 1370 hic
2901 1312 3213 1389 sublimius
3238 1313 3516 1385 quiddam
3542 1329 3720 1384 quam

2071 1404 2334 1460 humana
2361 1407 2570 1459 natura
2601 1404 2844 1476 patitur,
2865 1401 3156 1478 intellige.
3404 1402 3530 1459 Non
3562 1401 3721 1458 enim

2074 1492 2419 1566 simpliciter
2466 1493 2767 1561 remansit,
2811 1497 2867 1562 et
2916 1496 3186 1563 parentes
3233 1492 3362 1563 ejus
3419 1491 3519 1547 ubi
3569 1496 3723 1548 esset

2073 1582 2460 1656 ignorabant;
2523 1583 2624 1640 sed
2675 1583 2966 1652 quomodo
3013 1582 3072 1636 in
3119 1581 3365 1638 Joannis
3411 1579 3721 1654 Evangelia

2072 1673 2358 1744 scriptum
2388 1675 2478 1728 est
2507 1673 2570 1744 ⁸⁷,
2605 1670 3334 1745 quoniaminsidiabantur
3355 1670 3405 1726 ei
3434 1669 3641 1738 Judaei,
3666 1675 3724 1725 et

2073 1759 2309 1834 elapsus
2339 1764 2428 1817 est
2457 1761 2528 1817 de
2559 1761 2750 1816 medio
2790 1777 3015 1829 eorum,
3045 1765 3103 1816 et
3137 1777 3252 1816 non
3283 1759 3556 1833 apparuit
3588 1776 3602 1815 :
3637 1759 3722 1814 sic

312 1867 388 1926 De
416 1883 476 1926 eo
498 1868 660 1949 quod
686 1871 951 1949 scriptum
980 1873 1064 1925 est
1091 1887 1110 1924 :
1144 1892 1172 1949 <5
1208 1871 1358 1949 Puer
1398 1871 1899 1949 autem_c_rescebat_
1914 1875 1966 1928 et
1993 1881 2041 1949 Β
2077 1856 2135 1907 et
2163 1867 2319 1949 Πυξιο
2348 1855 2489 1949 Ριξῖο
2520 1849 2874 1949 Γθ-ῖξιθιοεῖεεθ
2904 1865 3150 1949 Pii-31:11!“
3197 1850 3254 1905 ίῑι
3283 1847 3631 1949 δθτιξξαῙθΓορ
3664 1852 3725 1905 οι

381 1941 818 2013 confortabatur,
845 1963 874 1991 »
904 1957 1071 2013 usque
1099 1942 1168 1996 ad
1187 1957 1311 1996 eum
1341 1943 1520 1997 locum
1543 1943 1638 1998 ubi
1664 1945 1788 2000 ait:
1817 1965 1845 1994 ι(
1868 1943 1959 1998 Se-

380 2013 563 2069 niores
589 2013 650 2068 in
679 2014 878 2084 templo
907 2013 1228 2084 interrogat.
1265 2037 1293 2062 »
1325 2014 1461 2086 Cap.
1495 2031 1556 2069 ιι.

388 2117 536 2184 Quia
554 2117 818 2174 nonnulli
844 2119 943 2191 qui
969 2123 1183 2174 sanctae
1211 2119 1523 2192 Scripturas
1548 2119 1825 2176 videntur
1844 2136 1963 2177 cre-

312 2207 471 2277 dere,
493 2203 658 2279 qua'si
675 2205 736 2262 in
761 2207 1006 2282 gloriam
1034 2207 1452 2280 omnipotentis
1481 2209 1576 2264 Dei
1600 2208 1961 2265 divinitatem

311 2297 630 2353 Salvatoris
651 2300 888 2370 negant,
910 2298 1141 2368 justum
1165 2297 1310 2352 mihi
1333 2297 1582 2366 videtur,
1608 2303 1673 2353 ut
1698 2299 1960 2374 ipsarum

312 2385 748 2461 Scripturarum
781 2386 1128 2461 auctoritate
1177 2387 1494 2442 doceantur
1539 2386 1599 2442 in
1632 2387 1960 2444 humanum

314 2492 526 2548 corpus
557 2475 839 2548 quiddam
861 2476 1091 2532 venisse
1121 2476 1385 2532 divinum
1414 2493 1427 2532 :
1456 2479 1512 2532 et
1541 2493 1656 2532 non
1688 2477 1879 2533 solum
1901 2477 1960 2532 in

315 2564 644 2621 humanum
693 2581 926 2637 corpus,
959 2566 1060 2621 sed
1093 2565 1151 2620 in
1207 2565 1529 2620 humanam
1562 2583 1793 2638 quoque
1837 2566 1962 2622 ani-

316 2670 496 2712 mam.
529 2654 875 2726 Quanquam
905 2654 954 2710 si
985 2654 1294 2728 diligenter
1325 2671 1565 2711 sensum
1600 2655 1963 2712 intendimus

319 2743 778 2817 scripturarum,
795 2743 929 2816 plus
951 2742 1172 2814 aliquid
1191 2743 1388 2799 anima
1410 2743 1510 2799 illa
1538 2744 1766 2818 habuit,
1784 2761 1960 2817 quam

315 2838 532 2891 caetera
565 2833 873 2889 hominum
905 2831 1134 2908 animas.
1169 2832 1371 2888 Omnis
1397 2833 1614 2906 quippe
1646 2833 1842 2889 anima
1863 2833 1964 2889 ho-

312 2923 514 2992 minis,
546 2927 865 2996 antequam
896 2922 967 2978 ad
997 2921 1244 2978 virtutes
1275 2922 1489 2989 veniat,
1511 2923 1666 2978 vitiis
1697 2923 1962 2979 sordida-

310 3017 430 3069 tur.
468 3017 643 3068 Porro
674 3012 872 3087 anima
899 3012 1038 3068 Jesu
1072 3028 1373 3084 nunquam
1398 3011 1618 3084 peccati
1649 3013 1821 3068 sorde
1844 3028 1963 3067 ma-

314 3101 509 3161 culata
555 3089 664 3158 est.
707 3101 1010 3174 Siquidem
1062 3106 1376 3173 antequam
1427 3102 1499 3157 ad
1547 3100 1962 3159 duodecimum

313 3189 502 3244 atatis
533 3189 860 3259 pervenerit
883 3207 1138 3262 annum,
1155 3190 1406 3261 Spiritus
1436 3194 1676 3247 sanctus
1706 3191 1777 3246 de
1806 3207 1872 3246 eo
1903 3190 1962 3244 in

2072 1944 2345 2014 parentes
2376 1940 2504 2012 ejus
2532 1940 2632 1996 ubi
2665 1939 3012 1996 remanserit
3040 1940 3362 2013 ignorasse.
3399 1939 3513 1996 Nec
3544 1938 3723 1994 mire-

2072 2046 2208 2084 mur
2262 2032 2537 2102 parentes
2567 2032 2821 2096 vocatos,
2856 2045 3106 2101 quorum
3161 2027 3308 2084 alter
3337 2027 3410 2084 ob
3457 2032 3720 2101 partum,

2070 2116 2216 2175 alter
2243 2118 2316 2174 ob
2337 2117 2708 2190 obsequium,
2731 2117 2913 2190 patris
2944 2122 3002 2174 et
3024 2117 3227 2174 matris
3259 2121 3600 2192 meruerunt
3622 2133 3720 2172 v0<

2071 2206 2299 2262 cabula.
2353 2206 2630 2279 Sequitur
2675 2225 2689 2262 :
2744 2207 3015 2274 Dolentes,
3066 2205 3277 2278 inquit,
3338 2206 3721 2277 quaerebamus

2069 2298 2123 2352 te
2151 2296 2284 2368 (51).
2316 2295 2444 2351 Non
2485 2298 2627 2368 puto
2678 2312 2775 2352 eos
2807 2295 3024 2350 idcirco
3071 2293 3349 2366 doluisse,
3382 2295 3518 2365 quia
3547 2299 3722 2367 puta-

2072 2391 2202 2442 rent
2232 2401 2460 2441 errasse
2489 2401 2762 2457 puerum,
2793 2383 2881 2440 vel
2911 2383 3156 2456 periisse
3189 2400 3201 2438 :
3235 2400 3340 2440 nec
3370 2387 3597 2456 poterat
3627 2401 3723 2440 ac-

2072 2474 2283 2542 cidere,
2320 2478 2383 2530 ut
2413 2475 2616 2543 Maria,
2644 2491 2773 2546 quae
2822 2473 3045 2530 sciebat
3073 2489 3136 2529 se
3168 2473 3240 2529 de
3269 2472 3490 2546 Spiritu
3524 2476 3725 2530 sancto

2073 2563 2428 2636 concepisse,
2459 2579 2582 2634 quae
2603 2563 2671 2618 'et
2700 2562 2974 2635 angelum
3006 2561 3364 2634 loquentem,
3398 2567 3456 2618 et
3483 2578 3724 2619 curren-

2071 2657 2160 2708 tes
2192 2657 2474 2724 pastores,
2509 2657 2566 2707 et
2593 2651 2925 2708 Simeonem
2959 2651 3222 2707 audierat
3252 2651 3723 2725 prophetantem,

2071 2741 2322 2809 timeret,
2356 2758 2426 2798 ne
2477 2757 2723 2814 puerum
2773 2742 3041 2814 perderet
3090 2741 3478 2797 oberrantem.
3511 2744 3726 2798 Amove

2071 2831 2224 2887 hanc
2264 2830 2598 2903 opinionem
2629 2831 2880 2887 maxime
2911 2831 2983 2886 de
3019 2831 3256 2903 Joseph,
3289 2830 3382 2887 cui
3411 2830 3484 2886 ab
3515 2830 3728 2904 angelo

2071 2924 2425 2992 praeceptum
2456 2919 2663 2991 fuerat,
2693 2925 2758 2975 ut
2804 2919 3032 2976 tolleret
3061 2936 3331 2992 puerum,
3364 2924 3422 2976 et
3449 2919 3510 2975 in
3550 2920 3726 2993 Egy-

2073 3012 2239 3081 ptum
2271 3013 2563 3081 pergeret;
2598 3011 2700 3082 qui
2729 3009 2997 3065 audierat
3029 3026 3042 3064 :
3076 3011 3154 3066 Ne
3179 3012 3372 3067 timeas
3400 3010 3590 3066 tollere
3612 3009 3724 3065 Ma-

2071 3100 2217 3154 riam
2245 3099 2538 3170 eo-njugcm
2565 3107 2743 3164 tuam,
2777 3099 2918 3172 quod
2949 3100 3099 3155 enim
3127 3101 3189 3154 in
3219 3116 3283 3155 ea
3312 3100 3504 3155 natum
3537 3109 3636 3167 est,
3659 3099 3726 3155 de

2074 3187 2286 3259 Spiritu
2311 3191 2501 3244 sancto
2527 3196 2604 3244 est
2625 3188 2689 3243 ⁵⁸.
2714 3193 3028 3260 Nunquam
3048 3187 3170 3244 fieri
3196 3192 3486 3260 poterant,
3511 3192 3575 3244 ut
3595 3204 3725 3260 per-

317 3278 481 3334 Lucas
505 3255 709 3332 scribit
730 3257 1073 3349 Evangelia:
1108 3255 1256 3333 Puer
1275 3288 1458 3333 autem
1477 3281 1741 3334 crescebat
1764 3287 1814 3334 et
1835 3295 1964 3334 con-
1997 3255 2039 3322 (ἶ
2077 3255 2267 3332 άῖιιιω
2290 3276 2629 3332 formidaret
2656 3255 2963 3345 infantem,
2990 3293 3167 3348 quem
3189 3255 3614 3352 divinum'esse-
3637 3293 3728 3333 co-

315 3367 650 3440 fortabatur,
700 3374 754 3422 et
801 3367 1113 3438 rapiebatur
1159 3368 1448 3437 sapientia.
1493 3372 1608 3422 Hoc
1659 3367 1967 3422 hominum

317 3461 531 3514 natura
551 3473 667 3512 non
695 3455 920 3530 recipit,
948 3460 1011 3511 ut
1032 3460 1167 3511 ante
1189 3455 1498 3530 duodecim
1527 3472 1713 3510 annos
1731 3456 1970 3530 sapien-

317 3549 404 3601 tia
424 3543 809 3618 compleatur.
833 3543 1005 3600 Aliud
1025 3548 1116 3600 est
1148 3549 1375 3617 partem
1406 3543 1621 3600 habere
1649 3543 1968 3616 sapientiae,

323 3633 483 3690 aliud
533 3633 822 3705 sapientia
869 3648 997 3688 esse
1027 3632 1403 3706 completum.
1439 3633 1563 3690 Non
1615 3633 1972 3708 ambigimus

326 3737 464 3795 ergo
497 3719 758 3776 divinum
795 3720 1011 3793 aliquid
1036 3720 1093 3795 in
1129 3737 1302 3777 carne
1321 3721 1460 3777 Jesu
1491 3711 1836 3794 apparuisse
1871 3739 1882 3776 :
1918 3725 1976 3778 et

325 3827 443 3867 non
475 3809 666 3866 solum
692 3826 870 3882 super
887 3809 1209 3877 hominem,
1234 3811 1333 3866 sed
1365 3827 1542 3883 super
1570 3828 1805 3868 omnem
1827 3827 1972 3884 quo-

325 3916 440 3972 que
497 3898 840 3975 rationalem
890 3903 1242 3956 creaturam.
1297 3903 1362 3954 Et
1406 3903 1698 3965 crescebat,
1760 3900 1970 3972 inquit.

326 3985 745 4044 Humiliaverat
774 3987 930 4043 enim
979 4005 1063 4053 se,
1095 3990 1344 4044 formam
1377 3989 1522 4044 servi
1572 3987 1884 4062 accipiens,
1916 3991 1974 4044 et

324 4077 528 4134 eadem
558 4076 771 4132 virtute
800 4093 917 4149 qua
948 4094 1010 4133 se
1063 4076 1490 4144 humiliaverat,
1524 4077 1753 4133 crescit.
1787 4082 1977 4150 Appa-

325 4170 522 4222 ruerat
552 4165 862 4221 infirmus:
895 4165 1034 4238 quia
1063 4165 1365 4221 inﬁrmum
1398 4182 1610 4236 corpus
1639 4182 1974 4238 assumpse-

325 4260 437 4320 rat,
472 4259 528 4309 et
576 4254 648 4310 ob
698 4254 755 4309 id
788 4254 1003 4331 iterum
1053 4255 1433 4311 confortatur.
1487 4255 1875 4309 Evacuaverat
1913 4271 1974 4310 se

327 4342 511 4399 Filius
558 4343 657 4399 Dei
684 4343 728 4378 ⁸⁸
762 4358 774 4397 :
809 4347 867 4399 et
894 4347 1200 4416 prepterea
1249 4360 1484 4400 rursum
1534 4343 1859 4416 completur
1888 4361 1976 4400 sa-

326 4431 583 4505 pientia;
616 4436 673 4488 et
701 4431 890 4503 gratia
913 4431 1004 4487 Dei
1034 4437 1158 4487 erat
1187 4449 1363 4504 super
1392 4448 1548 4487 eum.
1585 4433 1708 4490 Non
1741 4432 1974 4505 quando

325 4521 484 4576 venit
507 4522 580 4577 ad
612 4520 1089 4592 adolescentiam,
1121 4538 1234 4576 non
1269 4521 1502 4593 quando
1537 4521 1842 4578 manifeste
1871 4523 1974 4578 do-

2078 3367 2377 3437 gnoverat.
2404 3365 2576 3421 Aliud
2609 3366 2932 3439 quidquam
2963 3365 3130 3422 dolor
3157 3371 3214 3422 et
3243 3367 3487 3438 quaestio
3519 3382 3728 3440 paren-

2079 3458 2230 3521 tum,
2263 3470 2440 3524 quam
2488 3453 2738 3526 simplex
2783 3454 2963 3510 lector
3009 3455 3304 3528 intelligit,
3353 3459 3540 3512 sonat.
3577 3457 3728 3521 Quo-

2081 3542 2254 3598 modo
2280 3542 2436 3597 enim
2468 3546 2555 3608 tu,
2589 3543 2637 3599 si
2692 3544 2926 3616 quando
2956 3544 3288 3616 Scripturas
3317 3544 3481 3617 legis,
3513 3542 3731 3615 quieris

2079 3631 2141 3687 in
2172 3631 2257 3687 eis
2279 3647 2518 3688 sensum
2544 3647 2677 3690 cum
2702 3632 2898 3689 dolore
2920 3633 3176 3706 quodam
3197 3649 3262 3688 ac
3283 3637 3595 3702 tormento,
3610 3647 3730 3688 non

2083 3737 2198 3792 quo
2224 3719 2554 3793 Scripturas
2583 3737 2833 3788 errasse,
2865 3725 2967 3777 aut
3007 3737 3312 3795 perperam
3343 3721 3482 3795 quid
3515 3721 3734 3778 habere

2083 3809 2384 3865 arbitreris
2413 3827 2427 3877 ;
2460 3810 2559 3866 sed
2593 3811 2748 3882 quod
2780 3810 2890 3865 illis
2921 3809 3559 3868 intrinsecus'habeant
3586 3810 3733 3866 veri—

2081 3898 2222 3954 tatis
2247 3914 2575 3954 sermonem
2601 3904 2774 3971 atque
2796 3899 3102 3968 rationem,
3125 3904 3180 3956 et
3208 3904 3270 3954 tu
3295 3915 3547 3972 nequeas
3577 3899 3735 3955 inve-

2084 3987 2210 4042 nire
2239 3988 2394 4060 quod
2427 4005 2629 4044 verum
2653 3993 2776 4057 est;
2808 3987 2890 4044 ita
2919 3993 2976 4044 et
3007 3987 3091 4043 illi
3123 3989 3460 4060 quaerebant
3490 4006 3559 4045 ne
3585 3989 3736 4045 forte

2085 4076 2423 4132 recessisset
2453 4077 2524 4132 ab
2549 4077 2657 4146 eis,
2681 4094 2752 4133 ne
2778 4076 3116 4150 relinquens
3142 4094 3260 4146 eos,
3287 4079 3358 4134 ad
3389 4076 3504 4134 alia
3532 4082 3734 4134 trans-

2085 4165 2414 4236 migrasset,
2447 4171 2503 4220 et
2554 4167 2710 4237 quod
2744 4167 2931 4239 magis
2961 4171 3122 4239 puto,
3157 4167 3268 4238 (52)
3301 4184 3370 4222 ne
3398 4167 3740 4224 revertisset

2084 4253 2156 4309 ad
2189 4254 2383 4326 caelos,
2417 4270 2550 4310 cum
2583 4253 2668 4308 illi
2709 4254 3050 4327 placuisset,
3075 4255 3285 4311 iterum
3317 4257 3732 4312 descensurus.

2086 4341 2356 4398 Dolentes
2387 4359 2522 4416 ergo
2554 4345 2890 4415 quaerebant
2921 4343 3131 4400 Filium
3163 4344 3284 4400 Dei.
3315 4345 3384 4400 Et
3412 4361 3544 4400 cum
3575 4361 3736 4416 quaa-

2085 4437 2296 4501 rerent,
2323 4449 2439 4488 non
2471 4432 2816 4488 invenerunt
2842 4432 2994 4490 inter
3024 4438 3322 4507 cognatos.
3357 4434 3556 4506 Neque
3576 4433 3738 4490 enim

2086 4524 2309 4592 poterat
2331 4521 2587 4579 humana
2605 4521 2871 4594 cognatio
2894 4522 2995 4578 Dei
3024 4521 3233 4578 Filium
3266 4523 3584 4595 continere.
3608 4523 3738 4579 Non

327 4610 527 4676 cebat;
564 4611 664 4666 sed
697 4626 829 4665 cum
863 4608 1057 4665 adhuc
1087 4615 1241 4665 esset
1263 4609 1538 4682 parvulus
1569 4610 1971 4683 habebatgra-
2008 4631 2053 4697 Β
2084 4607 2431 4665 invenerunt
2453 4610 2605 4666 inter
2621 4615 2924 4683 cognatos,
2949 4610 3087 4683 quia
3101 4611 3302 4667 divina
3325 4612 3550 4684 majora
3569 4616 3740 4668 erant

326 4699 471 4755 tiam
501 4699 602 4756 Dei
634 4717 648 4755 :
681 4703 738 4756 et
769 4699 1062 4771 quomodo
1095 4699 1291 4754 omnia
1320 4699 1376 4753 in
1409 4698 1506 4755 illo
1542 4699 1833 4756 mirabilia
1862 4701 1980 4755 fue-

329 4789 480 4857 rant,
514 4785 596 4842 ita
624 4789 681 4842 et
711 4785 962 4858 pueritia
990 4784 1280 4842 mirabilis
1311 4786 1440 4852 fuit,
1470 4792 1534 4842 ut
1561 4786 1663 4842 Dei
1693 4788 1981 4860 sapientia

2090 4698 2298 4755 notitia
2344 4699 2703 4773 scientiaque
2753 4699 3007 4757 mortali.
3056 4699 3164 4757 Ubi
3208 4699 3388 4772 igitur
3435 4701 3741 4757 inveniunt

2089 4803 2223 4844 eum
2244 4788 2272 4844 ?
2305 4791 2368 4845 In
2399 4789 2638 4862 templo.
2677 4788 2759 4844 Ibi
2790 4789 2944 4845 enim
2981 4788 3276 4845 invenitur
3305 4788 3486 4845 Filius
3516 4789 3640 4845 Dei.
3675 4789 3738 4846 Si

398 4900 442 4935 “
471 4899 724 4975 Philipp.
777 4918 839 4968 ιι,
868 4902 925 4955 7.
978 4901 1022 4935 ³⁷
1049 4900 1262 4956 Joann.
1312 4917 1434 4971 vm,
1465 4902 1555 4957 59.
1608 4904 1650 4937 ⁵⁸
1696 4902 1900 4958 Matth.
1934 4921 1974 4970 ι,
2012 4906 2103 4960 20.

399 5014 786 5087 (51)Α8φὴθόᾼφ
817 5016 1011 5087 Grabii
1045 5016 1460 5087 etcombeﬁsii
1498 5034 1510 5071 :
1543 5015 1602 5069 Τί
1645 5013 1701 5070 δὲ
1738 5016 1828 5071 καὶ
1861 5015 1979 5087 ἐζή-

323 5104 450 5138 τουν
481 5083 636 5139 esset
669 5103 683 5152 ;
717 5085 819 5157 ἄρα
863 5085 945 5157 ὅτι
992 5083 1279 5140 ἀπόλωλεν
1315 5087 1342 5140 ὁ
1373 5092 1522 5154 παῖς,
1642 5088 1724 5142 ὅτι
1763 5083 1974 5142 πεπλόἷ-

323 5176 481 5234 νηξαι
517 5176 530 5225 ;
563 5154 802 5234 "Asta-ys.
844 5154 978 5211 Οὔτε
1025 5158 1149 5234 γὰρ⁸
1183 5164 1282 5234 τῆς
1310 5154 1603 5234 κπᾳνσᾷφού
1649 5159 1855 5234 Nuptae
1908 5161 1974 5229 ἦν

321 5221 868 5319 τοξῗοεέῆςιμὺρίαε
894 5221 1049 5319 ,περξ
1091 5221 1273 5319 temp"
1306 5221 1601 5317 δεξαμὲὗης
1651 5221 1796 5293 (ista;
1840 5221 1975 5286 ἆπό-

322 5297 866 5391 ξαλύψειςμζῖξτέτοξ
894 5297 1114 5391 Ἰωὰῆεε.
1149 5297 1303 5387 ςΑλλ’
1343 5297 1522 5386 disits;
1557 5297 1660 5391 ’ἐξὶν
1704 5307 1974 5391 τιςῖζητῇ

325 5368 566 5457 Γραφῆν,
592 5441 604 5457 9
622 5368 984 5457 έλδυγωξέὲνωκς
1035 5368 1199 5457 atri”
1221 5377 1412 5457 Evasi,
1441 5368 1548 5457 οὐχ
1587 5373 1662 5434 ὡς
1692 5368 1973 5457 mutetur}

550 5438 675 5530 068}
705 5443 778 5504 ὡς
809 5438 1182 5530 ’ἐσφιαλμεξνηνή,
1211 5438 1336 5499 ἀλλ’
1386 5440 1460 5530 ἐξ
1495 5438 1724 5518 ἔλουσαν
1756 5446 1850 5530 μέγ
1882 5438 1973 5500 τὸν

326 5511 506 5592 ἄληθῆ
566 5513 655 5592 κᾳὶ
706 5511 958 5592 poenitet:
992 5511 1178 5591 λόγόν,
1218 5519 1384 5587 μήπω
1413 5514 1469 5571 δὲ
1497 5511 1970 5592 τέὲφανερὼμὲνην·

325 5583 510 5662 οὕτωςΔ
558 5583 795 5640 κάκεῖνοι
859 5583 1084 5656 ἐζήτουῦ
1135 5583 1230 5662 ςτὸὺ
1280 5583 1490 5662 ⁷ξίύριον
1545 5583 1708 5659 ἧμῖωί
1767 5583 1972 5657 Ἰησοῦν

324 5658 575 5732 ξριστὸν,
619 5659 819 5732 μήπως
871 5659 1073 5728 ἀπέστη
1124 5657 1214 5732 ἀπ’
1255 5657 1446 5730 αὐτῶν,
1501 5657 1702 5731 μήσὲῑως
1741 5661 1972 5715 κατοιΛέ-

327 5725 515 5784 λὸιπεν
551 5725 764 5793 deinde.
797 5735 911 5789 Cur
957 5725 1278 5804 quaerebant
1303 5725 1472 5787 eum?
1501 5725 1581 5788 an
1631 5748 1700 5791 ne
1722 5733 1975 5804 periisset

2081 5036 2238 5092 puer,
2271 5024 2373 5075 aut
2400 5022 2673 5074 errasset?
2707 5019 2883 5076 Absit.
2919 5021 3101 5092 Neque
3149 5021 3301 5075 enim
3329 5020 3387 5075 id
3414 5023 3742 5078 existimare

2079 5093 2261 5164 potuit
2303 5092 2715 5164 sapientissime
2740 5092 2919 5146 Maria
2949 5107 3075 5162 qua?
3105 5093 3429 5146 innumeras
3457 5094 3530 5148 de
3556 5109 3618 5148 eo
3647 5094 3739 5148 di-

2084 5162 2250 5218 uinas
2270 5170 2554 5234 acceperat
2572 5162 2948 5228 revelationes,
2971 5180 3146 5234 neque
3175 5164 3386 5234 Ioseph.
3405 5166 3522 5220 Sed
3548 5181 3741 5234 quem-

2085 5233 2376 5308 admodum
2415 5236 2469 5288 si
2510 5236 2633 5304 quis
2679 5235 2977 5308 Scripturas
3005 5233 3225 5290 sensum
3275 5233 3578 5308 quaesierit,
3610 5253 3742 5292 cum

2085 5253 2376 5288 aamoaum
2415 5253 2465 5288 si
2510 5253 2633 5304 quis
2679 5253 2977 5360 scripturae
3005 5253 3225 5290 sensum
3275 5253 3578 5308 quaesierit,
3610 5253 3738 5292 cum

2085 5305 2267 5361 dolore
2295 5308 2514 5379 quaerit,
2535 5323 2646 5360 non
2677 5322 2780 5378 quo
2845 5307 3136 5379 Scriptura
3157 5309 3459 5374 erraverit,
3481 5312 3580 5362 aut
3607 5325 3738 5379 per-

2084 5393 2273 5448 peram
2314 5377 2446 5448 quid
2491 5377 2762 5443 habuerit,
2793 5378 2885 5432 sed
2931 5379 3072 5448 quod
3114 5394 3302 5432 verum
3348 5395 3414 5432 ac
3439 5377 3740 5449 mysticum

2083 5465 2306 5503 sensum
2352 5449 2570 5514 habent,
2602 5459 2666 5503 at
2713 5450 2953 5504 nondum
3006 5452 3403 5519 manifestum:
3434 5453 3516 5505 ita
3561 5460 3616 5506 et
3643 5451 3740 5506 illi

2084 5524 2403 5591 quaerebant
2454 5522 2744 5575 Dominum
2788 5530 3034 5575 uestrum
3080 5520 3265 5576 Iesum
3313 5520 3612 5589 Christum,
3662 5539 3739 5579 ne

2083 5595 2220 5662 forte
2250 5594 2554 5648 recessisset
2582 5593 2647 5644 ab
2679 5593 2778 5655 eis,
2811 5597 2864 5648 et
2892 5607 2983 5649 eos
3014 5591 3354 5650 deseruisset.
3388 5593 3628 5652 Russus.

2155 5665 2212 5734 (5
2251 5666 2268 5735 )
2299 5665 2416 5720 Hoc
2432 5680 2563 5720 vero
2596 5668 2681 5718 est
2703 5679 2820 5736 prae
2850 5663 3106 5737 reliquis
3132 5664 3424 5725 absonum
3455 5665 3739 5725 omnibus
