4058 6190
322 427 434 498 381
779 431 1280 498 TRANSLATIO
1325 433 1830 498 HOMILIAHUM
1876 433 2237 498 ORIGENIS
2281 435 2356 498 ΙΝ
2403 433 2695 498 LUCAM.
2727 465 2806 484 --
2847 433 3117 498 HOMIL.
3163 430 3292 496 XX.
3619 427 3736 494 289

779 431 1280 498 TRANSLATIO
1325 433 1830 500 HOMILIAHUM
1876 433 2237 500 ORIGENIS
2281 435 2356 498 ΙΝ
2403 433 2695 499 LUCAM.
2727 465 2806 484 --
2847 433 3117 504 HOMIL.
3163 430 3292 496 XX.

323 566 562 644 quando
593 570 649 625 et
678 570 738 623 tu
772 566 1076 640 quaesieris
1106 565 1318 626 Filium
1349 569 1466 638 Dei,
1492 586 1684 644 quare
1714 569 1972 643 primum
2006 571 2058 640 Α
2084 573 2159 627 tet
2186 585 2271 627 me
2300 585 2432 628 esse.
2462 568 2820 626 Erubescant
2862 583 3068 625 omnes
3109 563 3386 636 haeretici,
3417 566 3518 640 qui
3549 569 3734 624 Evan-

322 657 388 716 in
418 654 662 731 templo,
695 654 834 713 illuc
868 671 1145 730 propera,
1168 657 1248 713 ibi
1295 657 1613 726 Christum,
1645 675 1974 716 sermonem
2086 660 2306 733 gelium
2339 659 2626 733 recipiunt
2665 657 2988 716 secundum
3044 658 3277 723 Lucam,
3309 659 3366 713 et
3413 672 3542 728 quae
3573 654 3632 712 in
3664 671 3731 713 eo

324 753 503 821 atque
533 746 905 820 sapientiam.
929 746 986 803 id
1019 751 1127 812 est,
1153 747 1361 805 Filium
1391 749 1508 816 Dei,
1533 748 1806 822 reperies.
1831 749 1978 814 Quo-

321 836 484 894 niam
517 851 654 892 vero
701 833 984 908 parvulus
1015 841 1160 905 erat,
1191 835 1486 893 invenitur
1513 837 1571 892 in
1605 837 1798 894 medio
1829 855 1972 912 pris-

322 930 656 999 eeptorum,
689 924 1065 980 sanctiﬁcans
1105 930 1162 982 et
1207 927 1483 983 erudiens
1513 925 1630 982 eos.
1665 927 1810 992 Quia
1841 944 1972 1000 par-

320 1014 504 1072 vulus
528 1018 672 1079 erat,
694 1014 990 1069 invenitur
1017 1013 1076 1068 in
1111 1015 1322 1082 medio,
1347 1032 1460 1072 non
1488 1033 1588 1072 eos
1609 1016 1845 1088 docens,
1871 1017 1972 1073 sed

321 1103 719 1176 interrogans,
753 1107 808 1157 et
839 1101 948 1158 hoc
979 1120 1084 1176 pro
1115 1105 1301 1160 aetatis
1332 1105 1544 1172 ofﬁcio,
1578 1111 1643 1162 ut
1672 1123 1777 1162 nos
1809 1107 1974 1162 doce-

320 1197 418 1250 ret
447 1193 586 1266 quid
615 1191 831 1264 pueris,
864 1191 1136 1264 quamvis
1165 1193 1462 1266 sapientes
1501 1199 1558 1250 et
1587 1195 1800 1251 eruditi
1833 1195 1971 1258 sint.

319 1280 677 1348 conveniret,
711 1285 774 1335 ut
801 1280 1043 1337 audiant
1073 1281 1270 1355 potius
1301 1283 1634 1356 magistros,
1670 1300 1844 1356 quam
1877 1285 1973 1340 do-

317 1387 453 1429 cere
473 1369 828 1436 desiderent,
850 1374 907 1426 et
927 1385 988 1426 se
1008 1387 1159 1426 vana
1179 1371 1569 1429 ostentatione
1592 1390 1706 1429 non
1725 1374 1969 1446 jactent.

318 1459 748 1533 Interrogabat,
782 1459 1046 1532 inquam,
1079 1461 1415 1534 magistros,
1460 1478 1573 1518 non
1631 1467 1696 1517 ut
1749 1461 1971 1535 aliquid

319 1549 593 1614 disceret,
616 1548 716 1604 sed
740 1552 805 1604 ut
825 1547 1190 1622 interrogans
1210 1550 1488 1606 erudiret.
1515 1551 1596 1607 Ex
1619 1567 1736 1608 uno
1758 1550 1973 1624 quippe

318 1635 598 1694 doctrinis
630 1637 788 1692 fonte
820 1642 1022 1693 manat
1050 1642 1110 1693 et
1148 1637 1506 1712 interrogare
1536 1644 1594 1696 et
1625 1641 1973 1714 respondere

317 1725 620 1799 sapienter
649 1741 663 1781 :
715 1730 772 1781 et
801 1726 1069 1798 ejusdem
1103 1726 1357 1784 scientiae
1389 1734 1495 1800 est,
1530 1729 1678 1786 scire
1711 1730 1849 1802 quid
1882 1730 1969 1785 in-

317 1820 606 1888 terroges,
628 1815 842 1887 quidve
870 1817 1244 1888 respondeas.
1272 1817 1538 1890 Oportuit
1569 1818 1825 1892 primum
1849 1819 1972 1875 Sal-

315 1909 580 1961 vatorem
603 1904 845 1960 eruditae
870 1903 1340 1978 interrogationis
1368 1908 1716 1982 magistrum
1740 1908 1882 1975 ﬁeri,
1909 1912 1974 1964 ut
2002 1948 2048 2015 Β

317 1997 523 2067 postea
538 1993 1098 2068 interrogationibus
1113 1997 1490 2068 responderet
1498 1997 1522 2068 j
1535 2002 1668 2052 uxta
1685 1998 1964 2053 rationem

316 2084 442 2153 Dei,
474 2088 652 2158 atque
681 2101 1036 2141 sermonem.
1068 2086 1174 2143 Cui
1204 2089 1292 2142 est
1321 2086 1507 2159 gloria
1549 2091 1606 2144 et
1655 2087 1966 2160 imperium

319 2173 382 2230 in
413 2173 628 2232 secula
660 2174 1030 2232 seculorum.
1060 2177 1266 2232 Amen.

752 2282 1043 2338 του-ιθ
1083 2281 1385 2340 HOMILIA
1425 2283 1542 2340 XX.

310 2369 398 2427 De
429 2385 490 2426 eo
517 2370 667 2446 quod
693 2373 956 2446 scriptum
987 2377 1104 2446 est:
1146 2391 1167 2420 ι
1201 2372 1342 2446 Quid
1363 2376 1452 2446 est
1476 2373 1618 2445 quod
1647 2374 1971 2446 quaerebatis

393 2457 486 2496 me
506 2444 532 2494 .9
555 2461 583 2494 ι
619 2443 883 2514 usquead
913 2459 1037 2498 eum
1067 2443 1244 2499 locum
1274 2445 1369 2498 ubi
1396 2443 1518 2499 ait:
1551 2468 1577 2494 ‹‹
1611 2443 1973 2502 conservabat

388 2515 584 2570 Maria
612 2517 792 2568 omnia
820 2516 984 2570 verba
1013 2515 1130 2572 haec
1161 2517 1221 2570 in
1249 2517 1415 2571 corde
1440 2532 1559 2572 suo.
1593 2538 1615 2566 ι
1652 2517 1788 2589 Cap.
1820 2535 1898 2572 ιιι.

387 2620 734 2686 Quaerebam
763 2621 946 2677 Maria
990 2626 1048 2677 et
1076 2621 1293 2694 Josepb
1327 2623 1480 2678 inter
1509 2623 1716 2679 afﬁnes
1744 2624 1971 2693 Jesum,

309 2713 374 2766 et
405 2726 519 2765 non
550 2709 926 2767 inveniebant
958 2727 970 2765 :
1024 2711 1084 2766 in
1140 2711 1450 2784 comitatu,
1485 2717 1541 2768 et
1569 2712 1828 2769 invenire
1860 2731 1974 2769 non

307 2802 601 2870 poterant.
637 2799 1005 2864 Quaesierunt
1033 2799 1094 2855 in
1125 2799 1390 2873 templo;
1447 2801 1546 2858 sed
1582 2802 1735 2874 apud
1789 2802 1975 2876 magi-

313 2891 490 2957 stros,
514 2891 573 2944 et
592 2888 651 2943 in
678 2889 869 2944 medio
899 2894 1320 2962 praceptorum
1353 2889 1654 2946 inveniunt
1675 2909 1831 2948 eum.
1851 2891 1983 2948 Ubi-

309 2990 546 3048 cunque
575 2977 842 3050 magistri
874 2977 1111 3043 fuerint,
1146 2978 1204 3032 in
1245 2977 1438 3033 medio
1460 2979 1874 3052 magistrorum
1898 2980 1982 3035 in-

311 3064 549 3122 venitur
574 3066 747 3122 Jesus
772 3083 784 3122 :
811 3067 860 3122 si
894 3070 1090 3122 tamen
1114 3067 1395 3140 magister
1425 3069 1626 3124 sedeat
1646 3069 1705 3124 in
1741 3069 1981 3142 templov

315 3159 378 3210 et
405 3171 710 3228 nunquam
744 3156 1082 3229 egrediatur
1112 3173 1180 3212 ex
1211 3173 1298 3212 eo.
1334 3157 1562 3213 Profuit
1585 3159 1762 3214 Jesus
1794 3159 1985 3232 magi-

314 3244 458 3301 stris
480 3245 626 3312 suis,
654 3250 713 3300 et
741 3261 839 3301 eos
870 3263 1018 3318 quos
1038 3245 1399 3318 interrogare
1424 3245 1758 3316 videbatur,
1783 3239 1988 3304 docuit

2085 755 2224 806 sunt
2253 750 2473 823 scripta
2525 753 2933 806 contemnunt.
2971 749 3117 815 Haec,
3149 751 3216 803 ut
3243 745 3380 811 dixi,
3413 745 3531 801 sint
3558 745 3731 802 intel-

2082 837 2234 895 lecta
2265 837 2612 912 simplicius.
2646 839 2932 904 Quoniam
2963 854 3096 894 vero
3123 836 3374 892 infertur
3408 852 3421 891 :
3627 835 3735 908 Ipsi

2084 936 2264 984 autem
2293 943 2402 983 non
2429 927 2817 983 intellexerunt
2843 941 3168 992 sermonem,
3193 941 3431 981 sensum
3469 922 3733 996 Scriptu-

2085 1034 2158 1072 raa
2190 1016 2528 1090 diligentius
2550 1015 2916 1084 ventilemus,
2931 1015 2980 1073 si
2999 1020 3164 1072 erant
3184 1013 3348 1072 stulti
3370 1019 3427 1073 et
3453 1012 3732 1086 insipien-

2083 1109 2194 1174 tes,
2219 1110 2283 1161 ut
2311 1106 2602 1162 nescirent
2632 1105 2768 1178 quid
2803 1106 3038 1173 diceret,
3063 1105 3202 1178 quia
3220 1103 3332 1160 hoc
3352 1103 3505 1182 quod
3530 1102 3645 1158 ait:
3671 1101 3733 1156 In

2083 1193 2167 1251 his
2197 1202 2323 1267 qua?
2350 1199 2478 1251 sunt
2506 1197 2692 1251 Patris
2718 1197 2848 1261 mei,
2871 1212 2956 1251 me
2982 1210 3100 1250 esse
3127 1201 3354 1263 oportet,
3381 1191 3735 1261 signiﬁcaret

2082 1283 2139 1340 in
2173 1283 2390 1357 templo
2423 1302 2437 1352 ;
2485 1302 2556 1340 an
2587 1284 2745 1341 aliud
2795 1285 3074 1356 quiddam
3106 1283 3284 1340 altius
3333 1281 3641 1356 signiﬁcet,
3673 1285 3733 1335 et

2083 1373 2236 1445 quod
2252 1373 2440 1446 magis
2451 1374 2694 1430 asdiﬁcet
2706 1371 3452 1445 audientes.Unusquisque
3469 1374 3733 1426 nostrum

2083 1461 2133 1518 si
2165 1462 2353 1518 bonus
2377 1464 2551 1518 fuerit
2571 1468 2748 1536 atque
2769 1463 3080 1536 perfectus,
3103 1461 3394 1536 possessio
3429 1459 3523 1515 Dei
3549 1458 3736 1515 Patris

2083 1555 2191 1616 est,
2214 1555 2270 1606 et
2298 1551 2475 1608 habet
2496 1551 2554 1607 in
2589 1552 2781 1609 medio
2801 1552 2892 1607 sui
2923 1556 3145 1607 Jesum.
3172 1550 3492 1608 Credamus
3513 1547 3729 1622 quippe

2084 1639 2296 1696 dicenti
2329 1656 2344 1696 :
2381 1643 2652 1711 Quoniam
2699 1643 2757 1696 in
2801 1642 2885 1697 his
2930 1656 3054 1714 quae
3082 1648 3210 1696 sunt
3251 1641 3438 1696 Patris
3489 1638 3616 1702 mei,
3647 1653 3734 1692 me

2083 1737 2290 1802 oportet
2316 1746 2449 1786 esse.
2480 1731 2665 1804 Magis
2706 1730 3051 1787 rationabile
3098 1733 3272 1802 atque
3301 1727 3516 1796 vivens,
3550 1729 3608 1782 et
3639 1741 3733 1780 ve-

2082 1835 2213 1874 rum
2264 1819 2549 1892 templum
2582 1820 2683 1876 Dei
2727 1820 2835 1878 hoc
2865 1836 2995 1876 esse
3044 1819 3325 1891 suspicor,
3359 1831 3538 1891 quam
3587 1815 3730 1871 illud

2083 1909 2239 1981 quod
2269 1908 2458 1982 typice
2505 1913 2733 1966 terreno
2779 1926 2950 1982 opere
2999 1912 3399 1964 constructum
3429 1910 3536 1961 est.
3572 1905 3734 1961 Unde

2079 1996 2177 2054 illo
2206 1997 2264 2054 in
2297 1997 2536 2072 templo,
2569 2005 2634 2054 ut
2668 1997 3020 2072 typicefuit,
3057 1997 3136 2053 ita
3167 1996 3406 2053 recessit
3433 1999 3490 2050 et
3520 1993 3728 2067 typice.

2079 2088 2361 2160 Egressus
2391 2093 2479 2144 est
2499 2087 2655 2143 enim
2682 2089 2752 2144 de
2773 2086 2989 2161 templo
3026 2091 3256 2142 terreno
3278 2085 3478 2140 dicens
3499 2083 3570 2138 “z
3599 2086 3731 2139 Ecce

2079 2177 2419 2250 relinquetur
2447 2176 2594 2233 vobis
2622 2176 2814 2232 domus
2845 2182 3020 2232 vestra
3038 2175 3272 2244 deserta,
3305 2178 3362 2230 et
3392 2171 3729 2244 relinquens

1992 2295 1994 2297 -
2079 2265 2321 2321 domum
2351 2264 2513 2321 illam
2539 2265 2700 2322 venit
2723 2266 2792 2321 ad
2824 2265 3254 2337 possessionem
3287 2263 3382 2320 Dei
3416 2261 3638 2329 Patris,
3658 2261 3731 2316 ad

2081 2353 2365 2411 Ecclesiae
2411 2354 2471 2410 in
2519 2358 2640 2411 toto
2687 2355 2825 2411 orbe
2874 2355 3191 2427 dispersas,
3223 2357 3280 2409 et
3325 2351 3469 2408 dicit
3501 2369 3514 2408 :
3549 2355 3616 2408 In
3645 2350 3732 2406 his

2081 2459 2208 2517 quae
2233 2451 2365 2499 sunt
2391 2445 2576 2500 Patris
2604 2445 2733 2515 mei,
2755 2461 2840 2501 me
2860 2450 3070 2517 Oportet
3096 2458 3228 2500 esse.
3262 2443 3426 2500 Tunc
3457 2456 3594 2512 ergo
3617 2455 3732 2496 non

2083 2532 2497 2591 intellexerunt
2533 2535 2796 2601 verbum,
2831 2535 2983 2606 quod
3015 2533 3246 2590 locutus
3274 2536 3364 2589 est
3404 2531 3510 2588 eis.
3545 2529 3732 2586 Simul

2084 2627 2141 2679 et
2185 2621 2330 2678 illud
2381 2623 2684 2689 attendite,
2734 2623 2889 2696 Quod
2939 2623 3199 2694 quandiu
3255 2622 3314 2678 in
3363 2619 3750 2694 possessione

2086 2711 2273 2768 Patris
2304 2711 2392 2767 sui
2428 2711 2538 2767 fuit
2555 2729 2792 2768 sursum
2811 2717 2953 2779 erat,
2973 2713 3116 2785 quia
3145 2712 3395 2768 necdum
3419 2709 3651 2783 plenam
3676 2708 3738 2763 ﬁ-

2087 2802 2219 2857 dem
2236 2801 2446 2872 Josepb
2462 2802 2641 2872 et(54)
2654 2801 2827 2858 Naria
2845 2801 3160 2869 habebant,
3180 2804 3485 2874 propterea
3496 2813 3733 2854 sursum

2089 2907 2222 2946 cum
2253 2905 2320 2946 eo
2353 2905 2587 2946 manere
2618 2907 2730 2946 non
2773 2895 3043 2963 poterant
3073 2906 3088 2946 :
3121 2890 3221 2946 sed
3254 2889 3468 2944 dicitur
3495 2887 3736 2942 descen-

2091 2980 2247 3035 disse
2277 2995 2412 3035 cum
2433 2979 2539 3036 eis.
2563 2981 2771 3034 Crebro
2799 2980 2973 3036 Jesus
2994 2979 3296 3034 descendit
3315 2993 3450 3033 cum
3484 2973 3744 3046 discipu-t

2093 3068 2165 3124 lis
2187 3067 2334 3132 suis,
2368 3084 2470 3124 nec
2500 3085 2734 3141 semper
2754 3071 3019 3124 versatur
3038 3067 3097 3122 in
3129 3071 3350 3134 monte,
3375 3081 3485 3122 nec
3514 3063 3739 3144 absque

2093 3157 2209 3213 ﬁne
2236 3155 2514 3212 sublimia
2559 3161 2734 3213 tenet.
2768 3157 2830 3213 In
2873 3161 3070 3213 monte
3097 3173 3230 3212 cum
3263 3158 3431 3211 Petro
3461 3158 3573 3222 est,
3603 3159 3751 3236 cum:

2094 3246 2330 3317 Jacobo,
2363 3262 2497 3301 cum
2545 3247 2788 3312 Joanne,
2819 3252 2876 3302 et
2924 3261 3159 3302 rursum
3193 3247 3251 3302 in
3301 3244 3413 3301 alio
3443 3243 3570 3300 loco
3601 3257 3739 3298 cum

314 3333 378 3389 in
411 3333 601 3390 medio
632 3350 833 3390 eorum
863 3334 1132 3408 loquens,
1166 3340 1223 3390 et
1254 3336 1696 3409 quodammodo
1729 3337 1980 3394 concita-
2011 3319 2054 3387 C
2093 3334 2314 3390 caeteris
2335 3333 2638 3406 discipulis
2666 3335 2730 3388 ⁸ο.
2759 3335 2932 3390 Porro
2963 3334 3101 3406 quia
3121 3351 3235 3390 non
3258 3332 3529 3389 valebant
3546 3331 3603 3397 hi
3636 3329 3739 3404 qui

315 3423 420 3480 bat
446 3439 544 3479 eos
573 3423 646 3478 ad
693 3424 1028 3495 quaerenda,
1061 3441 1188 3496 quas
1245 3441 1434 3497 usque
1490 3419 1561 3480 ad
1595 3426 1650 3480 id
1704 3427 1985 3504 locorum,

316 3517 519 3568 utrum
553 3511 793 3578 scirent,
825 3529 897 3568 an
941 3513 1297 3586 ignorarent,
1331 3531 1506 3570 nosse
1539 3532 1657 3570 non
1697 3520 1982 3588 poterant.

317 3601 624 3658 Invenitur
651 3601 828 3658 Jesus
849 3599 906 3656 in
941 3600 1132 3658 medio
1154 3602 1599 3676 magistrorum,
1625 3608 1682 3659 et
1712 3605 1987 3661 inventus

317 3689 465 3745 dicit
511 3690 920 3762 quaesitoribus
963 3691 1085 3747 suis
1119 3707 1133 3747 :
1174 3691 1318 3760 Quid
1347 3700 1425 3747 est
1473 3695 1604 3764 quia
1652 3694 1987 3764 quaerebatis

318 3795 408 3835 me
427 3782 454 3832 ἵ
478 3780 804 3836 Nesciebatis
830 3781 958 3852 quia
973 3781 1034 3835 in
1063 3779 1152 3835 his
1181 3795 1307 3854 qua:
1335 3785 1460 3836 sunt
1485 3783 1669 3837 Patris
1688 3785 1800 3839 mei
1826 3799 1985 3854 opor-

321 3874 395 3925 tet
425 3885 511 3924 me
539 3885 658 3925 esse
677 3872 702 3922 ?
730 3869 845 3941 (53)
873 3869 1138 3926 Primum
1162 3870 1508 3942 simpliciter
1538 3871 1870 3928 sentientes
1901 3889 1988 3928 ar-

321 3973 565 4014 memnr
594 3957 867 4016 adversus
898 3959 1112 4030 impios
1144 3959 1470 4024 haereticos,
1505 3959 1606 4032 qui
1638 3960 1846 4016 dicunt
1868 3977 1984 4018 non

320 4061 458 4104 esse
488 4046 853 4104 Conditorem
887 4046 1116 4103 Patrem
1148 4047 1364 4104 Christi
1393 4049 1559 4120 Jesu,
1595 4065 1782 4121 neque
1803 4049 1984 4107 Deum

321 4134 493 4208 legis,
525 4135 626 4192 sed
659 4152 763 4192 nec
794 4135 1243 4209 prophetarum.
1269 4137 1417 4192 Ecce
1452 4139 1635 4204 Pater,
1658 4138 1811 4194 Deus
1843 4143 1987 4193 tem-

321 4223 405 4298 pli
429 4224 734 4281 asseritur.
761 4223 1124 4282 Erubescant
1147 4225 1547 4282 Valentiniani
1571 4227 1872 4284 audientes
1893 4229 1984 4284 Je-

323 4329 458 4370 sum
489 4313 854 4387 inquientem
889 4332 902 4371 :
936 4317 999 4371 In
1030 4315 1114 4370 his
1144 4329 1271 4388 qua
1297 4324 1426 4372 sunt
1454 4317 1644 4372 Patris
1685 4318 1797 4372 mei
1826 4333 1984 4389 opor-

394 4473 442 4510 ”
482 4471 694 4531 Matth.
741 4487 906 4531 xxiii.
940 4473 1010 4529 38
1054 4473 1322 4530 “Matth.
1370 4491 1511 4544 xvu,
1545 4477 1569 4531 1
1602 4493 1614 4543 ;
1668 4493 1867 4546 xxvm,
1893 4478 1980 4534 16.

539 4633 769 4705 Eaedem
801 4634 1030 4690 schedia
1060 4650 1073 4690 :
1106 4634 1366 4688 Ἐνταῦθα
1396 4635 1448 4687 οἱ
1479 4631 1584 4705 ἀπὸ
1625 4633 1980 4705 Οὐαλεντίνου

323 4691 614 4783 duplicatis:
639 4702 724 4783 βτι
761 4708 895 4783 ρεοῦ
919 4705 993 4783 is
1041 4705 1070 4759 ὁ
1098 4705 1243 4783 νμαὸς.
1272 4705 1361 4758 καὶ
1393 4705 1459 4774 ἧν
1510 4703 1561 4783 ἐγ
1599 4703 1758 4774 ἰδίοις
1791 4709 1820 4762 ὁ
1851 4691 1981 4783 Χρι-
2015 4691 2062 4757 D

321 4776 472 4854 ςτὸς,
507 4775 657 4854 omni
708 4772 881 4854 πάλᾳι
915 4772 1002 4830 Stal
1045 4780 1142 4830 τοῦ
1185 4775 1359 4854 νᾴμου
1389 4772 1753 4854 γραφᾳρμξὺρς,
1784 4772 1980 4854 καὶ

321 4844 376 4900 ἔν
429 4851 607 4924 σκιαῖς
653 4847 745 4924 ita}
786 4845 978 4924 τῷτεοις
1030 4844 1452 4924 μορςςρμούιᾷεγρέξΔ
1488 4844 1842 4924 ἀίδξίσθωάαγ
1888 4847 1979 4904 λέ-

321 4937 537 4994 γρξςτες)
569 4916 788 4994 ὅτι-οὐχ
817 4919 853 4994 ὁγ
879 4915 1460 4994 δημιὸυργὶξςέούᾂὲὁ
1500 4921 1630 4994 Θεᾼὸς
1659 4920 1977 4994 τοῦγνόμου,

323 4986 452 5069 ρῤἃ
512 4990 558 5069 ὁ*
589 4986 873 5069 Osee-3:05
931 4986 1096 5069 facit;
1134 4986 1296 5052 ὸῦτός
1357 4989 1494 5069 ἐστεν
1559 4992 1584 5047 ὃ
1639 4986 1980 5069 Πατὴρ’τοῦ

322 5061 584 5137 Χριστοῦ.
618 5061 880 5137 Ηοσῇιοσο
937 5064 1310 5120 Valentiniani
1335 5064 1638 5137 audientes
1683 5066 1780 5121 Dei
1799 5061 1982 5137 fuisse

316 5134 688 5208 templum,“
717 5134 792 5200 in
818 5137 1059 5206 propriis
1103 5137 1274 5204 [uisse
1318 5135 1594 5191 Christum
1639 5134 1813 5208 quem
1845 5139 1978 5193 olim

324 5205 1040 5280 lez’przdixerat,7quippe
1086 5209 1349 5280 tanquam
1381 5208 1439 5262 in
1489 5205 1699 5264 umbris
1729 5225 1794 5264 ac
1833 5214 1978 5280 typis

317 5269 860 5351 reprksentabqtuﬁ
889 5269 1212 5351 erubescant
1255 5279 1459 5346 dicere,
1509 5297 1682 5351 neque
1725 5269 1975 5337 condito-

315 5364 454 5419 rem,
481 5350 861 5423 nequeDeum
909 5350 1067 5418 tegis,
1097 5365 1275 5423 neque
1303 5351 1476 5404 Deum
1521 5350 1712 5422 templi
1759 5356 1979 5408 Patrem

314 5435 432 5477 esse
464 5419 694 5476 Christi.
729 5420 966 5477 Russus.

386 5492 505 5558 (54)
536 5495 754 5564 Verum
778 5497 880 5564 est
911 5492 1075 5564 adeo,
1105 5491 1165 5548 in
1196 5492 1254 5548 S.
1289 5491 1588 5564 Virginem
1621 5492 1973 5563 injuriosum

315 5578 448 5619 sese
476 5563 916 5619 Adamantium.
949 5563 1133 5627 Quam
1166 5563 1604 5635 dixerat’supra
1649 5564 1849 5619 homil.
1888 5567 1973 5631 14,

315 5635 670 5708 purgatione
700 5635 1047 5708 indiguisse,
1072 5641 1131 5690 et
1161 5640 1363 5707 postea
1392 5635 1598 5708 homil,
1624 5636 1708 5702 17,
1733 5637 1976 5708 scanda-

312 5707 456 5779 lum’
477 5721 713 5779 passam
733 5707 1282 5779 dubitationemque
1305 5708 1377 5764 de
1403 5707 1548 5764 Filio
1573 5724 1587 5763 :
1611 5723 1766 5779 nunc
1788 5707 1973 5765 multo

310 5777 605 5837 audacius
653 5777 1082 5837 incredulitatis
1131 5777 1370 5838 accusat
1397 5783 1500 5838 aut
1547 5777 1766 5854 exiguae
1814 5779 1970 5840 ﬁdei.

2093 3423 2269 3480 variis
2299 3423 2776 3496 aegrotationibus
2813 3423 3180 3492 laborabant,
3213 3423 3273 3478 in
3319 3426 3578 3478 montem
3607 3427 3752 3476 con-‘

2095 3513 2390 3581 scendere,
2441 3512 2657 3569 idcirco
2700 3513 3022 3584 descendit,
3063 3518 3122 3569 et
3166 3512 3325 3569 venit
3374 3511 3444 3566 ad
3493 3526 3592 3566 eos
3637 3506 3751 3581 qui'

2095 3601 2368 3658 deorsum
2419 3606 2600 3658 erant.
2635 3602 2800 3658 Nunc
2831 3619 3064 3674 quoque
3094 3601 3374 3658 scribitur
3404 3616 3417 3654 :
3450 3597 3743 3655 Descendit

2094 3707 2218 3747 eum
2246 3693 2348 3758 eis,
2380 3700 2434 3746 et
2462 3692 2611 3747 venit
2655 3691 2926 3746 Nasareth
2959 3691 3094 3763 (55),
3123 3699 3175 3748 et
3216 3689 3614 3762 subjiciebatur
3639 3688 3737 3744 eis.

2095 3778 2424 3847 Discamus,
2453 3778 2581 3845 ﬁlii,
2614 3779 2862 3852 subjecti
2913 3796 3042 3836 esse
3086 3779 3428 3851 parentibus
3476 3775 3690 3834 nostris
3723 3792 3736 3832 :

2095 3869 2284 3938 major
2311 3869 2518 3924 minori
2542 3868 2873 3940 subjicitur.
2888 3869 3035 3925 Nam
3054 3869 3196 3942 quia
3215 3868 3496 3940 majorem
3522 3863 3740 3938 Joseph

2093 3958 2327 4015 videbat
2361 3961 2549 4024 aetate,
2582 3962 2886 4030 propterea
2933 3974 3067 4014 eum
3098 3956 3357 4030 parentis
3389 3956 3604 4022 honore
3653 3969 3744 4008 co-

2095 4045 2224 4115 luit,
2256 4046 2532 4102 omnibus
2576 4045 2713 4102 ﬁliis
2758 4046 3090 4118 exemplum
3120 4046 3408 4111 tribuens,
3442 4047 3508 4099 ut
3555 4041 3740 4113 subji-

2094 4135 2327 4191 cientur
2349 4136 2713 4207 parentibus.
2745 4136 2906 4201 Quod
2939 4136 2986 4192 si
3023 4139 3214 4205 patres
3245 4133 3317 4188 iis
3351 4149 3464 4188 non
3505 4129 3738 4200 fuerint,

2094 4224 2484 4295 subjiciantur
2514 4223 2605 4280 his
2636 4224 2735 4296 qui
2784 4229 3014 4296 patrum
3047 4227 3278 4278 atatem
3322 4221 3560 4276 habent.
3590 4218 3739 4284 Quid

2095 4314 2303 4387 loquar
2330 4313 2401 4369 de
2433 4313 2772 4386 parentibus
2821 4316 2878 4368 et
2905 4310 3090 4367 ﬁliis?
3120 4309 3180 4369 Si
3209 4310 3383 4368 Jesus
3429 4307 3609 4367 Filius
3639 4305 3741 4366 Dei

2091 4634 2296 4707 Recole
2345 4651 2471 4707 quas
2529 4634 2783 4707 laudatis
2841 4635 3005 4706 locis,
3067 4638 3138 4693 ad
3198 4636 3583 4707 retudendam
3639 4650 3741 4707 ca-g

2093 4705 2379 4780 lumniam
2414 4723 2480 4780 ac
2509 4705 2932 4780 vindicandam,
2954 4710 3027 4765 ab
3049 4709 3208 4780 omni
3240 4707 3460 4780 peccati
3493 4705 3628 4780 labe
3645 4705 3743 4762 Del

2093 4779 2362 4845 Matrem,
2385 4779 2662 4834 diximus.
2695 4779 2862 4835 Nunc
2889 4779 2938 4836 si
2961 4779 3109 4835 tanti
3127 4783 3216 4835 est
3236 4777 3306 4834 ad
3341 4777 3739 4833 excusandum

2092 4851 2422 4923 Origenem,
2452 4849 2592 4905 Sixti
2626 4851 2902 4906 Senensis
2922 4850 3022 4906 lib.
3055 4868 3091 4905 v
3117 4851 3482 4923 Bibliotheca)
3504 4849 3742 4923 adnota-

2091 4921 2310 4978 tionem
2361 4923 2464 4976 140
2512 4923 2949 4979 subnectamus.
3002 4927 3170 4993 Puto,
3209 4921 3424 4993 inquit,
3456 4921 3742 4990 Origenem

2089 4994 2350 5051 vocabulo
2374 4995 2554 5065 plenae
2584 4993 2734 5064 ﬁdei,
2760 4993 3092 5066 intellexisse
3115 4992 3345 5066 plenam
3372 4994 3741 5066 cognitionem

2089 5067 2338 5121 omnium
2368 5063 2758 5137 mysteriorum
2773 5065 3083 5137 divinitatis
3111 5063 3166 5120 et
3195 5065 3552 5120 humanitatis
3569 5063 3738 5137 Chri-

2086 5138 2179 5207 sti,
2213 5153 2377 5208 quam
2426 5135 2611 5193 Maria
2647 5138 2801 5205 Virgo
2830 5135 3072 5208 nondum
3117 5153 3176 5208 eo
3195 5145 3435 5207 tempore
3479 5135 3736 5204 habebat,

2088 5207 2336 5280 quamvis
2364 5224 2432 5263 ea
2468 5209 2659 5263 omnia
2687 5222 2828 5280 qua
2859 5212 2977 5263 tum
3004 5207 3068 5264 de
3099 5207 3318 5265 Christo
3348 5215 3587 5278 noverat,
3619 5223 3738 5264 cer-

2085 5279 2298 5334 tissima
2322 5285 2373 5333 et
2402 5280 2720 5333 inconcussa
2747 5279 2863 5348 ﬁde
2891 5287 3110 5335 teneret.

2157 5351 2270 5422 (55)
2322 5349 2549 5422 Eaedem
2628 5346 2866 5422 schedia
2933 5367 2946 5405 :
3016 5350 3114 5422 Kal
3187 5351 3221 5418 ἦ
3297 5346 3736 5422 ὑπ-οτασσόμενᾳς

2087 5416 2293 5493 adicit.
2319 5420 2612 5493 AAlﬁ‘TOD‘tO
2645 5416 2703 5474 δὲ
2730 5421 2794 5488 ἦν
2848 5416 3282 5493 ὑποτασᾳξόμενός
3319 5419 3530 5493 αὐτοῖς,Δ
3559 5416 3735 5493 τὲᾳρά-

2087 5489 2285 5566 δειγμα
2316 5487 2497 5552 διδοὺς
2527 5496 2655 5566 ῖτᾶᾳι
2697 5495 2814 5566 τοῖς
2859 5492 3020 5562 υἱοῖς,
3064 5487 3155 5566 ’ίγὰ
3208 5497 3410 5566 τιμῶσι
3453 5487 3580 5553 τόὺς
3612 5487 3734 5566 ἑὰς.»-

2083 5561 2416 5638 -ςῷἶγφγξῖς,
2465 5561 2553 5616 καὶ
2605 5561 3014 5638 ὑποτάσσωνταιζ
3052 5561 3378 5638 a610i<.iEt
3424 5569 3560 5638 erat
3596 5563 3735 5638 sub-

2087 5635 2244 5692 ditus
2278 5635 2414 5690 illis.
2445 5640 2740 5707 Propterea
2779 5645 2898 5693 erat
2925 5637 3176 5694 subditus
3223 5637 3361 5704 illis,
3389 5637 3640 5691 omnibus
3667 5635 3734 5704 ﬁ-

2085 5709 2180 5764 liis
2208 5707 2346 5763 dans
2375 5707 2708 5780 exemplum,
2739 5711 2804 5763 ut
2847 5713 3101 5780 parentes
3131 5709 3334 5766 honore
3382 5707 3652 5778 afﬁciant,
3681 5708 3735 5764 et

2082 5781 2161 5840 eis
2188 5779 2578 5854 subjiciuntur.
2614 5779 2850 5839 Rumus.
