4058 6190
406 374 535 445 .235

839 374 1334 440 TRANSLATI’)
1378 367 1883 434 IlOMlLIARUM
1929 356 2299 429 ORIGENIS
2342 360 2423 423 ΙΝ
2468 361 2761 426 LUCAM.
2794 394 2874 409 —-
2901 356 3174 424 HOMIL.
3218 358 3407 425 XXII.

3690 353 3828 421 “286

390 528 597 588 quam
626 472 758 585 ejus
788 528 916 584 quae
946 511 1121 566 habet
1139 509 1330 564 virum
1350 509 1427 563 66:
1462 508 1675 563 idcirco
1733 507 1948 561 factum
1972 508 2062 560 est
2092 499 2145 564 Α
2174 506 2360 572 Quam
2391 503 2545 559 viam
2581 500 2821 558 Domino
2852 498 3288 573 praeparemus?
3314 494 3595 570 Nunquid
3618 510 3824 588 carpo:

411 603 662 662 verbum
692 601 793 658 Dei
816 601 888 657 ad
909 602 1191 657 Joannem
1213 598 1402 655 tilium
1423 597 1708 655 Zachariae
1728 596 1789 652 in
1813 597 2061 652 deserto.

416 692 725 765 Simulque
750 691 1060 746 considera
1090 690 1245 762 quod
1280 690 1466 763 magis
1498 687 1778 744 rationem
1809 686 1986 742 habet
2013 684 2064 742 si

398 781 664 855 mystice
694 779 1057 851 intelligatur
1107 780 1425 841 desertum,
1472 783 1529 834 et
1578 794 1692 833 non
1738 775 2064 832 secundum

416 870 752 943 simplicem
780 868 1056 924 litteram.
1091 868 1196 934 Qui
1230 868 1383 923 enim
1417 868 1475 922 in
1506 869 1737 923 deserto
1768 864 2064 937 praedicat,

420 960 720 1034 superﬂue
746 959 883 1017 facit
912 958 991 1014 ibi
1023 957 1345 1021 vociferari,
1378 957 1479 1013 ubi
1502 974 1563 1012 se
1584 955 1921 1027 loquentem
1944 953 2068 1009 nul-

422 1050 525 1107 Ius
552 1049 838 1106 exaudiat.
873 1052 1205 1103 Praecursor
1233 1063 1370 1119 ergo
1426 1045 1660 1117 Christi,
1719 1050 1777 1101 et
1812 1061 1921 1100 vox
1950 1042 2066 1099 cla-

430 1137 716 1196 mantisin
731 1138 985 1204 deserto,
1010 1136 1287 1210 praedicat
1321 1136 1381 1191 in
1416 1137 1642 1192 deserto
1674 1134 1905 1202 animae,
1939 1149 2066 1204 quae

429 1245 545 1285 non
576 1227 830 1283 habebat
861 1240 1082 1299 pacem.
1136 1226 1260 1282 Non
1310 1225 1504 1282 solum
1553 1229 1745 1281 autem
1777 1229 1938 1289 tunc,
1967 1222 2066 1279 sed

419 1321 477 1374 et
504 1317 567 1372 in
597 1317 868 1384 praesenti
914 1316 1174 1388 primum
1230 1316 1469 1391 lucerna
1523 1315 1734 1370 ardens
1765 1319 1823 1369 et
1869 1314 2071 1368 lucens

417 1405 595 1471 venit,
618 1410 674 1461 et
692 1405 1050 1478 praedicabat
1074 1406 1372 1478 baptisma
1394 1403 1770 1477 poenitentia,
1795 1402 1854 1458 in
1871 1400 2072 1458 remis-

418 1494 646 1552 sionem
678 1500 1048 1566 peccatorum
1075 1514 1087 1551 :
1122 1494 1331 1552 deinde
1358 1494 1456 1550 lux
1485 1511 1619 1550 vera
1667 1492 2069 1563 subsequitur,

421 1584 662 1657 quando
692 1582 931 1640 lucerna
959 1584 1089 1656 ipsa
1142 1584 1438 1655 loquitur:
1498 1584 1661 1639 Illum
1716 1585 1920 1653 oportet
1955 1595 2070 1636 cre-

419 1689 588 1744 scere,
612 1690 701 1731 me
718 1678 902 1729 autem
922 1676 1107 1730 minui
1119 1676 1162 1710 ⁸⁷
1185 1674 1298 1747 (58)
1323 1694 1340 1730 :
1359 1674 1449 1730 Fit
1469 1674 1712 1730 verbum
1738 1672 1799 1727 in
1822 1671 2070 1735 deserto,

420 1767 482 1820 et
508 1762 670 1818 venit
698 1763 770 1818 ad
801 1779 1035 1819 omnem
1068 1763 1219 1819 circa
1252 1763 1542 1835 regionem
1601 1760 1895 1818 Jordanis.
1939 1761 2072 1824 Quae

400 1853 583 1910 enim
612 1851 728 1908 alia
758 1852 885 1909 loca
914 1853 1117 1909 debuit
1141 1854 1385 1910 circuire
1410 1854 1695 1925 Baptista,
1741 1851 1853 1908 nisi
1885 1849 2074 1904 vicina

416 1942 722 2009 Iordanis,
754 1946 819 1997 ut
847 1943 1185 2015 quicunque
1213 1943 1537 1999 voluissent
1581 1957 1749 2015 agere
1788 1940 2076 2013 poeniten-

415 2032 594 2096 tiam,
618 2038 834 2104 praesto
861 2037 1060 2088 essent
1086 2034 1157 2088 ad
1181 2032 1474 2089 lavacrum
1508 2049 1669 2104 aqum
1689 2032 1718 2086 ?
1746 2036 1919 2086 Porro
1949 2029 2077 2083 Jor~

425 2121 1045 2192 danis(59)descendens
1057 2122 1113 2177 in
1123 2126 1438 2194 terpretatu
1450 2122 1755 2177 r.Descend
1765 2137 1868 2175 ens
1882 2126 2074 2174 autem

424 2215 486 2269 et
511 2210 676 2283 largo
705 2211 933 2282 impetu
964 2229 1207 2267 currens
1239 2213 1453 2267 ﬂuvius
1476 2211 1576 2267 Dei
1597 2209 1862 2266 Salvator
1883 2211 2080 2264 noster

426 2300 713 2357 Dominus
744 2306 852 2367 est,
915 2300 972 2356 in
1030 2318 1144 2372 quo
1204 2301 1590 2373 baptizamur.
1650 2299 1834 2363 Quam
1879 2313 2077 2352 veram

438 2405 657 2460 aquam
684 2388 1021 2453 salutarem,
1045 2391 1105 2445 in
1128 2390 1532 2448 remissionem
1565 2405 1799 2461 quoque
1817 2390 2079 2459 peceato-

434 2493 574 2534 rum
606 2479 665 2533 in
695 2478 985 2550 baptismo
1016 2479 1325 2551 praedicat:
1383 2478 1592 2545 venite,
1653 2473 2078 2539 catechumeni,

430 2567 591 2639 agite
620 2567 1045 2639 paenitentiam,
1080 2573 1145 2623 ut
1172 2568 1233 2623 in
1264 2567 1675 2624 remissionem
1707 2571 2077 2639 peccatorum

410 2656 725 2729 baptisma
737 2658 1113 2729 consequami
1123 2658 1179 2712 ni
1191 2702 1202 2712 .
1215 2660 1273 2712 ln
1288 2657 1689 2713 remissionem
1707 2658 2077 2727 peccatorum

428 2744 528 2800 ille
558 2745 770 2816 accipit
800 2746 1112 2817 baptisma,
1146 2748 1245 2818 qui
1279 2763 1514 2818 peccare
1558 2745 1809 2800 desistit.
1854 2744 1913 2799 Si
1945 2743 2080 2815 quis

424 2835 583 2891 enim
616 2851 865 2907 peccans
916 2836 987 2890 ad
1036 2836 1334 2892 lavacrum
1394 2835 1550 2891 venit
1606 2834 1708 2904 [αι.
1761 2835 1835 2905 ei]
1868 2851 1981 2889 non
2015 2834 2081 2888 ﬂt

420 2924 695 2981 remissio
727 2928 1118 2996 peccatorum.
1180 2927 1492 2997 Propterea
1547 2926 1785 2980 obsecro
1841 2940 1962 2983 vos.
2008 2939 2081 2978 ne

416 3013 655 3085 absque
684 3013 914 3070 cautela
943 3018 999 3069 et
1027 3014 1292 3087 diligenti
1325 3015 1843 3086 circumspectione
1873 3013 1941 3067 ad
1976 3011 2079 3067 ba-

430 3100 717 3174 ptismum
748 3101 1013 3167 veniatis,
1048 3103 1145 3159 sed
1199 3104 1522 3159 ostendatis
1571 3103 1828 3174 primum
1857 3101 2080 3156 fructus

428 3189 641 3263 dignos
665 3191 1041 3262 poenitentiae.
1074 3192 1266 3248 Facite
1298 3191 1518 3263 aliquid
1544 3191 1824 3261 temporis
1856 3190 1914 3244 in
1946 3206 2080 3245 con-

424 3279 756 3336 versatione
786 3279 960 3347 bona,
1009 3281 1264 3336 mundos
1313 3298 1416 3337 vos
1465 3298 1498 3335 a
1546 3280 1774 3336 cunctis
1804 3279 2077 3335 sordibus
2110 3253 2153 3319 θ’

424 3368 705 3441 vitiisque
735 3374 997 3425 servate:
1033 3375 1089 3424 et
1117 3375 1260 3425 tunc
1287 3370 1453 3425 vobis
1505 3369 1771 3424 remissio
1819 3373 2083 3441 peccato-

427 3474 560 3514 rum
591 3459 713 3523 ﬁet,
743 3458 981 3530 quando
1010 3459 1302 3530 coeperitis
1332 3464 1390 3514 et
1414 3458 1523 3531 ipsi
1578 3459 1810 3530 propria
1848 3461 2083 3529 peccata

426 3550 821 3604 contemnere.
848 3546 1130 3602 Dimittite
1160 3547 1373 3602 delicta
1400 3553 1612 3617 vestra,
1635 3551 1693 3602 et
1713 3545 2081 3601 dimittantur

423 3635 610 3691 vobis.
640 3634 761 3691 Hoc
794 3640 992 3690 autem
1023 3635 1216 3707 ipsum
1251 3637 1407 3708 quod
1441 3654 1595 3692 nunc
1625 3638 1696 3692 de
1744 3634 1935 3692 Veteri
1988 3635 2079 3690 ln-

428 3727 755 3780 strumento
787 3725 1042 3795 ponitur,
1076 3725 1137 3780 in
1170 3726 1321 3781 Isaia
1352 3725 1634 3798 propheta
1682 3725 1964 3797 scriptum
1996 3723 2078 3780 le-

425 3813 646 3885 gimus,
673 3811 759 3868 ibi
800 3813 959 3869 enim
991 3812 1207 3870 dicitur
1231 3831 1243 3870 :
1282 3816 1394 3871 Vox
1422 3816 1712 3871 clamantis
1741 3814 1801 3869 in
1830 3814 2038 3869 deserto
2059 3832 2077 3868 :

429 3902 632 3956 Parata
652 3902 798 3957 viam
848 3904 1090 3975 Domini,
1148 3906 1321 3960 rectas
1373 3905 1541 3977 facite
1596 3906 1819 3960 semitas
1863 3905 1983 3975 ejus
2010 3904 2074 3958 ⁸⁸.

431 3987 575 4043 Vult
604 3991 880 4048 Dominus
910 3991 971 4046 in
1001 3992 1167 4048 vobis
1198 3993 1453 4065 reperire
1480 3994 1659 4063 viam,
1693 3997 1758 4047 ut
1801 3991 1987 4063 possit
2017 3992 2076 4048 in

427 4079 655 4134 vestras
684 4079 914 4137 animas
937 4080 1186 4151 ingredi,
1210 4081 1394 4137 etiter
1413 4098 1588 4137 suum
1611 4080 1816 4136 facere.
1851 4080 2075 4151 Praepa-

424 4171 549 4223 rate
576 4167 631 4222 ei
662 4168 957 4240 semitam,
990 4170 1062 4225 de
1092 4187 1209 4241 qua
1239 4171 1455 4226 dicitur
1482 4189 1495 4226 :
1529 4173 1715 4226 Rectus
1732 4170 1898 4242 facite
1918 4171 2077 4224 semi-

416 4258 509 4311 tas
562 4256 714 4328 ejus:
779 4257 890 4313 Vox
944 4258 1236 4314 clamantis
1290 4261 1350 4314 in
1378 4260 1609 4316 deserto.
1667 4258 1791 4314 Vox
1838 4257 2071 4325 clamat,

425 4348 752 4417 preparato
776 4346 954 4402 viam.
983 4346 1177 4402 Primo
1207 4347 1362 4403 enim
1392 4366 1504 4404 vox
1560 4349 1631 4403 ad
1674 4363 1843 4403 aures
1874 4362 2073 4417 perve-

424 4431 550 4488 nit:
582 4433 795 4489 deinde
848 4439 983 4506 post
1011 4452 1234 4505 vocem,
1269 4435 1386 4492 imo
1418 4453 1552 4491 cum
1608 4452 1765 4503 voce,
1807 4435 2070 4490 auditum

412 4536 620 4577 sermo
648 4522 931 4593 pedetrat.
962 4522 1141 4577 Juxta
1167 4523 1326 4578 hunc
1356 4541 1595 4579 sensum
1626 4541 1659 4578 a
1704 4524 1926 4579 Joanne
1967 4540 2070 4579 an-

2173 612 2333 651 ream
2353 595 2381 651 ?
2412 598 2528 650 Aut
2556 597 2748 667 potest
2770 607 2962 649 sermo
2992 589 3095 647 Dei
3141 588 3244 645 tali
3292 588 3499 645 itinere
3529 601 3767 660 pergere
3792 583 3822 640 ?

2175 692 2263 742 An
2297 686 2651 742 intrinsecus
2682 681 3062 756 praeparanda
3090 683 3181 737 est
3226 678 3493 744 Domino,
3544 677 3603 733 in
3645 677 3819 733 corde

2177 780 2378 832 nostro
2410 778 2567 831 recta
2592 778 2649 830 et
2678 771 2919 846 aequalis
2949 769 3163 827 semita
3207 766 3657 840 componenda?
3685 771 3820 823 Hac

2176 870 2266 922 est
2295 866 2389 921 via
2420 883 2521 938 per
2550 881 2726 937 quam
2775 863 3079 934 ingressus
3129 863 3219 918 est
3248 875 3441 915 sermo
3475 856 3598 922 Dei,
3630 858 3728 930 qui
3759 857 3817 912 in

2176 954 2422 1012 humani
2452 954 2714 1028 corporis
2741 954 3059 1024 capacitate
3088 948 3375 1008 consistit.
3426 948 3705 1020 Magnum
3736 950 3825 1003 est

2178 1062 2277 1102 eor
2305 1044 2585 1109 hominis,
2608 1049 2665 1100 et
2686 1043 3034 1115 spatiosum,
3058 1044 3115 1098 et
3140 1057 3341 1112 capax,
3359 1036 3410 1094 si
3430 1041 3628 1093 tamen
3651 1051 3826 1091 mun-

2179 1136 2322 1191 dum
2352 1133 2547 1191 fuerit.
2565 1134 2670 1190 Vis
2690 1134 2818 1204 ejus
2840 1130 3308 1204 magnitudinem
3330 1125 3825 1197 latitudinemque

2179 1241 2527 1299 cognoscere
2541 1224 2571 1278 ?
2590 1224 2734 1279 Vide
2755 1225 3032 1294 quantam
3048 1220 3376 1276 divinorum
3391 1231 3671 1274 sensuum
3696 1230 3821 1269 ma-

2180 1315 2549 1388 gnitudinem
2570 1316 2662 1370 8|
2677 1315 2797 1370 8-1
2812 1317 2860 1368 4
2879 1311 3089 1383 capiat.
3112 1312 3264 1381 lpse,
3280 1307 3380 1374 ait,
3395 1305 3555 1363 dedit
3578 1303 3718 1360 mihi
3733 1319 3825 1359 eo-

2181 1422 2481 1477 rum,quae
2506 1407 2665 1469 sunt,
2688 1402 2980 1467 notitiam,
3005 1399 3292 1456 rationem
3342 1394 3547 1452 mundi
3572 1393 3741 1458 scire,
3775 1395 3832 1447 et

2181 1512 2356 1571 opera
2382 1495 2826 1563 elementorum,
2849 1489 3203 1564 principium
3232 1491 3292 1542 et
3319 1486 3495 1541 ﬁnem
3526 1487 3582 1540 et
3611 1481 3829 1539 medie-

2181 1569 2360 1641 tatem
2392 1583 2760 1650 saeculorum,
2791 1585 3127 1652 temporum
3154 1577 3482 1645 varietates,
3505 1578 3564 1630 et
3580 1569 3831 1628 transla-

2182 1674 2399 1730 tionem
2433 1672 2749 1737 mensium,
2784 1686 3071 1727 annorum
3128 1666 3397 1737 circulos,
3455 1667 3514 1720 et
3567 1662 3828 1717 siderum

2183 1765 2371 1834 sedes,
2405 1768 2646 1819 naturas
2690 1760 3056 1828 animalium,
3115 1761 3173 1813 et
3227 1756 3453 1812 furores
3480 1750 3829 1817 bestiarum,

2106 1877 2155 1944 Β
2186 1853 2499 1924 spirituum
2532 1850 2858 1920 violentias,
2890 1854 2948 1905 et
2975 1846 3358 1944 cogitationes
3385 1838 3830 1944 hominum,di-

2186 1943 2492 2000 versitates
2560 1941 2857 2004 arborum,
2923 1942 2983 1994 et
3037 1937 3155 1992 vim
3211 1934 3478 1990 radicum
3519 1932 3585 1987 ⁸9.
3652 1929 3831 1985 Vides

2190 2049 2304 2089 non
2339 2049 2582 2105 parvum
2638 2047 2768 2086 esse
2824 2046 2924 2085 cor
2977 2024 3258 2087 hominis,
3318 2022 3475 2095 quod
3531 2023 3699 2075 tanta
3739 2035 3833 2074 ca-

2189 2123 2329 2194 piat.
2381 2122 2580 2192 Neque
2628 2120 2686 2175 in
2736 2116 2995 2190 corporis
3043 2114 3389 2187 quantitate,
3439 2110 3539 2166 sed
3586 2110 3644 2163 in
3676 2106 3840 2164 forti—

2189 2210 2391 2267 tudine
2419 2212 2549 2282 ejus
2578 2208 2860 2280 intellige,
2892 2224 3019 2279 quae
3050 2208 3271 2261 tantam
3305 2200 3610 2259 scientiam
3643 2196 3839 2270 capiat

2187 2299 2464 2356 veritatis.
2493 2299 2563 2355 Ut
2585 2301 2780 2354 autem
2810 2300 2868 2352 et
2898 2293 3195 2369 simplices
3227 2306 3492 2365 quosque
3536 2284 3831 2359 quotidia-

2190 2389 2283 2445 nis
2309 2388 2591 2461 exemplis
2614 2388 2684 2443 ad
2710 2386 3067 2443 credendum
3094 2384 3405 2449 adducam,
3431 2379 3582 2453 quod
3609 2374 3830 2451 grande

2190 2480 2267 2536 sit
2282 2496 2383 2534 cor
2401 2478 2683 2543 hominis,
2707 2476 3032 2533 videamus.
3056 2474 3245 2539 Quasc
3255 2487 3448 2544 unque
3461 2469 3636 2525 urbes
3648 2471 3836 2522 trans-

2190 2569 2425 2635 ivimus,
2459 2568 2751 2624 habemus
2781 2565 2912 2621 illas
2938 2565 2997 2620 in
3043 2563 3259 2631 animo,
3307 2565 3365 2618 et
3411 2556 3747 2632 qualitates,
3783 2557 3840 2611 et

2190 2657 2342 2714 situs
2372 2657 2720 2730 platearum,
2750 2668 3194 2726 murorumque,
3243 2655 3303 2708 ct
3351 2646 3729 2706 aedificiorum
3778 2643 3839 2698 in

2190 2748 2362 2803 corde
2384 2751 2583 2803 nostro
2600 2750 2930 2801 versantur.
2950 2743 3119 2799 Viam
3143 2758 3320 2815 quam
3337 2735 3586 2812 ingressi
3610 2748 3839 2801 sumus,

2188 2837 2246 2892 in
2302 2835 2597 2892 memoriae
2646 2835 2874 2905 pictura
2924 2850 2989 2888 ac
3036 2829 3428 2902 descriptione
3475 2823 3836 2880 retinemus:

2189 2943 2350 2982 mare
2373 2926 2526 2996 quod
2546 2923 2949 2996 navigavimus
2974 2906 3150 2977 tacita
3162 2916 3513 2991 cogitatione
3534 2909 3837 2984 amplecti-

2191 3032 2344 3071 mur.
2376 3015 2503 3070 Non
2535 3018 2624 3069 est
2655 3029 2920 3085 parvum,
2954 3014 3018 3066 ut
3047 3008 3188 3073 dixi,
3220 3023 3321 3061 cor
3366 3000 3644 3067 hominis,
3678 2997 3831 3069 quod

2191 3107 2381 3176 potest
2410 3105 2575 3157 tanta
2598 3117 2822 3173 capere.
2857 3100 2914 3155 Si
2940 3102 3132 3153 autem
3157 3113 3273 3151 non
3293 3097 3381 3149 est
3399 3104 3645 3164 parvum
3670 3089 3836 3171 tanta

2174 3178 2447 3264 capiens,
2477 3192 2904 3263 consequenter
2931 3188 2989 3243 in
3024 3186 3124 3242 illo
3152 3185 3247 3240 via
3274 3180 3507 3239 Domini
3539 3180 3835 3250 praepara-

2190 3287 2305 3348 tur,
2349 3284 2406 3336 et
2434 3283 2592 3336 recta
2623 3281 2687 3335 fit
2719 3279 2948 3343 semita,
2981 3280 3047 3332 ut
3098 3272 3359 3331 ambulet
3405 3270 3464 3325 in
3513 3266 3615 3323 illa
3643 3280 3839 3321 sermo

2194 3372 2290 3427 Dei
2322 3375 2497 3441 atque
2553 3369 2863 3441 sapientia.
2930 3367 3193 3438 Prmpara
3227 3363 3378 3417 viam
3437 3355 3685 3414 Domino
3734 3367 3839 3425 per

2191 3459 2691 3516 conversationem
2722 3458 2961 3526 bonam,
2994 3459 3052 3511 et
3087 3450 3336 3526 egregiis
3384 3445 3660 3520 operibus
3706 3445 3839 3496 tene

2191 3549 2462 3606 semitam
2491 3564 2504 3603 :
2536 3548 2758 3619 absque
2789 3546 3009 3601 offensa
3039 3541 3159 3598 ulla
3189 3535 3525 3596 deambulet
3548 3535 3612 3588 in
3631 3529 3842 3586 teVer-

2190 3640 2330 3695 bum
2354 3622 2475 3708 Dei,
2499 3640 2556 3691 et
2577 3635 2882 3692 donettibi
2902 3632 3314 3707 mysteriorum
3348 3639 3592 3684 suorum
3624 3619 3838 3676 adven-

2187 3732 2401 3799 tusque
2430 3725 2722 3781 notitiam.
2753 3724 2858 3781 Cui
2889 3727 2981 3781 est
3011 3720 3195 3797 gloria
3223 3722 3280 3776 et
3308 3712 3624 3790 imperium
3656 3708 3717 3765 in
3740 3721 3845 3761 saa-

2189 3815 2322 3872 cula
2353 3813 2723 3872 saeculorum.
2756 3818 2963 3870 Amen.
3728 3808 3735 3811 ”

2604 3922 2899 3979 865-18
2933 3918 3239 3977 HOMILIA
3269 3914 3435 3972 XXII.

2188 4012 2261 4068 De
2292 4028 2352 4067 eo
2381 4014 2524 4084 quod
2550 4013 2822 4080 scriptum
2852 4013 2963 4065 est:
3000 4029 3021 4055 ε
3045 4007 3233 4063 Omnis
3253 4004 3415 4061 vallis
3440 3998 3785 4071 implebilur,
3815 4014 3846 4042 »

2259 4100 2432 4121 ucnun
2487 4084 2559 4121 nd
2616 4099 2741 4121 tum:
2795 4081 2970 4121 limum
3000 4082 3093 4121 "In
3144 4081 3223 4121 m't
3250 4095 3262 4108 ο
3293 4099 3320 4121 η
3376 4079 3570 4121 Potens
3600 4072 3679 4121 est
3708 4068 3846 4121 Deus

2259 4072 2432 4156 usque
2487 4084 2559 4139 ad
2616 4072 2744 4138 eum
2794 4081 2973 4164 locum
3000 4082 3096 4135 ubi
3144 4081 3223 4162 ait
3249 4095 3262 4132 :
3293 4099 3320 4127 «
3370 4079 3570 4130 Potens
3600 4072 3679 4125 est
3708 4072 3847 4122 Deus

2258 4156 2333 4211 de
2354 4156 2638 4227 lapidibus
2660 4156 2782 4210 istis
2800 4156 3073 4209 suscitare
3094 4150 3237 4218 ﬁlios
3254 4146 3511 4203 Abrahcr.
3540 4165 3562 4195 ι
3596 4145 3731 4212 Cap.
3756 4153 3841 4192 ιιι.

2256 4260 2574 4316 Videamus
2606 4276 2733 4332 qua
2764 4260 2822 4315 in
2876 4257 3090 4313 Christi
3135 4252 3522 4329 praedicantur
3552 4234 3826 4309 adventu,

2184 4346 2340 4403 inter
2367 4365 2494 4419 quae
2538 4348 2795 4419 primum
2848 4347 2918 4401 de
2961 4346 3190 4402 Joanne
3231 4341 3535 4400 scribitur:
3574 4340 3683 4394 Vox
3710 4334 3825 4389 cla-

2181 4437 2390 4490 mantis
2412 4438 2472 4491 in
2499 4435 2742 4491 deserto:
2776 4437 2979 4490 Parate
3030 4435 3178 4490 viam
3230 4431 3471 4499 Domini,
3529 4434 3706 4483 rectas
3746 4424 3830 4494 fa-

2182 4525 2288 4580 cito
2316 4526 2545 4580 semitas
2589 4525 2704 4595 ejus
2732 4525 2797 4579 7°.
2830 4524 2901 4579 Et
2954 4524 3109 4596 quod
3160 4521 3433 4594 sequitur
3480 4516 3709 4591 proprie
3757 4512 3830 4566 de

416 4610 734 4666 nuntiatus
763 4616 851 4666 est
871 4611 1158 4667 Christus.
1185 4611 1504 4668 Videamus
1531 4630 1667 4685 ergo
1690 4613 1829 4685 quid
1850 4630 1959 4668 vox
1984 4614 2078 4668 de-
2111 4626 2155 4690 Ι)
2188 4613 2431 4669 Domino
2453 4613 2750 4669 Salvatore
2773 4617 2880 4669 est.
2901 4613 3101 4685 Neque
3129 4611 3286 4667 enim
3318 4627 3353 4665 a
3382 4609 3606 4664 Joanne
3633 4601 3829 4659 omnis

414 4699 595 4755 verbo
627 4700 959 4756 annuntiat.
991 4701 1337 4772 Praeparate,
1368 4700 1579 4773 inquit,
1638 4704 1785 4756 viam
1828 4702 2076 4758 Domino.

2193 4700 2359 4758 vallis
2380 4700 2625 4773 impleta
2639 4705 2745 4772 est,
2771 4701 2872 4756 sed
2896 4718 2929 4756 a
2947 4698 3195 4756 Domino
3209 4697 3526 4754 Salvatore.
3552 4692 3825 4764 Seipsum

490 4840 617 4897 Gal.
652 4859 729 4911 ιν,
762 4842 872 4898 27:
907 4842 1018 4898 Isa.
1055 4860 1164 4909 LIV,
1200 4846 1249 4898 1.
1281 4844 1326 4878 θδ
1356 4843 1522 4899 Joan.
1558 4861 1643 4909 ιιι,
1677 4845 1764 4898 30.
1799 4844 1843 4878 ⁸⁸
1883 4845 1993 4900 Isa.
2026 4862 2075 4900 x1

2191 4886 2199 4899 .
2230 4845 2276 4881 ⁶⁹
2303 4822 2437 4916 Sap.
2467 4861 2568 4911 vn,
2602 4844 2792 4898 17-20.
2824 4843 2868 4877 ⁷ο
2898 4842 3010 4899 Isa.
3041 4858 3128 4909 xc,
3162 4841 3216 4896 3.

418 5002 717 5075 mysticam
753 5003 1262 5075 considerationem.
1280 5005 1423 5057 Nam
1445 5006 1705 5075 quoniam
1724 5004 1911 5075 futuri
1927 5007 2083 5060 erant

416 5072 586 5155 multi
614 5073 726 5142 ﬁlii
756 5072 1003 5155 desertae,
1037 5076 1136 5155 {ioc
1164 5084 1263 5139 est,
1283 5072 1540 5132 Ecclesia?
1563 5091 1632 5155 ea:
1659 5072 1931 5155 gentibus,
1958 5093 2081 5155 ma-

410 5146 504 5215 gis
530 5161 699 5218 quam
728 5145 848 5215 ejus
880 5161 1007 5218 quae
1038 5147 1212 5215 legem
1244 5156 1506 5216 tanquam
1534 5145 1719 5202 virum
1776 5147 1954 5217 habet,
1986 5149 2082 5203 hoc

406 5216 867 5290 gtgludworum
890 5216 1223 5290 synagoga},
1255 5221 1545 5289 praplerea
1579 5219 1648 5288 ad
1690 5216 1961 5277 Joannem
1991 5220 2077 5289 fa-

413 5296 564 5344 ctum
590 5296 674 5344 est
704 5289 1060 5344 verbum’Dei
1092 5293 1148 5345 in
1180 5289 1406 5344 deserto.
1442 5291 1563 5345 Nisi
1610 5294 1760 5345 enim
1792 5290 1888 5346 hoc
1919 5292 1996 5345 ita
2027 5306 2083 5345 se

412 5358 907 5431 haberegjrustra
936 5360 1287 5431 praedicasset
1316 5360 1634 5431 in_deserto.
1668 5362 1909 5417 Romus.

486 5432 598 5501 (58)
642 5428 887 5505 Easdem
916 5428 1173 5505 "schedze
1237 5450 1248 5485 :
1312 5428 1520 5505 ᾜλθιτίγΔ
1568 5429 1863 5505 εἷς-πᾶσαν
1922 5429 2077 5505 περί-

412 5498 601 5577 χώρφν
650 5504 748 5577 10:3
798 5498 1118 5577 Ἰειλρδσξνου.Δ
1151 5506 1263 5557 Ποῦ
1313 5501 1415 5577 γὰρ
1470 5498 1574 5556 ἔδει
1629 5501 1719 5577 ’τὸ-ν
1768 5498 2076 5577 Bai-rucij

408 5570 816 5661 ᾗξριὲρχξσεὶαει,
936 5573 1012 5636 εἷς
1061 5574 1161 5641 τὴν
1184 5570 1511 5661 stagilla-990v
1556 5576 1653 5661 ’ξοῦ
1685 5571 1979 5661 Ἰξιρδάνορ,
2008 5570 2078 5627 'iv’

410 5636 501 5700 “in
531 5636 923 5718 τὶξᾟᾳύλήτὸιε
955 5636 1489 5718 μεταγβεῖν,ἐᾷδέίυς
1540 5636 1816 5718 εὐπορῄὸῄῃ
1851 5636 2079 5698 ’ποῦ’πο-

408 5720 592 5790 ταμοῦ
625 5711 1046 5791 ξέρμήγεῦεὲαι
1100 5713 1158 5771 δὲ
1209 5714 1506 5790 Ἰορδάνης,
1556 5711 1921 5775 κατάϐὰίῆιων.
1969 5723 2077 5771 Κα-

2189 4997 2457 5078 ςςᾳϐαίνωγ
2489 5004 2614 5078 ⁸γάρ
2664 5000 2803 5078 ἐστίν
2839 4998 3076 5078 ’ἀληθῶς
3108 4998 3412 5078 ὁ-ποταμρς
3456 5001 3553 5052 τοῦ
3572 5000 3741 5078 ρεοῇ
3771 4995 3832 5078 τὸ

2191 5071 2337 5150 ὕδωρ
2386 5074 2447 5128 τὸ
2478 5067 2757 5150 ἀληθινὸν,
2793 5072 2862 5150 ςὸ
2904 5067 3051 5150 fidem
3110 5071 3173 5150 τρ
3221 5067 3512 5150 σωέήριονε
3572 5069 3832 5150 V_cnit_in

2190 5141 2427 5202 omnem
2457 5141 2751 5219 regionem
2784 5141 3076 5219 Jordani's.
3126 5146 3253 5219 Quae
3295 5141 3445 5219 enim
3475 5141 3693 5219 decebat
3724 5142 3827 5219 Ba:

2186 5219 2410 5288 ptistam
2446 5212 2562 5274 loca
2587 5232 2912 5289 peragrare,
2941 5216 3060 5270 nisi
3110 5212 3343 5289 lardani
3383 5214 3652 5289 conﬁnia,
3698 5216 3759 5289 ut
3787 5212 3837 5265 si

2225 5290 2316 5343 uis
2348 5290 2507 5344 vellet
2535 5284 2913 5358 paenitentiam
2941 5302 3125 5355 agere,
3153 5288 3405 5359 protinus
3428 5286 3591 5359 ﬂuvii
3624 5284 3840 5359 copiam

2229 5360 2413 5415 aberet
2437 5360 2466 5414 ‘l
2511 5355 2763 5416 Iordanis
2782 5368 2965 5415 autem
3005 5355 3400 5429 interpretatur
3429 5355 3828 5411 descendens.

2189 5432 2476 5559 [Dcite-endit
2503 5448 2656 5486 enim
2684 5447 2803 5487 vere
2832 5432 2930 5487 Dei
2956 5432 3182 5502 ﬂuvius,
3218 5446 3362 5500 aqua
3388 5445 3536 5497 vera,
3576 5442 3721 5497 aqua
3747 5441 3837 5480 sa-

2214 5521 2248 5559 u
2276 5521 2391 5559 αντε
2440 5521 2495 5558 n.

2214 5506 2391 5559 utaris
2417 5506 2495 5558 in.

2263 5576 2375 5646 (59)
2406 5576 2473 5629 Et
2502 5590 2634 5630 vero
2667 5574 2725 5629 in
2756 5572 3091 5645 Origenian.
3154 5571 3373 5646 Lexicoﬁ
3404 5560 3726 5646 ριᾳτάξασις,
3776 5563 3836 5621 id

2180 5640 2279 5720 est
2295 5640 2596 5720 descensio,
2630 5640 3071 5720 interpretatur,
3105 5659 3232 5716 qua:
3263 5648 3319 5699 et
3355 5640 3585 5698 Philoni
3616 5643 3838 5713 etymo-

2187 5717 2345 5791 logia
2373 5718 2614 5792 placuit.
