4058 6190
251 307 369 378 987

1503 324 1569 388 S.
1610 324 1923 393 EUSEBll
1969 325 2411 393 HIERONYMI

3540 330 3659 401 288

252 452 665 528 unusquisque
691 457 1041 533 consideret,
1065 461 1199 538 quis
1222 470 1347 525 erat
1367 472 1684 544 antequam
1704 473 1897 531 crede-
1925 464 1978 532 A
2007 469 2123 528 bus
2153 470 2225 529 ad
2247 462 2608 545 baptismum
2629 469 3177 546 Joannesloquitur,
3206 466 3657 529 attendendum.

255 546 345 597 ret
374 558 389 599 :
412 548 552 601 tunc
570 546 1009 624 animadvertet,
1035 554 1248 615 vallem
1270 558 1578 627 humilem,
1602 562 1813 621 vallem
1835 582 1898 622 se

252 630 434 688 fuisse
463 636 816 711 praecipitem
847 641 907 698 in
940 644 1059 703 ima
1088 648 1438 708 demersam.
1471 652 1712 717 Quando
1741 656 1901 712 venit

259 720 539 821 Dominus
565 726 763 798 Jesus,
791 736 849 789 et
888 734 1047 792 misit
1098 738 1378 811 Spiritum
1441 747 1713 800 sanctum
1743 744 1896 802 vica-

255 819 405 907 rium
440 829 639 907 suum,
666 819 834 877 vallis
865 824 1058 882 omnis
1105 828 1331 899 expleta
1376 835 1484 888 est.
1545 833 1785 907 Expleta
1810 838 1899 891 est

256 904 449 994 autem
480 906 756 977 operibus
786 910 956 970 bonis
986 918 1044 971 et
1074 916 1359 976 fructibus
1402 904 1656 994 Spiritus
1688 925 1894 981 sancti.

253 989 521 1050 Charitas
549 1012 664 1052 non
697 998 840 1057 sinit
869 1019 1210 1075 permanere
1267 1013 1324 1065 te
1370 989 1601 1068 vallem.
1652 1014 1814 1078 Quod
1846 1013 1897 1070 si

253 1096 454 1171 pacem
488 1082 765 1145 habueris
802 1094 859 1147 et
912 1094 1260 1166 sapientiam
1318 1103 1375 1155 et
1402 1100 1746 1171 bonitatem,
1782 1120 1895 1159 non

252 1168 443 1226 solum
476 1172 643 1231 vallis
695 1195 824 1236 esse
870 1182 1138 1252 desistas,
1194 1189 1296 1244 sed
1349 1190 1527 1246 etiam
1568 1168 1739 1248 mons
1768 1210 1897 1249 esse

250 1255 495 1352 incipies
518 1264 638 1321 Dei.
667 1267 828 1333 Quod
859 1273 1057 1329 tamen
1085 1276 1157 1332 de
1181 1278 1457 1348 gentibus
1486 1280 1744 1352 quotidie
1777 1300 1898 1340 ma-

249 1346 340 1421 gis
363 1349 486 1406 fieri
503 1352 791 1425 videmus,
818 1365 991 1433 atque
1021 1346 1321 1437 compleri,
1377 1346 1565 1426 Omnis
1594 1371 1766 1428 vallis
1793 1375 1896 1429 im-

246 1437 523 1531 plebitur;
557 1460 734 1516 quam
766 1449 836 1506 de
867 1451 1082 1525 populo
1134 1456 1336 1519 Israel,
1399 1459 1500 1531 qui
1558 1463 1628 1517 de
1667 1461 1894 1519 excelso

249 1525 554 1615 depositus
582 1537 672 1591 est
699 1552 713 1592 :
747 1537 958 1611 Omnis,
992 1542 1206 1615 inquit,
1237 1563 1393 1602 mons
1419 1525 1471 1604 et
1518 1549 1679 1606 collis
1708 1552 1896 1608 humi-

249 1613 497 1710 liabztur.
532 1622 696 1679 Mons
727 1631 850 1684 erat
880 1613 1175 1702 quondam
1210 1633 1307 1690 ille
1336 1637 1590 1709 populus
1619 1644 1674 1696 et
1704 1640 1891 1710 collis,

250 1704 352 1779 qui
381 1707 685 1782 depositus
714 1721 805 1772 est
833 1721 1008 1791 atque
1037 1704 1391 1782 destructus.
1413 1704 1660 1784 illorum
1684 1704 1894 1787 delicto

250 1793 413 1885 salus
435 1800 709 1870 gentibus
731 1804 867 1862 data
886 1813 975 1866 est
1001 1812 1073 1867 ad
1096 1813 1493 1872 aemulandum
1518 1834 1617 1874 eos
1641 1820 1704 1874 ⁷¹.
1730 1821 1890 1885 Quod

248 1883 379 1984 et.si
402 1890 723 1984 contrarias
744 1894 1139 1970 fortitudines,
1164 1919 1291 1974 quas
1314 1905 1595 1963 adversus
1615 1883 1894 1966 mortales

248 1974 641 2069 erigebantur,
665 1981 882 2041 dixeris
908 1992 1136 2046 montes
1152 1995 1209 2047 et
1228 1993 1405 2051 colles
1431 2011 1559 2052 esse
1578 1997 1891 2069 depositas,

250 2075 373 2156 non
398 2067 684 2156 peccabis.
746 2073 817 2130 Ut
870 2076 1026 2134 enim
1087 2080 1446 2154 impleantur
1485 2067 1893 2156 hujuscemodi

248 2148 853 2251 valles-,humi-liandze
875 2171 1032 2223 sunt.
1058 2148 1247 2228 Sed-et
1265 2172 1375 2229 hoc
1389 2176 1543 2244 quod
1558 2148 1616 2230 in
1639 2176 1893 2233 adventu

249 2236 465 2335 Christi
498 2248 904 2325 prephetatum
937 2261 1045 2324 est,
1079 2263 1277 2316 utrum
1308 2236 1601 2335 expletum
1634 2266 1732 2332 sit,
1757 2283 1894 2322 con-

248 2330 622 2431 templemur.
651 2339 930 2431 Sequitur
949 2346 1105 2403 enim
1131 2366 1145 2406 :
1168 2352 1231 2406 Et
1254 2330 1441 2409 omnia
1460 2370 1632 2425 prava
1651 2330 1820 2411 erunt
1835 2356 1897 2411 in

247 2416 474 2478 directa.
498 2424 915 2506 Unusquisque
937 2440 1202 2494 nostrum
1226 2457 1440 2513 pravus
1456 2416 1601 2510 erat,
1627 2442 1677 2500 si
1699 2448 1894 2501 tamen

251 2514 464 2602 nonet
489 2529 678 2587 usque
709 2517 881 2577 hodie
910 2532 1278 2595 perseverat:
1323 2534 1381 2585 et
1436 2547 1540 2602 per
1579 2532 1893 2587 adventum

250 2594 466 2655 Christi
494 2603 592 2692 qui
623 2605 816 2666 factus
846 2594 935 2668 est
976 2615 1048 2670 ad
1100 2616 1358 2674 animam
1402 2594 1684 2687 nostram,
1720 2637 1896 2692 prava

252 2700 501 2781 quaeque
520 2691 741 2753 directa
761 2703 920 2756 sunt.
936 2702 1084 2766 Quid
1101 2705 1257 2761 enim
1273 2707 1377 2763 tibi
1394 2710 1647 2781 prodest,
1665 2691 1895 2765 siChri-

252 2778 381 2876 stus
402 2782 699 2851 quondam
724 2788 884 2846 venit
906 2790 963 2846 in
987 2809 1245 2861 carnem,
1271 2778 1631 2870 nisiquoque
1644 2799 1715 2854 ad
1733 2802 1897 2855 tuam

252 2874 511 2925 animam
525 2874 788 2931 venerit?
800 2879 1048 2938 Oremus
1064 2886 1129 2939 ut
1146 2883 1307 2941 illius
1320 2886 1577 2956 quotidie
1600 2886 1770 2943 nobis
1794 2888 1894 2943 ad-

2007 560 2062 616 Si
2096 561 2228 634 quis
2258 562 2383 618 vult
2412 561 2716 636 baptizari,
2749 562 3103 636 egrediatur.
3134 564 3374 617 Manens
3408 559 3565 615 enim
3595 559 3658 616 in

2010 651 2256 724 pristino
2288 656 2468 718 statu,
2485 656 2543 708 et
2562 668 2751 708 mores
2773 668 2911 708 suos
2934 656 2991 707 et
3021 649 3508 706 consuetudinem
3525 652 3658 717 jnon

2010 740 2368 813 relinquens,
2401 758 2772 814 nequaquam
2806 741 2913 797 rite
2942 741 3014 797 ad
3064 740 3426 813 baptismum
3476 738 3659 795 venit.

2009 828 2081 885 Ut
2111 833 2307 886 autem
2339 829 2634 903 intelligas
2661 830 2799 902 quid
2830 830 2907 885 sit
2929 830 3123 903 egredi
3158 830 3228 885 ad
3268 829 3656 902 baptismum,

2008 920 2204 991 accipe
2233 920 2636 977 testimonium
2668 925 2725 976 et
2755 919 3022 976 ausculta
3050 918 3226 975 verba
3256 917 3474 990 quibus
3506 918 3659 975 Deus

2006 1006 2269 1081 loquitur
2298 1009 2693 1067 ad'Abraham
2718 1030 2737 1078 ;
2792 1009 3062 1078 Egredere
3091 1009 3155 1064 de
3211 1017 3360 1063 terra
3389 1014 3491 1063 tua
3504 1008 3571 1080 ⁷³,
3603 1012 3661 1065 et

2007 1098 2251 1170 reliqua.
2286 1099 2737 1171 Egredientibus
2768 1099 2964 1172 itaque
2994 1098 3068 1155 ad
3116 1097 3412 1153 lavacrum
3444 1097 3658 1168 turbis,

2006 1205 2124 1243 non
2154 1193 2429 1260 egressis,
2479 1190 2580 1245 sed
2629 1193 2857 1245 tantum
2910 1187 3366 1261 egredientibus,
3396 1188 3658 1244 Joannes

2006 1277 2269 1350 loquitur
2296 1295 2423 1351 quae
2456 1282 2802 1351 sequuntur.
2839 1278 2897 1333 Si
2928 1278 3083 1334 enim
3109 1278 3235 1349 jam
3266 1278 3486 1350 egressi
3516 1276 3659 1334 fuis-

2007 1371 2158 1434 sent,
2191 1385 2496 1440 nunquam
2545 1370 2617 1425 ad
2677 1386 2776 1424 eos
2833 1367 3071 1433 diceret,
3124 1368 3403 1438 generatio
3443 1368 3657 1439 vipera-

2006 1473 2151 1512 rum.
2185 1456 2559 1530 Qumcunque
2584 1459 2765 1530 igitur
2794 1459 2866 1514 ad
2899 1454 3031 1513 illos
3090 1457 3370 1529 loquitur,
3428 1457 3499 1512 ad
3530 1471 3657 1525 vos,

2006 1547 2294 1604 317-18
2321 1565 2354 1604 o
2377 1547 2779 1604 catechumeni
2801 1552 2859 1604 et
2887 1547 3340 1615 catechumenm,
3364 1545 3650 1618 loquitur,

2003 1636 2111 1701 Qui
2141 1637 2455 1709 disponitis
2485 1638 2681 1694 venire
2724 1638 2797 1693 ad
2848 1637 3234 1709 baptismum,
3289 1634 3656 1693 considerate

2007 1742 2122 1782 non
2146 1726 2391 1783 forsitan
2416 1727 2580 1783 vobis
2603 1726 2720 1782 dici
2741 1725 2949 1799 possit,
3011 1727 3293 1797 generatio
3338 1726 3659 1797 viperarum

1927 1842 1973 1908 B
2006 1813 2118 1870 Sed
2150 1817 2208 1869 et
2235 1812 2377 1869 illud
2406 1815 2559 1886 qnod
2585 1814 2875 1885 sequitur,
2903 1813 3015 1870 nisi
3040 1813 3385 1908 pravitatem
3406 1829 3657 1908 venena-
3738 1820 3745 1823 '

2003 1918 2117 1974 que
2149 1912 2488 1975 serpentum
2521 1903 2592 1958 de
2623 1904 2794 1958 corde
2823 1907 3015 1959 vestro
3043 1901 3406 1974 expuleritis,
3439 1901 3657 1959 dicitur

2004 1991 2076 2047 ad
2110 2007 2249 2047 vos:
2284 1992 2392 2060 Qui
2420 1990 2656 2047 ostendit
2712 1992 2859 2047 vobis
2907 1994 3099 2062 fugere
3145 1992 3213 2046 ab
3255 1992 3344 2046 ira
3371 1995 3604 2048 ventura
3627 1979 3677 2046 γ’

2004 2079 2218 2153 Magna
2247 2079 2384 2136 huic
2416 2080 2627 2136 saeculo
2658 2080 2958 2152 impendet
2985 2080 3105 2138 ira:
3141 2079 3332 2136 omnis
3365 2080 3514 2136 iram
3547 2080 3652 2137 Dei

2003 2186 2290 2242 passurus
2321 2174 2410 2226 est
2440 2171 2735 2226 mundus:
2766 2174 2989 2227 tantam
3038 2171 3368 2227 vastitatem
3411 2169 3561 2241 cceli,
3594 2174 3653 2228 et

2003 2257 2375 2315 latitudinem
2398 2262 2584 2327 terrae,
2608 2264 2665 2316 et
2688 2258 2990 2316 stellarum
3022 2260 3252 2330 choros,
3275 2258 3651 2332 splendorem

2005 2346 2167 2421 solis,
2199 2352 2258 2404 et
2287 2347 2439 2405 lunae
2464 2353 2762 2405 nocturnae
2794 2349 3022 2421 solatia,
3061 2349 3158 2405 Dei
3207 2350 3294 2406 ira
3333 2350 3652 2407 subvertet.

2004 2436 2137 2493 Haec
2165 2438 2322 2494 enim
2353 2438 2553 2495 omnia
2582 2442 2816 2511 propter
2845 2438 3150 2495 hominum
3175 2442 3411 2510 peccata
3438 2439 3653 2496 transi-

2007 2524 2175 2581 bunt.
2210 2527 2279 2583 Et
2307 2527 2449 2583 olim
2480 2528 2720 2599 quidem
2745 2544 2923 2600 super
2943 2528 3141 2584 omnia
3162 2532 3392 2584 tantum
3419 2528 3478 2584 in
3502 2532 3657 2585 terra

2005 2616 2166 2671 venit
2186 2616 2274 2672 ira
2297 2616 2562 2689 Dei,qnia
2591 2618 2784 2673 omnis
2815 2634 2946 2673 caro
2960 2617 3277 2689 reliquerat
3296 2618 3450 2673 viam
3483 2630 3655 2674 suam

2006 2721 2185 2778 super
2211 2707 2551 2761 terrram“:
2587 2722 2742 2761 nunc
2767 2710 2964 2762 autem
3007 2712 3064 2762 et
3110 2722 3290 2779 super
3334 2705 3567 2778 ccelum,
3598 2710 3657 2763 et

2007 2811 2185 2866 super
2214 2798 2430 2851 terram
2461 2799 2826 2851 ventura'est
2872 2795 2961 2850 ira
3006 2795 3129 2851 Dei.
3182 2795 3315 2852 Βίειί
3343 2797 3655 2868 pertransi-

2008 2882 2164 2949 bunt,
2195 2891 2256 2939 tu
2283 2888 2466 2940 autem
2490 2885 2847 2956 permanebis
2904 2885 2997 2957 (ad
3056 2884 3241 2941 Deum
3298 2884 3553 2955 dicitur),
3601 2889 3657 2940 et

2008 2987 2196 3028 omnes
2222 2975 2366 3029 sicut
2395 2975 2777 3029 vestimentum
2810 2978 3161 3029 veterascent
3180 2975 3241 3028 ⁷⁵.
3275 2972 3477 3030 Videte
3507 2989 3654 3046 qua-

1877 3098 1897 3107 -
2006 3058 2080 3116 lis
2111 3065 2168 3118 et
2196 3063 2518 3134 quantaira
2537 3057 2775 3135 simium
2798 3064 3087 3119 mundum
3108 3079 3344 3120 omnem
3375 3079 3654 3120 consum-

1817 3155 1895 3211 ihi
1940 3223 1965 3225 ἡ
2007 3155 2181 3223 ptnra
2210 3151 2307 3221 sit,
2335 3155 2389 3208 et
2421 3151 2624 3224 puniet
2652 3168 2751 3209 eos
2781 3152 2881 3225 qui
2913 3169 3083 3225 poena
3112 3152 3275 3225 digni
3306 3156 3471 3220 sunt,
3502 3152 3656 3209 inve-

254 3305 355 3409 illo
375 3310 569 3409 fuero,
583 3315 736 3374 sicut
754 3320 969 3382 fruitus
989 3331 1078 3384 est
1097 3329 1335 3402 Paulus,
1355 3336 1493 3387 tunc
1516 3305 1573 3387 et
1592 3348 1698 3404 ego
1720 3332 1898 3388 Paulo

254 3398 528 3490 similiter
554 3403 796 3480 loquar:
834 3413 958 3470 Vivo
979 3416 1105 3487 jam
1132 3434 1243 3474 non
1271 3398 1385 3490 ego,
1420 3422 1557 3476 vivit
1578 3398 1703 3477 vero
1732 3423 1793 3476 in
1812 3437 1900 3476 me

256 3485 525 3581 Christus.
556 3485 1004 3559 Consideremus
1030 3520 1167 3580 ergo
1197 3485 1425 3575 caetera,
1481 3526 1607 3581 quas
1646 3509 1707 3565 in
1735 3509 1897 3565 Chri-

382 3582 774 3676 prssdicentur
818 3576 1125 3651 adventu:
1152 3596 1307 3652 Nihil
1356 3602 1411 3654 te
1452 3576 1720 3670 asperius
1752 3601 1895 3654 erat.

252 3662 398 3768 Yide
424 3668 706 3768 pristinos
737 3682 932 3737 motus
960 3686 1117 3753 tuos,
1148 3686 1277 3742 vide
1308 3686 1479 3754 iram,
1511 3662 1569 3743 et
1589 3691 1795 3745 caetera
1813 3686 1897 3743 vi-

256 3755 359 3855 tia,
391 3755 441 3811 si
467 3762 668 3855 tamen
691 3777 1069 3829 cessaverunt
1084 3790 1213 3831 esse
1228 3792 1357 3847 quae
1373 3776 1621 3849 fuerant,
1645 3780 1703 3832 et
1725 3776 1899 3833 intel-

255 3840 399 3945 ligis.
422 3846 567 3945 nihil
598 3855 659 3945 te
684 3858 973 3932 asperius,
1004 3866 1062 3918 et
1093 3863 1183 3937 (ut
1209 3840 1640 3937 signiﬁcantius
1670 3865 1899 3939 loquar)

256 3932 403 4028 nihil
434 3936 616 3997 fuisse
646 3942 1012 4019 inaequalius.
1044 3932 1416 4011 conservatio
1463 3959 1565 4011 tua
1593 3932 1900 4028 inaequalis

254 4026 397 4124 erat,
431 4031 489 4083 et
518 4044 712 4090 sermo
741 4039 799 4093 et
828 4054 1005 4110 opera
1034 4040 1364 4115 inaequalia.
1416 4045 1589 4100 Venit
1619 4026 1756 4117 ergo
1786 4044 1900 4101 Do-

255 4126 465 4210 minus.
486 4133 652 4210 meus
688 4124 884 4196 Jesus,
915 4132 1322 4204 et‘exmquavit
1367 4133 1714 4205 asperitates
1742 4138 1898 4203 tuas,

254 4207 645 4295 incomposita
672 4228 935 4288 quasqua;
962 4220 1134 4277 vertit
1165 4221 1224 4277 in
1258 4221 1382 4280 vias
1412 4221 1639 4295 planas,
1664 4223 1903 4279 utﬁeret

254 4286 314 4394 in
430 4292 543 4394 iter.
569 4298 695 4357 sine
724 4286 1064 4377 offensione,
1088 4314 1146 4366 et
1173 4310 1296 4367 leve
1328 4286 1489 4384 [forte
1512 4286 1694 4382 laeve],
1725 4316 1902 4385 atque

252 4392 666 4481 ξξινξεξὶωιξω,
696 4394 1154 4481 gradereturqus
1185 4400 1245 4457 in
1301 4405 1359 4457 te
1414 4405 1567 4458 Deus
1625 4401 1813 4470 Pater,
1845 4405 1903 4457 et

253 4464 526 4529 Christus
559 4474 841 4538 Dominus
870 4464 1238 4546 mansionem
1269 4491 1427 4562 apud
1458 4495 1514 4546 te
1543 4490 1777 4560 faceret,
1799 4464 1898 4547 vdi-

251 4563 558 4632 caretque:
593 4565 700 4638 Ego
729 4573 780 4626 et
826 4573 993 4630 Pater
1035 4593 1189 4632 meus
1234 4580 1518 4635 veniemus
1573 4583 1631 4635 et
1656 4581 1903 4636 mansio-

248 4661 375 4748 nem
397 4664 552 4748 apua
580 4669 709 4748 eum
763 4662 1034 4731 faciemus
1091 4666 1154 4720 τ’.
1213 4667 1528 4739 Sequitur:
1593 4669 1656 4725 Et
1694 4668 1907 4725 videbit

248 4746 585 4842 omnts‘caro
613 4746 864 4805 salutare
916 4752 1036 4807 Dei.
1085 4753 1171 4809 Tu
1229 4755 1530 4826 quondam
1588 4771 1723 4811 caro
1754 4771 1906 4842 eras,

252 4830 372 4920 imo
405 4831 469 4882 ut
498 4830 830 4920 mirabilius
860 4838 1087 4913 loquar,
1120 4858 1255 4898 cum
1290 4844 1483 4900 adhuc
1513 4845 1572 4900 in
1595 4861 1769 4901 carne
1800 4830 1904 4920 sis;

249 4912 411 5009 vides
439 4917 698 5009 salutare
724 4926 846 4982 Dei.
881 4912 1027 4993 Quid
1057 4935 1254 4989 autem
1283 4932 1391 4987 sibi
1426 4932 1563 4989 velit
1586 4934 1739 5007 quod
1759 4912 1905 4990 dici;

250 5000 367 5099 “'11:.
400 5008 595 5099 omnis
627 5004 783 5086 caro,
812 5033 880 5073 eo
911 5020 1065 5090 quod
1101 5019 1261 5077 nulla
1282 5021 1608 5094 excipiatur
1634 5038 1761 5093 qua:
1788 5040 1905 5079 non

248 5089 441 5190 videat
460 5095 717 5190 salutare
738 5103 862 5175 Dei,
896 5089 1162 5181 relinquo
1193 5089 1770 5185 intelligendum-his
1803 5113 1903 5185 qui

247 5186 445 5240 sciunt
466 5186 904 5262 Scripturarum
920 5200 1219 5270 mysteria.
1247 5202 1527 5266 Quaenam
1550 5202 1903 5275 egredienti-

2005 3241 2240 3312 nietque
2273 3241 2576 3297 materiam
2610 3243 2669 3297 in
2702 3258 2819 3315 qua
2840 3259 2901 3298 se
2922 3246 3203 3298 exerceat.
3234 3240 3654 3314 Unusquisque

2009 3332 2277 3384 nostrum
2306 3346 2375 3384 ex
2404 3346 2470 3386 eo
2503 3330 2657 3401 qnod
2680 3331 2882 3403 gessit,
2917 3331 3017 3387 irae
3040 3330 3345 3387 materiam
3370 3346 3657 3403 praepara-

2006 3416 2107 3473 vit.
2142 3417 2454 3474 Secundum
2483 3419 2753 3474 duritiam
2809 3422 2959 3474 enim
3017 3430 3171 3476 tuam
3221 3428 3276 3475 et
3309 3421 3659 3491 impamitens

2006 3522 2099 3564 cor
2128 3507 2482 3564 thezaurizas
2512 3510 2618 3565 tibi
2645 3509 2791 3565 iram
2821 3511 2880 3565 in
2901 3509 2989 3565 die
3009 3510 3115 3567 irae
3128 3513 3177 3565 et
3200 3510 3550 3566 reuelationis
3561 3510 3657 3580 ju-

2007 3597 2080 3652 sti
2096 3596 2305 3670 judicii
2332 3598 2448 3665 Dei,
2482 3597 2696 3653 dicitur
2743 3599 2814 3654 ad
2852 3599 3149 3656 Romanos
3169 3600 3233 3655 ⁷⁸.
3284 3598 3425 3654 Dein
3457 3597 3657 3671 sequi-

2007 3688 2140 3741 tur:
2177 3687 2313 3755 Quis
2341 3687 2575 3742 ostendit
2602 3689 2755 3744 vobis
2780 3692 2970 3760 lugere
2996 3688 3064 3743 ab
3111 3689 3201 3743 ira
3249 3695 3479 3745 ventura
3497 3691 3523 3742 .9
3560 3689 3661 3743 Fa-

2006 3775 2115 3830 cite
2143 3790 2271 3844 ergo
2288 3776 2507 3850 fructus
2535 3776 2726 3848 dignos
2762 3779 3115 3849 paenitentia.
3151 3778 3221 3833 Et
3247 3777 3415 3833 vobis
3438 3776 3539 3849 qui
3566 3793 3658 3833 ve-

2009 3864 2150 3920 nitis
2180 3865 2250 3920 ad
2280 3865 2667 3938 baptismum,
2700 3866 2949 3923 dicitur:
2981 3867 3163 3923 Facite
3208 3870 3424 3939 fructus
3464 3866 3657 3937 dignos

2005 3955 2367 4025 paenitentia.
2400 3952 2590 4011 Vultis
2618 3956 2767 4012 scire
2797 3955 2897 4029 qui
2929 3961 3068 4013 sunt
3097 3955 3324 4027 fructus
3371 3954 3658 4027 paeniten-

2008 4042 2103 4098 tia:
2126 4043 2153 4098 ?
2183 4041 2450 4100 Charitas
2469 4046 2692 4101 fructus
2711 4048 2799 4101 est
2816 4045 3091 4117 Spiritus,
3120 4044 3406 4117 gaudium
3432 4043 3658 4100 fructus

2009 4134 2099 4187 est
2128 4131 2403 4204 Spiritus,
2436 4150 2567 4205 pax,
2600 4133 2900 4205 patientia,
2924 4132 3553 4206 benignitas,bonitas,
3585 4131 3658 4187 fi-

2012 4221 2134 4292 des,
2167 4222 2582 4291 mansuetudo,
2612 4222 2989 4295 continentia,
3020 4227 3078 4279 et
3104 4223 3330 4294 reliqua
3376 4221 3661 4293 hujusce-

2011 4309 2171 4366 modi
2199 4311 2263 4365 ⁷⁷.
2296 4310 2352 4367 Si
2386 4310 2506 4368 haec
2564 4312 2765 4368 omnia
2812 4312 3217 4384 habuerimus,
3259 4311 3506 4367 fecimus
3536 4310 3661 4367 fru-

2012 4401 2143 4456 ctus
2175 4399 2386 4472 dignos
2416 4399 2791 4472 pmnitentits.
2825 4402 3083 4458 Rursum
3112 4401 3331 4457 dicitur
3346 4400 3421 4456 ad
3441 4415 3541 4456 eos
3559 4397 3662 4471 qui

2012 4488 2084 4544 ad
2109 4488 2354 4544 Joannis
2386 4488 2748 4561 baptismum
2778 4490 3126 4547 veniebant:
3159 4492 3225 4546 Et
3276 4506 3346 4547 ne
3374 4490 3662 4561 incipiatis

2010 4576 2192 4633 dicere
2212 4579 2362 4633 intra
2392 4581 2759 4650 vosmetipsos,
2788 4583 3004 4651 patrem
3039 4581 3300 4637 habemus
3349 4577 3658 4635 Abraham:

2016 4664 2135 4722 dico
2164 4668 2314 4721 enim
2340 4667 2510 4735 vobis,
2543 4670 2679 4741 quia
2702 4671 2878 4740 potest
2923 4669 3063 4725 Deus
3118 4669 3183 4724 de
3230 4668 3512 4741 lapidibus
3541 4668 3664 4722 istis

2017 4757 2283 4812 suscitare
2310 4758 2457 4828 ﬁlios
2486 4758 2759 4813 Abraham
2789 4757 2923 4830 (60).
2954 4758 3273 4831 Prephetat
3290 4757 3548 4814 Joannes
3563 4773 3666 4812 no-

2016 4845 2295 4903 vissimus
2322 4846 2736 4918 prophetarum
2767 4846 3166 4919 expulsionem
3199 4847 3409 4919 prioris
3438 4845 3662 4919 populi,

2016 4938 2073 4990 et
2101 4936 2463 4992 vocationem
2495 4935 2782 5007 gentium.
2817 4936 2939 4991 Illis
2968 4936 3122 4991 enim
3144 4936 3245 5009 qui
3271 4936 3342 4992 de
3363 4934 3663 4992 Abraham

2015 5022 2420 5097 gloriabantur
2446 5024 2589 5080 dicit
2614 5042 2627 5079 :
2648 5025 2723 5079 'Et
2751 5041 2820 5080 ne
2850 5026 3137 5097 incipiatis
3164 5024 3345 5081 dicere
3389 5027 3451 5079 in
3494 5025 3667 5080 vobis-

2013 5115 2287 5186 metipsis,
2325 5121 2537 5185 patrem
2565 5113 2827 5170 habemus
2855 5114 3152 5171 Abraham.
3185 5115 3254 5170 Et
3286 5114 3358 5170 de
3387 5112 3664 5187 gentibus

2015 5220 2255 5261 rursum
2286 5202 2587 5275 loquitur:
2622 5204 2754 5260 Dico
2785 5205 2939 5261 enim
2966 5205 3135 5274 vobis,
3168 5206 3302 5276 quia
3324 5205 3498 5277 potest
3524 5203 3667 5259 Deus

318 5308 589 5402 2-30m'
620 5335 747 5402 ηιξ,
784 5321 982 5402 14:7"
1023 5323 1203 5402 ﬁat;
1232 5343 1294 5397 ιι,
1357 5328 1448 5383 20.
1503 5327 1549 5362 ⁷³
1604 5327 1774 5385 Joan.
1835 5346 1894 5385 x1

2008 5329 2096 5384 23.
2156 5327 2201 5362 ⁷³
2257 5326 2400 5384 Gen.
2456 5345 2560 5398 xu,
2621 5330 2675 5400 1,
2732 5330 2777 5365 7‘
2805 5328 2948 5387 Gen.
2980 5347 3055 5400 v1,
3090 5331 3177 5387 42.
3209 5330 3255 5365 ’⁷⁵
3285 5328 3439 5402 Psal,
3471 5343 3545 5400 CI,
3571 5326 3666 5384 27-

245 5378 293 5413 "
322 5381 490 5441 Rom.
521 5404 585 5459 II,
617 5392 670 5447 5.
704 5378 747 5427 7’7
778 5393 902 5451 Gal.
931 5411 984 5464 ν,
1019 5378 1230 5467 ἓέξξ3.

318 5533 700 5613 (ὀρχεοδθᾳω
745 5538 944 5613 Grabii
988 5542 1045 5613 et
1070 5539 1425 5613 Combeﬁsii
1463 5542 1625 5613 εΤῷν
1682 5539 1775 5613 μὲν
1806 5536 1900 5613 ρῦν

248 5600 525 5687 levigata)?
566 5607 737 5687 pii-cm
766 5610 878 5687 τὴν⁸
923 5608 1227 5687 καθαίρξσιν
1284 5611 1644 5687 ’τιερρφςζλτεύειζ
1682 5600 1901 5687 ἐἰσάγει

248 5670 306 5734 δὲ
332 5679 439 5732 τῶν
470 5676 630 5735 ἐθνῶν
680 5680 779 5751 τήν
824 5670 1044 5754 διλῆσιν,
1086 5670 1192 5746 ὀὓς
1234 5670 1338 5737 καῖ
1380 5670 1570 5749 Χίόους
1620 5670 1898 5759 ὖνομάζέι.

2009 5540 2329 5619 Iudaeorum
2359 5545 2534 5619 igitur
2562 5547 2901 5619 eversionem
2935 5545 3032 5603 hoc
3059 5545 3216 5619 modo
3269 5543 3581 5619 prophetat,
3610 5546 3667 5602 et

2009 5613 2227 5744 :npuﬁa
2255 5613 2592 5673 vocationem
2624 5618 2874 5686 gentium
2904 5634 3038 5689 quas
3094 5613 3284 5676 etiam'
3309 5613 3519 5693 lapides
3562 5613 3665 5673 vo-

2041 5703 2072 5742 α
2103 5726 2116 5741 .
2193 5703 2379 5745 υλευε.
3442 5710 3445 5713 ·
