4058 6190
343 313 468 376 289
752 308 1256 374 TRANSLATIO
1301 308 1802 374 HOMILIARUM
1850 308 2216 373 ORlGENlS
2263 313 2340 372 IN
2387 312 2675 375 LUCAM.
2710 345 2783 359 —
2816 314 3087 377 HOMIL.
3131 316 3347 379 XXIII.
3641 315 3762 381 290

339 449 419 504 De
448 443 733 518 lapidibus
752 444 872 500 istis
901 444 1166 500 suscitare
1194 444 1339 515 filios
1366 444 1621 500 Abrahae.
1656 445 1736 500 De
1785 444 2003 517 quibus
2031 445 2083 512 Α
2116 444 2254 499 Cum
2286 449 2479 500 autem
2510 448 2673 500 tanta
2702 450 2833 517 post
2858 446 3072 503 saecula
3103 446 3390 519 fluxerint,
3424 454 3483 507 et
3516 454 3638 508 tam
3671 452 3759 509 in-

335 532 690 608 lapidibus?
721 532 835 605 (61)
868 534 993 589 Νοιι
1025 533 1230 606 utique
1279 533 1505 606 lapides
1563 532 2000 590 irrationabiles
2111 533 2509 590 numerabiles
2539 533 2674 591 anni
2710 534 2910 591 abillo
2937 539 3199 608 tempore
3242 553 3431 611 usque
3490 539 3561 595 ad
3620 557 3761 612 prte-

338 639 770 698 corporeosque
794 623 1184 692 monstrabat,
1207 623 1307 679 sed
1326 622 1597 679 homines
1624 622 2003 679 insensibiles
2111 626 2337 679 sentem
2352 622 2505 679 diem
2521 624 2615 679 81
2628 624 2806 680 θαι)
2820 623 3180 690 transierint,
3200 628 3491 698 quomodo
3508 628 3761 700 Spiritus

342 719 403 772 et
431 713 728 787 quondam
760 713 961 779 duros,
998 712 1096 784 qui
1122 711 1273 784 quia
1302 712 1525 785 lapides
1556 717 1612 768 et
1642 712 1804 786 ligna
1863 714 2003 769 ado-

342 803 574 869 rabant,
598 799 906 874 impletum
930 806 1020 857 est
1045 802 1189 857 illud
1215 802 1368 874 quod
1396 802 1453 857 in
1488 802 1712 875 psalmo
1736 803 2001 859 cantaba-

339 898 475 950 tur:
510 891 737 947 Similes
767 891 885 946 illis
914 891 1054 961 ﬁant
1086 890 1161 964 [al
1195 891 1353 963 ﬁunt]
1383 893 1481 964 qui
1534 893 1751 963 faciunt
1806 907 1889 959 ea,
1952 898 2003 947 et

344 997 535 1040 omnes
563 982 657 1053 qui
682 979 962 1049 conﬁdunt
992 981 1160 1035 eis".
1197 979 1338 1036 Vere
1395 980 1496 1053 qui
1552 980 1773 1036 faciunt
1827 979 2000 1048 idola,

351 1076 413 1129 et
442 1070 739 1127 conﬁdunt
767 1070 828 1125 in
859 1069 965 1141 eis,
1000 1068 1222 1125 similes
1263 1073 1403 1126 sunt
1434 1069 1547 1125 diis
1577 1070 1723 1137 suis,
1782 1070 2006 1141 absque

351 1176 553 1227 sensu,
586 1162 710 1215 sine
740 1157 862 1213 ulla
892 1159 1137 1227 ratione,
1168 1158 1226 1213 in
1275 1155 1505 1231 lapides
1530 1158 1807 1231 lignaque
1864 1175 2010 1215 con-

350 1250 503 1306 versi
534 1252 692 1305 sunt.
725 1249 869 1304 Cum
903 1247 1060 1304 enim
1092 1252 1324 1303 tantum
1348 1248 1584 1303 videant
1607 1252 2010 1304 creaturarum

349 1339 640 1407 ordinem,
658 1337 951 1404 decorem,
974 1334 1259 1403 ofﬁcium,
1281 1338 1505 1391 tantam
1530 1334 1736 1390 mundi
1758 1333 2013 1406 pulchri-

349 1427 642 1493 tudinem,
664 1424 876 1481 nolunt
897 1425 967 1480 de
998 1423 1283 1480 creaturis
1310 1423 1637 1496 intelligere
1657 1427 2011 1491 Creatorem,
2115 1424 2339 1496 pidibus
2369 1426 2493 1480 istis
2521 1426 2792 1481 suscitare
2815 1423 2965 1496 ﬁlios
2995 1426 3240 1482 Abrahae.
3272 1431 3392 1483 Hoc
3449 1430 3773 1502 ergoquod

352 1531 542 1588 neque
572 1513 947 1571 considerant
998 1518 1175 1569 tantae
1233 1513 1693 1585 dispensationis
1749 1512 2012 1584 aliquam
2123 1514 2205 1569 ait
2233 1530 2246 1568 :
2275 1515 2408 1569 Ecce
2436 1516 2644 1569 securis
2667 1514 2742 1569 ad
2772 1513 2979 1570 radices
3005 1515 3270 1570 arborum
3304 1517 3487 1587 posita
3516 1526 3612 1586 est,
3668 1518 3772 1574 Ju-
3858 1526 3861 1531 '

356 1603 809 1679 providentiam,
871 1602 1129 1675 aliquem
1187 1619 1314 1658 esse
1346 1607 1653 1672 rectorem,
1711 1602 1810 1658 sed
1874 1605 2016 1658 sunt
2124 1603 2263 1658 dacis
2293 1601 2574 1674 loquitur.
2608 1602 2711 1658 Cui
2745 1603 2944 1658 sensui
2977 1609 3035 1659 et
3064 1603 3447 1675 apostolicum
3472 1604 3610 1662 illud
3645 1620 3779 1662 con-

360 1693 513 1762 caeci,
547 1692 641 1748 his
666 1695 894 1747 tantum
919 1690 1106 1747 oculis
1139 1690 1428 1747 mundum
1457 1691 1739 1759 videntes,
1798 1691 2015 1763 quibus
2123 1691 2302 1764 gruit,
2334 1692 2547 1747 fractos
2576 1708 2705 1747 esse
2737 1692 2808 1747 ab
2838 1691 2949 1747 hac
2978 1693 3170 1749 securi
3199 1693 3786 1752 inﬁdelitatisramos‘

360 1781 787 1839 irrationabilia
808 1782 1080 1853 jumenta
1110 1784 1171 1836 et
1194 1780 1390 1836 bestiae
1424 1780 1641 1836 vident.
1682 1781 1807 1837 Non
1857 1780 2014 1837 enim
2049 1822 2097 1887 Β
2127 1784 2303 1852 atque
2329 1780 2612 1848 succisos,
2647 1784 2711 1835 ut
2741 1783 3072 1852 amputaret
3101 1797 3170 1856 ex
3199 1782 3406 1839 arbore
3463 1800 3580 1841 non
3623 1785 3775 1841 radi-

362 1872 841 1931 animadvertunt
873 1871 929 1926 in
962 1870 1055 1926 his
1086 1887 1212 1942 quae
1242 1869 1439 1925 vident
1477 1869 1700 1925 ratione
1731 1868 1873 1942 regi,
1908 1868 2021 1923 ali-
2050 1868 2097 1887 ”
2128 1885 2276 1938 cem,
2311 1870 2411 1925 sed
2432 1886 2500 1925 ea
2527 1886 2654 1941 quze
2681 1870 2753 1925 de
2783 1870 2976 1925 radice
3009 1869 3395 1943 pullularunt,
3421 1873 3558 1928 utin
3588 1874 3780 1931 radice

2112 717 2353 770 sanctus
2384 714 2444 768 in
2479 712 2761 785 propheta
2789 714 2947 770 dicat
2974 730 2986 770 :
3019 714 3150 770 Ecce
3176 717 3383 771 securis
3419 717 3490 772 ad
3542 719 3763 775 radices

2115 801 2377 857 arborum
2406 803 2578 873 posita
2611 809 2706 870 est,
2737 802 3020 860 debemus
3074 802 3390 876 inquirere.
3451 803 3566 878 Ego
3622 811 3763 877 puto

2116 888 2430 946 Israelitico
2460 889 2675 963 populo
2703 891 3057 962 prophetari,
3099 892 3255 965 quod
3317 893 3581 964 prrecisio
3637 894 3766 965 ejus

2116 978 2309 1034 vicina
2341 979 2438 1035 sit.
2471 978 2571 1035 His
2602 978 2757 1034 enim
2791 980 2891 1051 qui
2923 981 3372 1053 egrediebantur
3392 982 3463 1037 ad
3494 998 3652 1049 eum,
3705 987 3770 1039 ut

2119 1067 2578 1140 baptizarentur,
2610 1067 2762 1124 inter
2790 1072 2996 1124 caetera
3017 1069 3401 1140 loquebatur:
3430 1072 3611 1127 Facite
3644 1075 3769 1144 fru-

2117 1166 2236 1213 ctus
2265 1157 2469 1231 dignos
2496 1158 2861 1229 paenitentia;
2894 1161 2951 1213 et
3007 1158 3177 1230 quasi
3232 1158 3448 1216 Iudaeis
3504 1160 3766 1217 dicebat:

2118 1246 2195 1302 Ne
2226 1248 2512 1318 incipiatis
2543 1245 2724 1302 dicere
2751 1248 2811 1301 in
2838 1246 3259 1320 vobismetipsis,
3280 1258 3492 1320 patrem
3512 1249 3772 1308 habemus

2120 1335 2424 1392 Abraham.
2463 1335 2586 1391 Dico
2616 1337 2767 1391 enim
2796 1336 2965 1405 vobis,
2995 1338 3127 1407 quia
3153 1341 3324 1408 potest
3361 1343 3509 1395 Deus
3561 1356 3635 1395 ea:
3690 1341 3773 1397 la-

366 1979 543 2036 quam
576 1962 773 2017 inesse
802 1959 1110 2015 rationem.
1143 1959 1273 2014 Haec
1306 1962 1627 2030 propterea,
1680 1958 1819 2030 quia
1848 1960 2020 2014 Joan-

364 2069 467 2109 nes
496 2051 757 2107 dixerat:
790 2053 972 2105 Potest
1001 2050 1141 2105 Deus
1169 2049 1243 2104 de
1287 2046 1567 2120 lapidibus
1596 2049 1719 2104 istis
1747 2050 2020 2104 suscitare

364 2140 515 2216 ﬁlios
555 2140 809 2196 Abrahw.
841 2140 911 2194 Et
942 2155 1047 2194 nos
1078 2137 1261 2210 igitur
1288 2137 1663 2193 Obsecremus
1692 2137 1897 2207 Deum,
1959 2141 2024 2193 ut

366 2230 414 2286 si
435 2229 676 2302 quando
697 2228 918 2283 fuimus
941 2227 1183 2299 lapides,
1208 2230 1506 2282 vertamur
1524 2226 1581 2281 in
1606 2226 1757 2282 ﬁlios
1782 2225 2024 2281 Abrahze

368 2336 477 2393 pro
496 2318 593 2374 his
617 2317 751 2374 ﬁliis
774 2318 873 2390 qui
900 2315 1067 2389 ejecti
1090 2321 1247 2383 sunt,
1270 2320 1326 2371 et
1346 2315 1862 2387 repromissionem
1886 2316 2024 2372 ado-

372 2408 752 2481 ptionemque
773 2423 877 2463 suo
907 2405 1047 2462 vitio
1075 2404 1455 2478 perdiderunt
1475 2406 1611 2478 (62).
1638 2404 1829 2461 Unum
1862 2405 2026 2461 testi-

374 2496 647 2553 monium
680 2495 865 2551 adhuc
894 2495 963 2551 de
990 2494 1284 2567 lapidibus
1314 2510 1550 2568 ponam.
1609 2494 1907 2567 Siquidem
1966 2493 2026 2549 in

379 2586 607 2641 cantico
646 2584 824 2641 Exodi
854 2583 1135 2640 scribitur
1189 2584 1268 2639 7°:
1336 2585 1627 2640 Vertantur
1676 2584 1734 2640 in
1791 2582 2027 2655 lapides,

381 2674 553 2730 donec
566 2676 916 2745 pertranseat
931 2673 1164 2745 populus
1187 2681 1328 2740 tuus,
1361 2673 1606 2740 Domine,
1636 2673 1803 2729 donec
1851 2676 2029 2728 trans-

380 2770 472 2820 eat
492 2764 732 2836 populus
755 2770 881 2818 tuus
912 2765 1012 2818 iste
1041 2778 1198 2835 quem
1244 2762 1547 2833 possedisti.
1609 2763 1868 2835 Rogatur
1923 2762 2031 2816 ita-

385 2868 499 2924 que
517 2856 691 2919 Deus,
717 2854 783 2906 ut
814 2851 1112 2923 paulisper
1131 2854 1541 2907 convertantur
1564 2852 1619 2906 in
1644 2851 1867 2924 lapides
1892 2869 1905 2919 ;
1926 2850 2036 2906 hoc

384 2940 544 2996 enim
574 2940 684 3013 (63)
718 2940 952 2996 Graecus
982 2956 1173 2995 sermo
1204 2939 1633 3011 signiﬁcantius
1677 2934 1865 3007 sonat,
1915 2939 2037 2993 ἀνα-

385 3024 776 3101 λιθούσθωσαν,
810 3029 992 3085 donec
1014 3033 1376 3101 pertranseat
1404 3028 1657 3101 populus
1675 3030 2034 3086 Judaeorum.

383 3117 550 3174 Haud
582 3118 831 3173 dubium
864 3118 1004 3189 quin
1039 3121 1350 3190 postquam
1374 3117 1459 3172 illi
1484 3117 1841 3185 transierint,
1896 3135 2035 3190 gen-

2130 1958 2392 2031 pristinte
2449 1959 2696 2024 arboris,
2730 1958 2876 2013 rami
2926 1959 3156 2030 possint
3212 1961 3445 2015 oleastri
3502 1961 3683 2017 inseri
3711 1963 3777 2019 ⁸ο.

2130 2048 2335 2105 Omnis
2364 2064 2499 2120 ergo
2532 2048 2725 2115 arbor,
2759 2064 2885 2119 quae
2918 2064 3030 2103 non
3066 2047 3205 2103 facit
3248 2048 3502 2105 fructum
3534 2051 3778 2120 bonum,

2132 2137 2478 2209 praecidetur
2506 2140 2563 2191 et
2594 2137 2650 2191 in
2682 2135 2878 2209 ignem
2912 2138 3215 2193 mittetur:
3240 2136 3394 2195 hunc
3425 2139 3583 2195 enim
3602 2138 3779 2197 finem

2134 2226 2309 2280 habet
2338 2230 2402 2280 ut
2430 2223 2699 2281 incendio
2730 2229 3151 2282 concremetur.
3180 2226 3398 2285 Deinde
3449 2232 3569 2286 tres
3625 2230 3782 2286 ordi-

2136 2329 2239 2370 nes
2260 2314 2622 2369 inducuntur
2645 2313 3073 2371 sciscitantium
3092 2315 3377 2373 Joannem
3397 2334 3574 2391 super
3594 2318 3783 2377 salute

2136 2420 2277 2460 sua:
2311 2420 2466 2459 unus
2498 2420 2674 2475 quem
2707 2404 3009 2476 Scriptura
3033 2404 3346 2479 appellavit
3376 2407 3621 2480 populos
3649 2425 3782 2466 exev

2136 2496 2308 2549 untes
2330 2494 2402 2548 ad
2432 2493 2747 2564 baptisma,
2779 2491 2930 2548 alius
2963 2509 3137 2565 quem
3159 2493 3502 2566 publicanos
3522 2498 3789 2555 nominat

2137 2583 2346 2638 tertius
2377 2581 2477 2654 qui
2511 2580 2764 2638 militum
2794 2582 3180 2655 appellatione
3209 2589 3497 2642 censetur.
3545 2588 3790 2644 Interro-

2138 2672 2340 2743 gabant
2368 2687 2493 2727 eum
2535 2671 2732 2739 turbzr,
2792 2671 3067 2728 dicentes:
3121 2672 3263 2741 Quid
3313 2676 3634 2746 faciemus?
3682 2678 3791 2746 Qui

2139 2760 2468 2832 respondens
2492 2761 2606 2815 eis:
2644 2761 2759 2831 Qui
2786 2760 2949 2816 habet
2975 2760 3113 2816 duas
3154 2764 3389 2830 tunicas,
3443 2763 3531 2819 det
3585 2766 3641 2820 ei
3691 2767 3791 2837 qui

2140 2868 2256 2905 non
2285 2851 2447 2905 habet
2472 2868 2489 2904 :
2521 2858 2571 2905 et
2601 2852 2695 2920 qui
2722 2849 2881 2905 habet
2907 2850 3077 2917 cibos,
3107 2850 3362 2907 similiter
3404 2854 3592 2923 faciat.
3623 2853 3786 2917 Quod

2144 2938 2406 3010 quidem,
2439 2938 2635 2993 nescio
2665 2936 2712 2993 si
2744 2939 2927 2993 turbas
2957 2938 3262 2994 conveniat
3290 2939 3544 3013 praecipi.
3603 2942 3788 3015 Magis

2145 3027 2302 3082 enim
2334 3025 2616 3098 apostolis
2646 3042 2823 3095 quam
2853 3023 3024 3097 vulgo
3054 3027 3345 3098 congruit,
3379 3032 3445 3083 ut
3487 3028 3588 3101 qui
3641 3030 3791 3089 duas

2147 3115 2375 3171 tunicas
2405 3114 2602 3190 habet,
2637 3129 2812 3169 unam
2845 3113 3064 3170 tribuat
3112 3130 3227 3170 non
3288 3113 3565 3173 habenti.‘
3607 3106 3675 3175 Et
3729 3128 3793 3177 ut

380 3213 469 3264 tes
500 3207 742 3281 lapideae
769 3223 897 3263 esse
929 3207 1262 3272 cessabunt,
1295 3212 1345 3262 et
1381 3223 1485 3279 pro
1517 3207 1662 3263 duro
1685 3207 1857 3263 corde
1888 3208 2030 3263 reci-
2063 3193 2105 3261 C
2145 3204 2294 3261 scias
2328 3203 2513 3275 magis
2540 3202 2648 3258 hoc
2677 3201 2959 3275 apostolis
2980 3219 3157 3274 quam
3184 3205 3416 3277 populis
3460 3207 3789 3279 convenire,

378 3295 543 3370 pient
572 3296 895 3351 humanam
927 3295 984 3350 in
1016 3294 1244 3351 Christo
1286 3295 1811 3368 rationabilemque
1857 3302 2033 3353 natu-

380 3403 530 3442 ram.
565 3386 669 3440 Cui
702 3390 759 3442 et
789 3384 974 3457 gloria
1003 3390 1058 3440 et
1088 3385 1400 3456 imperium
1427 3386 1486 3440 in
1530 3384 1742 3442 saecula
1795 3386 2031 3442 saeculo-

380 3492 539 3533 rum.
571 3477 778 3531 Amen.

950 3581 1253 3637 HOMILIA
1294 3581 1492 3637 XXIII.

385 3674 465 3729 De
491 3687 556 3728 eo
580 3669 722 3743 quod
749 3672 991 3742 scripum
1020 3680 1100 3726 est
1120 3689 1141 3724 .-
1172 3692 1199 3721 ‹‹
1252 3672 1382 3726 Ecce
1405 3673 1640 3743 securis
1694 3671 1763 3727 ad
1788 3722 1793 3727 ,
1815 3672 2040 3728 radices

460 3742 722 3799 arborum
748 3744 932 3813 posita
961 3746 1059 3805 est,
1098 3765 1118 3791 ιι
1148 3757 1325 3814 usque
1347 3742 1417 3797 ad
1437 3759 1565 3799 eum
1584 3745 1760 3799 locum
1781 3744 1883 3799 ubi
1923 3746 2039 3800 ait:

466 3837 495 3865 ‹(
529 3816 797 3939 Venecrunt
820 3819 1003 3869 autem
1032 3817 1082 3869 et
1107 3814 1417 3885 publicani,
1448 3817 1507 3869 ut
1536 3814 1955 3887 baptizarentur
1973 3815 2040 3871 ab

466 3902 549 3939 eo.
584 3908 612 3934 ››
689 3901 778 3939 an.
810 3902 895 3939 ιιι.

466 3902 549 3941 eo.
584 3908 612 3934 ››
643 3901 778 3956 uap.
810 3902 895 3940 ιιι.

466 4010 725 4089 Jpannes
753 4008 850 4065 illo
873 4010 993 4080 jam
1029 4013 1289 4082 tempore
1318 4007 1697 4081 loquebatur:
1728 4010 1862 4065 Ecce
1886 4025 2042 4066 secu-

388 4099 475 4155 ris
502 4096 573 4154 ad
601 4097 810 4153 radices
836 4098 1101 4153 arborum
1129 4098 1307 4170 posita
1334 4106 1433 4153 est.
1467 4097 1537 4151 Et
1575 4097 1863 4169 siquidem
1917 4099 2043 4170 jam

388 4189 693 4261 ingrueret
713 4187 1161 4255 consummatio,
1185 4190 1242 4241 et
1258 4191 1587 4258 temporum
1622 4186 1757 4243 finis
1781 4188 2043 4259 instaret,

390 4276 559 4333 nulla
590 4274 739 4332 mihi
772 4275 997 4348 questio
1028 4281 1383 4332 nasceretur.
1413 4275 1671 4331 Dicerem
1723 4275 1879 4332 enim
1936 4276 2048 4332 hoc

391 4365 553 4437 quod
579 4365 661 4421 ait
685 4382 699 4420 :
733 4366 863 4420 Ecce
889 4365 1097 4420 securis
1126 4364 1195 4420 ad
1223 4366 1433 4419 radices
1463 4364 1676 4419 arboris
1715 4367 1895 4436 posita
1945 4368 2045 4431 est,

392 4459 455 4511 et
482 4452 671 4509 illud:
704 4452 892 4508 Omnis
916 4456 1066 4509 enim
1094 4455 1258 4509 arbor
1285 4467 1409 4525 qua:
1448 4469 1560 4509 non
1612 4454 1747 4524 facit
1801 4455 2049 4524 fructum

395 4545 624 4612 bonum,
658 4542 1009 4615 praecidetur,
1039 4546 1089 4599 et
1118 4544 1179 4598 in
1206 4544 1384 4615 ignem
1416 4544 1686 4609 mittetur,
1746 4547 2050 4615 propterea

396 4633 836 4707 prophetatum,
870 4633 1009 4705 quia
1036 4632 1094 4687 in
1150 4632 1251 4688 illo
1310 4636 1569 4704 tempore
1622 4631 2044 4704 complebatur.

2142 3292 2279 3349 audi
2311 3291 2452 3364 quid
2484 3308 2518 3346 ιι
2546 3290 2841 3347 Salvatore
2867 3291 3098 3347 dicatur
3127 3293 3199 3349 ad
3231 3309 3364 3349 eos:
3421 3297 3601 3369 Neque
3652 3297 3792 3356 duas

2142 3384 2358 3437 tunicas
2388 3380 2594 3436 tollatis
2619 3382 2681 3436 in
2710 3382 2801 3435 via
2819 3381 2883 3436 δι.
2917 3380 3141 3453 Duplex
3161 3382 3357 3454 itaque
3376 3385 3791 3443 vestimentum

2144 3488 2260 3544 quo
2290 3471 2699 3543 unusquisque
2729 3468 2991 3536 vestitur,
3020 3475 3077 3525 et
3095 3471 3430 3544 praecipitur
3459 3478 3524 3529 ut
3543 3474 3792 3534 alterum

2147 3562 2368 3616 tribuat
2398 3577 2514 3615 non
2546 3558 2804 3628 habenti,
2865 3557 3038 3614 aliam
3093 3559 3542 3634 intelligentiam
3599 3571 3817 3623 sonat..

2148 3649 2284 3706 Vult
2313 3648 2469 3705 enim
2501 3664 2607 3703 nos
2645 3645 2927 3716 Salvator,
2979 3650 3272 3720 quomodo
3331 3666 3445 3707 non
3507 3652 3796 3711 habemus

2149 3740 2379 3795 duobus
2409 3736 2623 3793 servire
2653 3736 2932 3804 dominis,
2963 3736 3046 3793 sic
3077 3754 3183 3794 nec
3213 3741 3360 3796 duas
3400 3741 3613 3798 habere
3637 3742 3817 3799 tuni-'

2151 3845 2271 3897 cas,
2305 3842 2409 3883 nec
2438 3825 2657 3899 duplici
2688 3829 2844 3882 veste
2875 3824 3247 3897 circumdari,
3278 3845 3351 3884 ne
3379 3829 3457 3884 sit
3485 3847 3670 3886 unum
3704 3832 3800 3889 in-

2152 3918 2503 3972 dumentum
2533 3915 2740 3971 veteris
2771 3914 3052 3981 hominis,
3076 3920 3132 3971 et
3161 3915 3409 3973 alterum
3440 3919 3596 3974 novi.
3623 3920 3801 3978 Econ-

2154 4005 2331 4063 trario
2362 4009 2557 4061 autem
2589 4004 2770 4076 cupit,
2792 4007 2860 4059 ut
2878 4004 3266 4076 exspoliemus
3298 4022 3404 4062 nos
3430 4011 3679 4064 veterem
3702 4009 3801 4065 ho-

2154 4093 2395 4161 minem,
2428 4098 2486 4149 et
2513 4093 2831 4149 induamus
2863 4110 3099 4149 novum.
3132 4088 3447 4166 Hucusque
3481 4094 3667 4153 facilis
3700 4113 3801 4154 ex-

2154 4184 2364 4257 positio
2394 4186 2502 4238 est.
2535 4186 2712 4237 Porro
2762 4181 3058 4254 quaeritur,
3111 4183 3401 4253 quomodo
3458 4184 3621 4240 iuxta
3651 4184 3801 4242 hanc

2156 4271 2696 4345 interpretationem
2718 4270 3001 4339 jubeatur
3028 4270 3200 4326 nobis
3233 4289 3349 4328 non
3404 4271 3642 4329 habenti
3698 4276 3801 4331 tri-

2157 4364 2332 4419 buere
2362 4359 2798 4417 vestimentum.
2832 4358 3113 4425 Quisnam
3143 4364 3233 4417 est
3261 4360 3357 4417 ille
3387 4362 3488 4434 qui
3519 4379 3591 4419 ne
3617 4379 3804 4421 unum

2158 4450 2396 4524 quidem
2429 4449 2843 4504 indumentum
2874 4465 3054 4521 super
3082 4466 3317 4506 carnem
3377 4468 3547 4507 suam
3605 4451 3802 4519 habet,

2080 4565 2126 4631 Ι)
2158 4540 2259 4613 qui
2290 4538 2484 4593 nudus
2509 4542 2620 4631 est,
2783 4538 3022 4594 omnino
3057 4538 3216 4595 nulla
3243 4547 3401 4631 veste
3449 4540 3806 4631 coopertus?

2158 4634 2357 4702 Neque
2385 4643 2519 4683 vero
2551 4627 2660 4682 hoc
2690 4626 2839 4699 dico,
2874 4643 2990 4699 quo
3018 4644 3132 4683 non
3153 4629 3524 4700 praecipiatur
3547 4627 3807 4686 liberali-

470 4749 516 4783 ⁷⁸
548 4746 701 4806 Psal.
733 4763 891 4816 cxm,
923 4748 977 4801 8.
1038 4749 1083 4783 ⁷⁹
1112 4747 1290 4803 Exod.
1349 4764 1441 4817 xv,
1503 4748 1589 4801 16.
1648 4747 1694 4782 ⁸ο
1752 4746 1918 4804 Rom.
1972 4765 2031 4803 χι

2146 4749 2183 4816 i,
2216 4748 2283 4801 17
2313 4760 2434 4816 seq.
2467 4743 2509 4777 ⁸¹
2540 4740 2746 4797 Matth.
2779 4759 2833 4811 x,
2867 4742 2955 4797 10.

475 4864 849 4987 (ῳὶνΕεΒςίθω
881 4864 1107 4919 schedia
1141 4881 1155 4919 :
1189 4860 1260 4916 Οὐ
1295 4860 1478 4923 λίθους
1526 4858 1771 4935 ἀψύχους
1822 4858 2053 4953 δεικνὺςῖ

402 4931 513 4988 ἀλλ
630 4934 882 4988 θοωπουε
934 4934 1307 4988 ἀναισθήτους.
1361 4934 1789 4988 Παοεπήκεισαν
1832 4952 1936 4988 veto
1964 4954 2053 4988 και

402 5003 602 5059 ἐθνικοὶ
750 5001 1152 5091 ,βαπτίσματιξ
1181 5004 1273 5067 οὓς
1320 5004 1408 5090 nati
1446 5001 1652 5091 'litiouc
1681 5001 1857 5094 ‘xagxs‘i
1876 5001 1916 5073 ,’
1940 5003 2053 5094 ἐξεζ-

407 5080 582 5149 μοιῶν
615 5075 808 5165 uincit:
834 5082 950 5138 τοῖς
974 5075 1467 5165 ἀτροπκυνουμξνοις
1488 5076 1624 5165 καῖὰ
1641 5076 1724 5165 ῖὸ,
1756 5075 2057 5165 ὅμοιοι.ραῦ-

468 5153 492 5163 ..
901 5149 913 5165 .
1098 5152 1122 5162 η
1403 5148 1413 5163 ς
1906 5149 1931 5165 ,ι

401 5147 522 5221 ςὲοῖς
550 5148 817 5221 Δγένοιντο
867 5149 919 5201 οἱ
967 5147 1247 5210 πὸιοῦντες
1290 5147 1445 5213 αὐτὰ,
1492 5147 1581 5200 καὶ
1630 5148 1683 5200 οἱ
1737 5147 2055 5210 πεποιθότες

400 5218 489 5273 ἔπ’
514 5217 721 5293 ᾳῦσὲοῖς.
754 5221 870 5276 Non
904 5221 1105 5293 lapides
1152 5223 1343 5276 anima
1397 5223 1643 5293 carentes
1695 5221 2055 5289 monstrabat,

402 5293 504 5348 sed
532 5291 780 5348 homines
807 5290 970 5347 sensu
1007 5294 1314 5349 desiitutos.
1356 5290 1620 5364 aderant
1677 5294 1824 5347 enim
1878 5292 2056 5364 bapti-

404 5364 576 5419 smati
603 5366 770 5419 etiam
799 5366 1050 5436 gentiles,
1083 5380 1211 5436 quos
1243 5362 1461 5436 lapides
1481 5363 1879 5436 etiamﬂvocat,
1922 5362 2060 5436 illos

405 5436 730 5515 assimilans
758 5433 920 5515 idolis
947 5452 1065 5515 quae
1090 5433 1410 5515 adorabunt,
1432 5433 1794 5515 juxtanillud:
1827 5434 2060 5515 .Simi‘le8

406 5504 528 5639 iIlilis
558 5507 724 5576 ﬁant,
760 5507 859 5579 qui
893 5504 1113 5564 faciunt
1140 5523 1228 5579 ea,
1260 5512 1317 5563 et
1346 5504 1447 5578 qui
1477 5504 1783 5561 conﬁdunt
1827 5504 1887 5561 in
1916 5505 2056 5564 illis.

462 5593 651 5636 usus.

462 5593 651 5636 σεῦε.

482 5649 595 5741 ίϐἓ)
641 5649 872 5715 Eadem
920 5649 1145 5712 schedia
1178 5666 1191 5708 :
1223 5650 1343 5707 Ἔτι
1388 5644 1446 5708 Si
1486 5644 1611 5733 περὶ
1640 5648 1718 5705 τῶ
1762 5642 1931 5705 λίθων
1966 5647 2057 5740 γά·

630 4933 882 5015 θρῴπρυς
930 4934 1307 5015 ρίναισθήτειρς.
1361 4933 1789 5015 Ιξαεεςῑήιίείσαπί
1832 4933 2055 5015 γάρῃξαὶ

2163 4880 2398 4938 γραπτᾳι
2430 4857 2501 4938 ἐξ-
2526 4861 2595 4932 τῇ
2646 4854 2764 4938 ᾠδυῇ
2809 4861 2877 4930 τῇ
2928 4856 2978 4911 ἐν
3017 4861 3098 4938 Eii
3123 4856 3343 4938 Ἐξᾴδιη·
3379 4858 3810 4938 ’.Απολεθωθείψ

2166 4926 2258 4987 ἁᾶν
2312 4933 2380 4986 τὰ
2449 4926 2625 5004 Αέθνῃλ
2665 4926 2674 4929 ⁷
2854 4926 2862 4930 ⁷
2897 4926 3140 5004 nupsisti-9
3193 4926 3262 5004 ’ὀμ
3295 4926 3472 5004 ξλαὸςί
3521 4930 3679 5004 οὗτος
3747 4926 3807 4988 δν

2167 5004 2398 5077 ἐκτήσῳ*
2430 5002 2517 5077 ᾡς⁸
2537 4998 2707 5077 δῇλρν
2738 4998 2821 5053 δτι
2856 4998 2995 5077 μίτᾷ
3015 4998 3082 5077 rd
3109 4998 3394 5077 ἆτᾳρελβεῖν
3424 5003 3515 5058 τὸν
3547 5000 3813 5077 λαὸν,μῃ-

2164 5068 2290 5151 κὲτί
2328 5068 2829 5151 ᾀπολιθῳρείησᾳνκ
3058 5068 3479 5151 ἀπολᾳϐἑτωσχν
3528 5068 3718 5151 ψυχῆς

2165 5145 2467 5218 θρωπίνῃᾲν.
2502 5144 2688 5198 Adhuc
2704 5142 2786 5218 _de_
2810 5142 3094 5218 lapidibus
3122 5148 3393 5218 scriptum
3415 5152 3493 5203 est
3513 5142 3573 5203 in
3600 5142 3814 5204 cantico

2207 5212 2358 5292 Ecodi.
2372 5212 2649 5292 Vertantu
2660 5231 2686 5267 r
2702 5212 2760 5267 in
2774 5212 3001 5292 lapides
3013 5232 3121 5292 gen
3131 5212 3435 5285 tes,'donec
3449 5223 3814 5292 pertranseat

2168 5287 2419 5364 populus
2450 5287 2559 5364 iste
2589 5300 2760 5357 quem
2795 5287 3147 5364 possedisti;
3180 5292 3313 5359 quia
3343 5287 3694 5364 manifestum
3722 5292 3815 5364 est

2166 5358 2284 5435 post
2313 5360 2615 5436 transitum
2644 5358 2853 5427 populi,
2884 5362 3069 5436 gentes
3095 5358 3369 5436 desituros
3406 5358 3523 5419 esse
3572 5361 3810 5436 lapides,

2167 5429 2219 5491 et
2245 5433 2493 5488 animam
2523 5429 2824 5484 humanam
2852 5433 3188 5500 recepturus.
3223 5432 3301 5489 In.

2239 5504 2353 5584 (63)
2382 5503 2510 5584 gate
2541 5515 2798 5584 quoque,
2828 5504 2895 5557 ut
2924 5517 3096 5584 nemo
3125 5518 3241 5584 non
3280 5504 3482 5574 sensit,
3530 5503 3814 5584 interpr.-

2167 5572 2350 5638 tantis
2381 5572 2715 5651 Hieronymi
2746 5572 3071 5634 observatio
3100 5578 3210 5637 est.
