4058 6190
364 296 485 361 293

785 273 1288 360 TRANSLATIO
1333 296 1837 360 HOMILIARUM
1883 295 2244 359 ORIGENIS
2289 299 2368 359 1N
2413 300 2706 364 LUCAM.
2739 335 2818 347 -
2847 301 3118 366 HOMIL.
3164 304 3380 368 XXIV.

3665 301 3785 370 291

365 448 600 508 quoque
630 431 746 505 ipsi
777 435 834 487 et
861 430 1127 503 apostoli,
1180 448 1350 487 omne
1381 432 1534 503 quod
1577 435 1871 500 resonant,
1902 447 2015 486 non
2048 435 2101 500 Α
2133 448 2296 501 quam
2325 449 2447 488 cum
2479 435 2594 489 illis
2624 436 2686 490 9".
2719 436 2790 490 Et
2839 437 3038 492 statim
3084 439 3155 492 ad
3204 455 3402 509 preces
3453 440 3640 496 sancti
3672 439 3789 497 viri

363 523 558 580 solum
589 520 953 586 hominibus,
1003 521 1102 575 sed
1137 525 1194 576 et
1215 520 1439 591 angelis
1484 520 1820 592 praedicant.
1856 519 2017 582 Quod

362 619 429 669 ut
460 611 610 669 scias
630 627 831 666 verum
861 628 872 664 :
899 609 1144 681 Attende,
1170 610 1376 682 inquit,
1402 610 1618 676 cretum,
1647 617 1695 663 et
1718 609 1914 681 loquar
1935 609 1978 642 ⁸⁷
2004 627 2017 677 ;

366 708 426 758 et
453 719 466 758 :
501 701 561 757 In
591 704 873 770 conspectu
903 699 1224 769 angelorum
1243 699 1480 769 psallam
1507 699 1614 752 tibi
1642 698 1684 731 ³⁸
1711 742 1723 766 ,
1754 701 1808 752 et
1836 715 1847 752 :
1883 699 2022 753 Lau-

364 791 492 847 dale
520 790 834 845 Domi-num.
867 790 991 843 caeli
1019 789 1302 859 caelorum,
1326 791 1376 842 et
1405 802 1566 858 aqua:
1593 802 1712 858 qua:
1739 804 1901 858 super
1923 803 2019 842 ca:-

365 881 444 936 los
473 883 601 934 sunt
634 879 862 934 laudent
893 893 1087 932 nomen.
1121 879 1348 932 Domini
1383 877 1465 943 89;
1499 881 1591 931 et:
1627 875 1867 932 Laudent
1896 891 2021 931 eum

363 969 553 1040 angeli
580 967 663 1036 9°;
713 973 806 1022 et:
861 968 921 1022 In
951 967 1110 1022 omni
1151 967 1263 1021 loco
1305 968 1586 1037 potestatis
1624 966 1741 1033 eius
1775 964 2017 1032 benedic,

365 1061 566 1115 anima
595 1074 730 1127 mea,
763 1057 996 1110 Domino
1042 1057 1109 1112 9‘.
1145 1055 1408 1110 Invenies
1456 1055 1514 1108 in
1549 1053 1820 1126 plurimis
1853 1053 2017 1121 locis,

367 1153 429 1204 et
451 1148 698 1203 maxime
719 1146 779 1200 in
801 1143 1072 1212 Psalmis,
1093 1148 1149 1200 et
1169 1144 1239 1199 ad
1261 1143 1497 1217 angelos
1515 1159 1846 1199 sermonem
1871 1143 2020 1212 fieri,

369 1237 507 1294 data
535 1235 756 1291 homini
788 1238 1094 1307 potestate,
1128 1234 1176 1288 ei
1208 1239 1402 1287 tamen
1437 1234 1536 1304 qui
1569 1232 1851 1303 Spiritum
1884 1248 2018 1286 san-

368 1331 528 1382 ctum
541 1323 735 1392 habet,
758 1328 822 1378 ut
839 1328 896 1376 et
912 1321 1147 1394 angelos
1166 1321 1517 1392 alloquatur.
1540 1322 1580 1375 E
1602 1320 1816 1392 quibus
1835 1336 2020 1375 unum

367 1414 704 1486 exemplum
735 1429 967 1486 ponam,
1002 1416 1067 1467 ut
1096 1412 1355 1467 sciamus
1385 1408 1622 1482 angelos
1654 1425 1886 1481 quoque
1917 1409 2021 1464 hu-

369 1504 564 1560 manis
593 1503 834 1558 vocibus
866 1500 1105 1556 erudiri.
1140 1500 1437 1571 Scriptum
1469 1504 1558 1554 est
1587 1499 1645 1552 in
1679 1498 2021 1570 Apocalypsi

365 1591 612 1650 Joannis
641 1592 687 1627 ⁸³
714 1609 726 1647 :
761 1591 959 1662 Angela
992 1591 1352 1661 Ephesiorum
1382 1588 1636 1643 Ecclesiae
1663 1587 1841 1642 scribe
1861 1607 1879 1640 :
1914 1588 2018 1641 Ha-

369 1683 461 1739 bes
489 1681 705 1756 aliquid
734 1684 924 1736 contra
969 1685 1064 1734 te:
1115 1683 1172 1733 et
1220 1694 1457 1733 rursum
1490 1677 1550 1730 93.
1602 1675 1809 1747 Angela
1841 1678 2020 1733 Eccle-

365 1774 460 1826 siz
488 1773 752 1840 Pergami
771 1771 948 1825 scribe
973 1786 991 1823 :
1015 1769 1202 1824 Habeo
1230 1766 1511 1838 quidpiam
1540 1775 1724 1821 contra
1756 1773 1823 1821 te.
1857 1766 2020 1821 Certe

367 1817 558 1916 humor
574 1817 666 1916 ei;
692 1859 794 1930 qui
826 1857 1030 1913 scribit
1077 1817 1321 1929 angelis,
1357 1817 1427 1910 let
1471 1854 1691 1926 aliquid
1734 1856 2016 1928 praecipit.
2051 1817 2098 1882 Β

366 1949 485 2022 Ego
517 1966 634 2004 non
666 1947 898 2019 ambigo
932 1953 988 2002 et
1015 1946 1073 2000 in
1108 1951 1256 2000 coetu
1299 1949 1496 2000 nostro
1527 1945 1732 2000 adesse
1758 1944 2015 2017 angelos,

365 2054 482 2093 non
529 2038 720 2093 solum
769 2033 1119 2108 generaliter
1166 2033 1327 2088 omni
1375 2032 1660 2100 Ecclesize,
1708 2034 1808 2088 sed
1841 2033 2018 2089 etiam

372 2125 740 2198 singillatim.
775 2129 852 2179 De
879 2123 1096 2195 quibus
1126 2122 1388 2177 Salvator
1409 2121 1488 2177 ait
1511 2123 1556 2157 9‘
1579 2140 1591 2181 :
1613 2123 1806 2193 Angeli
1832 2137 2021 2177 eorum

367 2231 584 2288 semper
629 2214 808 2270 vident
853 2215 1055 2285 faciem
1100 2212 1292 2268 Patris
1335 2213 1444 2266 mei
1491 2213 1589 2282 qui
1636 2213 1692 2266 in
1741 2212 1892 2266 caelis
1920 2215 2017 2267 est.

369 2304 592 2376 Duplex
619 2304 713 2358 hic
735 2302 902 2358 adest
934 2300 1205 2372 Ecclesia,
1230 2318 1348 2356 una
1369 2301 1698 2369 hominum,
1721 2300 1903 2356 altera
1925 2317 2022 2356 an-

369 2392 662 2466 gelorum.
693 2394 746 2447 Si
780 2391 920 2464 quid
942 2391 1115 2460 juxta
1144 2391 1453 2461 rationem,
1485 2395 1542 2445 et
1565 2393 1734 2460 juxta
1763 2389 2021 2463 Scriptu-

368 2499 576 2538 rarum
600 2481 845 2538 dicimus
866 2479 1248 2548 voluntatem,
1276 2479 1546 2534 laetantur
1567 2479 1757 2551 angeli
1776 2485 1834 2534 et
1855 2485 2022 2535 erant

367 2572 698 2628 nobiscum.
723 2571 790 2625 Et
808 2569 946 2642 quia
968 2573 1278 2641 praesentes
1296 2567 1486 2640 angeli
1509 2573 1646 2623 sunt
1665 2569 1721 2622 in
1745 2568 2019 2636 Ecclesia,

366 2662 431 2717 in
453 2659 559 2716 illa
577 2660 862 2716 duntaxat
885 2676 1011 2730 quae
1031 2661 1305 2727 meretur,
1327 2663 1382 2712 et
1404 2657 1616 2712 Christi
1634 2663 1741 2728 est,
1767 2664 2024 2730 prepter-

369 2767 439 2806 ea
470 2750 774 2805 orantibus
806 2746 1039 2803 feminis
1089 2747 1442 2819 precipitur,
1496 2751 1558 2801 ut
1587 2746 1840 2802 habeant
1871 2746 2025 2802 vela—

373 2857 508 2896 men
541 2856 719 2912 super
748 2843 924 2909 caput
954 2841 1190 2908 propter
1219 2835 1457 2907 angelos
1487 2837 1549 2903 9‘3,
1582 2835 1694 2908 (57)
1725 2836 1927 2908 utique
1957 2836 2025 2890 il-

370 2929 464 2985 los
495 2929 596 3002 qui
644 2930 932 2984 assistunt
962 2926 1200 2991 sanctis,
1249 2930 1304 2981 et
1344 2925 1616 2980 laetantur
1662 2926 1721 2980 in
1751 2925 2025 2982 Ecclesia.

376 3018 530 3083 Quos
560 3017 800 3089 quidem
832 3031 959 3083 nos,
994 3014 1131 3085 quia
1169 3019 1539 3086 peccatorum
1572 3015 1845 3069 sordibus
1875 3013 2026 3068 oculi

375 3106 561 3163 nostri
590 3105 756 3162 obliti
791 3122 857 3160 su
870 3108 948 3172 nt,
974 3119 1088 3158 non
1115 3103 1404 3170 videmus,
1431 3103 1532 3158 sed
1563 3103 1759 3158 vident
1777 3101 2026 3174 apostoli

2130 520 2368 593 angelos
2403 539 2552 594 quos
2583 524 2744 595 prius
2777 523 2932 580 Giezi
2972 541 3086 580 non
3121 525 3637 594 videbat,intuitus
3669 532 3780 586 est.

2130 612 2258 663 Haec
2289 610 2503 666 idcirco
2533 612 2808 680 diximus,
2845 617 2909 667 ut
2951 613 3392 669 ostenderemus
3432 620 3489 670 et
3517 616 3781 687 publica-

2131 715 2233 754 nos
2265 700 2458 754 doceri
2490 718 2524 755 a
2553 702 2796 769 Joanne,
2831 705 2888 757 et
2934 718 3047 755 non
3080 701 3267 756 solum
3319 720 3418 757 eos
3450 705 3549 775 qui
3581 707 3777 779 reipu-

2126 787 2288 843 blicae
2308 789 2690 861 vectigalibus
2742 792 3025 858 serviunt,
3051 791 3148 846 sed
3176 791 3351 846 etiam
3405 792 3535 848 illos
3567 794 3660 865 qui
3686 812 3782 852 ve-

2129 877 2368 932 niebant
2397 880 2466 932 ad
2501 879 2921 949 pmnitentiam.
2974 879 3041 935 Et
3070 878 3168 934 alii
3209 885 3373 934 erant
3403 897 3435 934 a
3461 883 3776 953 corporali-

2131 967 2238 1020 bus
2270 966 2586 1037 publicani,
2620 968 2772 1023 sicut
2793 973 2850 1024 ct
2879 967 2975 1023 alii
3001 969 3237 1034 milites,
3272 971 3370 1040 qui
3403 973 3776 1043 egredieban-

2128 1058 2224 1108 tur
2255 1055 2324 1109 ad
2384 1056 2742 1128 baptismum
2803 1058 3173 1128 pmnitentie.
3237 1059 3410 1114 Venit
3463 1061 3619 1115 enim
3664 1078 3778 1117 non

2130 1144 2390 1200 Joannes
2420 1150 2473 1199 et
2506 1146 2789 1218 propheta
2818 1153 3070 1214 tantum,
3104 1149 3204 1203 sed
3227 1149 3402 1202 etiam
3439 1149 3562 1220 ipse
3591 1149 3788 1206 Salva-

2129 1236 2240 1300 tor,
2275 1237 2332 1287 et
2362 1233 2700 1290 hominibus
2731 1241 2788 1290 et
2820 1237 2932 1306 (68)
2963 1236 3208 1307 angelis,
3242 1242 3298 1292 et
3329 1239 3644 1294 virtutibus
3674 1256 3783 1296 cae-

2130 1320 2270 1376 teris
2301 1321 2618 1378 salutarem
2671 1325 3070 1395 pmnitentiam
3120 1326 3453 1398 przedicare,
3494 1333 3557 1382 ut
3587 1329 3644 1382 in
3679 1345 3779 1384 no-

2132 1409 2288 1465 mine
2315 1414 2452 1466 Jesu
2487 1428 2658 1467 omne
2688 1430 2840 1486 genu
2873 1413 3159 1484 flectatur,
3202 1415 3546 1484 caelestium,
3579 1421 3635 1471 et
3663 1422 3776 1474 ter-

2132 1498 2425 1567 restrium,
2458 1505 2516 1555 et
2547 1502 2930 1567 infernorum,
2963 1507 3020 1557 et
3051 1504 3243 1558 omnis
3274 1503 3475 1575 lingua
3504 1506 3777 1562 conﬁtea-

2131 1592 2244 1656 tur,
2280 1589 2418 1660 quia
2448 1588 2732 1646 Dominus
2761 1591 2936 1646 Jesus
2967 1591 3230 1646 Christus
3257 1593 3315 1646 in
3347 1593 3532 1664 gloria
3558 1599 3647 1648 est
3677 1595 3780 1650 Dei

2132 1678 2316 1732 Patris
2348 1678 2427 1732 98:
2461 1679 2553 1732 cui
2585 1683 2674 1734 est
2703 1679 2891 1751 gloria
2919 1685 2978 1736 et
3006 1679 3321 1753 imperium
3353 1683 3411 1737 in
3439 1682 3653 1738 saecula
3683 1701 3787 1739 sae-

2132 1765 2420 1821 culorum.
2457 1774 2659 1822 Amen.

2273 1935 2304 1952 _
2518 1875 2809 1931 ana-24
2857 1875 3156 1931 HOMILIA
3196 1875 3388 1945 xxxv,
3565 1939 3580 1952 ,

2131 1967 2212 2018 De
2242 1951 2304 2017 eo
2332 1963 2473 2034 quod
2514 1967 2783 2037 scriptum
2807 1971 2922 2019 est:
2958 1989 2985 2014 «
3020 1967 3127 2034 Ego
3174 1967 3388 2037 quidem
3441 1951 3656 2037 baptizo
3688 1986 3776 2027 vos

2198 2051 2359 2111 aqua,
2397 2057 2443 2111 »_
2468 2051 2681 2111 usque
2709 2036 2779 2089 ad
2822 2052 2948 2090 eum
3006 2036 3195 2111 locum
3240 2040 3338 2111 ubi
3391 2040 3470 2093 ait
3497 2036 3514 2093 ἑ
3541 2042 3657 2111 Ipse
3683 2059 3777 2097 vos

2201 2106 2501 2176 baptizabit
2529 2107 2739 2177 Spiritu
2768 2112 2953 2162 sancto
2981 2113 3029 2161 et
3058 2110 3203 2177 igne.
3238 2129 3266 2156 »
3300 2110 3435 2181 Cap.
3474 2127 3557 2165 III.

2199 2211 2507 2278 Joannem,
2543 2212 2643 2283 qui
2675 2213 2868 2267 minor
2896 2217 2985 2269 est
3013 2213 3263 2281 Christo,
3299 2217 3558 2289 suscepit
3588 2234 3780 2291 popu-

2131 2301 2242 2367 lus,
2277 2307 2557 2372 reputans
2586 2306 2643 2356 et
2673 2303 2936 2374 cogitans
2986 2319 3057 2358 ne
3091 2305 3234 2359 forte
3273 2305 3400 2376 ipse
3430 2313 3584 2362 esset
3612 2308 3774 2363 Chri-

2131 2394 2293 2454 stus;
2321 2405 2454 2444 eum
2485 2406 2617 2445 vero
2649 2390 2749 2462 qui
2782 2395 2970 2463 major
3016 2392 3116 2447 illo
3145 2401 3401 2463 venerat,
3437 2411 3549 2450 non
3580 2413 3779 2452 susce~

2133 2478 2235 2551 pit.
2261 2477 2360 2533 Vis
2382 2495 2619 2534 causam
2642 2479 2790 2535 seire
2809 2479 2837 2534 ‘I
2863 2481 3156 2552 Cognosce
3181 2498 3193 2535 :
3223 2483 3465 2538 Joannis
3486 2485 3780 2556 baptisma

2133 2567 2380 2634 videtur,
2443 2568 2657 2624 Christi
2739 2559 3064 2641 liaptismus
3112 2569 3426 2627 invisibilis
3475 2580 3616 2630 erat.
3677 2576 3784 2646 Ego

2132 2658 2300 2724 enim,
2333 2657 2547 2728 inquit,
2597 2657 2808 2729 baptix-o
2861 2673 2951 2713 vos
2981 2660 3045 2714 in
3099 2674 3280 2730 aqua:
3329 2664 3425 2731 qui
3452 2666 3636 2718 autem
3660 2670 3783 2736 post

2133 2763 2219 2801 me
2249 2748 2416 2811 venit,
2449 2747 2630 2816 major
2678 2763 2764 2801 me
2809 2757 2905 2818 est,
2939 2749 3054 2818 ipse
3101 2765 3187 2821 vos
3232 2750 3531 2820 baptizabat
3569 2754 3782 2824 Spiritu

2132 2838 2324 2890 sancto
2345 2843 2398 2890 et
2418 2837 2550 2906 igni.
2579 2836 2820 2898 Quando
2843 2837 3098 2909 baptizat
3114 2838 3145 2891 ,Ι
3152 2855 3288 2893 esus
3311 2839 3531 2911 Spiritu
3553 2847 3778 2912 sancto,

2135 2931 2192 2979 et
2217 2941 2451 2979 rursum
2483 2926 2718 2995 quando
2750 2925 2883 2997 igne
2916 2926 3172 2998 haptizat
3198 2925 3518 3000 ?Nunquid
3553 2947 3667 2986 uno
3691 2937 3783 2986 at-

2104 3066 2108 3069 .
2137 3029 2249 3083 que
2275 3014 2477 3067 eodem
2511 3019 2769 3085 tempore
2801 3013 3020 3084 Spiritu
3053 3018 3111 3068 et
3131 3014 3247 3085 igni
3272 3017 3545 3087 baptizat,
3578 3036 3650 3073 an
3683 3037 3778 3075 va-

2139 3101 2222 3155 rio
2254 3106 2428 3172 atque
2460 3101 2684 3157 diverso
2706 3102 2734 3156 ?
2771 3103 2861 3158 Vos
2891 3107 3076 3157 autem
3115 3106 3538 3176 baptimbimini
3566 3107 3784 3180 Spiritu

373 3197 513 3252 Jesu
547 3195 620 3251 ad
652 3211 800 3267 quos
849 3193 1112 3266 loquitur
1162 3193 1242 3247 9‘5:
1295 3194 1485 3259 Amen,
1518 3209 1676 3247 amen
1706 3192 1824 3247 dico
1857 3192 2023 3260 vobis,
2056 3178 2098 3243 C
2133 3198 2335 3255 sancto,
2367 3205 2476 3244 non
2503 3193 2622 3259 post
2669 3191 2868 3245 multos
2914 3191 3008 3246 hos
3057 3194 3176 3248 dies
3213 3196 3276 3250 9°.
3331 3178 3615 3267 Baptizati
3644 3202 3785 3253 sunt

371 3285 628 3342 videbitis
656 3284 849 3338 cadum
878 3285 1146 3353 apertum,
1197 3289 1249 3336 et
1287 3281 1505 3351 angelos
1553 3282 1658 3336 Dei
1687 3281 2028 3335 ascendentes

371 3382 425 3432 et
452 3374 838 3430 descendentes
868 3387 1030 3440 super
1053 3371 1259 3425 Filium
1289 3372 1549 3425 hominis.
1583 3369 1744 3434 Quod
1777 3368 1826 3424 si
1861 3369 2029 3424 habe-

373 3480 497 3520 rem
529 3462 681 3518 hanc
711 3460 985 3534 gratiam,
1015 3464 1079 3514 ut
1110 3460 1402 3530 quomodo
1453 3458 1722 3530 apostoli,
1755 3457 1838 3513 sic
1868 3458 2028 3513 vide-

372 3569 520 3623 rem,
555 3556 612 3607 et
659 3551 812 3607 sicut
863 3548 1074 3603 Paulus
1125 3548 1370 3619 aspexit,
1419 3547 1698 3612 intuerer,
1733 3563 2027 3602 cernerem

376 3658 534 3697 nunc
564 3639 907 3713 angelorum
959 3637 1421 3707 multitudinem,
1470 3638 1623 3708 quod
1653 3637 1886 3691 videbat
1918 3635 2028 3691 Eli-

379 3746 555 3794 sanus,
589 3733 646 3784 et
673 3727 829 3782 Giezi
860 3727 959 3798 qui
993 3743 1126 3781 cum
1157 3743 1222 3780 eo
1270 3731 1508 3781 steterat
1540 3741 1653 3780 non
1683 3726 1935 3780 videbat.
1966 3724 2029 3779 In

378 3823 541 3875 metu
575 3823 697 3873 erat
726 3817 903 3886 Giezi,
957 3831 1026 3870 ne
1075 3816 1146 3870 ab
1196 3815 1466 3870 hostibus
1512 3820 1835 3886 caperetur,
1871 3815 2032 3870 solus

380 3907 632 3963 Elisasus
656 3907 874 3962 videns.
908 3905 1020 3960 Sed
1050 3904 1310 3975 Eliszeus,
1348 3908 1409 3959 ut
1439 3905 1748 3976 prophetes
1778 3903 2032 3969 Domini,

383 3996 748 4066 deprecatur,
782 3999 838 4050 et
865 3994 1044 4050 dicit:
1081 3993 1120 4048 0
1172 3995 1418 4064 Domine,
1468 3995 1624 4065 aperi
1664 3993 1849 4048 oculos
1875 3994 2037 4064 pueri

378 4085 565 4154 istius,
598 4087 649 4138 et
677 4083 872 4139 videat
899 4084 1161 4153 quoniam
1188 4082 1363 4138 multo
1385 4083 1571 4154 plures
1599 4081 1883 4138 nobiscum
1909 4091 2037 4137 sunt

2136 3277 2382 3351 apostoli
2414 3283 2546 3349 post
2596 3280 2998 3335 ascensionem
3047 3284 3175 3353 ejus
3223 3285 3294 3339 ad
3344 3285 3519 3341 caelos
3562 3287 3782 3359 Spiritu

2139 3373 2340 3424 sancto
2371 3368 2440 3401 9"
2471 3383 2483 3420 :
2520 3369 2671 3439 quod
2706 3375 2899 3424 autem
2923 3370 3043 3443 igni
3073 3371 3286 3428 fuerint
3313 3375 3610 3447 baptizati,
3641 3377 3786 3432 Scri-

2139 3462 2311 3528 ptura
2329 3473 2441 3511 non
2465 3463 2766 3512 memorat.
2781 3459 2889 3512 Sed
2905 3463 3196 3531 quomodo
3217 3462 3795 3535 JoannesjuxtaJor-

2141 3546 2350 3601 danem
2382 3545 2623 3599 ﬂuvium
2654 3547 2952 3603 venientes
2982 3550 3055 3604 ad
3095 3552 3458 3623 baptismum
3490 3554 3788 3626 praestola-

2143 3636 2332 3699 batur,
2352 3639 2408 3690 et
2424 3634 2570 3690 alios
2584 3635 2876 3707 abigehat,
2891 3636 3119 3694 dicens:
3138 3639 3427 3697 Generatio
3445 3645 3785 3712 viperarum,

2142 3728 2200 3778 et
2230 3722 2490 3794 reliqua:
2525 3740 2693 3793 porro
2724 3739 2822 3780 eos
2851 3726 2950 3797 qui
2996 3728 3423 3786 confitebantur
3450 3731 3590 3787 vitia
3615 3739 3789 3806 atque

2143 3818 2396 3885 peccata,
2450 3812 2843 3884 suscipiebat:
2893 3815 2976 3871 sic
3023 3818 3202 3873 stabit
3244 3820 3300 3873 iu
3347 3821 3516 3892 igneo
3549 3818 3790 3877 ﬂumine

2144 3902 2429 3957 Dominus
2458 3901 2628 3958 Jesus
2671 3904 2840 3974 juxta
2880 3905 3213 3962 flammeam
3263 3910 3620 3980 romphaaam
3657 3913 3694 3976 ',
3728 3916 3794 3966 ut

2145 4007 2556 4063 quemcunque
2587 3991 2700 4063 (66)
2733 3998 2864 4065 post
2917 3997 3138 4051 exitum
3186 3998 3311 4051 vitae
3360 3999 3557 4068 hujus,
3590 4001 3686 4070 qui
3720 4000 3792 4054 ad

2146 4081 2486 4154 paradisum
2511 4081 2762 4137 transire
2778 4083 3088 4151 desiderat,
3108 4088 3165 4140 et
3181 4088 3524 4158 purgatione
3547 4088 3796 4160 indiget,

448 4181 494 4216 ⁸⁷
523 4177 692 4235 Deut.
753 4197 928 4247 xxxn,
967 4180 1015 4233 1.
1074 4179 1301 4235 “Psal.
1363 4195 1610 4246 cxxxvn,
1672 4179 1720 4234 1.
1756 4179 1800 4213 ³⁹
1858 4178 2010 4234 Psal.
2071 4193 2294 4242 cxnvm,
2357 4178 2410 4248 4,
2469 4179 2524 4248 5,
2578 4179 2622 4213 νο
2680 4179 2820 4234 ibid.
2879 4181 2936 4236 2.
2994 4182 3038 4217 ⁹¹
3101 4181 3250 4237 Psal.
3314 4199 3410 4249 cn,
3460 4184 3550 4238 22.
3593 4185 3637 4219 ⁹²
3662 4201 3790 4249 cap.

448 4202 692 4235 σιυευι.
754 4202 928 4247 XXXII,
967 4202 1015 4233 1.
1074 4202 1117 4213 "'"
1150 4202 1301 4235 γεω.
1363 4202 1610 4246 CXXXVII,
1672 4202 1720 4234 1.
1756 4202 1799 4213 °"
1858 4202 2010 4234 I’SBI.

379 4267 651 4328 tt,__ve_rs.
714 4253 764 4320 1,
802 4253 857 4328 4,
913 4251 1124 4328 ‘fihid.
1189 4252 1274 4322 12,
1341 4251 1500 4328 l_4._°_‘_
1527 4251 1731 4307 Matth.
1764 4251 2027 4328 xviii,_1l

2142 4202 2294 4242 Lvui,
2357 4202 2410 4248 ιι,
2469 4202 2524 4248 ἱ),
2581 4202 2622 4213 ’ν
2680 4202 2820 4234 ιυια.
2879 4202 2936 4236 Δ.
2997 4202 3038 4217 ’³
3101 4202 3250 4237 rsai.
3314 4202 3410 4249 CII,
3461 4202 3550 4238 zz.
3595 4202 3637 4219 "
3662 4202 3729 4241 ca
3776 4227 3790 4244 .

2142 4250 2389 4328 ‘l._(_.‘.or.
2445 4266 2522 4315 x1,
2580 4251 2646 4304 10
2702 4252 2746 4285 ³⁸
2774 4255 2941 4306 Joan.
2997 4254 3036 4320 l,
3093 4254 3183 4307 51.
3231 4253 3271 4287 π
3302 4253 3369 4308 IV
3420 4255 3559 4328 Reg.
3592 4273 3668 4328 v1,
3703 4202 3792 4317 1g.

373 4324 421 4360 ”
450 4324 665 4397 Philip.
702 4339 765 4390 Π,
800 4323 885 4391 10,
921 4323 1006 4377 11.
1044 4324 1088 4357 ⁹⁹
1118 4328 1242 4378 Act.
1276 4340 1316 4391 ι,
1349 4325 1402 4377 5.
1436 4324 1506 4358 ⁹⁹”
1536 4330 1662 4378 Act.
1699 4340 1764 4392 ιι,
1792 4324 1845 4376 4.
1882 4324 1898 4356 ¹
1931 4322 2027 4378 G81

2142 4339 2193 4392 ιι,
2223 4322 2314 4378 24.

375 4421 711 4478 deridiculae
741 4421 1016 4493 doctrinas
1049 4421 1218 4493 quasi
1272 4421 1722 4487 consectarium,
1755 4437 1872 4492 qua
1901 4437 2030 4493 pee-

376 4510 512 4566 care
541 4509 714 4566 posse
736 4492 975 4566 angelos
1006 4494 1236 4562 statuit,
1258 4509 1578 4566 eorumque
1599 4495 1856 4548 officium
1892 4492 2032 4547 non-

2142 4420 2299 4500 enim
2331 4420 2556 4500 dudum
2579 4419 2789 4500 homil.
2809 4423 2874 4500 1?
2900 4425 3337 4494 pronuntiasset
3359 4426 3674 4500 unicuique
3695 4428 3795 4485 ho.-

2146 4493 2373 4545 minum
2403 4492 2550 4568 duos
2580 4494 2814 4564 praeﬁci,
2848 4492 3067 4568 bonum
3093 4513 3298 4568 unum,
3332 4505 3389 4554 et
3418 4492 3663 4555 alterum
3698 4518 3801 4557 ne-

379 4565 494 4621 nisi
525 4556 596 4621 ex
624 4556 845 4620 ωειιίῐό
862 4572 1170 4637 constare:
1206 4556 1359 4619 unde
1387 4575 1443 4637 et
1472 4556 1835 4620 adversariae
1868 4569 2030 4636 pote-
2066 4556 2110 4622 Ι)
2145 4579 2320 4635 quam
2350 4579 2366 4637 ἱ
2383 4567 2453 4637 et
2482 4556 2638 4618 nunc
2695 4556 2937 4637 repetat,
2988 4567 3180 4623 adesse
3229 4556 3451 4637 angelos
3479 4587 3588 4625 non
3617 4556 3797 4627 solum

382 4641 566 4693 states
598 4643 836 4708 propter
865 4636 1215 4692 oli‘ensiones
1248 4636 1587 4691 hominibus
1621 4637 2039 4708 praehitas,cor-

381 4707 724 4782 pussubire
753 4708 1098 4782 humanum,
1134 4708 1192 4782 in
1217 4723 1400 4782 eoque
1431 4725 1632 4782 pugnas
1664 4709 1839 4782 luere,
1873 4713 1930 4762 et
1957 4707 2039 4761 vi-

381 4779 586 4852 cissim
612 4796 681 4834 ex
700 4779 943 4852 humani
967 4781 1197 4852 generis
1219 4781 1421 4834 ordine
1442 4780 1608 4852 seligi
1633 4781 2037 4852 animas,_quaa

383 4856 517 4935 post
539 4851 650 4935 rite
677 4851 884 4922 pieque
907 4849 1212 4935 emensum
1238 4854 1297 4905 in
1318 4851 1488 4935 terris
1503 4849 2035 4935 vita‘a'curricglum,

381 4921 442 4978 in
475 4921 1127 4996 angelo’rumﬂordinem
1177 4929 1574 4996 assumantur.
1608 4923 1816 4996 Noster
1841 4921 2038 4996 Hiero-

383 4993 620 5067 nymus,
674 5002 736 5050 ut
781 4994 1132 5067 aliosnunc
1186 4995 1654 5067 prietermittam,
1704 4993 1766 5048 iu
1814 4994 2035 5067 praefat.

384 5064 689 5129 comment,
743 5067 802 5137 in
840 5064 1205 5137 Malae/tiam,
1253 5071 1426 5136 atque
1477 5065 1616 5121 alibi
1665 5081 1815 5137 saepe
1863 5064 2039 5119 hocce

381 5139 668 5209 abnorme
699 5136 984 5208 placitum
1015 5136 1343 5209 impugnat.

456 5211 569 5280 (67)
600 5206 725 5280 Hie,
758 5206 1258 5279 quemadmodum
1296 5213 1361 5280 et
1391 5207 1628 5264 laudato
1658 5206 2038 5280 Apocalypsis

380 5278 529 5351 loco,
565 5278 911 5362 angelorum
935 5281 1192 5362 nomine,
1217 5279 1540 5362 episcopos,
1555 5285 1622 5361 _et
1653 5278 2043 5362 sacramento-

383 5350 520 5408 rum
549 5350 860 5424 ministros
880 5352 1202 5424 designari,
1225 5350 1527 5424 verissime
1551 5353 1896 5423 interpretes
1924 5350 2041 5422 ple-

386 5424 553 5496 rique
584 5439 790 5496 omnes
810 5423 1037 5490 docent,
1062 5425 1373 5495 inepteque
1404 5423 1545 5476 adeo
1567 5424 1842 5496 Qrigeues
1865 5438 2040 5496 argu-

389 5493 1020 5566 mentatursCteterum
1044 5493 1230 5566 neque
1253 5493 1309 5548 id
1342 5499 1564 5566 certum
1587 5493 1864 5566 habuisse
1889 5493 2042 5549 vide-

390 5565 869 5639 tur,singulisne
895 5564 1255 5637 hominibus,
1279 5571 1380 5622 aut
1407 5564 1823 5639 Christiﬁdem
1848 5565 2039 5621 solum

390 5636 697 5726 professis,
720 5641 778 5696 et
799 5639 1018 5700 sanctis
1039 5636 1244 5696 custos
1258 5636 1502 5716 angelus
1523 5637 1886 5713 assignetur;
1906 5653 2040 5697 cum

2146 4635 2475 4710 generaliter
2522 4636 2675 4690 omni
2731 4635 3013 4704 Ecclesiae,
3061 4640 3155 4694 sed
3211 4635 3378 4695 etiam
3423 4643 3758 4710 singillatim
3776 4660 3797 4705 .·

2147 4707 2349 4762 subdit
2379 4713 2594 4774 tamen,
2644 4714 2939 4776 praesentes
2987 4727 3105 4765 esse
3148 4713 3208 4765 in
3251 4712 3489 4767 Ecclesia
3518 4707 3804 4769 duntaxat

2146 4793 2270 4848 quae
2295 4787 2640 4854 meretur,__et
2688 4780 2894 4854 Christi
2944 4787 3062 4836 est:
3099 4783 3156 4836 in
3205 4799 3379 4854 quam
3414 4785 3626 4854 saepius
3657 4785 3797 4841 alibi

2148 4850 2497 4926 sententiam
2528 4851 2808 4926 libentius
2860 4854 3142 4908 concedit.
3196 4850 3335 4909 Vide
3382 4850 3513 4926 qusi
3539 4855 3692 4912 infra
3722 4858 3794 4913 ad

2148 4921 2350 4976 homil.
2382 4923 2453 4975 35
2481 4923 2853 4977 adnotamus.

2218 4993 2328 5066 (ϐξ)
2362 4993 2858 5066 Recoleproxime
2880 4995 3298 5066 praecedentem
3330 4998 3794 5055 adnotationem.

2283 5063 2527 5143 Huetius
2575 5063 2760 5143 hocce.
2798 5063 3063 5143 Qrigenis
3109 5067 3468 5138 paradoxum
3512 5065 3798 5143 singulari

2148 5136 2569 5206 disceptatione
2601 5135 2871 5206 exagitat.

2219 5206 2331 5276 (69l
2362 5206 2638 5282 Notatum
2687 5208 3078 5282 Genebrardo,
3127 5209 3430 5282 doctisque
3474 5212 3606 5269 aliis
3635 5213 3796 5279 viris,

2149 5278 2554 5350 purgatorium
2584 5278 2777 5350 ignem
2802 5285 2932 5350 post
2962 5281 3089 5335 vita:
3116 5278 3353 5337 exitum—
3369 5285 3510 5338 satis
3544 5278 3799 5340 luculen-

2148 5350 2351 5425 terhoc
2366 5348 2773 5403 testimonium
2803 5348 3236 5425 'Adamantium
3265 5356 3541 5425 proﬁteri.
3569 5357 3797 5412 Addere

2148 5421 2371 5499 possim
2404 5425 2810 5499 egosexcenta
2860 5423 2974 5478 alia
3007 5425 3152 5499 loca,
3199 5421 3413 5497 quibus
3445 5427 3599 5482 idem
3631 5443 3799 5499 aper-

2150 5492 2377 5569 tissime
2406 5492 2700 5569 declarat:
2737 5509 2922 5569 neque
2971 5495 3127 5550 enim
3174 5492 3434 5569 unquam
3474 5499 3527 5553 id
3562 5492 3794 5554 crimini

2149 5564 2351 5645 datum
2399 5563 2662 5645 Qrigeni,
2700 5563 2852 5645 quod
2902 5563 3302 5645 purgatorium
3351 5575 3586 5645 negaret
3627 5586 3792 5645 esse;

2150 5637 2252 5694 sed
2280 5635 2603 5695 econtrs’rio
2648 5635 2758 5698 hoc
2788 5635 3208 5715 ipsum,'quod
3241 5657 3346 5704 suo
3378 5635 3551 5716 m'odo
3581 5635 3800 5704 constt;
