  <div class='ocr_page' id='page_1' title='image "/cluster/home/n/w/nwhite01/storage/ocr_20150623/26/hvd.32044052772472/155.png"; bbox 0 0 4058 6190; ppageno 0'>
   <div class='ocr_carea' id='block_1_1' title="bbox 327 252 444 320">
    <p class='ocr_par' dir='ltr' id='par_1_1' title="bbox 327 252 444 320">
     <span class='ocr_line' id='line_1_1' title="bbox 327 252 444 320; baseline -0.068 0"><span class='ocrx_word' id='word_1_1' title='bbox 327 252 444 320; x_wconf 67' lang='lat'><strong>99.5</strong></span> 
     </span>
    </p>
   </div>
   <div class='ocr_carea' id='block_1_2' title="bbox 1579 245 2491 314">
    <p class='ocr_par' dir='ltr' id='par_1_2' title="bbox 1579 245 2491 314">
     <span class='ocr_line' id='line_1_2' title="bbox 1579 245 2491 314; baseline -0.001 -2"><span class='ocrx_word' id='word_1_2' title='bbox 1579 250 1644 312; x_wconf 91' lang='lat' dir='ltr'><strong>S.</strong></span> <span class='ocrx_word' id='word_1_3' title='bbox 1689 247 2000 314; x_wconf 87' lang='lat' dir='ltr'><strong>EUSEBII</strong></span> <span class='ocrx_word' id='word_1_4' title='bbox 2045 245 2491 311; x_wconf 80' lang='lat' dir='ltr'><strong>HIERONYMI</strong></span> 
     </span>
    </p>
   </div>
   <div class='ocr_carea' id='block_1_3' title="bbox 3615 246 3738 316">
    <p class='ocr_par' dir='ltr' id='par_1_3' title="bbox 3615 246 3738 316">
     <span class='ocr_line' id='line_1_3' title="bbox 3615 246 3738 316; baseline 0 -2"><span class='ocrx_word' id='word_1_5' title='bbox 3615 246 3738 316; x_wconf 72' lang='lat'><strong>396</strong></span> 
     </span>
    </p>
   </div>
   <div class='ocr_carea' id='block_1_4' title="bbox 328 355 3741 475">
    <p class='ocr_par' dir='ltr' id='par_1_4' title="bbox 328 355 3741 475">
     <span class='ocr_line' id='line_1_4' title="bbox 328 355 3741 475; baseline 0.001 -37"><span class='ocrx_word' id='word_1_6' title='bbox 328 383 439 440; x_wconf 83' lang='lat' dir='ltr'><strong>hoc</strong></span> <span class='ocrx_word' id='word_1_7' title='bbox 471 399 603 438; x_wconf 88' lang='lat' dir='ltr'><strong>eum</strong></span> <span class='ocrx_word' id='word_1_8' title='bbox 635 397 806 439; x_wconf 90' lang='lat' dir='ltr'><strong>amne</strong></span> <span class='ocrx_word' id='word_1_9' title='bbox 837 380 1110 454; x_wconf 82' lang='lat' dir='ltr'><strong>baptizet,</strong></span> <span class='ocrx_word' id='word_1_10' title='bbox 1143 385 1201 438; x_wconf 92' lang='lat' dir='ltr'><strong>et</strong></span> <span class='ocrx_word' id='word_1_11' title='bbox 1242 382 1313 438; x_wconf 88' lang='lat' dir='ltr'><strong>ad</strong></span> <span class='ocrx_word' id='word_1_12' title='bbox 1354 382 1552 455; x_wconf 85' lang='lat' dir='ltr'><strong>cupita</strong></span> <span class='ocrx_word' id='word_1_13' title='bbox 1576 384 1974 440; x_wconf 82' lang='lat' dir='ltr'><strong>transmittat:</strong></span> <span class='ocrx_word' id='word_1_14' title='bbox 2010 409 2063 475; x_wconf 71' lang='grc' dir='ltr'>Α</span> <span class='ocrx_word' id='word_1_15' title='bbox 2095 381 2269 437; x_wconf 90' lang='lat' dir='ltr'><strong>bebat</strong></span> <span class='ocrx_word' id='word_1_16' title='bbox 2297 381 2620 448; x_wconf 89' lang='lat' dir='ltr'><strong>sacculum,</strong></span> <span class='ocrx_word' id='word_1_17' title='bbox 2656 397 2769 437; x_wconf 93' lang='lat' dir='ltr'><strong>non</strong></span> <span class='ocrx_word' id='word_1_18' title='bbox 2797 379 3104 451; x_wconf 86' lang='lat' dir='ltr'><strong>famulum,</strong></span> <span class='ocrx_word' id='word_1_19' title='bbox 3127 397 3243 438; x_wconf 93' lang='lat' dir='ltr'><strong>non</strong></span> <span class='ocrx_word' id='word_1_20' title='bbox 3265 381 3472 475; x_wconf 82' lang='lat' dir='ltr'><strong>saltem</strong></span> <span class='ocrx_word' id='word_1_21' title='bbox 3513 381 3628 440; x_wconf 85' lang='lat' dir='ltr'><strong>vile</strong></span> <span class='ocrx_word' id='word_1_22' title='bbox 3652 355 3741 440; x_wconf 82' lang='lat' dir='ltr'><strong>tu-</strong></span> 
     </span>
    </p>
   </div>
   <div class='ocr_carea' id='block_1_5' title="bbox 327 468 1980 544">
    <p class='ocr_par' dir='ltr' id='par_1_5' title="bbox 327 468 1980 544">
     <span class='ocr_line' id='line_1_5' title="bbox 327 468 1980 544; baseline -0.001 -16"><span class='ocrx_word' id='word_1_23' title='bbox 327 489 461 528; x_wconf 90' lang='lat' dir='ltr'><strong>eum</strong></span> <span class='ocrx_word' id='word_1_24' title='bbox 495 488 648 539; x_wconf 88' lang='lat' dir='ltr'><strong>vero,</strong></span> <span class='ocrx_word' id='word_1_25' title='bbox 683 470 783 543; x_wconf 89' lang='lat' dir='ltr'><strong>qui</strong></span> <span class='ocrx_word' id='word_1_26' title='bbox 815 487 930 526; x_wconf 91' lang='lat' dir='ltr'><strong>non</strong></span> <span class='ocrx_word' id='word_1_27' title='bbox 961 468 1140 526; x_wconf 84' lang='lat' dir='ltr'><strong>habet</strong></span> <span class='ocrx_word' id='word_1_28' title='bbox 1185 472 1421 544; x_wconf 90' lang='lat' dir='ltr'><strong>signum</strong></span> <span class='ocrx_word' id='word_1_29' title='bbox 1463 472 1722 544; x_wconf 84' lang='lat' dir='ltr'><strong>priorum</strong></span> <span class='ocrx_word' id='word_1_30' title='bbox 1756 472 1980 544; x_wconf 89' lang='lat' dir='ltr'><strong>baptis-</strong></span> 
     </span>
    </p>
   </div>
   <div class='ocr_carea' id='block_1_6' title="bbox 331 566 579 627">
    <p class='ocr_par' dir='ltr' id='par_1_6' title="bbox 331 566 579 627">
     <span class='ocr_line' id='line_1_6' title="bbox 331 566 579 627; baseline -0.012 -10"><span class='ocrx_word' id='word_1_31' title='bbox 331 566 579 627; x_wconf 81' lang='lat' dir='ltr'><strong>metum,</strong></span> 
     </span>
    </p>
   </div>
   <div class='ocr_carea' id='block_1_7' title="bbox 327 647 1980 722">
    <p class='ocr_par' dir='ltr' id='par_1_7' title="bbox 327 647 1980 722">
     <span class='ocr_line' id='line_1_7' title="bbox 327 647 1980 722; baseline 0 -16"><span class='ocrx_word' id='word_1_32' title='bbox 327 649 483 706; x_wconf 88' lang='lat' dir='ltr'><strong>enim</strong></span> <span class='ocrx_word' id='word_1_33' title='bbox 515 649 681 721; x_wconf 90' lang='lat' dir='ltr'><strong>prius</strong></span> <span class='ocrx_word' id='word_1_34' title='bbox 712 647 967 720; x_wconf 81' lang='lat' dir='ltr'><strong>aliquem</strong></span> <span class='ocrx_word' id='word_1_35' title='bbox 1016 648 1298 722; x_wconf 84' lang='lat' dir='ltr'><strong>baptizari</strong></span> <span class='ocrx_word' id='word_1_36' title='bbox 1346 667 1499 722; x_wconf 87' lang='lat' dir='ltr'><strong>aqua</strong></span> <span class='ocrx_word' id='word_1_37' title='bbox 1547 653 1605 705; x_wconf 87' lang='lat' dir='ltr'><strong>et</strong></span> <span class='ocrx_word' id='word_1_38' title='bbox 1647 649 1880 722; x_wconf 80' lang='lat' dir='ltr'><strong>spiritu,</strong></span> <span class='ocrx_word' id='word_1_39' title='bbox 1915 653 1980 706; x_wconf 59' lang='lat' dir='ltr'><strong>ut.</strong></span> 
     </span>
    </p>
   </div>
   <div class='ocr_carea' id='block_1_8' title="bbox 326 737 1977 812">
    <p class='ocr_par' dir='ltr' id='par_1_8' title="bbox 326 737 1977 812">
     <span class='ocr_line' id='line_1_8' title="bbox 326 737 1977 812; baseline -0.001 -18"><span class='ocrx_word' id='word_1_40' title='bbox 326 756 462 795; x_wconf 89' lang='lat' dir='ltr'><strong>cum</strong></span> <span class='ocrx_word' id='word_1_41' title='bbox 512 739 583 794; x_wconf 88' lang='lat' dir='ltr'><strong>ad</strong></span> <span class='ocrx_word' id='word_1_42' title='bbox 634 738 870 812; x_wconf 91' lang='lat' dir='ltr'><strong>igneum</strong></span> <span class='ocrx_word' id='word_1_43' title='bbox 920 737 1160 793; x_wconf 88' lang='lat' dir='ltr'><strong>ﬂuvium</strong></span> <span class='ocrx_word' id='word_1_44' title='bbox 1213 739 1453 806; x_wconf 82' lang='lat' dir='ltr'><strong>venerit,</strong></span> <span class='ocrx_word' id='word_1_45' title='bbox 1506 739 1775 794; x_wconf 85' lang='lat' dir='ltr'><strong>ostendat</strong></span> <span class='ocrx_word' id='word_1_46' title='bbox 1820 754 1882 794; x_wconf 87' lang='lat' dir='ltr'><strong>se</strong></span> <span class='ocrx_word' id='word_1_47' title='bbox 1919 741 1977 794; x_wconf 89' lang='lat' dir='ltr'><strong>et</strong></span> 
     </span>
    </p>
   </div>
   <div class='ocr_carea' id='block_1_9' title="bbox 326 825 1979 902">
    <p class='ocr_par' dir='ltr' id='par_1_9' title="bbox 326 825 1979 902">
     <span class='ocr_line' id='line_1_9' title="bbox 326 825 1979 902; baseline -0.001 -18"><span class='ocrx_word' id='word_1_48' title='bbox 326 845 490 902; x_wconf 73' lang='lat' dir='ltr'><strong>aquae</strong></span> <span class='ocrx_word' id='word_1_49' title='bbox 521 833 577 883; x_wconf 91' lang='lat' dir='ltr'><strong>et</strong></span> <span class='ocrx_word' id='word_1_50' title='bbox 607 825 850 900; x_wconf 76' lang='lat' dir='ltr'><strong>spiritus</strong></span> <span class='ocrx_word' id='word_1_51' title='bbox 870 826 1101 882; x_wconf 85' lang='lat' dir='ltr'><strong>lavacra</strong></span> <span class='ocrx_word' id='word_1_52' title='bbox 1121 843 1405 892; x_wconf 90' lang='lat' dir='ltr'><strong>servasse,</strong></span> <span class='ocrx_word' id='word_1_53' title='bbox 1437 832 1494 884; x_wconf 90' lang='lat' dir='ltr'><strong>et</strong></span> <span class='ocrx_word' id='word_1_54' title='bbox 1515 833 1654 883; x_wconf 90' lang='lat' dir='ltr'><strong>tunc</strong></span> <span class='ocrx_word' id='word_1_55' title='bbox 1686 831 1979 883; x_wconf 90' lang='lat' dir='ltr'><strong>mereatur</strong></span> 
     </span>
    </p>
   </div>
   <div class='ocr_carea' id='block_1_10' title="bbox 325 915 1971 989">
    <p class='ocr_par' dir='ltr' id='par_1_10' title="bbox 325 915 1971 989">
     <span class='ocr_line' id='line_1_10' title="bbox 325 915 1971 989; baseline -0.001 -15"><span class='ocrx_word' id='word_1_56' title='bbox 325 917 502 974; x_wconf 88' lang='lat' dir='ltr'><strong>etiam</strong></span> <span class='ocrx_word' id='word_1_57' title='bbox 530 916 684 989; x_wconf 90' lang='lat' dir='ltr'><strong>ignis</strong></span> <span class='ocrx_word' id='word_1_58' title='bbox 715 916 974 988; x_wconf 88' lang='lat' dir='ltr'><strong>accipere</strong></span> <span class='ocrx_word' id='word_1_59' title='bbox 1023 915 1379 988; x_wconf 88' lang='lat' dir='ltr'><strong>baptismum</strong></span> <span class='ocrx_word' id='word_1_60' title='bbox 1422 916 1482 972; x_wconf 90' lang='lat' dir='ltr'><strong>in</strong></span> <span class='ocrx_word' id='word_1_61' title='bbox 1531 916 1758 972; x_wconf 86' lang='lat' dir='ltr'><strong>Christo</strong></span> <span class='ocrx_word' id='word_1_62' title='bbox 1788 917 1971 973; x_wconf 91' lang='lat' dir='ltr'><strong>Jesu:</strong></span> 
     </span>
    </p>
   </div>
   <div class='ocr_carea' id='block_1_11' title="bbox 325 1005 1971 1079">
    <p class='ocr_par' dir='ltr' id='par_1_11' title="bbox 325 1005 1971 1079">
     <span class='ocr_line' id='line_1_11' title="bbox 325 1005 1971 1079; baseline -0.001 -17"><span class='ocrx_word' id='word_1_63' title='bbox 325 1006 416 1062; x_wconf 90' lang='lat' dir='ltr'><strong>cui</strong></span> <span class='ocrx_word' id='word_1_64' title='bbox 449 1011 539 1062; x_wconf 90' lang='lat' dir='ltr'><strong>est</strong></span> <span class='ocrx_word' id='word_1_65' title='bbox 569 1005 753 1079; x_wconf 83' lang='lat' dir='ltr'><strong>gloria</strong></span> <span class='ocrx_word' id='word_1_66' title='bbox 780 1011 840 1062; x_wconf 92' lang='lat' dir='ltr'><strong>et</strong></span> <span class='ocrx_word' id='word_1_67' title='bbox 885 1005 1199 1078; x_wconf 89' lang='lat' dir='ltr'><strong>imperium</strong></span> <span class='ocrx_word' id='word_1_68' title='bbox 1249 1005 1308 1061; x_wconf 91' lang='lat' dir='ltr'><strong>in</strong></span> <span class='ocrx_word' id='word_1_69' title='bbox 1358 1005 1570 1062; x_wconf 73' lang='lat' dir='ltr'><strong>saecula</strong></span> <span class='ocrx_word' id='word_1_70' title='bbox 1599 1005 1971 1062; x_wconf 80' lang='lat' dir='ltr'><strong>saeculorum.</strong></span> 
     </span>
    </p>
   </div>
   <div class='ocr_carea' id='block_1_12' title="bbox 325 1103 531 1151">
    <p class='ocr_par' dir='ltr' id='par_1_12' title="bbox 325 1103 531 1151">
     <span class='ocr_line' id='line_1_12' title="bbox 325 1103 531 1151; baseline 0.005 -1"><span class='ocrx_word' id='word_1_71' title='bbox 325 1103 531 1151; x_wconf 87' lang='lat' dir='ltr'><strong>Amen.</strong></span> 
     </span>
    </p>
   </div>
   <div class='ocr_carea' id='block_1_13' title="bbox 893 1182 1400 1239">
    <p class='ocr_par' dir='ltr' id='par_1_13' title="bbox 893 1182 1400 1239">
     <span class='ocr_line' id='line_1_13' title="bbox 893 1182 1400 1239; baseline 0.002 -2"><span class='ocrx_word' id='word_1_72' title='bbox 893 1182 1196 1239; x_wconf 79' lang='lat' dir='ltr'><strong>HOMILIA</strong></span> <span class='ocrx_word' id='word_1_73' title='bbox 1236 1182 1400 1239; x_wconf 83' lang='lat' dir='ltr'><strong>XXV.</strong></span> 
     </span>
    </p>
   </div>
   <div class='ocr_carea' id='block_1_14' title="bbox 327 1271 1976 1346">
    <p class='ocr_par' dir='ltr' id='par_1_14' title="bbox 327 1271 1976 1346">
     <span class='ocr_line' id='line_1_14' title="bbox 327 1271 1976 1346; baseline -0.002 -15"><span class='ocrx_word' id='word_1_74' title='bbox 327 1275 404 1331; x_wconf 86' lang='lat' dir='ltr'><strong>De</strong></span> <span class='ocrx_word' id='word_1_75' title='bbox 432 1273 745 1346; x_wconf 78' lang='lat' dir='ltr'><strong>suspicione</strong></span> <span class='ocrx_word' id='word_1_76' title='bbox 799 1288 963 1343; x_wconf 87' lang='lat' dir='ltr'><strong>quam</strong></span> <span class='ocrx_word' id='word_1_77' title='bbox 992 1271 1225 1346; x_wconf 68' lang='lat' dir='ltr'><strong>habebat</strong></span> <span class='ocrx_word' id='word_1_78' title='bbox 1251 1276 1488 1344; x_wconf 84' lang='lat' dir='ltr'><strong>populus</strong></span> <span class='ocrx_word' id='word_1_79' title='bbox 1537 1272 1602 1328; x_wconf 86' lang='lat' dir='ltr'><strong>de</strong></span> <span class='ocrx_word' id='word_1_80' title='bbox 1645 1274 1874 1338; x_wconf 85' lang='lat' dir='ltr'><strong>Joanne,</strong></span> <span class='ocrx_word' id='word_1_81' title='bbox 1905 1287 1976 1328; x_wconf 85' lang='lat' dir='ltr'><strong>ne</strong></span> 
     </span>
    </p>
   </div>
   <div class='ocr_carea' id='block_1_15' title="bbox 632 1342 1662 1416">
    <p class='ocr_par' dir='ltr' id='par_1_15' title="bbox 632 1342 1662 1416">
     <span class='ocr_line' id='line_1_15' title="bbox 632 1342 1662 1416; baseline -0.001 -16"><span class='ocrx_word' id='word_1_82' title='bbox 632 1349 775 1414; x_wconf 88' lang='lat' dir='ltr'><strong>[orte</strong></span> <span class='ocrx_word' id='word_1_83' title='bbox 804 1342 918 1416; x_wconf 84' lang='lat' dir='ltr'><strong>ipse</strong></span> <span class='ocrx_word' id='word_1_84' title='bbox 946 1351 1077 1398; x_wconf 90' lang='lat' dir='ltr'><strong>esset</strong></span> <span class='ocrx_word' id='word_1_85' title='bbox 1108 1342 1377 1399; x_wconf 72' lang='lat' dir='ltr'><strong>Christus.</strong></span> <span class='ocrx_word' id='word_1_86' title='bbox 1411 1348 1543 1416; x_wconf 86' lang='lat' dir='ltr'><strong>Cap.</strong></span> <span class='ocrx_word' id='word_1_87' title='bbox 1580 1361 1662 1399; x_wconf 85' lang='grc' dir='ltr'><strong>ιιι.</strong></span> 
     </span>
    </p>
   </div>
   <div class='ocr_carea' id='block_1_16' title="bbox 395 1448 1969 1522">
    <p class='ocr_par' dir='ltr' id='par_1_16' title="bbox 395 1448 1969 1522">
     <span class='ocr_line' id='line_1_16' title="bbox 395 1448 1969 1522; baseline -0.001 -14"><span class='ocrx_word' id='word_1_88' title='bbox 395 1452 580 1508; x_wconf 83' lang='lat' dir='ltr'><strong>Habet</strong></span> <span class='ocrx_word' id='word_1_89' title='bbox 606 1449 926 1522; x_wconf 85' lang='lat' dir='ltr'><strong>periculurn</strong></span> <span class='ocrx_word' id='word_1_90' title='bbox 959 1453 1016 1504; x_wconf 91' lang='lat' dir='ltr'><strong>et</strong></span> <span class='ocrx_word' id='word_1_91' title='bbox 1055 1448 1307 1519; x_wconf 87' lang='lat' dir='ltr'><strong>dilectio,</strong></span> <span class='ocrx_word' id='word_1_92' title='bbox 1337 1449 1385 1506; x_wconf 89' lang='lat' dir='ltr'><strong>si</strong></span> <span class='ocrx_word' id='word_1_93' title='bbox 1417 1450 1656 1505; x_wconf 91' lang='lat' dir='ltr'><strong>modum</strong></span> <span class='ocrx_word' id='word_1_94' title='bbox 1689 1453 1969 1507; x_wconf 83' lang='lat' dir='ltr'><strong>transeat.</strong></span> 
     </span>
    </p>
   </div>
   <div class='ocr_carea' id='block_1_17' title="bbox 323 1538 1973 1612">
    <p class='ocr_par' dir='ltr' id='par_1_17' title="bbox 323 1538 1973 1612">
     <span class='ocr_line' id='line_1_17' title="bbox 323 1538 1973 1612; baseline -0.002 -14"><span class='ocrx_word' id='word_1_95' title='bbox 323 1542 502 1598; x_wconf 80' lang='lat' dir='ltr'><strong>Debet</strong></span> <span class='ocrx_word' id='word_1_96' title='bbox 533 1540 684 1596; x_wconf 92' lang='lat' dir='ltr'><strong>enim</strong></span> <span class='ocrx_word' id='word_1_97' title='bbox 719 1539 821 1611; x_wconf 88' lang='lat' dir='ltr'><strong>qui</strong></span> <span class='ocrx_word' id='word_1_98' title='bbox 852 1538 1108 1610; x_wconf 84' lang='lat' dir='ltr'><strong>aliquem</strong></span> <span class='ocrx_word' id='word_1_99' title='bbox 1161 1538 1369 1612; x_wconf 76' lang='lat' dir='ltr'><strong>diligit,</strong></span> <span class='ocrx_word' id='word_1_100' title='bbox 1402 1543 1646 1595; x_wconf 89' lang='lat' dir='ltr'><strong>naturas</strong></span> <span class='ocrx_word' id='word_1_101' title='bbox 1677 1544 1735 1595; x_wconf 91' lang='lat' dir='ltr'><strong>et</strong></span> <span class='ocrx_word' id='word_1_102' title='bbox 1764 1556 1973 1596; x_wconf 87' lang='lat' dir='ltr'><strong>causas</strong></span> 
     </span>
    </p>
   </div>
   <div class='ocr_carea' id='block_1_18' title="bbox 321 1627 1970 1701">
    <p class='ocr_par' dir='ltr' id='par_1_18' title="bbox 321 1627 1970 1701">
     <span class='ocr_line' id='line_1_18' title="bbox 321 1627 1970 1701; baseline -0.002 -14"><span class='ocrx_word' id='word_1_103' title='bbox 321 1630 689 1687; x_wconf 88' lang='lat' dir='ltr'><strong>considerare</strong></span> <span class='ocrx_word' id='word_1_104' title='bbox 720 1627 934 1693; x_wconf 88' lang='lat' dir='ltr'><strong>dilecti,</strong></span> <span class='ocrx_word' id='word_1_105' title='bbox 968 1633 1024 1683; x_wconf 89' lang='lat' dir='ltr'><strong>et</strong></span> <span class='ocrx_word' id='word_1_106' title='bbox 1056 1644 1170 1683; x_wconf 89' lang='lat' dir='ltr'><strong>non</strong></span> <span class='ocrx_word' id='word_1_107' title='bbox 1201 1645 1336 1684; x_wconf 91' lang='lat' dir='ltr'><strong>eum</strong></span> <span class='ocrx_word' id='word_1_108' title='bbox 1370 1627 1501 1700; x_wconf 88' lang='lat' dir='ltr'><strong>plus</strong></span> <span class='ocrx_word' id='word_1_109' title='bbox 1523 1629 1762 1701; x_wconf 81' lang='lat' dir='ltr'><strong>diligere</strong></span> <span class='ocrx_word' id='word_1_110' title='bbox 1792 1645 1970 1701; x_wconf 88' lang='lat' dir='ltr'><strong>quam</strong></span> 
     </span>
    </p>
   </div>
   <div class='ocr_carea' id='block_1_19' title="bbox 322 1717 1974 1790">
    <p class='ocr_par' dir='ltr' id='par_1_19' title="bbox 322 1717 1974 1790">
     <span class='ocr_line' id='line_1_19' title="bbox 322 1717 1974 1790; baseline -0.001 -14"><span class='ocrx_word' id='word_1_111' title='bbox 322 1724 596 1776; x_wconf 89' lang='lat' dir='ltr'><strong>meretur.</strong></span> <span class='ocrx_word' id='word_1_112' title='bbox 631 1718 775 1773; x_wconf 88' lang='lat' dir='ltr'><strong>Nam</strong></span> <span class='ocrx_word' id='word_1_113' title='bbox 808 1717 859 1772; x_wconf 89' lang='lat' dir='ltr'><strong>si</strong></span> <span class='ocrx_word' id='word_1_114' title='bbox 891 1733 1227 1772; x_wconf 88' lang='lat' dir='ltr'><strong>mensuram</strong></span> <span class='ocrx_word' id='word_1_115' title='bbox 1259 1717 1584 1784; x_wconf 89' lang='lat' dir='ltr'><strong>charitatis,</strong></span> <span class='ocrx_word' id='word_1_116' title='bbox 1613 1718 1974 1790; x_wconf 89' lang='lat' dir='ltr'><strong>modumque</strong></span> 
     </span>
    </p>
   </div>
   <div class='ocr_carea' id='block_1_20' title="bbox 2091 469 3742 546">
    <p class='ocr_par' dir='ltr' id='par_1_20' title="bbox 2091 469 3742 546">
     <span class='ocr_line' id='line_1_20' title="bbox 2091 469 3742 546; baseline 0.004 -21"><span class='ocrx_word' id='word_1_117' title='bbox 2091 470 2348 543; x_wconf 90' lang='lat' dir='ltr'><strong>gurium.</strong></span> <span class='ocrx_word' id='word_1_118' title='bbox 2383 471 2718 527; x_wconf 84' lang='lat' dir='ltr'><strong>Morabatur</strong></span> <span class='ocrx_word' id='word_1_119' title='bbox 2746 470 2804 525; x_wconf 90' lang='lat' dir='ltr'><strong>in</strong></span> <span class='ocrx_word' id='word_1_120' title='bbox 2833 471 3060 527; x_wconf 90' lang='lat' dir='ltr'><strong>deserto</strong></span> <span class='ocrx_word' id='word_1_121' title='bbox 3092 486 3208 526; x_wconf 90' lang='lat' dir='ltr'><strong>non</strong></span> <span class='ocrx_word' id='word_1_122' title='bbox 3236 469 3427 527; x_wconf 89' lang='lat' dir='ltr'><strong>solum</strong></span> <span class='ocrx_word' id='word_1_123' title='bbox 3459 488 3648 546; x_wconf 86' lang='lat' dir='ltr'><strong>usque</strong></span> <span class='ocrx_word' id='word_1_124' title='bbox 3665 475 3742 532; x_wconf 87' lang='lat' dir='ltr'><strong>ad</strong></span> 
     </span>
    </p>
   </div>
   <div class='ocr_carea' id='block_1_21' title="bbox 677 559 3742 634">
    <p class='ocr_par' dir='ltr' id='par_1_21' title="bbox 677 559 3742 634">
     <span class='ocr_line' id='line_1_21' title="bbox 677 559 3742 634; baseline 0.001 -19"><span class='ocrx_word' id='word_1_125' title='bbox 677 559 907 616; x_wconf 87' lang='lat' dir='ltr'><strong>lavacro</strong></span> <span class='ocrx_word' id='word_1_126' title='bbox 985 559 1154 632; x_wconf 88' lang='lat' dir='ltr'><strong>igneo</strong></span> <span class='ocrx_word' id='word_1_127' title='bbox 1229 577 1343 616; x_wconf 89' lang='lat' dir='ltr'><strong>non</strong></span> <span class='ocrx_word' id='word_1_128' title='bbox 1419 560 1691 634; x_wconf 87' lang='lat' dir='ltr'><strong>baptizet.</strong></span> <span class='ocrx_word' id='word_1_129' title='bbox 1747 560 1985 634; x_wconf 88' lang='lat' dir='ltr'><strong>Oportet</strong></span> <span class='ocrx_word' id='word_1_130' title='bbox 2091 559 2244 615; x_wconf 89' lang='lat' dir='ltr'><strong>diem</strong></span> <span class='ocrx_word' id='word_1_131' title='bbox 2276 559 2628 616; x_wconf 90' lang='lat' dir='ltr'><strong>ostensionis</strong></span> <span class='ocrx_word' id='word_1_132' title='bbox 2655 577 2773 616; x_wconf 70' lang='lat' dir='ltr'><strong>suas</strong></span> <span class='ocrx_word' id='word_1_133' title='bbox 2796 560 2866 615; x_wconf 91' lang='lat' dir='ltr'><strong>ad</strong></span> <span class='ocrx_word' id='word_1_134' title='bbox 2897 559 3094 626; x_wconf 85' lang='lat' dir='ltr'><strong>Israel,</strong></span> <span class='ocrx_word' id='word_1_135' title='bbox 3125 577 3328 616; x_wconf 87' lang='lat' dir='ltr'><strong>verum</strong></span> <span class='ocrx_word' id='word_1_136' title='bbox 3359 577 3424 617; x_wconf 92' lang='lat' dir='ltr'><strong>eo</strong></span> <span class='ocrx_word' id='word_1_137' title='bbox 3455 565 3742 634; x_wconf 86' lang='lat' dir='ltr'><strong>tempore,</strong></span> 
     </span>
    </p>
   </div>
   <div class='ocr_carea' id='block_1_22' title="bbox 2089 649 3749 723">
    <p class='ocr_par' dir='ltr' id='par_1_22' title="bbox 2089 649 3749 723">
     <span class='ocr_line' id='line_1_22' title="bbox 2089 649 3749 723; baseline 0.002 -19"><span class='ocrx_word' id='word_1_138' title='bbox 2089 666 2204 722; x_wconf 92' lang='lat' dir='ltr'><strong>quo</strong></span> <span class='ocrx_word' id='word_1_139' title='bbox 2237 649 2640 723; x_wconf 81' lang='lat' dir='ltr'><strong>paenitentiam</strong></span> <span class='ocrx_word' id='word_1_140' title='bbox 2665 649 2882 722; x_wconf 90' lang='lat' dir='ltr'><strong>populo</strong></span> <span class='ocrx_word' id='word_1_141' title='bbox 2909 649 3283 722; x_wconf 63' lang='lat' dir='ltr'><strong>praedicabat,</strong></span> <span class='ocrx_word' id='word_1_142' title='bbox 3305 655 3426 706; x_wconf 88' lang='lat' dir='ltr'><strong>erat</strong></span> <span class='ocrx_word' id='word_1_143' title='bbox 3451 649 3510 706; x_wconf 91' lang='lat' dir='ltr'><strong>in</strong></span> <span class='ocrx_word' id='word_1_144' title='bbox 3542 650 3749 708; x_wconf 87' lang='lat' dir='ltr'><strong>solitu-</strong></span> 
     </span>
    </p>
   </div>
   <div class='ocr_carea' id='block_1_23' title="bbox 2088 737 3742 812">
    <p class='ocr_par' dir='ltr' id='par_1_23' title="bbox 2088 737 3742 812">
     <span class='ocr_line' id='line_1_23' title="bbox 2088 737 3742 812; baseline 0.002 -18"><span class='ocrx_word' id='word_1_145' title='bbox 2088 739 2222 794; x_wconf 89' lang='lat' dir='ltr'><strong>dine</strong></span> <span class='ocrx_word' id='word_1_146' title='bbox 2249 739 2485 806; x_wconf 69' lang='lat' dir='ltr'><strong>Judieaa,</strong></span> <span class='ocrx_word' id='word_1_147' title='bbox 2519 743 2576 794; x_wconf 91' lang='lat' dir='ltr'><strong>et</strong></span> <span class='ocrx_word' id='word_1_148' title='bbox 2603 755 2760 810; x_wconf 85' lang='lat' dir='ltr'><strong>aqua</strong></span> <span class='ocrx_word' id='word_1_149' title='bbox 2788 738 3041 810; x_wconf 86' lang='lat' dir='ltr'><strong>simplici</strong></span> <span class='ocrx_word' id='word_1_150' title='bbox 3079 737 3462 812; x_wconf 84' lang='lat' dir='ltr'><strong>irrigabatur,</strong></span> <span class='ocrx_word' id='word_1_151' title='bbox 3495 743 3563 796; x_wconf 91' lang='lat' dir='ltr'><strong>ut</strong></span> <span class='ocrx_word' id='word_1_152' title='bbox 3591 743 3649 796; x_wconf 86' lang='lat' dir='ltr'><strong>et</strong></span> <span class='ocrx_word' id='word_1_153' title='bbox 3679 740 3742 798; x_wconf 88' lang='lat' dir='ltr'><strong>in</strong></span> 
     </span>
    </p>
   </div>
   <div class='ocr_carea' id='block_1_24' title="bbox 2086 827 3741 900">
    <p class='ocr_par' dir='ltr' id='par_1_24' title="bbox 2086 827 3741 900">
     <span class='ocr_line' id='line_1_24' title="bbox 2086 827 3741 900; baseline 0.003 -17"><span class='ocrx_word' id='word_1_154' title='bbox 2086 833 2224 900; x_wconf 91' lang='lat' dir='ltr'><strong>potu</strong></span> <span class='ocrx_word' id='word_1_155' title='bbox 2257 833 2412 884; x_wconf 85' lang='lat' dir='ltr'><strong>esset</strong></span> <span class='ocrx_word' id='word_1_156' title='bbox 2441 829 2706 884; x_wconf 90' lang='lat' dir='ltr'><strong>diversus</strong></span> <span class='ocrx_word' id='word_1_157' title='bbox 2732 845 2765 883; x_wconf 91' lang='lat' dir='ltr'><strong>a</strong></span> <span class='ocrx_word' id='word_1_158' title='bbox 2796 828 3036 884; x_wconf 65' lang='lat' dir='ltr'><strong>caeteris.</strong></span> <span class='ocrx_word' id='word_1_159' title='bbox 3072 831 3187 883; x_wconf 87' lang='lat' dir='ltr'><strong>Nos</strong></span> <span class='ocrx_word' id='word_1_160' title='bbox 3209 827 3310 900; x_wconf 92' lang='lat' dir='ltr'><strong>qui</strong></span> <span class='ocrx_word' id='word_1_161' title='bbox 3340 845 3648 886; x_wconf 85' lang='lat' dir='ltr'><strong>versamur</strong></span> <span class='ocrx_word' id='word_1_162' title='bbox 3679 830 3741 888; x_wconf 87' lang='lat' dir='ltr'><strong>in</strong></span> 
     </span>
    </p>
   </div>
   <div class='ocr_carea' id='block_1_25' title="bbox 2085 915 3738 989">
    <p class='ocr_par' dir='ltr' id='par_1_25' title="bbox 2085 915 3738 989">
     <span class='ocr_line' id='line_1_25' title="bbox 2085 915 3738 989; baseline 0.002 -17"><span class='ocrx_word' id='word_1_163' title='bbox 2085 917 2352 984; x_wconf 80' lang='lat' dir='ltr'><strong>urbibus,</strong></span> <span class='ocrx_word' id='word_1_164' title='bbox 2385 917 2486 989; x_wconf 89' lang='lat' dir='ltr'><strong>qui</strong></span> <span class='ocrx_word' id='word_1_165' title='bbox 2519 917 2577 972; x_wconf 91' lang='lat' dir='ltr'><strong>in</strong></span> <span class='ocrx_word' id='word_1_166' title='bbox 2611 916 2800 973; x_wconf 92' lang='lat' dir='ltr'><strong>medio</strong></span> <span class='ocrx_word' id='word_1_167' title='bbox 2827 915 3176 989; x_wconf 90' lang='lat' dir='ltr'><strong>populorum</strong></span> <span class='ocrx_word' id='word_1_168' title='bbox 3221 934 3429 974; x_wconf 91' lang='lat' dir='ltr'><strong>sumus</strong></span> <span class='ocrx_word' id='word_1_169' title='bbox 3460 922 3518 974; x_wconf 89' lang='lat' dir='ltr'><strong>et</strong></span> <span class='ocrx_word' id='word_1_170' title='bbox 3544 923 3738 976; x_wconf 83' lang='lat' dir='ltr'><strong>vestes</strong></span> 
     </span>
    </p>
   </div>
   <div class='ocr_carea' id='block_1_26' title="bbox 2085 1004 3740 1080">
    <p class='ocr_par' dir='ltr' id='par_1_26' title="bbox 2085 1004 3740 1080">
     <span class='ocr_line' id='line_1_26' title="bbox 2085 1004 3740 1080; baseline 0.002 -19"><span class='ocrx_word' id='word_1_171' title='bbox 2085 1005 2401 1078; x_wconf 80' lang='lat' dir='ltr'><strong>quaerimus</strong></span> <span class='ocrx_word' id='word_1_172' title='bbox 2433 1004 2731 1074; x_wconf 87' lang='lat' dir='ltr'><strong>lautiores,</strong></span> <span class='ocrx_word' id='word_1_173' title='bbox 2779 1011 2836 1060; x_wconf 92' lang='lat' dir='ltr'><strong>et</strong></span> <span class='ocrx_word' id='word_1_174' title='bbox 2881 1005 3062 1073; x_wconf 91' lang='lat' dir='ltr'><strong>cibos,</strong></span> <span class='ocrx_word' id='word_1_175' title='bbox 3112 1009 3170 1061; x_wconf 93' lang='lat' dir='ltr'><strong>et</strong></span> <span class='ocrx_word' id='word_1_176' title='bbox 3201 1004 3421 1062; x_wconf 88' lang='lat' dir='ltr'><strong>habilia</strong></span> <span class='ocrx_word' id='word_1_177' title='bbox 3452 1006 3606 1080; x_wconf 89' lang='lat'><strong>(70):</strong></span> <span class='ocrx_word' id='word_1_178' title='bbox 3638 1007 3740 1064; x_wconf 85' lang='lat' dir='ltr'><strong>ille</strong></span> 
     </span>
    </p>
   </div>
   <div class='ocr_carea' id='block_1_27' title="bbox 2081 1094 3742 1168">
    <p class='ocr_par' dir='ltr' id='par_1_27' title="bbox 2081 1094 3742 1168">
     <span class='ocr_line' id='line_1_27' title="bbox 2081 1094 3742 1168; baseline 0.002 -19"><span class='ocrx_word' id='word_1_179' title='bbox 2081 1110 2216 1150; x_wconf 88' lang='lat' dir='ltr'><strong>vero</strong></span> <span class='ocrx_word' id='word_1_180' title='bbox 2243 1094 2343 1166; x_wconf 92' lang='lat' dir='ltr'><strong>qui</strong></span> <span class='ocrx_word' id='word_1_181' title='bbox 2374 1094 2433 1149; x_wconf 91' lang='lat' dir='ltr'><strong>in</strong></span> <span class='ocrx_word' id='word_1_182' title='bbox 2483 1110 2676 1150; x_wconf 89' lang='lat' dir='ltr'><strong>eremo</strong></span> <span class='ocrx_word' id='word_1_183' title='bbox 2725 1095 3083 1164; x_wconf 89' lang='lat' dir='ltr'><strong>morabatur,</strong></span> <span class='ocrx_word' id='word_1_184' title='bbox 3134 1095 3325 1151; x_wconf 88' lang='lat' dir='ltr'><strong>videte</strong></span> <span class='ocrx_word' id='word_1_185' title='bbox 3373 1094 3534 1168; x_wconf 87' lang='lat' dir='ltr'><strong>quali</strong></span> <span class='ocrx_word' id='word_1_186' title='bbox 3563 1097 3742 1154; x_wconf 82' lang='lat' dir='ltr'><strong>vesti-</strong></span> 
     </span>
    </p>
   </div>
   <div class='ocr_carea' id='block_1_28' title="bbox 2084 1183 3738 1255">
    <p class='ocr_par' dir='ltr' id='par_1_28' title="bbox 2084 1183 3738 1255">
     <span class='ocr_line' id='line_1_28' title="bbox 2084 1183 3738 1255; baseline 0.002 -17"><span class='ocrx_word' id='word_1_187' title='bbox 2084 1188 2280 1240; x_wconf 90' lang='lat' dir='ltr'><strong>mento</strong></span> <span class='ocrx_word' id='word_1_188' title='bbox 2311 1183 2555 1238; x_wconf 91' lang='lat' dir='ltr'><strong>indutus</strong></span> <span class='ocrx_word' id='word_1_189' title='bbox 2587 1183 2780 1239; x_wconf 86' lang='lat' dir='ltr'><strong>fuerit.</strong></span> <span class='ocrx_word' id='word_1_190' title='bbox 2812 1183 2891 1240; x_wconf 91' lang='lat' dir='ltr'><strong>De</strong></span> <span class='ocrx_word' id='word_1_191' title='bbox 2945 1183 3082 1255; x_wconf 90' lang='lat' dir='ltr'><strong>pilis</strong></span> <span class='ocrx_word' id='word_1_192' title='bbox 3113 1185 3470 1241; x_wconf 82' lang='lat' dir='ltr'><strong>camelorum</strong></span> <span class='ocrx_word' id='word_1_193' title='bbox 3501 1184 3614 1242; x_wconf 91' lang='lat' dir='ltr'><strong>sibi</strong></span> <span class='ocrx_word' id='word_1_194' title='bbox 3643 1191 3738 1242; x_wconf 81' lang='lat' dir='ltr'><strong>tu-</strong></span> 
     </span>
    </p>
   </div>
   <div class='ocr_carea' id='block_1_29' title="bbox 2081 1271 3742 1346">
    <p class='ocr_par' dir='ltr' id='par_1_29' title="bbox 2081 1271 3742 1346">
     <span class='ocr_line' id='line_1_29' title="bbox 2081 1271 3742 1346; baseline 0.002 -18"><span class='ocrx_word' id='word_1_195' title='bbox 2081 1271 2272 1328; x_wconf 90' lang='lat' dir='ltr'><strong>nicam</strong></span> <span class='ocrx_word' id='word_1_196' title='bbox 2307 1272 2546 1339; x_wconf 81' lang='lat' dir='ltr'><strong>fecerat,</strong></span> <span class='ocrx_word' id='word_1_197' title='bbox 2575 1277 2632 1328; x_wconf 92' lang='lat' dir='ltr'><strong>et</strong></span> <span class='ocrx_word' id='word_1_198' title='bbox 2661 1289 2807 1329; x_wconf 89' lang='lat' dir='ltr'><strong>zona</strong></span> <span class='ocrx_word' id='word_1_199' title='bbox 2861 1271 3100 1344; x_wconf 90' lang='lat' dir='ltr'><strong>pellicea</strong></span> <span class='ocrx_word' id='word_1_200' title='bbox 3127 1273 3491 1346; x_wconf 85' lang='lat' dir='ltr'><strong>cingebatur.</strong></span> <span class='ocrx_word' id='word_1_201' title='bbox 3523 1272 3742 1333; x_wconf 74' lang='lat' dir='ltr'><strong>Omnia</strong></span> 
     </span>
    </p>
   </div>
   <div class='ocr_carea' id='block_1_30' title="bbox 2080 1360 3735 1436">
    <p class='ocr_par' dir='ltr' id='par_1_30' title="bbox 2080 1360 3735 1436">
     <span class='ocr_line' id='line_1_30' title="bbox 2080 1360 3735 1436; baseline 0.002 -19"><span class='ocrx_word' id='word_1_202' title='bbox 2080 1377 2217 1436; x_wconf 91' lang='lat' dir='ltr'><strong>ergo</strong></span> <span class='ocrx_word' id='word_1_203' title='bbox 2250 1363 2307 1416; x_wconf 91' lang='lat' dir='ltr'><strong>in</strong></span> <span class='ocrx_word' id='word_1_204' title='bbox 2343 1360 2440 1416; x_wconf 90' lang='lat' dir='ltr'><strong>illo</strong></span> <span class='ocrx_word' id='word_1_205' title='bbox 2474 1366 2769 1431; x_wconf 86' lang='lat' dir='ltr'><strong>noverant,</strong></span> <span class='ocrx_word' id='word_1_206' title='bbox 2802 1366 2860 1416; x_wconf 91' lang='lat' dir='ltr'><strong>et</strong></span> <span class='ocrx_word' id='word_1_207' title='bbox 2908 1365 3145 1434; x_wconf 86' lang='lat' dir='ltr'><strong>propter</strong></span> <span class='ocrx_word' id='word_1_208' title='bbox 3185 1362 3735 1420; x_wconf 86' lang='lat' dir='ltr'><strong>dissimilitudinem</strong></span> 
     </span>
    </p>
   </div>
   <div class='ocr_carea' id='block_1_31' title="bbox 2079 1450 3745 1522">
    <p class='ocr_par' dir='ltr' id='par_1_31' title="bbox 2079 1450 3745 1522">
     <span class='ocr_line' id='line_1_31' title="bbox 2079 1450 3745 1522; baseline 0.004 -18"><span class='ocrx_word' id='word_1_209' title='bbox 2079 1450 2210 1506; x_wconf 78' lang='lat' dir='ltr'><strong>vitae</strong></span> <span class='ocrx_word' id='word_1_210' title='bbox 2243 1451 2496 1506; x_wconf 87' lang='lat' dir='ltr'><strong>universi</strong></span> <span class='ocrx_word' id='word_1_211' title='bbox 2531 1452 2630 1522; x_wconf 87' lang='lat' dir='ltr'><strong>qui</strong></span> <span class='ocrx_word' id='word_1_212' title='bbox 2671 1451 2964 1517; x_wconf 89' lang='lat' dir='ltr'><strong>videbant,</strong></span> <span class='ocrx_word' id='word_1_213' title='bbox 3015 1451 3462 1508; x_wconf 86' lang='lat' dir='ltr'><strong>admirabantur</strong></span> <span class='ocrx_word' id='word_1_214' title='bbox 3491 1467 3648 1521; x_wconf 87' lang='lat' dir='ltr'><strong>eum,</strong></span> <span class='ocrx_word' id='word_1_215' title='bbox 3681 1456 3745 1510; x_wconf 80' lang='lat' dir='ltr'><strong>et</strong></span> 
     </span>
    </p>
   </div>
   <div class='ocr_carea' id='block_1_32' title="bbox 2082 1539 3737 1614">
    <p class='ocr_par' dir='ltr' id='par_1_32' title="bbox 2082 1539 3737 1614">
     <span class='ocr_line' id='line_1_32' title="bbox 2082 1539 3737 1614; baseline 0.004 -21"><span class='ocrx_word' id='word_1_216' title='bbox 2082 1539 2362 1594; x_wconf 85' lang='lat' dir='ltr'><strong>mirantes</strong></span> <span class='ocrx_word' id='word_1_217' title='bbox 2383 1539 2818 1595; x_wconf 90' lang='lat' dir='ltr'><strong>studiosissime</strong></span> <span class='ocrx_word' id='word_1_218' title='bbox 2839 1539 3125 1608; x_wconf 88' lang='lat' dir='ltr'><strong>colebant,</strong></span> <span class='ocrx_word' id='word_1_219' title='bbox 3160 1557 3337 1613; x_wconf 90' lang='lat' dir='ltr'><strong>super</strong></span> <span class='ocrx_word' id='word_1_220' title='bbox 3354 1541 3554 1598; x_wconf 86' lang='lat' dir='ltr'><strong>omnia</strong></span> <span class='ocrx_word' id='word_1_221' title='bbox 3575 1541 3737 1614; x_wconf 85' lang='lat' dir='ltr'><strong>quod</strong></span> 
     </span>
    </p>
   </div>
   <div class='ocr_carea' id='block_1_33' title="bbox 2081 1628 3738 1703">
    <p class='ocr_par' dir='ltr' id='par_1_33' title="bbox 2081 1628 3738 1703">
     <span class='ocr_line' id='line_1_33' title="bbox 2081 1628 3738 1703; baseline 0.002 -19"><span class='ocrx_word' id='word_1_222' title='bbox 2081 1629 2426 1700; x_wconf 82' lang='lat' dir='ltr'><strong>poenitentes</strong></span> <span class='ocrx_word' id='word_1_223' title='bbox 2456 1629 2514 1684; x_wconf 93' lang='lat' dir='ltr'><strong>in</strong></span> <span class='ocrx_word' id='word_1_224' title='bbox 2546 1628 2952 1685; x_wconf 89' lang='lat' dir='ltr'><strong>remissionem</strong></span> <span class='ocrx_word' id='word_1_225' title='bbox 2977 1634 3344 1702; x_wconf 89' lang='lat' dir='ltr'><strong>peccatorum</strong></span> <span class='ocrx_word' id='word_1_226' title='bbox 3379 1630 3738 1703; x_wconf 86' lang='lat' dir='ltr'><strong>baptizabat.</strong></span> 
     </span>
    </p>
   </div>
   <div class='ocr_carea' id='block_1_34' title="bbox 2081 1718 3735 1790">
    <p class='ocr_par' dir='ltr' id='par_1_34' title="bbox 2081 1718 3735 1790">
     <span class='ocr_line' id='line_1_34' title="bbox 2081 1718 3735 1790; baseline 0.004 -19"><span class='ocrx_word' id='word_1_227' title='bbox 2081 1718 2235 1782; x_wconf 90' lang='lat' dir='ltr'><strong>Quas</strong></span> <span class='ocrx_word' id='word_1_228' title='bbox 2265 1719 2339 1772; x_wconf 93' lang='lat' dir='ltr'><strong>ob</strong></span> <span class='ocrx_word' id='word_1_229' title='bbox 2369 1734 2576 1774; x_wconf 86' lang='lat' dir='ltr'><strong>causas</strong></span> <span class='ocrx_word' id='word_1_230' title='bbox 2600 1718 2925 1790; x_wconf 87' lang='lat' dir='ltr'><strong>diligebant</strong></span> <span class='ocrx_word' id='word_1_231' title='bbox 2953 1719 3192 1790; x_wconf 90' lang='lat' dir='ltr'><strong>quidem</strong></span> <span class='ocrx_word' id='word_1_232' title='bbox 3225 1736 3358 1774; x_wconf 91' lang='lat' dir='ltr'><strong>eum</strong></span> <span class='ocrx_word' id='word_1_233' title='bbox 3373 1720 3735 1790; x_wconf 80' lang='lat' dir='ltr'><strong>justissima,</strong></span> 
     </span>
    </p>
   </div>
   <div class='ocr_carea' id='block_1_35' title="bbox 322 1801 3741 1881">
    <p class='ocr_par' dir='ltr' id='par_1_35' title="bbox 322 1801 3741 1881">
     <span class='ocr_line' id='line_1_35' title="bbox 322 1801 3741 1881; baseline 0.001 -17"><span class='ocrx_word' id='word_1_234' title='bbox 322 1807 828 1876; x_wconf 89' lang='lat' dir='ltr'><strong>transcenderit,et</strong></span> <span class='ocrx_word' id='word_1_235' title='bbox 858 1806 958 1878; x_wconf 92' lang='lat' dir='ltr'><strong>qui</strong></span> <span class='ocrx_word' id='word_1_236' title='bbox 989 1805 1262 1878; x_wconf 88' lang='lat' dir='ltr'><strong>diligit,et</strong></span> <span class='ocrx_word' id='word_1_237' title='bbox 1293 1807 1392 1878; x_wconf 91' lang='lat' dir='ltr'><strong>qui</strong></span> <span class='ocrx_word' id='word_1_238' title='bbox 1431 1806 1718 1878; x_wconf 81' lang='lat' dir='ltr'><strong>diligitur,</strong></span> <span class='ocrx_word' id='word_1_239' title='bbox 1751 1807 1809 1862; x_wconf 91' lang='lat' dir='ltr'><strong>in</strong></span> <span class='ocrx_word' id='word_1_240' title='bbox 1843 1824 1970 1880; x_wconf 86' lang='lat' dir='ltr'><strong>pec-</strong></span> <span class='ocrx_word' id='word_1_241' title='bbox 1998 1801 2045 1866; x_wconf 86' lang='grc' dir='ltr'>Β</span> <span class='ocrx_word' id='word_1_242' title='bbox 2078 1806 2180 1862; x_wconf 88' lang='lat' dir='ltr'><strong>sed</strong></span> <span class='ocrx_word' id='word_1_243' title='bbox 2212 1823 2324 1862; x_wconf 90' lang='lat' dir='ltr'><strong>non</strong></span> <span class='ocrx_word' id='word_1_244' title='bbox 2361 1807 2673 1863; x_wconf 87' lang='lat' dir='ltr'><strong>servabant</strong></span> <span class='ocrx_word' id='word_1_245' title='bbox 2700 1807 2758 1862; x_wconf 86' lang='lat' dir='ltr'><strong>in</strong></span> <span class='ocrx_word' id='word_1_246' title='bbox 2784 1806 3067 1863; x_wconf 85' lang='lat' dir='ltr'><strong>charitate</strong></span> <span class='ocrx_word' id='word_1_247' title='bbox 3091 1808 3331 1864; x_wconf 91' lang='lat' dir='ltr'><strong>modum</strong></span> <span class='ocrx_word' id='word_1_248' title='bbox 3357 1825 3369 1864; x_wconf 93' lang='lat'><strong>:</strong></span> <span class='ocrx_word' id='word_1_249' title='bbox 3395 1808 3741 1881; x_wconf 80' lang='lat' dir='ltr'><strong>cogitabant</strong></span> 
     </span>
    </p>
   </div>
   <div class='ocr_carea' id='block_1_36' title="bbox 319 1895 1972 1968">
    <p class='ocr_par' dir='ltr' id='par_1_36' title="bbox 319 1895 1972 1968">
     <span class='ocr_line' id='line_1_36' title="bbox 319 1895 1972 1968; baseline -0.001 -15"><span class='ocrx_word' id='word_1_250' title='bbox 319 1902 446 1954; x_wconf 89' lang='lat' dir='ltr'><strong>cato</strong></span> <span class='ocrx_word' id='word_1_251' title='bbox 477 1900 665 1952; x_wconf 88' lang='lat' dir='ltr'><strong>erunt.</strong></span> <span class='ocrx_word' id='word_1_252' title='bbox 691 1897 852 1962; x_wconf 90' lang='lat' dir='ltr'><strong>Quod</strong></span> <span class='ocrx_word' id='word_1_253' title='bbox 875 1900 939 1951; x_wconf 91' lang='lat' dir='ltr'><strong>ut</strong></span> <span class='ocrx_word' id='word_1_254' title='bbox 961 1895 1331 1951; x_wconf 82' lang='lat' dir='ltr'><strong>manifestius</strong></span> <span class='ocrx_word' id='word_1_255' title='bbox 1354 1897 1454 1951; x_wconf 83' lang='lat' dir='ltr'><strong>ﬁat</strong></span> <span class='ocrx_word' id='word_1_256' title='bbox 1474 1912 1764 1968; x_wconf 87' lang='lat' dir='ltr'><strong>ponamus</strong></span> <span class='ocrx_word' id='word_1_257' title='bbox 1785 1913 1972 1953; x_wconf 84' lang='lat' dir='ltr'><strong>exem-</strong></span> 
     </span>
    </p>
   </div>
   <div class='ocr_carea' id='block_1_37' title="bbox 318 1983 1967 2059">
    <p class='ocr_par' dir='ltr' id='par_1_37' title="bbox 318 1983 1967 2059">
     <span class='ocr_line' id='line_1_37' title="bbox 318 1983 1967 2059; baseline -0.001 -17"><span class='ocrx_word' id='word_1_258' title='bbox 318 1985 505 2059; x_wconf 92' lang='lat' dir='ltr'><strong>plum.</strong></span> <span class='ocrx_word' id='word_1_259' title='bbox 519 1986 804 2042; x_wconf 87' lang='lat' dir='ltr'><strong>Joannem</strong></span> <span class='ocrx_word' id='word_1_260' title='bbox 821 1983 1074 2057; x_wconf 91' lang='lat' dir='ltr'><strong>populus</strong></span> <span class='ocrx_word' id='word_1_261' title='bbox 1089 1983 1494 2055; x_wconf 89' lang='lat' dir='ltr'><strong>mirabatur,et</strong></span> <span class='ocrx_word' id='word_1_262' title='bbox 1511 1984 1789 2056; x_wconf 90' lang='lat' dir='ltr'><strong>diligebat</strong></span> <span class='ocrx_word' id='word_1_263' title='bbox 1801 2001 1868 2040; x_wconf 92' lang='lat' dir='ltr'><strong>eu</strong></span> <span class='ocrx_word' id='word_1_264' title='bbox 1881 2000 1967 2040; x_wconf 88' lang='lat' dir='ltr'><strong>m:</strong></span> 
     </span>
    </p>
   </div>
   <div class='ocr_carea' id='block_1_38' title="bbox 317 2072 1966 2146">
    <p class='ocr_par' dir='ltr' id='par_1_38' title="bbox 317 2072 1966 2146">
     <span class='ocr_line' id='line_1_38' title="bbox 317 2072 1966 2146; baseline -0.002 -15"><span class='ocrx_word' id='word_1_265' title='bbox 317 2082 376 2132; x_wconf 87' lang='lat' dir='ltr'><strong>et</strong></span> <span class='ocrx_word' id='word_1_266' title='bbox 405 2091 600 2131; x_wconf 90' lang='lat' dir='ltr'><strong>revera</strong></span> <span class='ocrx_word' id='word_1_267' title='bbox 631 2078 755 2130; x_wconf 90' lang='lat' dir='ltr'><strong>erat</strong></span> <span class='ocrx_word' id='word_1_268' title='bbox 777 2073 992 2146; x_wconf 89' lang='lat' dir='ltr'><strong>dignus</strong></span> <span class='ocrx_word' id='word_1_269' title='bbox 1014 2072 1317 2140; x_wconf 89' lang='lat' dir='ltr'><strong>miraculo,</strong></span> <span class='ocrx_word' id='word_1_270' title='bbox 1341 2077 1406 2128; x_wconf 89' lang='lat' dir='ltr'><strong>ut</strong></span> <span class='ocrx_word' id='word_1_271' title='bbox 1433 2072 1566 2144; x_wconf 90' lang='lat' dir='ltr'><strong>plus</strong></span> <span class='ocrx_word' id='word_1_272' title='bbox 1587 2072 1638 2128; x_wconf 90' lang='lat' dir='ltr'><strong>ei</strong></span> <span class='ocrx_word' id='word_1_273' title='bbox 1661 2089 1839 2144; x_wconf 88' lang='lat' dir='ltr'><strong>quam</strong></span> <span class='ocrx_word' id='word_1_274' title='bbox 1861 2088 1966 2128; x_wconf 82' lang='lat' dir='ltr'><strong>cae-</strong></span> 
     </span>
    </p>
   </div>
   <div class='ocr_carea' id='block_1_39' title="bbox 315 2160 1968 2233">
    <p class='ocr_par' dir='ltr' id='par_1_39' title="bbox 315 2160 1968 2233">
     <span class='ocr_line' id='line_1_39' title="bbox 315 2160 1968 2233; baseline -0.002 -12"><span class='ocrx_word' id='word_1_275' title='bbox 315 2165 458 2221; x_wconf 91' lang='lat' dir='ltr'><strong>teris</strong></span> <span class='ocrx_word' id='word_1_276' title='bbox 479 2163 819 2218; x_wconf 90' lang='lat' dir='ltr'><strong>hominibus</strong></span> <span class='ocrx_word' id='word_1_277' title='bbox 849 2162 1190 2229; x_wconf 80' lang='lat' dir='ltr'><strong>deferretur,</strong></span> <span class='ocrx_word' id='word_1_278' title='bbox 1215 2160 1353 2233; x_wconf 90' lang='lat' dir='ltr'><strong>quia</strong></span> <span class='ocrx_word' id='word_1_279' title='bbox 1382 2160 1551 2217; x_wconf 86' lang='lat' dir='ltr'><strong>aliter</strong></span> <span class='ocrx_word' id='word_1_280' title='bbox 1567 2178 1744 2233; x_wconf 90' lang='lat' dir='ltr'><strong>quam</strong></span> <span class='ocrx_word' id='word_1_281' title='bbox 1775 2161 1968 2217; x_wconf 89' lang='lat' dir='ltr'><strong>cuncti</strong></span> 
     </span>
    </p>
   </div>
   <div class='ocr_carea' id='block_1_40' title="bbox 317 2249 1967 2323">
    <p class='ocr_par' dir='ltr' id='par_1_40' title="bbox 317 2249 1967 2323">
     <span class='ocr_line' id='line_1_40' title="bbox 317 2249 1967 2323; baseline -0.002 -14"><span class='ocrx_word' id='word_1_282' title='bbox 317 2251 594 2309; x_wconf 86' lang='lat' dir='ltr'><strong>mortales</strong></span> <span class='ocrx_word' id='word_1_283' title='bbox 624 2252 859 2309; x_wconf 86' lang='lat' dir='ltr'><strong>vixerat.</strong></span> <span class='ocrx_word' id='word_1_284' title='bbox 892 2250 1018 2306; x_wconf 91' lang='lat' dir='ltr'><strong>Non</strong></span> <span class='ocrx_word' id='word_1_285' title='bbox 1049 2267 1253 2306; x_wconf 88' lang='lat' dir='ltr'><strong>omnes</strong></span> <span class='ocrx_word' id='word_1_286' title='bbox 1302 2267 1510 2306; x_wconf 89' lang='lat' dir='ltr'><strong>sumus</strong></span> <span class='ocrx_word' id='word_1_287' title='bbox 1542 2249 1794 2323; x_wconf 90' lang='lat' dir='ltr'><strong>simplici</strong></span> <span class='ocrx_word' id='word_1_288' title='bbox 1825 2266 1967 2306; x_wconf 83' lang='lat' dir='ltr'><strong>con-</strong></span> 
     </span>
    </p>
   </div>
   <div class='ocr_carea' id='block_1_41' title="bbox 314 2338 1965 2408">
    <p class='ocr_par' dir='ltr' id='par_1_41' title="bbox 314 2338 1965 2408">
     <span class='ocr_line' id='line_1_41' title="bbox 314 2338 1965 2408; baseline 0 -12"><span class='ocrx_word' id='word_1_289' title='bbox 314 2340 457 2397; x_wconf 90' lang='lat' dir='ltr'><strong>tenti</strong></span> <span class='ocrx_word' id='word_1_290' title='bbox 481 2341 631 2408; x_wconf 89' lang='lat' dir='ltr'><strong>cibo,</strong></span> <span class='ocrx_word' id='word_1_291' title='bbox 653 2339 754 2396; x_wconf 89' lang='lat' dir='ltr'><strong>sed</strong></span> <span class='ocrx_word' id='word_1_292' title='bbox 777 2339 1053 2394; x_wconf 89' lang='lat' dir='ltr'><strong>varietate</strong></span> <span class='ocrx_word' id='word_1_293' title='bbox 1077 2338 1435 2394; x_wconf 89' lang='lat' dir='ltr'><strong>decletamur</strong></span> <span class='ocrx_word' id='word_1_294' title='bbox 1457 2355 1753 2395; x_wconf 88' lang='lat' dir='ltr'><strong>escarum:</strong></span> <span class='ocrx_word' id='word_1_295' title='bbox 1779 2355 1965 2396; x_wconf 90' lang='lat' dir='ltr'><strong>unum</strong></span> 
     </span>
    </p>
   </div>
   <div class='ocr_carea' id='block_1_42' title="bbox 316 2427 1966 2501">
    <p class='ocr_par' dir='ltr' id='par_1_42' title="bbox 316 2427 1966 2501">
     <span class='ocr_line' id='line_1_42' title="bbox 316 2427 1966 2501; baseline -0.001 -16"><span class='ocrx_word' id='word_1_296' title='bbox 316 2429 485 2485; x_wconf 90' lang='lat' dir='ltr'><strong>nobis</strong></span> <span class='ocrx_word' id='word_1_297' title='bbox 506 2430 576 2485; x_wconf 88' lang='lat' dir='ltr'><strong>ad</strong></span> <span class='ocrx_word' id='word_1_298' title='bbox 602 2428 924 2501; x_wconf 89' lang='lat' dir='ltr'><strong>potandum</strong></span> <span class='ocrx_word' id='word_1_299' title='bbox 945 2427 1144 2482; x_wconf 91' lang='lat' dir='ltr'><strong>vinum</strong></span> <span class='ocrx_word' id='word_1_300' title='bbox 1176 2427 1413 2496; x_wconf 84' lang='lat' dir='ltr'><strong>sufﬁcit,</strong></span> <span class='ocrx_word' id='word_1_301' title='bbox 1435 2428 1576 2482; x_wconf 86' lang='lat' dir='ltr'><strong>varii</strong></span> <span class='ocrx_word' id='word_1_302' title='bbox 1601 2432 1811 2500; x_wconf 87' lang='lat' dir='ltr'><strong>gustus</strong></span> <span class='ocrx_word' id='word_1_303' title='bbox 1833 2428 1966 2484; x_wconf 90' lang='lat' dir='ltr'><strong>vina</strong></span> 
     </span>
    </p>
   </div>
   <div class='ocr_carea' id='block_1_43' title="bbox 315 2514 1966 2589">
    <p class='ocr_par' dir='ltr' id='par_1_43' title="bbox 315 2514 1966 2589">
     <span class='ocr_line' id='line_1_43' title="bbox 315 2514 1966 2589; baseline -0.002 -14"><span class='ocrx_word' id='word_1_304' title='bbox 315 2534 666 2575; x_wconf 82' lang='lat' dir='ltr'><strong>mercamur.</strong></span> <span class='ocrx_word' id='word_1_305' title='bbox 715 2517 972 2572; x_wconf 88' lang='lat' dir='ltr'><strong>Joannes</strong></span> <span class='ocrx_word' id='word_1_306' title='bbox 993 2533 1123 2572; x_wconf 88' lang='lat' dir='ltr'><strong>vero</strong></span> <span class='ocrx_word' id='word_1_307' title='bbox 1159 2533 1393 2589; x_wconf 89' lang='lat' dir='ltr'><strong>semper</strong></span> <span class='ocrx_word' id='word_1_308' title='bbox 1434 2514 1700 2581; x_wconf 90' lang='lat' dir='ltr'><strong>locustis,</strong></span> <span class='ocrx_word' id='word_1_309' title='bbox 1734 2533 1966 2588; x_wconf 89' lang='lat' dir='ltr'><strong>semper</strong></span> 
     </span>
    </p>
   </div>
   <div class='ocr_carea' id='block_1_44' title="bbox 314 2603 1964 2671">
    <p class='ocr_par' dir='ltr' id='par_1_44' title="bbox 314 2603 1964 2671">
     <span class='ocr_line' id='line_1_44' title="bbox 314 2603 1964 2671; baseline -0.002 -7"><span class='ocrx_word' id='word_1_310' title='bbox 314 2609 655 2664; x_wconf 87' lang='lat' dir='ltr'><strong>vescebatur</strong></span> <span class='ocrx_word' id='word_1_311' title='bbox 679 2604 849 2660; x_wconf 89' lang='lat' dir='ltr'><strong>melle</strong></span> <span class='ocrx_word' id='word_1_312' title='bbox 899 2603 1172 2671; x_wconf 89' lang='lat' dir='ltr'><strong>silvestri,</strong></span> <span class='ocrx_word' id='word_1_313' title='bbox 1222 2609 1279 2659; x_wconf 91' lang='lat' dir='ltr'><strong>et</strong></span> <span class='ocrx_word' id='word_1_314' title='bbox 1325 2609 1635 2661; x_wconf 88' lang='lat' dir='ltr'><strong>contentus</strong></span> <span class='ocrx_word' id='word_1_315' title='bbox 1664 2611 1788 2661; x_wconf 88' lang='lat' dir='ltr'><strong>erat</strong></span> <span class='ocrx_word' id='word_1_316' title='bbox 1816 2606 1964 2662; x_wconf 82' lang='lat' dir='ltr'><strong>sim-</strong></span> 
     </span>
    </p>
   </div>
   <div class='ocr_carea' id='block_1_45' title="bbox 313 2692 1963 2774">
    <p class='ocr_par' dir='ltr' id='par_1_45' title="bbox 313 2692 1963 2774">
     <span class='ocr_line' id='line_1_45' title="bbox 313 2692 1963 2774; baseline 0.001 -24"><span class='ocrx_word' id='word_1_317' title='bbox 313 2694 450 2774; x_wconf 91' lang='lat' dir='ltr'><strong>plici</strong></span> <span class='ocrx_word' id='word_1_318' title='bbox 481 2700 537 2751; x_wconf 88' lang='lat' dir='ltr'><strong>et</strong></span> <span class='ocrx_word' id='word_1_319' title='bbox 557 2694 716 2751; x_wconf 90' lang='lat' dir='ltr'><strong>tenui</strong></span> <span class='ocrx_word' id='word_1_320' title='bbox 741 2693 889 2761; x_wconf 91' lang='lat' dir='ltr'><strong>cibo,</strong></span> <span class='ocrx_word' id='word_1_321' title='bbox 921 2710 991 2749; x_wconf 90' lang='lat' dir='ltr'><strong>ne</strong></span> <span class='ocrx_word' id='word_1_322' title='bbox 1013 2711 1224 2765; x_wconf 91' lang='lat' dir='ltr'><strong>corpus</strong></span> <span class='ocrx_word' id='word_1_323' title='bbox 1245 2692 1408 2749; x_wconf 89' lang='lat' dir='ltr'><strong>illius</strong></span> <span class='ocrx_word' id='word_1_324' title='bbox 1429 2693 1814 2750; x_wconf 88' lang='lat' dir='ltr'><strong>crassioribus</strong></span> <span class='ocrx_word' id='word_1_325' title='bbox 1838 2694 1963 2767; x_wconf 90' lang='lat' dir='ltr'><strong>pul-</strong></span> 
     </span>
    </p>
   </div>
   <div class='ocr_carea' id='block_1_46' title="bbox 314 2783 1961 2856">
    <p class='ocr_par' dir='ltr' id='par_1_46' title="bbox 314 2783 1961 2856">
     <span class='ocr_line' id='line_1_46' title="bbox 314 2783 1961 2856; baseline 0.001 -15"><span class='ocrx_word' id='word_1_326' title='bbox 314 2783 527 2841; x_wconf 88' lang='lat' dir='ltr'><strong>mentis</strong></span> <span class='ocrx_word' id='word_1_327' title='bbox 548 2783 973 2856; x_wconf 88' lang='lat' dir='ltr'><strong>pinguesceret,</strong></span> <span class='ocrx_word' id='word_1_328' title='bbox 997 2783 1147 2840; x_wconf 72' lang='lat'><strong>825</strong></span> <span class='ocrx_word' id='word_1_329' title='bbox 1163 2783 1293 2840; x_wconf 76' lang='lat'><strong>-26</strong></span> <span class='ocrx_word' id='word_1_330' title='bbox 1313 2786 1369 2839; x_wconf 91' lang='lat' dir='ltr'><strong>et</strong></span> <span class='ocrx_word' id='word_1_331' title='bbox 1386 2783 1690 2855; x_wconf 84' lang='lat' dir='ltr'><strong>exquisitis</strong></span> <span class='ocrx_word' id='word_1_332' title='bbox 1711 2785 1961 2855; x_wconf 89' lang='lat' dir='ltr'><strong>dapibus</strong></span> 
     </span>
    </p>
   </div>
   <div class='ocr_carea' id='block_1_47' title="bbox 312 2872 1961 2948">
    <p class='ocr_par' dir='ltr' id='par_1_47' title="bbox 312 2872 1961 2948">
     <span class='ocr_line' id='line_1_47' title="bbox 312 2872 1961 2948; baseline -0.001 -18"><span class='ocrx_word' id='word_1_333' title='bbox 312 2879 677 2948; x_wconf 87' lang='lat' dir='ltr'><strong>gravaretur;</strong></span> <span class='ocrx_word' id='word_1_334' title='bbox 694 2872 1031 2944; x_wconf 86' lang='lat' dir='ltr'><strong>hujusmodi</strong></span> <span class='ocrx_word' id='word_1_335' title='bbox 1053 2872 1268 2945; x_wconf 89' lang='lat' dir='ltr'><strong>quippe</strong></span> <span class='ocrx_word' id='word_1_336' title='bbox 1286 2877 1496 2927; x_wconf 86' lang='lat' dir='ltr'><strong>natura</strong></span> <span class='ocrx_word' id='word_1_337' title='bbox 1507 2888 1748 2944; x_wconf 90' lang='lat' dir='ltr'><strong>corpora</strong></span> <span class='ocrx_word' id='word_1_338' title='bbox 1761 2877 1961 2930; x_wconf 84' lang='lat' dir='ltr'><strong>nostra</strong></span> 
     </span>
    </p>
   </div>
   <div class='ocr_carea' id='block_1_48' title="bbox 273 2961 1958 3034">
    <p class='ocr_par' dir='ltr' id='par_1_48' title="bbox 273 2961 1958 3034">
     <span class='ocr_line' id='line_1_48' title="bbox 273 2961 1958 3034; baseline -0.001 -14"><span class='ocrx_word' id='word_1_339' title='bbox 273 3005 278 3008; x_wconf 92' lang='grc'><strong><em>-</em></strong></span> <span class='ocrx_word' id='word_1_340' title='bbox 311 2968 470 3031; x_wconf 89' lang='lat' dir='ltr'><strong>sunt,</strong></span> <span class='ocrx_word' id='word_1_341' title='bbox 505 2967 569 3020; x_wconf 90' lang='lat' dir='ltr'><strong>ut</strong></span> <span class='ocrx_word' id='word_1_342' title='bbox 598 2961 746 3018; x_wconf 87' lang='lat' dir='ltr'><strong>escis</strong></span> <span class='ocrx_word' id='word_1_343' title='bbox 778 2961 1092 3034; x_wconf 84' lang='lat' dir='ltr'><strong>superﬂuis</strong></span> <span class='ocrx_word' id='word_1_344' title='bbox 1125 2965 1551 3034; x_wconf 89' lang='lat' dir='ltr'><strong>aggraventur:</strong></span> <span class='ocrx_word' id='word_1_345' title='bbox 1583 2966 1639 3016; x_wconf 92' lang='lat' dir='ltr'><strong>et</strong></span> <span class='ocrx_word' id='word_1_346' title='bbox 1669 2978 1801 3017; x_wconf 92' lang='lat' dir='ltr'><strong>cum</strong></span> <span class='ocrx_word' id='word_1_347' title='bbox 1833 2979 1958 3018; x_wconf 92' lang='lat' dir='ltr'><strong>cor-</strong></span> 
     </span>
    </p>
   </div>
   <div class='ocr_carea' id='block_1_49' title="bbox 309 3049 1957 3126">
    <p class='ocr_par' dir='ltr' id='par_1_49' title="bbox 309 3049 1957 3126">
     <span class='ocr_line' id='line_1_49' title="bbox 309 3049 1957 3126; baseline -0.002 -17"><span class='ocrx_word' id='word_1_348' title='bbox 309 3070 421 3126; x_wconf 89' lang='lat' dir='ltr'><strong>pus</strong></span> <span class='ocrx_word' id='word_1_349' title='bbox 435 3051 1020 3124; x_wconf 85' lang='lat' dir='ltr'><strong>fueritaggravatum,</strong></span> <span class='ocrx_word' id='word_1_350' title='bbox 1045 3049 1243 3106; x_wconf 92' lang='lat' dir='ltr'><strong>anima</strong></span> <span class='ocrx_word' id='word_1_351' title='bbox 1268 3065 1502 3122; x_wconf 90' lang='lat' dir='ltr'><strong>quoque</strong></span> <span class='ocrx_word' id='word_1_352' title='bbox 1524 3053 1957 3122; x_wconf 73' lang='lat' dir='ltr'><strong>oneretur,quze</strong></span> 
     </span>
    </p>
   </div>
   <div class='ocr_carea' id='block_1_50' title="bbox 2078 1894 3738 1966">
    <p class='ocr_par' dir='ltr' id='par_1_50' title="bbox 2078 1894 3738 1966">
     <span class='ocr_line' id='line_1_50' title="bbox 2078 1894 3738 1966; baseline 0.002 -15"><span class='ocrx_word' id='word_1_353' title='bbox 2078 1894 2234 1951; x_wconf 88' lang='lat' dir='ltr'><strong>enim</strong></span> <span class='ocrx_word' id='word_1_354' title='bbox 2267 1912 2340 1951; x_wconf 91' lang='lat' dir='ltr'><strong>ne</strong></span> <span class='ocrx_word' id='word_1_355' title='bbox 2371 1896 2518 1951; x_wconf 82' lang='lat' dir='ltr'><strong>forte</strong></span> <span class='ocrx_word' id='word_1_356' title='bbox 2549 1895 2674 1966; x_wconf 90' lang='lat' dir='ltr'><strong>ipse</strong></span> <span class='ocrx_word' id='word_1_357' title='bbox 2703 1900 2859 1952; x_wconf 86' lang='lat' dir='ltr'><strong>esset</strong></span> <span class='ocrx_word' id='word_1_358' title='bbox 2889 1895 3180 1952; x_wconf 91' lang='lat' dir='ltr'><strong>Christus.</strong></span> <span class='ocrx_word' id='word_1_359' title='bbox 3215 1897 3398 1959; x_wconf 88' lang='lat' dir='ltr'><strong>Quam</strong></span> <span class='ocrx_word' id='word_1_360' title='bbox 3433 1896 3738 1954; x_wconf 88' lang='lat' dir='ltr'><strong>inordina-</strong></span> 
     </span>
    </p>
   </div>
   <div class='ocr_carea' id='block_1_51' title="bbox 2077 1983 3736 2060">
    <p class='ocr_par' dir='ltr' id='par_1_51' title="bbox 2077 1983 3736 2060">
     <span class='ocr_line' id='line_1_51' title="bbox 2077 1983 3736 2060; baseline 0.004 -21"><span class='ocrx_word' id='word_1_361' title='bbox 2077 1989 2197 2040; x_wconf 89' lang='lat' dir='ltr'><strong>tam</strong></span> <span class='ocrx_word' id='word_1_362' title='bbox 2228 1989 2286 2040; x_wconf 91' lang='lat' dir='ltr'><strong>et</strong></span> <span class='ocrx_word' id='word_1_363' title='bbox 2315 1983 2773 2040; x_wconf 89' lang='lat' dir='ltr'><strong>irrationabilem</strong></span> <span class='ocrx_word' id='word_1_364' title='bbox 2814 1985 3155 2042; x_wconf 88' lang='lat' dir='ltr'><strong>charitatem</strong></span> <span class='ocrx_word' id='word_1_365' title='bbox 3189 2002 3400 2042; x_wconf 87' lang='lat' dir='ltr'><strong>cavens</strong></span> <span class='ocrx_word' id='word_1_366' title='bbox 3431 1987 3736 2060; x_wconf 78' lang='lat' dir='ltr'><strong>apostolus</strong></span> 
     </span>
    </p>
   </div>
   <div class='ocr_carea' id='block_1_52' title="bbox 2078 2073 3739 2147">
    <p class='ocr_par' dir='ltr' id='par_1_52' title="bbox 2078 2073 3739 2147">
     <span class='ocr_line' id='line_1_52' title="bbox 2078 2073 3739 2147; baseline 0.004 -19"><span class='ocrx_word' id='word_1_367' title='bbox 2078 2073 2292 2130; x_wconf 87' lang='lat' dir='ltr'><strong>Paulus</strong></span> <span class='ocrx_word' id='word_1_368' title='bbox 2323 2075 2393 2130; x_wconf 90' lang='lat' dir='ltr'><strong>de</strong></span> <span class='ocrx_word' id='word_1_369' title='bbox 2424 2074 2738 2146; x_wconf 91' lang='lat' dir='ltr'><strong>semetipso</strong></span> <span class='ocrx_word' id='word_1_370' title='bbox 2767 2073 3118 2147; x_wconf 89' lang='lat' dir='ltr'><strong>loquebatur</strong></span> <span class='ocrx_word' id='word_1_371' title='bbox 3144 2075 3198 2131; x_wconf 69' lang='grc' dir='ltr'><strong>δε</strong></span> <span class='ocrx_word' id='word_1_372' title='bbox 3245 2077 3422 2131; x_wconf 85' lang='lat' dir='ltr'><strong>Timeo</strong></span> <span class='ocrx_word' id='word_1_373' title='bbox 3454 2077 3637 2133; x_wconf 82' lang='lat' dir='ltr'><strong>autem</strong></span> <span class='ocrx_word' id='word_1_374' title='bbox 3664 2093 3739 2136; x_wconf 84' lang='lat' dir='ltr'><strong>ne</strong></span> 
     </span>
    </p>
   </div>
   <div class='ocr_carea' id='block_1_53' title="bbox 2076 2163 3735 2235">
    <p class='ocr_par' dir='ltr' id='par_1_53' title="bbox 2076 2163 3735 2235">
     <span class='ocr_line' id='line_1_53' title="bbox 2076 2163 3735 2235; baseline 0.003 -18"><span class='ocrx_word' id='word_1_375' title='bbox 2076 2164 2198 2233; x_wconf 93' lang='lat' dir='ltr'><strong>quis</strong></span> <span class='ocrx_word' id='word_1_376' title='bbox 2227 2163 2292 2219; x_wconf 88' lang='lat' dir='ltr'><strong>de</strong></span> <span class='ocrx_word' id='word_1_377' title='bbox 2318 2179 2405 2218; x_wconf 89' lang='lat' dir='ltr'><strong>me</strong></span> <span class='ocrx_word' id='word_1_378' title='bbox 2436 2165 2627 2234; x_wconf 82' lang='lat' dir='ltr'><strong>cogitet</strong></span> <span class='ocrx_word' id='word_1_379' title='bbox 2646 2179 2805 2235; x_wconf 83' lang='lat' dir='ltr'><strong>super</strong></span> <span class='ocrx_word' id='word_1_380' title='bbox 2830 2163 2886 2219; x_wconf 88' lang='lat' dir='ltr'><strong>id</strong></span> <span class='ocrx_word' id='word_1_381' title='bbox 2911 2164 3051 2234; x_wconf 85' lang='lat' dir='ltr'><strong>quod</strong></span> <span class='ocrx_word' id='word_1_382' title='bbox 3077 2164 3227 2220; x_wconf 83' lang='lat' dir='ltr'><strong>videt</strong></span> <span class='ocrx_word' id='word_1_383' title='bbox 3273 2164 3334 2219; x_wconf 82' lang='lat' dir='ltr'><strong>in</strong></span> <span class='ocrx_word' id='word_1_384' title='bbox 3370 2181 3477 2232; x_wconf 88' lang='lat' dir='ltr'><strong>me,</strong></span> <span class='ocrx_word' id='word_1_385' title='bbox 3507 2174 3603 2222; x_wconf 89' lang='lat' dir='ltr'><strong>aut</strong></span> <span class='ocrx_word' id='word_1_386' title='bbox 3629 2181 3735 2222; x_wconf 86' lang='lat' dir='ltr'><strong>au-</strong></span> 
     </span>
    </p>
   </div>
   <div class='ocr_carea' id='block_1_54' title="bbox 2075 2252 3732 2328">
    <p class='ocr_par' dir='ltr' id='par_1_54' title="bbox 2075 2252 3732 2328">
     <span class='ocr_line' id='line_1_54' title="bbox 2075 2252 3732 2328; baseline 0.003 -21"><span class='ocrx_word' id='word_1_387' title='bbox 2075 2253 2155 2307; x_wconf 87' lang='lat' dir='ltr'><strong>dit</strong></span> <span class='ocrx_word' id='word_1_388' title='bbox 2177 2269 2246 2308; x_wconf 74' lang='lat' dir='ltr'><strong>ex</strong></span> <span class='ocrx_word' id='word_1_389' title='bbox 2272 2269 2377 2320; x_wconf 89' lang='lat' dir='ltr'><strong>me,</strong></span> <span class='ocrx_word' id='word_1_390' title='bbox 2412 2260 2466 2308; x_wconf 86' lang='lat' dir='ltr'><strong>et</strong></span> <span class='ocrx_word' id='word_1_391' title='bbox 2493 2269 2562 2308; x_wconf 91' lang='lat' dir='ltr'><strong>ne</strong></span> <span class='ocrx_word' id='word_1_392' title='bbox 2592 2252 2910 2324; x_wconf 80' lang='lat' dir='ltr'><strong>magnitudo</strong></span> <span class='ocrx_word' id='word_1_393' title='bbox 2942 2253 3337 2310; x_wconf 79' lang='lat' dir='ltr'><strong>revelationum</strong></span> <span class='ocrx_word' id='word_1_394' title='bbox 3365 2252 3594 2311; x_wconf 76' lang='lat' dir='ltr'><strong>extollat</strong></span> <span class='ocrx_word' id='word_1_395' title='bbox 3621 2271 3732 2328; x_wconf 86' lang='lat' dir='ltr'><strong>me,</strong></span> 
     </span>
    </p>
   </div>
   <div class='ocr_carea' id='block_1_55' title="bbox 2073 2341 3734 2415">
    <p class='ocr_par' dir='ltr' id='par_1_55' title="bbox 2073 2341 3734 2415">
     <span class='ocr_line' id='line_1_55' title="bbox 2073 2341 3734 2415; baseline 0.003 -19"><span class='ocrx_word' id='word_1_396' title='bbox 2073 2346 2183 2397; x_wconf 89' lang='lat' dir='ltr'><strong>etc.</strong></span> <span class='ocrx_word' id='word_1_397' title='bbox 2219 2341 2381 2406; x_wconf 90' lang='lat' dir='ltr'><strong>Quod</strong></span> <span class='ocrx_word' id='word_1_398' title='bbox 2415 2346 2682 2398; x_wconf 89' lang='lat' dir='ltr'><strong>metuens</strong></span> <span class='ocrx_word' id='word_1_399' title='bbox 2714 2357 2786 2397; x_wconf 92' lang='lat' dir='ltr'><strong>ne</strong></span> <span class='ocrx_word' id='word_1_400' title='bbox 2817 2341 2994 2398; x_wconf 89' lang='lat' dir='ltr'><strong>etiam</strong></span> <span class='ocrx_word' id='word_1_401' title='bbox 3026 2343 3151 2415; x_wconf 88' lang='lat' dir='ltr'><strong>ipse</strong></span> <span class='ocrx_word' id='word_1_402' title='bbox 3180 2342 3464 2410; x_wconf 85' lang='lat' dir='ltr'><strong>incurrat,</strong></span> <span class='ocrx_word' id='word_1_403' title='bbox 3493 2342 3734 2401; x_wconf 89' lang='lat' dir='ltr'><strong>nolebat</strong></span> 
     </span>
    </p>
   </div>
   <div class='ocr_carea' id='block_1_56' title="bbox 2074 2431 3727 2506">
    <p class='ocr_par' dir='ltr' id='par_1_56' title="bbox 2074 2431 3727 2506">
     <span class='ocr_line' id='line_1_56' title="bbox 2074 2431 3727 2506; baseline 0.004 -21"><span class='ocrx_word' id='word_1_404' title='bbox 2074 2431 2272 2486; x_wconf 90' lang='lat' dir='ltr'><strong>omnia</strong></span> <span class='ocrx_word' id='word_1_405' title='bbox 2303 2432 2373 2486; x_wconf 93' lang='lat' dir='ltr'><strong>de</strong></span> <span class='ocrx_word' id='word_1_406' title='bbox 2404 2446 2466 2486; x_wconf 87' lang='lat' dir='ltr'><strong>se</strong></span> <span class='ocrx_word' id='word_1_407' title='bbox 2510 2431 2779 2502; x_wconf 86' lang='lat' dir='ltr'><strong>judicare</strong></span> <span class='ocrx_word' id='word_1_408' title='bbox 2808 2447 2935 2504; x_wconf 75' lang='lat' dir='ltr'><strong>quae</strong></span> <span class='ocrx_word' id='word_1_409' title='bbox 2985 2435 3175 2503; x_wconf 88' lang='lat' dir='ltr'><strong>norat,</strong></span> <span class='ocrx_word' id='word_1_410' title='bbox 3226 2448 3297 2489; x_wconf 89' lang='lat' dir='ltr'><strong>ne</strong></span> <span class='ocrx_word' id='word_1_411' title='bbox 3327 2431 3462 2505; x_wconf 89' lang='lat' dir='ltr'><strong>quis</strong></span> <span class='ocrx_word' id='word_1_412' title='bbox 3492 2447 3559 2490; x_wconf 90' lang='lat' dir='ltr'><strong>eo</strong></span> <span class='ocrx_word' id='word_1_413' title='bbox 3591 2432 3727 2506; x_wconf 78' lang='lat' dir='ltr'><strong>plus</strong></span> 
     </span>
    </p>
   </div>
   <div class='ocr_carea' id='block_1_57' title="bbox 2073 2519 3702 2592">
    <p class='ocr_par' dir='ltr' id='par_1_57' title="bbox 2073 2519 3702 2592">
     <span class='ocr_line' id='line_1_57' title="bbox 2073 2519 3702 2592; baseline 0.003 -18"><span class='ocrx_word' id='word_1_414' title='bbox 2073 2519 2386 2576; x_wconf 87' lang='lat' dir='ltr'><strong>arbitretur</strong></span> <span class='ocrx_word' id='word_1_415' title='bbox 2413 2537 2542 2576; x_wconf 91' lang='lat' dir='ltr'><strong>esse</strong></span> <span class='ocrx_word' id='word_1_416' title='bbox 2572 2536 2750 2592; x_wconf 88' lang='lat' dir='ltr'><strong>quam</strong></span> <span class='ocrx_word' id='word_1_417' title='bbox 2780 2525 3060 2590; x_wconf 88' lang='lat' dir='ltr'><strong>cerneret,</strong></span> <span class='ocrx_word' id='word_1_418' title='bbox 3091 2525 3149 2576; x_wconf 90' lang='lat' dir='ltr'><strong>et</strong></span> <span class='ocrx_word' id='word_1_419' title='bbox 3179 2537 3517 2578; x_wconf 87' lang='lat' dir='ltr'><strong>mensuram</strong></span> <span class='ocrx_word' id='word_1_420' title='bbox 3549 2521 3702 2579; x_wconf 89' lang='lat' dir='ltr'><strong>bono</strong></span> 
     </span>
    </p>
   </div>
   <div class='ocr_carea' id='block_1_58' title="bbox 2071 2608 3720 2682">
    <p class='ocr_par' dir='ltr' id='par_1_58' title="bbox 2071 2608 3720 2682">
     <span class='ocr_line' id='line_1_58' title="bbox 2071 2608 3720 2682; baseline 0.003 -19"><span class='ocrx_word' id='word_1_421' title='bbox 2071 2608 2152 2665; x_wconf 90' lang='lat' dir='ltr'><strong>ris</strong></span> <span class='ocrx_word' id='word_1_422' title='bbox 2173 2609 2477 2672; x_wconf 83' lang='lat' dir='ltr'><strong>excedens,</strong></span> <span class='ocrx_word' id='word_1_423' title='bbox 2501 2609 2718 2665; x_wconf 88' lang='lat' dir='ltr'><strong>diceret</strong></span> <span class='ocrx_word' id='word_1_424' title='bbox 2738 2609 2889 2682; x_wconf 91' lang='lat' dir='ltr'><strong>quod</strong></span> <span class='ocrx_word' id='word_1_425' title='bbox 2915 2609 3134 2665; x_wconf 91' lang='lat' dir='ltr'><strong>dictum</strong></span> <span class='ocrx_word' id='word_1_426' title='bbox 3160 2611 3351 2666; x_wconf 86' lang='lat' dir='ltr'><strong>fuerat</strong></span> <span class='ocrx_word' id='word_1_427' title='bbox 3374 2611 3445 2667; x_wconf 92' lang='lat' dir='ltr'><strong>de</strong></span> <span class='ocrx_word' id='word_1_428' title='bbox 3471 2611 3720 2682; x_wconf 84' lang='lat' dir='ltr'><strong>Joanne,</strong></span> 
     </span>
    </p>
   </div>
   <div class='ocr_carea' id='block_1_59' title="bbox 2070 2697 3724 2771">
    <p class='ocr_par' dir='ltr' id='par_1_59' title="bbox 2070 2697 3724 2771">
     <span class='ocr_line' id='line_1_59' title="bbox 2070 2697 3724 2771; baseline 0.003 -19"><span class='ocrx_word' id='word_1_429' title='bbox 2070 2699 2210 2770; x_wconf 90' lang='lat' dir='ltr'><strong>quia</strong></span> <span class='ocrx_word' id='word_1_430' title='bbox 2238 2698 2365 2771; x_wconf 90' lang='lat' dir='ltr'><strong>ipse</strong></span> <span class='ocrx_word' id='word_1_431' title='bbox 2411 2701 2564 2754; x_wconf 86' lang='lat' dir='ltr'><strong>esset</strong></span> <span class='ocrx_word' id='word_1_432' title='bbox 2610 2697 2899 2755; x_wconf 89' lang='lat' dir='ltr'><strong>Christus.</strong></span> <span class='ocrx_word' id='word_1_433' title='bbox 2952 2700 3112 2765; x_wconf 87' lang='lat' dir='ltr'><strong>Quod</strong></span> <span class='ocrx_word' id='word_1_434' title='bbox 3164 2699 3401 2771; x_wconf 89' lang='lat' dir='ltr'><strong>quidem</strong></span> <span class='ocrx_word' id='word_1_435' title='bbox 3452 2699 3724 2757; x_wconf 87' lang='lat' dir='ltr'><strong>nonnulli</strong></span> 
     </span>
    </p>
   </div>
   <div class='ocr_carea' id='block_1_60' title="bbox 2069 2787 3722 2860">
    <p class='ocr_par' dir='ltr' id='par_1_60' title="bbox 2069 2787 3722 2860">
     <span class='ocr_line' id='line_1_60' title="bbox 2069 2787 3722 2860; baseline 0.003 -19"><span class='ocrx_word' id='word_1_436' title='bbox 2069 2787 2246 2843; x_wconf 88' lang='lat' dir='ltr'><strong>etiam</strong></span> <span class='ocrx_word' id='word_1_437' title='bbox 2277 2788 2348 2842; x_wconf 89' lang='lat' dir='ltr'><strong>de</strong></span> <span class='ocrx_word' id='word_1_438' title='bbox 2379 2787 2652 2843; x_wconf 89' lang='lat' dir='ltr'><strong>Dositheo</strong></span> <span class='ocrx_word' id='word_1_439' title='bbox 2699 2789 2811 2860; x_wconf 83' lang='grc'>(71)</span> <span class='ocrx_word' id='word_1_440' title='bbox 2865 2789 3286 2845; x_wconf 87' lang='lat' dir='ltr'><strong>Samaritarum</strong></span> <span class='ocrx_word' id='word_1_441' title='bbox 3333 2789 3722 2846; x_wconf 73' lang='lat' dir='ltr'><strong>haeresiarcha</strong></span> 
     </span>
    </p>
   </div>
   <div class='ocr_carea' id='block_1_61' title="bbox 2067 2875 3720 2950">
    <p class='ocr_par' dir='ltr' id='par_1_61' title="bbox 2067 2875 3720 2950">
     <span class='ocr_line' id='line_1_61' title="bbox 2067 2875 3720 2950; baseline 0.002 -20"><span class='ocrx_word' id='word_1_442' title='bbox 2067 2875 2354 2942; x_wconf 89' lang='lat' dir='ltr'><strong>dixerunt,</strong></span> <span class='ocrx_word' id='word_1_443' title='bbox 2388 2875 2485 2931; x_wconf 88' lang='lat' dir='ltr'><strong>alii</strong></span> <span class='ocrx_word' id='word_1_444' title='bbox 2543 2892 2674 2932; x_wconf 92' lang='lat' dir='ltr'><strong>vero</strong></span> <span class='ocrx_word' id='word_1_445' title='bbox 2733 2877 2804 2932; x_wconf 93' lang='lat' dir='ltr'><strong>de</strong></span> <span class='ocrx_word' id='word_1_446' title='bbox 2861 2877 3016 2933; x_wconf 90' lang='lat' dir='ltr'><strong>Juda</strong></span> <span class='ocrx_word' id='word_1_447' title='bbox 3070 2877 3324 2933; x_wconf 81' lang='lat' dir='ltr'><strong>Galilaeo.</strong></span> <span class='ocrx_word' id='word_1_448' title='bbox 3369 2877 3624 2950; x_wconf 88' lang='lat' dir='ltr'><strong>Denique</strong></span> <span class='ocrx_word' id='word_1_449' title='bbox 3656 2879 3720 2935; x_wconf 90' lang='lat' dir='ltr'><strong>in</strong></span> 
     </span>
    </p>
   </div>
   <div class='ocr_carea' id='block_1_62' title="bbox 2066 2964 3718 3041">
    <p class='ocr_par' dir='ltr' id='par_1_62' title="bbox 2066 2964 3718 3041">
     <span class='ocr_line' id='line_1_62' title="bbox 2066 2964 3718 3041; baseline 0.002 -21"><span class='ocrx_word' id='word_1_450' title='bbox 2066 2969 2286 3020; x_wconf 87' lang='lat' dir='ltr'><strong>tantam</strong></span> <span class='ocrx_word' id='word_1_451' title='bbox 2365 2964 2603 3037; x_wconf 87' lang='lat' dir='ltr'><strong>quidam</strong></span> <span class='ocrx_word' id='word_1_452' title='bbox 2681 2964 3009 3022; x_wconf 89' lang='lat' dir='ltr'><strong>dilectionis</strong></span> <span class='ocrx_word' id='word_1_453' title='bbox 3064 2966 3368 3023; x_wconf 85' lang='lat' dir='ltr'><strong>audaciam</strong></span> <span class='ocrx_word' id='word_1_454' title='bbox 3436 2983 3718 3041; x_wconf 86' lang='lat' dir='ltr'><strong>prorupe-</strong></span> 
     </span>
    </p>
   </div>
   <div class='ocr_carea' id='block_1_63' title="bbox 2067 3054 3716 3129">
    <p class='ocr_par' dir='ltr' id='par_1_63' title="bbox 2067 3054 3716 3129">
     <span class='ocr_line' id='line_1_63' title="bbox 2067 3054 3716 3129; baseline 0.004 -22"><span class='ocrx_word' id='word_1_455' title='bbox 2067 3058 2222 3124; x_wconf 91' lang='lat' dir='ltr'><strong>runt,</strong></span> <span class='ocrx_word' id='word_1_456' title='bbox 2254 3058 2319 3109; x_wconf 88' lang='lat' dir='ltr'><strong>ut</strong></span> <span class='ocrx_word' id='word_1_457' title='bbox 2349 3070 2497 3109; x_wconf 89' lang='lat' dir='ltr'><strong>nova</strong></span> <span class='ocrx_word' id='word_1_458' title='bbox 2555 3054 2822 3126; x_wconf 61' lang='lat' dir='ltr'><strong>quaedam</strong></span> <span class='ocrx_word' id='word_1_459' title='bbox 2880 3059 2938 3110; x_wconf 90' lang='lat' dir='ltr'><strong>et</strong></span> <span class='ocrx_word' id='word_1_460' title='bbox 2996 3055 3262 3112; x_wconf 90' lang='lat' dir='ltr'><strong>inaudita</strong></span> <span class='ocrx_word' id='word_1_461' title='bbox 3319 3073 3495 3129; x_wconf 91' lang='lat' dir='ltr'><strong>super</strong></span> <span class='ocrx_word' id='word_1_462' title='bbox 3537 3057 3716 3113; x_wconf 92' lang='lat' dir='ltr'><strong>Paulo</strong></span> 
     </span>
    </p>
   </div>
   <div class='ocr_carea' id='block_1_64' title="bbox 311 3138 3720 3240">
    <p class='ocr_par' dir='ltr' id='par_1_64' title="bbox 311 3138 3720 3240">
     <span class='ocr_line' id='line_1_64' title="bbox 311 3138 3720 3240; baseline 0.001 -43"><span class='ocrx_word' id='word_1_463' title='bbox 311 3158 413 3214; x_wconf 92' lang='lat' dir='ltr'><strong>per</strong></span> <span class='ocrx_word' id='word_1_464' title='bbox 442 3145 628 3196; x_wconf 88' lang='lat' dir='ltr'><strong>totum</strong></span> <span class='ocrx_word' id='word_1_465' title='bbox 660 3140 875 3195; x_wconf 70' lang='lat' dir='ltr'><strong>diffusa</strong></span> <span class='ocrx_word' id='word_1_466' title='bbox 903 3156 1117 3212; x_wconf 91' lang='lat' dir='ltr'><strong>corpus</strong></span> <span class='ocrx_word' id='word_1_467' title='bbox 1160 3139 1534 3212; x_wconf 86' lang='lat' dir='ltr'><strong>passionibus</strong></span> <span class='ocrx_word' id='word_1_468' title='bbox 1567 3138 1723 3194; x_wconf 89' lang='lat' dir='ltr'><strong>illius</strong></span> <span class='ocrx_word' id='word_1_469' title='bbox 1756 3140 1955 3211; x_wconf 86' lang='lat' dir='ltr'><strong>subja-</strong></span> <span class='ocrx_word' id='word_1_470' title='bbox 1987 3173 2031 3240; x_wconf 74' lang='lat' dir='ltr'>C</span> <span class='ocrx_word' id='word_1_471' title='bbox 2071 3146 2335 3198; x_wconf 88' lang='lat' dir='ltr'><strong>monstra</strong></span> <span class='ocrx_word' id='word_1_472' title='bbox 2375 3143 2796 3214; x_wconf 77' lang='lat' dir='ltr'><strong>confingerent.</strong></span> <span class='ocrx_word' id='word_1_473' title='bbox 2859 3143 2970 3198; x_wconf 82' lang='lat' dir='ltr'><strong>Alii</strong></span> <span class='ocrx_word' id='word_1_474' title='bbox 3001 3143 3156 3199; x_wconf 91' lang='lat' dir='ltr'><strong>enim</strong></span> <span class='ocrx_word' id='word_1_475' title='bbox 3219 3145 3383 3200; x_wconf 91' lang='lat' dir='ltr'><strong>aiunt</strong></span> <span class='ocrx_word' id='word_1_476' title='bbox 3425 3144 3533 3201; x_wconf 91' lang='lat' dir='ltr'><strong>hoc</strong></span> <span class='ocrx_word' id='word_1_477' title='bbox 3561 3145 3720 3218; x_wconf 86' lang='lat' dir='ltr'><strong>quod</strong></span> 
     </span>
    </p>
   </div>
   <div class='ocr_carea' id='block_1_65' title="bbox 309 3228 1958 3300">
    <p class='ocr_par' dir='ltr' id='par_1_65' title="bbox 309 3228 1958 3300">
     <span class='ocr_line' id='line_1_65' title="bbox 309 3228 1958 3300; baseline -0.001 -14"><span class='ocrx_word' id='word_1_478' title='bbox 309 3235 418 3286; x_wconf 91' lang='lat' dir='ltr'><strong>cet.</strong></span> <span class='ocrx_word' id='word_1_479' title='bbox 452 3228 840 3293; x_wconf 89' lang='lat' dir='ltr'><strong>Quamobrem</strong></span> <span class='ocrx_word' id='word_1_480' title='bbox 873 3236 1026 3282; x_wconf 86' lang='lat' dir='ltr'><strong>recte</strong></span> <span class='ocrx_word' id='word_1_481' title='bbox 1057 3228 1390 3300; x_wconf 65' lang='lat' dir='ltr'><strong>praecipitur</strong></span> <span class='ocrx_word' id='word_1_482' title='bbox 1409 3229 1493 3284; x_wconf 89' lang='lat' dir='ltr'><strong>eis</strong></span> <span class='ocrx_word' id='word_1_483' title='bbox 1516 3228 1616 3300; x_wconf 86' lang='lat' dir='ltr'><strong>qui</strong></span> <span class='ocrx_word' id='word_1_484' title='bbox 1650 3229 1958 3286; x_wconf 88' lang='lat' dir='ltr'><strong>observare</strong></span> 
     </span>
    </p>
   </div>
   <div class='ocr_carea' id='block_1_66' title="bbox 309 3316 1962 3392">
    <p class='ocr_par' dir='ltr' id='par_1_66' title="bbox 309 3316 1962 3392">
     <span class='ocr_line' id='line_1_66' title="bbox 309 3316 1962 3392; baseline 0 -18"><span class='ocrx_word' id='word_1_485' title='bbox 309 3323 597 3392; x_wconf 88' lang='lat' dir='ltr'><strong>possunt:</strong></span> <span class='ocrx_word' id='word_1_486' title='bbox 631 3319 842 3373; x_wconf 85' lang='lat' dir='ltr'><strong>Bonum</strong></span> <span class='ocrx_word' id='word_1_487' title='bbox 861 3325 941 3372; x_wconf 89' lang='lat' dir='ltr'><strong>est</strong></span> <span class='ocrx_word' id='word_1_488' title='bbox 979 3332 1088 3371; x_wconf 84' lang='lat' dir='ltr'><strong>non</strong></span> <span class='ocrx_word' id='word_1_489' title='bbox 1137 3316 1468 3372; x_wconf 78' lang='lat' dir='ltr'><strong>manducare</strong></span> <span class='ocrx_word' id='word_1_490' title='bbox 1512 3333 1757 3382; x_wconf 87' lang='lat' dir='ltr'><strong>carnem,</strong></span> <span class='ocrx_word' id='word_1_491' title='bbox 1789 3333 1962 3390; x_wconf 83' lang='lat' dir='ltr'><strong>neque</strong></span> 
     </span>
    </p>
   </div>
   <div class='ocr_carea' id='block_1_67' title="bbox 311 3404 1957 3477">
    <p class='ocr_par' dir='ltr' id='par_1_67' title="bbox 311 3404 1957 3477">
     <span class='ocr_line' id='line_1_67' title="bbox 311 3404 1957 3477; baseline -0.002 -13"><span class='ocrx_word' id='word_1_492' title='bbox 311 3408 491 3464; x_wconf 86' lang='lat' dir='ltr'><strong>bibere</strong></span> <span class='ocrx_word' id='word_1_493' title='bbox 519 3409 728 3471; x_wconf 88' lang='lat' dir='ltr'><strong>vinum,</strong></span> <span class='ocrx_word' id='word_1_494' title='bbox 752 3421 926 3477; x_wconf 87' lang='lat' dir='ltr'><strong>neque</strong></span> <span class='ocrx_word' id='word_1_495' title='bbox 945 3406 1004 3459; x_wconf 91' lang='lat' dir='ltr'><strong>in</strong></span> <span class='ocrx_word' id='word_1_496' title='bbox 1026 3420 1130 3475; x_wconf 87' lang='lat' dir='ltr'><strong>quo</strong></span> <span class='ocrx_word' id='word_1_497' title='bbox 1151 3406 1330 3474; x_wconf 79' lang='lat' dir='ltr'><strong>frater</strong></span> <span class='ocrx_word' id='word_1_498' title='bbox 1350 3413 1474 3459; x_wconf 83' lang='lat' dir='ltr'><strong>tuus</strong></span> <span class='ocrx_word' id='word_1_499' title='bbox 1492 3404 1957 3461; x_wconf 71' lang='lat' dir='ltr'><strong>scandalizetur’.</strong></span> 
     </span>
    </p>
   </div>
   <div class='ocr_carea' id='block_1_68' title="bbox 310 3490 1959 3567">
    <p class='ocr_par' dir='ltr' id='par_1_68' title="bbox 310 3490 1959 3567">
     <span class='ocr_line' id='line_1_68' title="bbox 310 3490 1959 3567; baseline -0.001 -15"><span class='ocrx_word' id='word_1_500' title='bbox 310 3497 447 3552; x_wconf 77' lang='lat' dir='ltr'><strong>Erat</strong></span> <span class='ocrx_word' id='word_1_501' title='bbox 475 3495 655 3567; x_wconf 89' lang='lat' dir='ltr'><strong>igitur</strong></span> <span class='ocrx_word' id='word_1_502' title='bbox 684 3494 940 3549; x_wconf 87' lang='lat' dir='ltr'><strong>Joannes</strong></span> <span class='ocrx_word' id='word_1_503' title='bbox 991 3494 1119 3546; x_wconf 72' lang='lat' dir='ltr'><strong>vitae</strong></span> <span class='ocrx_word' id='word_1_504' title='bbox 1167 3490 1452 3547; x_wconf 89' lang='lat' dir='ltr'><strong>mirabilis</strong></span> <span class='ocrx_word' id='word_1_505' title='bbox 1500 3497 1557 3547; x_wconf 90' lang='lat' dir='ltr'><strong>et</strong></span> <span class='ocrx_word' id='word_1_506' title='bbox 1605 3492 1853 3548; x_wconf 90' lang='lat' dir='ltr'><strong>multum</strong></span> <span class='ocrx_word' id='word_1_507' title='bbox 1887 3495 1959 3550; x_wconf 91' lang='lat' dir='ltr'><strong>ab</strong></span> 
     </span>
    </p>
   </div>
   <div class='ocr_carea' id='block_1_69' title="bbox 311 3580 1961 3640">
    <p class='ocr_par' dir='ltr' id='par_1_69' title="bbox 311 3580 1961 3640">
     <span class='ocr_line' id='line_1_69' title="bbox 311 3580 1961 3640; baseline -0.002 0"><span class='ocrx_word' id='word_1_508' title='bbox 311 3585 557 3640; x_wconf 90' lang='lat' dir='ltr'><strong>aliorum</strong></span> <span class='ocrx_word' id='word_1_509' title='bbox 592 3581 900 3638; x_wconf 89' lang='lat' dir='ltr'><strong>hominum</strong></span> <span class='ocrx_word' id='word_1_510' title='bbox 931 3581 1367 3637; x_wconf 87' lang='lat' dir='ltr'><strong>conversatione</strong></span> <span class='ocrx_word' id='word_1_511' title='bbox 1395 3580 1681 3636; x_wconf 89' lang='lat' dir='ltr'><strong>diversus.</strong></span> <span class='ocrx_word' id='word_1_512' title='bbox 1707 3581 1832 3636; x_wconf 91' lang='lat' dir='ltr'><strong>Non</strong></span> <span class='ocrx_word' id='word_1_513' title='bbox 1863 3582 1961 3638; x_wconf 91' lang='lat' dir='ltr'><strong>ha-</strong></span> 
     </span>
    </p>
   </div>
   <div class='ocr_carea' id='block_1_70' title="bbox 379 3677 1942 3752">
    <p class='ocr_par' dir='ltr' id='par_1_70' title="bbox 379 3677 1942 3752">
     <span class='ocr_line' id='line_1_70' title="bbox 379 3677 1942 3752; baseline -0.001 -15"><span class='ocrx_word' id='word_1_514' title='bbox 379 3683 402 3717; x_wconf 79' lang='grc'>²</span> <span class='ocrx_word' id='word_1_515' title='bbox 431 3681 590 3738; x_wconf 78' lang='lat' dir='ltr'><strong>Rom.</strong></span> <span class='ocrx_word' id='word_1_516' title='bbox 623 3695 739 3752; x_wconf 85' lang='lat' dir='ltr'><strong>xiv,</strong></span> <span class='ocrx_word' id='word_1_517' title='bbox 768 3680 860 3734; x_wconf 85' lang='grc'><strong>21.</strong></span> <span class='ocrx_word' id='word_1_518' title='bbox 892 3679 913 3714; x_wconf 79' lang='grc'><strong>⁸</strong></span> <span class='ocrx_word' id='word_1_519' title='bbox 937 3677 985 3734; x_wconf 86' lang='grc' dir='ltr'>ΙΙ</span> <span class='ocrx_word' id='word_1_520' title='bbox 1016 3679 1144 3736; x_wconf 93' lang='lat' dir='ltr'><strong>Cor.</strong></span> <span class='ocrx_word' id='word_1_521' title='bbox 1177 3695 1278 3745; x_wconf 83' lang='lat' dir='ltr'><strong>xu,</strong></span> <span class='ocrx_word' id='word_1_522' title='bbox 1308 3679 1362 3748; x_wconf 88' lang='lat'><strong>6,</strong></span> <span class='ocrx_word' id='word_1_523' title='bbox 1394 3680 1448 3733; x_wconf 94' lang='lat'><strong>7.</strong></span> <span class='ocrx_word' id='word_1_524' title='bbox 1481 3679 1502 3714; x_wconf 74' lang='grc'><strong>⁴</strong></span> <span class='ocrx_word' id='word_1_525' title='bbox 1528 3681 1695 3735; x_wconf 89' lang='lat' dir='ltr'><strong>Joan.</strong></span> <span class='ocrx_word' id='word_1_526' title='bbox 1730 3695 1821 3752; x_wconf 83' lang='lat' dir='ltr'><strong>xv,</strong></span> <span class='ocrx_word' id='word_1_527' title='bbox 1851 3680 1942 3736; x_wconf 83' lang='lat'><strong>26.</strong></span> 
     </span>
    </p>
   </div>
   <div class='ocr_carea' id='block_1_71' title="bbox 311 3775 1962 3849">
    <p class='ocr_par' dir='ltr' id='par_1_71' title="bbox 311 3775 1962 3849">
     <span class='ocr_line' id='line_1_71' title="bbox 311 3775 1962 3849; baseline -0.001 -15"><span class='ocrx_word' id='word_1_528' title='bbox 311 3777 523 3835; x_wconf 89' lang='lat' dir='ltr'><strong>tuerit:</strong></span> <span class='ocrx_word' id='word_1_529' title='bbox 549 3778 638 3849; x_wconf 89' lang='lat' dir='ltr'><strong>ita</strong></span> <span class='ocrx_word' id='word_1_530' title='bbox 669 3792 896 3848; x_wconf 87' lang='lat' dir='ltr'><strong>nempe,</strong></span> <span class='ocrx_word' id='word_1_531' title='bbox 951 3780 1016 3831; x_wconf 91' lang='lat' dir='ltr'><strong>ut</strong></span> <span class='ocrx_word' id='word_1_532' title='bbox 1069 3792 1182 3849; x_wconf 89' lang='lat' dir='ltr'><strong>non</strong></span> <span class='ocrx_word' id='word_1_533' title='bbox 1234 3775 1414 3849; x_wconf 88' lang='lat' dir='ltr'><strong>alium</strong></span> <span class='ocrx_word' id='word_1_534' title='bbox 1446 3775 1666 3849; x_wconf 84' lang='lat' dir='ltr'><strong>ignem,</strong></span> <span class='ocrx_word' id='word_1_535' title='bbox 1699 3793 1813 3832; x_wconf 92' lang='lat' dir='ltr'><strong>non</strong></span> <span class='ocrx_word' id='word_1_536' title='bbox 1848 3777 1962 3834; x_wconf 82' lang='lat' dir='ltr'><strong>alia</strong></span> 
     </span>
    </p>
   </div>
   <div class='ocr_carea' id='block_1_72' title="bbox 309 3847 1959 3923">
    <p class='ocr_par' dir='ltr' id='par_1_72' title="bbox 309 3847 1959 3923">
     <span class='ocr_line' id='line_1_72' title="bbox 309 3847 1959 3923; baseline -0.001 -16"><span class='ocrx_word' id='word_1_537' title='bbox 309 3848 601 3923; x_wconf 80' lang='lat' dir='ltr'><strong>supplicia</strong></span> <span class='ocrx_word' id='word_1_538' title='bbox 615 3847 907 3923; x_wconf 23' lang='lat' dir='ltr'><strong>‘mancant</strong></span> <span class='ocrx_word' id='word_1_539' title='bbox 947 3847 1186 3923; x_wconf 68' lang='lat' dir='ltr'><strong>quaevis</strong></span> <span class='ocrx_word' id='word_1_540' title='bbox 1205 3847 1494 3904; x_wconf 27' lang='lat' dir='ltr'><strong>admissa‘</strong></span> <span class='ocrx_word' id='word_1_541' title='bbox 1512 3847 1762 3923; x_wconf 70' lang='lat' dir='ltr'><strong>scelera,</strong></span> <span class='ocrx_word' id='word_1_542' title='bbox 1776 3865 1959 3923; x_wconf 81' lang='lat' dir='ltr'><strong>quam</strong></span> 
     </span>
    </p>
   </div>
   <div class='ocr_carea' id='block_1_73' title="bbox 310 3918 1962 3995">
    <p class='ocr_par' dir='ltr' id='par_1_73' title="bbox 310 3918 1962 3995">
     <span class='ocr_line' id='line_1_73' title="bbox 310 3918 1962 3995; baseline -0.001 -17"><span class='ocrx_word' id='word_1_543' title='bbox 310 3918 627 3995; x_wconf 71' lang='lat' dir='ltr'><strong>purgatorii</strong></span> <span class='ocrx_word' id='word_1_544' title='bbox 657 3938 669 3976; x_wconf 88' lang='lat'>:</span> <span class='ocrx_word' id='word_1_545' title='bbox 706 3935 913 3995; x_wconf 88' lang='lat' dir='ltr'><strong>n_eque_</strong></span> <span class='ocrx_word' id='word_1_546' title='bbox 926 3918 1068 3975; x_wconf 90' lang='lat' dir='ltr'><strong>adeo</strong></span> <span class='ocrx_word' id='word_1_547' title='bbox 1091 3918 1223 3995; x_wconf 90' lang='lat' dir='ltr'><strong>aliis</strong></span> <span class='ocrx_word' id='word_1_548' title='bbox 1245 3935 1421 3995; x_wconf 80' lang='lat' dir='ltr'><strong>quam</strong></span> <span class='ocrx_word' id='word_1_549' title='bbox 1443 3918 1822 3995; x_wconf 73' lang='lat' dir='ltr'><strong>temporariis</strong></span> <span class='ocrx_word' id='word_1_550' title='bbox 1847 3927 1962 3995; x_wconf 85' lang='lat' dir='ltr'><strong>tor-</strong></span> 
     </span>
    </p>
   </div>
   <div class='ocr_carea' id='block_1_74' title="bbox 309 3990 1957 4066">
    <p class='ocr_par' dir='ltr' id='par_1_74' title="bbox 309 3990 1957 4066">
     <span class='ocr_line' id='line_1_74' title="bbox 309 3990 1957 4066; baseline -0.002 -16"><span class='ocrx_word' id='word_1_551' title='bbox 309 3990 523 4050; x_wconf 67' lang='lat' dir='ltr'><strong>inclitis</strong></span> <span class='ocrx_word' id='word_1_552' title='bbox 555 3991 775 4066; x_wconf 84' lang='lat' dir='ltr'><strong>putarit</strong></span> <span class='ocrx_word' id='word_1_553' title='bbox 801 3990 1050 4066; x_wconf 34' lang='lat' dir='ltr'><strong>innimas</strong></span> <span class='ocrx_word' id='word_1_554' title='bbox 1098 3991 1379 4066; x_wconf 89' lang='lat' dir='ltr'><strong>torqueri.</strong></span> <span class='ocrx_word' id='word_1_555' title='bbox 1432 3990 1593 4066; x_wconf 84' lang='lat' dir='ltr'><strong>Quod</strong></span> <span class='ocrx_word' id='word_1_556' title='bbox 1635 4007 1769 4066; x_wconf 88' lang='lat' dir='ltr'><strong>_vero</strong></span> <span class='ocrx_word' id='word_1_557' title='bbox 1800 3993 1957 4066; x_wconf 83' lang='lat' dir='ltr'><strong>nefa-</strong></span> 
     </span>
    </p>
   </div>
   <div class='ocr_carea' id='block_1_75' title="bbox 308 4061 1959 4135">
    <p class='ocr_par' dir='ltr' id='par_1_75' title="bbox 308 4061 1959 4135">
     <span class='ocr_line' id='line_1_75' title="bbox 308 4061 1959 4135; baseline -0.001 -15"><span class='ocrx_word' id='word_1_558' title='bbox 308 4067 456 4121; x_wconf 90' lang='lat' dir='ltr'><strong>riam</strong></span> <span class='ocrx_word' id='word_1_559' title='bbox 485 4061 613 4121; x_wconf 79' lang='lat' dir='ltr'><strong>eam</strong></span> <span class='ocrx_word' id='word_1_560' title='bbox 637 4063 959 4120; x_wconf 91' lang='lat' dir='ltr'><strong>doctrinam</strong></span> <span class='ocrx_word' id='word_1_561' title='bbox 984 4061 1078 4119; x_wconf 90' lang='lat' dir='ltr'><strong>hic</strong></span> <span class='ocrx_word' id='word_1_562' title='bbox 1099 4061 1332 4134; x_wconf 89' lang='lat' dir='ltr'><strong>quoque</strong></span> <span class='ocrx_word' id='word_1_563' title='bbox 1351 4061 1458 4135; x_wconf 88' lang='lat' dir='ltr'><strong>loci</strong></span> <span class='ocrx_word' id='word_1_564' title='bbox 1484 4063 1768 4133; x_wconf 90' lang='lat' dir='ltr'><strong>propinet,</strong></span> <span class='ocrx_word' id='word_1_565' title='bbox 1791 4065 1959 4135; x_wconf 91' lang='lat' dir='ltr'><strong>equi-</strong></span> 
     </span>
    </p>
   </div>
   <div class='ocr_carea' id='block_1_76' title="bbox 308 4132 1960 4205">
    <p class='ocr_par' dir='ltr' id='par_1_76' title="bbox 308 4132 1960 4205">
     <span class='ocr_line' id='line_1_76' title="bbox 308 4132 1960 4205; baseline -0.002 -12"><span class='ocrx_word' id='word_1_566' title='bbox 308 4138 441 4194; x_wconf 89' lang='lat' dir='ltr'><strong>dem</strong></span> <span class='ocrx_word' id='word_1_567' title='bbox 473 4137 768 4192; x_wconf 85' lang='lat' dir='ltr'><strong>afﬁrmare</strong></span> <span class='ocrx_word' id='word_1_568' title='bbox 791 4152 904 4190; x_wconf 92' lang='lat' dir='ltr'><strong>non</strong></span> <span class='ocrx_word' id='word_1_569' title='bbox 928 4132 1143 4198; x_wconf 66' lang='lat' dir='ltr'><strong>ausim,</strong></span> <span class='ocrx_word' id='word_1_570' title='bbox 1167 4132 1303 4188; x_wconf 86' lang='lat' dir='ltr'><strong>nam</strong></span> <span class='ocrx_word' id='word_1_571' title='bbox 1327 4132 1432 4188; x_wconf 89' lang='lat' dir='ltr'><strong>etsi</strong></span> <span class='ocrx_word' id='word_1_572' title='bbox 1459 4132 1861 4205; x_wconf 65' lang='lat' dir='ltr'><strong>querncunque,</strong></span> <span class='ocrx_word' id='word_1_573' title='bbox 1877 4135 1960 4190; x_wconf 84' lang='lat' dir='ltr'><strong>di-</strong></span> 
     </span>
    </p>
   </div>
   <div class='ocr_carea' id='block_1_77' title="bbox 307 4205 1956 4279">
    <p class='ocr_par' dir='ltr' id='par_1_77' title="bbox 307 4205 1956 4279">
     <span class='ocr_line' id='line_1_77' title="bbox 307 4205 1956 4279; baseline -0.001 -15"><span class='ocrx_word' id='word_1_574' title='bbox 307 4216 419 4276; x_wconf 85' lang='lat' dir='ltr'><strong>cat,</strong></span> <span class='ocrx_word' id='word_1_575' title='bbox 453 4217 571 4279; x_wconf 86' lang='lat' dir='ltr'><strong>post</strong></span> <span class='ocrx_word' id='word_1_576' title='bbox 597 4210 809 4263; x_wconf 77' lang='lat' dir='ltr'><strong>exitum</strong></span> <span class='ocrx_word' id='word_1_577' title='bbox 839 4206 1163 4279; x_wconf 71' lang='lat' dir='ltr'><strong>vit.:e__hujus</strong></span> <span class='ocrx_word' id='word_1_578' title='bbox 1193 4205 1294 4279; x_wconf 80' lang='lat' dir='ltr'><strong>hoc</strong></span> <span class='ocrx_word' id='word_1_579' title='bbox 1332 4220 1497 4279; x_wconf 81' lang='lat' dir='ltr'><strong>amne</strong></span> <span class='ocrx_word' id='word_1_580' title='bbox 1527 4205 1913 4279; x_wconf 67' lang='lat' dir='ltr'><strong>baptizandum</strong></span> <span class='ocrx_word' id='word_1_581' title='bbox 1937 4226 1956 4262; x_wconf 89' lang='lat'><strong><em>:</em></strong></span> 
     </span>
    </p>
   </div>
   <div class='ocr_carea' id='block_1_78' title="bbox 309 4275 1955 4360">
    <p class='ocr_par' dir='ltr' id='par_1_78' title="bbox 309 4275 1955 4360">
     <span class='ocr_line' id='line_1_78' title="bbox 309 4275 1955 4360; baseline -0.001 -26"><span class='ocrx_word' id='word_1_582' title='bbox 309 4275 496 4360; x_wconf 77' lang='lat' dir='ltr'><strong>neque</strong></span> <span class='ocrx_word' id='word_1_583' title='bbox 515 4279 671 4360; x_wconf 61' lang='lat' dir='ltr'><strong>adeo</strong></span> <span class='ocrx_word' id='word_1_584' title='bbox 703 4295 888 4360; x_wconf 66' lang='lat' dir='ltr'><strong>unum</strong></span> <span class='ocrx_word' id='word_1_585' title='bbox 921 4275 1176 4360; x_wconf 44' lang='lat' dir='ltr'><strong>al‘iqu‘em</strong></span> <span class='ocrx_word' id='word_1_586' title='bbox 1209 4275 1423 4358; x_wconf 82' lang='lat' dir='ltr'><strong>exipiat</strong></span> <span class='ocrx_word' id='word_1_587' title='bbox 1458 4275 1546 4360; x_wconf 71' lang='lat' dir='ltr'><strong>(ut</strong></span> <span class='ocrx_word' id='word_1_588' title='bbox 1577 4275 1750 4360; x_wconf 81' lang='lat' dir='ltr'><strong>paulo</strong></span> <span class='ocrx_word' id='word_1_589' title='bbox 1782 4294 1955 4360; x_wconf 79' lang='lat' dir='ltr'><strong>supe-</strong></span> 
     </span>
    </p>
   </div>
   <div class='ocr_carea' id='block_1_79' title="bbox 309 4347 1956 4421">
    <p class='ocr_par' dir='ltr' id='par_1_79' title="bbox 309 4347 1956 4421">
     <span class='ocr_line' id='line_1_79' title="bbox 309 4347 1956 4421; baseline -0.001 -16"><span class='ocrx_word' id='word_1_590' title='bbox 309 4347 432 4405; x_wconf 76' lang='lat' dir='ltr'><strong>rius</strong></span> <span class='ocrx_word' id='word_1_591' title='bbox 461 4351 533 4405; x_wconf 91' lang='lat' dir='ltr'><strong>ad</strong></span> <span class='ocrx_word' id='word_1_592' title='bbox 568 4349 771 4421; x_wconf 89' lang='lat' dir='ltr'><strong>homil.</strong></span> <span class='ocrx_word' id='word_1_593' title='bbox 806 4350 892 4413; x_wconf 83' lang='grc'>14,</span> <span class='ocrx_word' id='word_1_594' title='bbox 925 4347 1028 4421; x_wconf 86' lang='lat' dir='ltr'><strong>ubi</strong></span> <span class='ocrx_word' id='word_1_595' title='bbox 1057 4349 1128 4403; x_wconf 94' lang='lat' dir='ltr'><strong>de</strong></span> <span class='ocrx_word' id='word_1_596' title='bbox 1155 4347 1268 4421; x_wconf 89' lang='lat' dir='ltr'><strong>hoc</strong></span> <span class='ocrx_word' id='word_1_597' title='bbox 1304 4347 1433 4418; x_wconf 87' lang='lat' dir='ltr'><strong>ipso</strong></span> <span class='ocrx_word' id='word_1_598' title='bbox 1463 4347 1632 4421; x_wconf 78' lang='lat' dir='ltr'><strong>igneo</strong></span> <span class='ocrx_word' id='word_1_599' title='bbox 1652 4347 1956 4421; x_wconf 75' lang='lat' dir='ltr'><strong>baptismo</strong></span> 
     </span>
    </p>
   </div>
   <div class='ocr_carea' id='block_1_80' title="bbox 307 4419 1954 4494">
    <p class='ocr_par' dir='ltr' id='par_1_80' title="bbox 307 4419 1954 4494">
     <span class='ocr_line' id='line_1_80' title="bbox 307 4419 1954 4494; baseline -0.002 -17"><span class='ocrx_word' id='word_1_600' title='bbox 307 4423 588 4494; x_wconf 88' lang='lat' dir='ltr'><strong>disputat,</strong></span> <span class='ocrx_word' id='word_1_601' title='bbox 622 4419 1190 4494; x_wconf 80' lang='lat' dir='ltr'><strong>animadvertimus),</strong></span> <span class='ocrx_word' id='word_1_602' title='bbox 1213 4423 1270 4474; x_wconf 90' lang='lat' dir='ltr'><strong>et</strong></span> <span class='ocrx_word' id='word_1_603' title='bbox 1292 4436 1363 4474; x_wconf 91' lang='lat' dir='ltr'><strong>ne</strong></span> <span class='ocrx_word' id='word_1_604' title='bbox 1391 4419 1797 4494; x_wconf 75' lang='lat' dir='ltr'><strong>sanctissimas</strong></span> <span class='ocrx_word' id='word_1_605' title='bbox 1821 4421 1954 4492; x_wconf 85' lang='lat' dir='ltr'><strong>qui-</strong></span> 
     </span>
    </p>
   </div>
   <div class='ocr_carea' id='block_1_81' title="bbox 305 4490 1958 4574">
    <p class='ocr_par' dir='ltr' id='par_1_81' title="bbox 305 4490 1958 4574">
     <span class='ocr_line' id='line_1_81' title="bbox 305 4490 1958 4574; baseline 0.001 -27"><span class='ocrx_word' id='word_1_606' title='bbox 305 4490 438 4574; x_wconf 80' lang='lat' dir='ltr'><strong>dem</strong></span> <span class='ocrx_word' id='word_1_607' title='bbox 460 4493 636 4558; x_wconf 88' lang='lat' dir='ltr'><strong>viros,</strong></span> <span class='ocrx_word' id='word_1_608' title='bbox 661 4491 883 4574; x_wconf 69' lang='lat' dir='ltr'><strong>quiaut</strong></span> <span class='ocrx_word' id='word_1_609' title='bbox 907 4490 1090 4555; x_wconf 89' lang='lat' dir='ltr'><strong>nulla,</strong></span> <span class='ocrx_word' id='word_1_610' title='bbox 1115 4497 1214 4574; x_wconf 74' lang='lat' dir='ltr'><strong>aut</strong></span> <span class='ocrx_word' id='word_1_611' title='bbox 1235 4496 1388 4574; x_wconf 72' lang='lat' dir='ltr'><strong>certe</strong></span> <span class='ocrx_word' id='word_1_612' title='bbox 1409 4491 1766 4574; x_wconf 79' lang='lat' dir='ltr'><strong>temporaria</strong></span> <span class='ocrx_word' id='word_1_613' title='bbox 1787 4490 1958 4574; x_wconf 66' lang='lat' dir='ltr'><strong>paena</strong></span> 
     </span>
    </p>
   </div>
   <div class='ocr_carea' id='block_1_82' title="bbox 305 4561 1956 4633">
    <p class='ocr_par' dir='ltr' id='par_1_82' title="bbox 305 4561 1956 4633">
     <span class='ocr_line' id='line_1_82' title="bbox 305 4561 1956 4633; baseline 0 -13"><span class='ocrx_word' id='word_1_614' title='bbox 305 4561 958 4620; x_wconf 30' lang='lat' dir='ltr'><strong>lustranturz‘attamen</strong></span> <span class='ocrx_word' id='word_1_615' title='bbox 1019 4562 1173 4633; x_wconf 91' lang='lat' dir='ltr'><strong>quod</strong></span> <span class='ocrx_word' id='word_1_616' title='bbox 1235 4561 1329 4616; x_wconf 91' lang='lat' dir='ltr'><strong>hic</strong></span> <span class='ocrx_word' id='word_1_617' title='bbox 1385 4561 1553 4633; x_wconf 87' lang='lat' dir='ltr'><strong>quasi</strong></span> <span class='ocrx_word' id='word_1_618' title='bbox 1604 4561 1956 4620; x_wconf 82' lang='lat' dir='ltr'><strong>sententiam</strong></span> 
     </span>
    </p>
   </div>
   <div class='ocr_carea' id='block_1_83' title="bbox 300 4633 1954 4710">
    <p class='ocr_par' dir='ltr' id='par_1_83' title="bbox 300 4633 1954 4710">
     <span class='ocr_line' id='line_1_83' title="bbox 300 4633 1954 4710; baseline -0.002 -17"><span class='ocrx_word' id='word_1_619' title='bbox 300 4643 658 4710; x_wconf 73' lang='lat' dir='ltr'><strong>temperans,</strong></span> <span class='ocrx_word' id='word_1_620' title='bbox 695 4634 914 4710; x_wconf 82' lang='lat' dir='ltr'><strong>subdit,</strong></span> <span class='ocrx_word' id='word_1_621' title='bbox 963 4636 1014 4687; x_wconf 84' lang='lat' dir='ltr'><strong>el</strong></span> <span class='ocrx_word' id='word_1_622' title='bbox 1042 4633 1635 4710; x_wconf 68' lang='lat' dir='ltr'><strong>purgationejndiget,</strong></span> <span class='ocrx_word' id='word_1_623' title='bbox 1669 4636 1954 4710; x_wconf 85' lang='lat' dir='ltr'><strong>suspicio-</strong></span> 
     </span>
    </p>
   </div>
   <div class='ocr_carea' id='block_1_84' title="bbox 304 4704 1956 4778">
    <p class='ocr_par' dir='ltr' id='par_1_84' title="bbox 304 4704 1956 4778">
     <span class='ocr_line' id='line_1_84' title="bbox 304 4704 1956 4778; baseline -0.002 -14"><span class='ocrx_word' id='word_1_624' title='bbox 304 4704 444 4764; x_wconf 75' lang='lat' dir='ltr'><strong>nem</strong></span> <span class='ocrx_word' id='word_1_625' title='bbox 469 4707 621 4763; x_wconf 88' lang='lat' dir='ltr'><strong>tollit</strong></span> <span class='ocrx_word' id='word_1_626' title='bbox 651 4705 886 4778; x_wconf 89' lang='lat' dir='ltr'><strong>erroris,</strong></span> <span class='ocrx_word' id='word_1_627' title='bbox 912 4704 1100 4778; x_wconf 83' lang='lat' dir='ltr'><strong>seque</strong></span> <span class='ocrx_word' id='word_1_628' title='bbox 1145 4704 1337 4778; x_wconf 83' lang='lat' dir='ltr'><strong>innuit</strong></span> <span class='ocrx_word' id='word_1_629' title='bbox 1375 4705 1446 4778; x_wconf 59' lang='lat' dir='ltr'><strong>de</strong></span> <span class='ocrx_word' id='word_1_630' title='bbox 1479 4704 1552 4760; x_wconf 86' lang='lat' dir='ltr'><strong>iis</strong></span> <span class='ocrx_word' id='word_1_631' title='bbox 1583 4704 1956 4778; x_wconf 59' lang='lat' dir='ltr'><strong>dicere,qui-</strong></span> 
     </span>
    </p>
   </div>
   <div class='ocr_carea' id='block_1_85' title="bbox 301 4775 1956 4848">
    <p class='ocr_par' dir='ltr' id='par_1_85' title="bbox 301 4775 1956 4848">
     <span class='ocr_line' id='line_1_85' title="bbox 301 4775 1956 4848; baseline -0.001 -14"><span class='ocrx_word' id='word_1_632' title='bbox 301 4781 415 4836; x_wconf 88' lang='lat' dir='ltr'><strong>bus</strong></span> <span class='ocrx_word' id='word_1_633' title='bbox 444 4779 686 4835; x_wconf 87' lang='lat' dir='ltr'><strong>leviores</strong></span> <span class='ocrx_word' id='word_1_634' title='bbox 717 4777 978 4834; x_wconf 85' lang='lat' dir='ltr'><strong>eluendae</strong></span> <span class='ocrx_word' id='word_1_635' title='bbox 1005 4775 1129 4832; x_wconf 79' lang='lat' dir='ltr'><strong>sint</strong></span> <span class='ocrx_word' id='word_1_636' title='bbox 1157 4775 1362 4848; x_wconf 67' lang='lat' dir='ltr'><strong>culpae.</strong></span> <span class='ocrx_word' id='word_1_637' title='bbox 1396 4776 1465 4848; x_wconf 83' lang='lat' dir='ltr'><strong>Et</strong></span> <span class='ocrx_word' id='word_1_638' title='bbox 1492 4793 1624 4832; x_wconf 89' lang='lat' dir='ltr'><strong>vero</strong></span> <span class='ocrx_word' id='word_1_639' title='bbox 1655 4775 1860 4833; x_wconf 45' lang='lat' dir='ltr'><strong>nescio‘</strong></span> <span class='ocrx_word' id='word_1_640' title='bbox 1882 4793 1956 4833; x_wconf 89' lang='lat' dir='ltr'><strong>an</strong></span> 
     </span>
    </p>
   </div>
   <div class='ocr_carea' id='block_1_86' title="bbox 303 4847 1955 4922">
    <p class='ocr_par' dir='ltr' id='par_1_86' title="bbox 303 4847 1955 4922">
     <span class='ocr_line' id='line_1_86' title="bbox 303 4847 1955 4922; baseline -0.001 -16"><span class='ocrx_word' id='word_1_641' title='bbox 303 4851 456 4907; x_wconf 81' lang='lat' dir='ltr'><strong>alius</strong></span> <span class='ocrx_word' id='word_1_642' title='bbox 484 4851 543 4906; x_wconf 91' lang='lat' dir='ltr'><strong>in</strong></span> <span class='ocrx_word' id='word_1_643' title='bbox 577 4849 946 4922; x_wconf 87' lang='lat' dir='ltr'><strong>Origenianis</strong></span> <span class='ocrx_word' id='word_1_644' title='bbox 975 4847 1394 4922; x_wconf 76' lang='lat' dir='ltr'><strong>scriptionibus</strong></span> <span class='ocrx_word' id='word_1_645' title='bbox 1425 4847 1587 4922; x_wconf 82' lang='lat' dir='ltr'><strong>locus</strong></span> <span class='ocrx_word' id='word_1_646' title='bbox 1617 4853 1820 4922; x_wconf 79' lang='lat' dir='ltr'><strong>exstet,</strong></span> <span class='ocrx_word' id='word_1_647' title='bbox 1854 4849 1955 4921; x_wconf 89' lang='lat' dir='ltr'><strong>qui</strong></span> 
     </span>
    </p>
   </div>
   <div class='ocr_carea' id='block_1_87' title="bbox 301 4919 1739 4992">
    <p class='ocr_par' dir='ltr' id='par_1_87' title="bbox 301 4919 1739 4992">
     <span class='ocr_line' id='line_1_87' title="bbox 301 4919 1739 4992; baseline -0.001 -16"><span class='ocrx_word' id='word_1_648' title='bbox 301 4926 421 4977; x_wconf 88' lang='lat' dir='ltr'><strong>tam</strong></span> <span class='ocrx_word' id='word_1_649' title='bbox 454 4919 764 4978; x_wconf 78' lang='lat' dir='ltr'><strong>commoda</strong></span> <span class='ocrx_word' id='word_1_650' title='bbox 794 4919 1270 4992; x_wconf 84' lang='lat' dir='ltr'><strong>interpretatione</strong></span> <span class='ocrx_word' id='word_1_651' title='bbox 1299 4919 1502 4974; x_wconf 87' lang='lat' dir='ltr'><strong>donari</strong></span> <span class='ocrx_word' id='word_1_652' title='bbox 1523 4920 1739 4992; x_wconf 83' lang='lat' dir='ltr'><strong>possit.</strong></span> 
     </span>
    </p>
   </div>
   <div class='ocr_carea' id='block_1_88' title="bbox 393 4989 1688 5063">
    <p class='ocr_par' dir='ltr' id='par_1_88' title="bbox 393 4989 1688 5063">
     <span class='ocr_line' id='line_1_88' title="bbox 393 4989 1688 5063; baseline 0.001 -18"><span class='ocrx_word' id='word_1_653' title='bbox 393 4993 484 5063; x_wconf 89' lang='grc'><strong>70)</strong></span> <span class='ocrx_word' id='word_1_654' title='bbox 518 4994 785 5048; x_wconf 87' lang='lat' dir='ltr'><strong>Fortasse</strong></span> <span class='ocrx_word' id='word_1_655' title='bbox 819 4989 1130 5063; x_wconf 79' lang='lat' dir='ltr'><strong>legendum</strong></span> <span class='ocrx_word' id='word_1_656' title='bbox 1160 4991 1445 5063; x_wconf 86' lang='lat' dir='ltr'><strong>videatur,</strong></span> <span class='ocrx_word' id='word_1_657' title='bbox 1478 4989 1688 5063; x_wconf 79' lang='lat' dir='ltr'><strong>altilia.</strong></span> 
     </span>
    </p>
   </div>
   <div class='ocr_carea' id='block_1_89' title="bbox 394 4994 1954 5136">
    <p class='ocr_par' dir='ltr' id='par_1_89' title="bbox 394 4994 1954 5136">
     <span class='ocr_line' id='line_1_89' title="bbox 394 4994 1688 5063; baseline 0.001 -18"><span class='ocrx_word' id='word_1_658' title='bbox 394 4994 464 5046; x_wconf 91' lang='lat' dir='ltr'><strong>7O</strong></span> <span class='ocrx_word' id='word_1_659' title='bbox 518 4994 785 5048; x_wconf 87' lang='lat' dir='ltr'><strong>Fortasse</strong></span> <span class='ocrx_word' id='word_1_660' title='bbox 819 4994 1130 5063; x_wconf 89' lang='lat' dir='ltr'><strong>legendum</strong></span> <span class='ocrx_word' id='word_1_661' title='bbox 1160 4994 1445 5056; x_wconf 90' lang='lat' dir='ltr'><strong>videatur,</strong></span> <span class='ocrx_word' id='word_1_662' title='bbox 1478 4994 1688 5046; x_wconf 87' lang='lat' dir='ltr'><strong>altilia.</strong></span> 
     </span>
     <span class='ocr_line' id='line_1_90' title="bbox 394 4994 1954 5136; baseline 0 -18"><span class='ocrx_word' id='word_1_663' title='bbox 394 4994 484 5136; x_wconf 58' lang='lat' dir='ltr'><strong>71g</strong></span> <span class='ocrx_word' id='word_1_664' title='bbox 509 5064 631 5119; x_wconf 84' lang='lat' dir='ltr'><strong>Huc</strong></span> <span class='ocrx_word' id='word_1_665' title='bbox 656 5064 995 5136; x_wconf 84' lang='lat' dir='ltr'><strong>referendus</strong></span> <span class='ocrx_word' id='word_1_666' title='bbox 1012 5064 1251 5118; x_wconf 93' lang='lat' dir='ltr'><strong>omnino</strong></span> <span class='ocrx_word' id='word_1_667' title='bbox 1271 5061 1522 5136; x_wconf 81' lang='lat' dir='ltr'><strong>insignis</strong></span> <span class='ocrx_word' id='word_1_668' title='bbox 1544 5061 1810 5136; x_wconf 84' lang='lat' dir='ltr'><strong>ejusdem</strong></span> <span class='ocrx_word' id='word_1_669' title='bbox 1833 5062 1954 5136; x_wconf 80' lang='lat' dir='ltr'><strong>Ori-</strong></span> 
     </span>
    </p>
   </div>
   <div class='ocr_carea' id='block_1_90' title="bbox 299 5133 1954 5208">
    <p class='ocr_par' dir='ltr' id='par_1_90' title="bbox 299 5133 1954 5208">
     <span class='ocr_line' id='line_1_91' title="bbox 299 5133 1954 5208; baseline -0.001 -17"><span class='ocrx_word' id='word_1_670' title='bbox 299 5133 689 5208; x_wconf 12' lang='lat' dir='ltr'><strong>genis&#39;rlocus</strong></span> <span class='ocrx_word' id='word_1_671' title='bbox 747 5134 941 5208; x_wconf 87' lang='lat' dir='ltr'><strong>libro_i</strong></span> <span class='ocrx_word' id='word_1_672' title='bbox 1017 5138 1206 5189; x_wconf 88' lang='lat' dir='ltr'><strong>contra</strong></span> <span class='ocrx_word' id='word_1_673' title='bbox 1267 5133 1502 5200; x_wconf 84' lang='lat' dir='ltr'><strong>Celsum,</strong></span> <span class='ocrx_word' id='word_1_674' title='bbox 1547 5134 1648 5208; x_wconf 84' lang='lat'><strong>_57,</strong></span> <span class='ocrx_word' id='word_1_675' title='bbox 1708 5134 1807 5205; x_wconf 92' lang='lat' dir='ltr'><strong>qui</strong></span> <span class='ocrx_word' id='word_1_676' title='bbox 1867 5135 1954 5190; x_wconf 89' lang='lat' dir='ltr'><strong>sic</strong></span> 
     </span>
    </p>
   </div>
   <div class='ocr_carea' id='block_1_91' title="bbox 299 5203 1955 5277">
    <p class='ocr_par' dir='ltr' id='par_1_91' title="bbox 299 5203 1955 5277">
     <span class='ocr_line' id='line_1_92' title="bbox 299 5203 1955 5277; baseline -0.001 -15"><span class='ocrx_word' id='word_1_677' title='bbox 299 5203 358 5262; x_wconf 71' lang='lat' dir='ltr'><strong>in</strong></span> <span class='ocrx_word' id='word_1_678' title='bbox 394 5207 591 5262; x_wconf 88' lang='lat' dir='ltr'><strong>Latino</strong></span> <span class='ocrx_word' id='word_1_679' title='bbox 625 5210 797 5261; x_wconf 88' lang='lat' dir='ltr'><strong>sonat</strong></span> <span class='ocrx_word' id='word_1_680' title='bbox 822 5220 834 5259; x_wconf 89' lang='lat'><strong>:</strong></span> <span class='ocrx_word' id='word_1_681' title='bbox 870 5205 1068 5277; x_wconf 67' lang='lat' dir='ltr'><strong>census</strong></span> <span class='ocrx_word' id='word_1_682' title='bbox 1087 5207 1347 5277; x_wconf 85' lang='lat' dir='ltr'><strong>tempore,</strong></span> <span class='ocrx_word' id='word_1_683' title='bbox 1377 5203 1592 5277; x_wconf 86' lang='lat' dir='ltr'><strong>quando</strong></span> <span class='ocrx_word' id='word_1_684' title='bbox 1621 5203 1830 5261; x_wconf 78' lang='lat' dir='ltr'><strong>constat</strong></span> <span class='ocrx_word' id='word_1_685' title='bbox 1860 5223 1955 5261; x_wconf 87' lang='lat' dir='ltr'><strong>na-</strong></span> 
     </span>
    </p>
   </div>
   <div class='ocr_carea' id='block_1_92' title="bbox 294 5275 1954 5348">
    <p class='ocr_par' dir='ltr' id='par_1_92' title="bbox 294 5275 1954 5348">
     <span class='ocr_line' id='line_1_93' title="bbox 294 5275 1954 5348; baseline -0.002 -13"><span class='ocrx_word' id='word_1_686' title='bbox 294 5284 414 5335; x_wconf 88' lang='lat' dir='ltr'><strong>tum</strong></span> <span class='ocrx_word' id='word_1_687' title='bbox 442 5295 554 5336; x_wconf 88' lang='lat' dir='ltr'><strong>esse</strong></span> <span class='ocrx_word' id='word_1_688' title='bbox 582 5279 785 5342; x_wconf 80' lang='lat' dir='ltr'><strong>Iesum,</strong></span> <span class='ocrx_word' id='word_1_689' title='bbox 816 5275 982 5348; x_wconf 72' lang='lat' dir='ltr'><strong>Iudas</strong></span> <span class='ocrx_word' id='word_1_690' title='bbox 1012 5275 1236 5346; x_wconf 84' lang='lat' dir='ltr'><strong>quidam</strong></span> <span class='ocrx_word' id='word_1_691' title='bbox 1269 5275 1527 5333; x_wconf 64' lang='lat' dir='ltr'><strong>Gatilwus</strong></span> <span class='ocrx_word' id='word_1_692' title='bbox 1553 5293 1588 5332; x_wconf 90' lang='lat' dir='ltr'><strong>a</strong></span> <span class='ocrx_word' id='word_1_693' title='bbox 1631 5277 1828 5348; x_wconf 81' lang='lat' dir='ltr'><strong>populo</strong></span> <span class='ocrx_word' id='word_1_694' title='bbox 1854 5279 1954 5334; x_wconf 75' lang='grc' dir='ltr'><strong>Ιιι-</strong></span> 
     </span>
    </p>
   </div>
   <div class='ocr_carea' id='block_1_93' title="bbox 295 5347 1952 5421">
    <p class='ocr_par' dir='ltr' id='par_1_93' title="bbox 295 5347 1952 5421">
     <span class='ocr_line' id='line_1_94' title="bbox 295 5347 1952 5421; baseline -0.001 -15"><span class='ocrx_word' id='word_1_695' title='bbox 295 5351 455 5408; x_wconf 84' lang='lat' dir='ltr'><strong>daico</strong></span> <span class='ocrx_word' id='word_1_696' title='bbox 483 5350 759 5420; x_wconf 82' lang='lat' dir='ltr'><strong>deﬁciens,</strong></span> <span class='ocrx_word' id='word_1_697' title='bbox 795 5347 994 5403; x_wconf 83' lang='lat' dir='ltr'><strong>multos</strong></span> <span class='ocrx_word' id='word_1_698' title='bbox 1039 5363 1222 5403; x_wconf 88' lang='lat' dir='ltr'><strong>secum</strong></span> <span class='ocrx_word' id='word_1_699' title='bbox 1280 5351 1477 5414; x_wconf 74' lang='lat' dir='ltr'><strong>traxit,</strong></span> <span class='ocrx_word' id='word_1_700' title='bbox 1511 5347 1640 5403; x_wconf 82' lang='lat' dir='ltr'><strong>tum</strong></span> <span class='ocrx_word' id='word_1_701' title='bbox 1655 5347 1952 5421; x_wconf 83' lang='lat' dir='ltr'><strong>sapientia,</strong></span> 
     </span>
    </p>
   </div>
   <div class='ocr_carea' id='block_1_94' title="bbox 333 5420 1952 5490">
    <p class='ocr_par' dir='ltr' id='par_1_94' title="bbox 333 5420 1952 5490">
     <span class='ocr_line' id='line_1_95' title="bbox 333 5420 1952 5490; baseline -0.001 -13"><span class='ocrx_word' id='word_1_702' title='bbox 333 5439 459 5478; x_wconf 83' lang='lat' dir='ltr'><strong>uom</strong></span> <span class='ocrx_word' id='word_1_703' title='bbox 488 5422 810 5486; x_wconf 84' lang='lat' dir='ltr'><strong>simulabat,</strong></span> <span class='ocrx_word' id='word_1_704' title='bbox 847 5423 967 5474; x_wconf 88' lang='lat' dir='ltr'><strong>tum</strong></span> <span class='ocrx_word' id='word_1_705' title='bbox 1003 5421 1177 5488; x_wconf 81' lang='lat' dir='ltr'><strong>nouis,</strong></span> <span class='ocrx_word' id='word_1_706' title='bbox 1225 5436 1360 5490; x_wconf 86' lang='lat' dir='ltr'><strong>quas</strong></span> <span class='ocrx_word' id='word_1_707' title='bbox 1385 5420 1739 5485; x_wconf 74' lang='lat' dir='ltr'><strong>moliebatur,</strong></span> <span class='ocrx_word' id='word_1_708' title='bbox 1769 5420 1952 5476; x_wconf 84' lang='lat' dir='ltr'><strong>rebus.</strong></span> 
     </span>
    </p>
   </div>
   <div class='ocr_carea' id='block_1_95' title="bbox 293 5439 1956 5566">
    <p class='ocr_par' dir='ltr' id='par_1_95' title="bbox 293 5439 1956 5566">
     <span class='ocr_line' id='line_1_96' title="bbox 333 5439 1952 5490; baseline -0.001 -13"><span class='ocrx_word' id='word_1_709' title='bbox 333 5439 459 5478; x_wconf 84' lang='lat' dir='ltr'><strong>uom</strong></span> <span class='ocrx_word' id='word_1_710' title='bbox 488 5439 810 5486; x_wconf 75' lang='lat' dir='ltr'><strong>simulaoat,</strong></span> <span class='ocrx_word' id='word_1_711' title='bbox 847 5439 967 5474; x_wconf 76' lang='lat' dir='ltr'><strong>tum</strong></span> <span class='ocrx_word' id='word_1_712' title='bbox 1003 5439 1177 5488; x_wconf 79' lang='grc' dir='ltr'><strong>ηουιδ,</strong></span> <span class='ocrx_word' id='word_1_713' title='bbox 1225 5439 1360 5490; x_wconf 79' lang='lat' dir='ltr'><strong>quas</strong></span> <span class='ocrx_word' id='word_1_714' title='bbox 1385 5439 1739 5485; x_wconf 74' lang='lat' dir='ltr'><strong>mouebatur,</strong></span> <span class='ocrx_word' id='word_1_715' title='bbox 1769 5439 1952 5476; x_wconf 75' lang='grc' dir='ltr'><strong>νευιω.</strong></span> 
     </span>
     <span class='ocr_line' id='line_1_97' title="bbox 293 5439 1956 5566; baseline -0.001 -16"><span class='ocrx_word' id='word_1_716' title='bbox 293 5439 402 5550; x_wconf 59' lang='lat' dir='ltr'><strong>god</strong></span> <span class='ocrx_word' id='word_1_717' title='bbox 454 5502 744 5566; x_wconf 82' lang='lat' dir='ltr'><strong>postquam</strong></span> <span class='ocrx_word' id='word_1_718' title='bbox 801 5494 916 5566; x_wconf 80' lang='lat' dir='ltr'><strong>ipse</strong></span> <span class='ocrx_word' id='word_1_719' title='bbox 972 5491 1191 5566; x_wconf 81' lang='lat' dir='ltr'><strong>sceleris</strong></span> <span class='ocrx_word' id='word_1_720' title='bbox 1247 5507 1431 5566; x_wconf 69' lang='lat' dir='ltr'><strong>poenas</strong></span> <span class='ocrx_word' id='word_1_721' title='bbox 1486 5491 1655 5566; x_wconf 78' lang='lat' dir='ltr'><strong>dedit,</strong></span> <span class='ocrx_word' id='word_1_722' title='bbox 1715 5493 1956 5548; x_wconf 74' lang='lat' dir='ltr'><strong>extincta</strong></span> 
     </span>
    </p>
   </div>
   <div class='ocr_carea' id='block_1_96' title="bbox 291 5561 1956 5648">
    <p class='ocr_par' dir='ltr' id='par_1_96' title="bbox 291 5561 1956 5648">
     <span class='ocr_line' id='line_1_98' title="bbox 291 5561 1956 5648; baseline -0.001 -26"><span class='ocrx_word' id='word_1_723' title='bbox 291 5561 488 5648; x_wconf 66' lang='lat' dir='ltr'><strong>statim</strong></span> <span class='ocrx_word' id='word_1_724' title='bbox 514 5561 594 5627; x_wconf 79' lang='lat' dir='ltr'><strong>est</strong></span> <span class='ocrx_word' id='word_1_725' title='bbox 647 5566 765 5648; x_wconf 71' lang='lat' dir='ltr'><strong>ejus</strong></span> <span class='ocrx_word' id='word_1_726' title='bbox 811 5561 1086 5648; x_wconf 64' lang='lat' dir='ltr'><strong>dpcirina,</strong></span> <span class='ocrx_word' id='word_1_727' title='bbox 1109 5561 1420 5648; x_wconf 55' lang='lat' dir='ltr'><strong>_nec&quot;nisi</strong></span> <span class='ocrx_word' id='word_1_728' title='bbox 1440 5561 1615 5648; x_wconf 45' lang='grc' dir='ltr'><strong>,αρυά</strong></span> <span class='ocrx_word' id='word_1_729' title='bbox 1650 5578 1956 5648; x_wconf 48' lang='lat' dir='ltr'><strong>perpauca;</strong></span> 
     </span>
    </p>
   </div>
   <div class='ocr_carea' id='block_1_97' title="bbox 291 5634 1957 5714">
    <p class='ocr_par' dir='ltr' id='par_1_97' title="bbox 291 5634 1957 5714">
     <span class='ocr_line' id='line_1_99' title="bbox 291 5634 1957 5714; baseline -0.002 -12"><span class='ocrx_word' id='word_1_730' title='bbox 291 5636 508 5702; x_wconf 76' lang='lat' dir='ltr'><strong>nullius</strong></span> <span class='ocrx_word' id='word_1_731' title='bbox 536 5634 781 5704; x_wconf 73' lang='lat' dir='ltr'><strong>minis</strong></span> <span class='ocrx_word' id='word_1_732' title='bbox 807 5635 1068 5700; x_wconf 76' lang='lat' dir='ltr'><strong>obtinuit.</strong></span> <span class='ocrx_word' id='word_1_733' title='bbox 1103 5637 1233 5698; x_wconf 77' lang='lat' dir='ltr'><strong>Post</strong></span> <span class='ocrx_word' id='word_1_734' title='bbox 1257 5634 1384 5699; x_wconf 75' lang='lat' dir='ltr'><strong>Iesu</strong></span> <span class='ocrx_word' id='word_1_735' title='bbox 1432 5634 1675 5714; x_wconf 72' lang='lat' dir='ltr'><strong>tenipora</strong></span> <span class='ocrx_word' id='word_1_736' title='bbox 1703 5634 1886 5698; x_wconf 75' lang='lat' dir='ltr'><strong>voluit</strong></span> <span class='ocrx_word' id='word_1_737' title='bbox 1904 5643 1957 5699; x_wconf 81' lang='lat' dir='ltr'><strong>ot</strong></span> 
     </span>
    </p>
   </div>
   <div class='ocr_carea' id='block_1_98' title="bbox 1987 4531 2034 4594">
    <p class='ocr_par' dir='ltr' id='par_1_98' title="bbox 1987 4531 2034 4594">
     <span class='ocr_line' id='line_1_100' title="bbox 1987 4531 2034 4594; baseline 0 0"><span class='ocrx_word' id='word_1_738' title='bbox 1987 4531 2034 4594; x_wconf 92' lang='lat' dir='ltr'><strong>D</strong></span> 
     </span>
    </p>
   </div>
   <div class='ocr_carea' id='block_1_99' title="bbox 2074 3231 3722 3303">
    <p class='ocr_par' dir='ltr' id='par_1_99' title="bbox 2074 3231 3722 3303">
     <span class='ocr_line' id='line_1_101' title="bbox 2074 3231 3722 3303; baseline 0.003 -18"><span class='ocrx_word' id='word_1_739' title='bbox 2074 3231 2357 3303; x_wconf 91' lang='lat' dir='ltr'><strong>scriptum</strong></span> <span class='ocrx_word' id='word_1_740' title='bbox 2391 3236 2499 3298; x_wconf 85' lang='lat' dir='ltr'><strong>est,</strong></span> <span class='ocrx_word' id='word_1_741' title='bbox 2551 3232 2750 3288; x_wconf 90' lang='lat' dir='ltr'><strong>sedere</strong></span> <span class='ocrx_word' id='word_1_742' title='bbox 2800 3249 2833 3287; x_wconf 90' lang='lat' dir='ltr'><strong>a</strong></span> <span class='ocrx_word' id='word_1_743' title='bbox 2881 3233 3097 3289; x_wconf 85' lang='lat' dir='ltr'><strong>dextris</strong></span> <span class='ocrx_word' id='word_1_744' title='bbox 3145 3232 3458 3290; x_wconf 88' lang='lat' dir='ltr'><strong>Salvatoris</strong></span> <span class='ocrx_word' id='word_1_745' title='bbox 3488 3239 3548 3290; x_wconf 89' lang='lat' dir='ltr'><strong>et</strong></span> <span class='ocrx_word' id='word_1_746' title='bbox 3576 3233 3722 3290; x_wconf 88' lang='lat' dir='ltr'><strong>sini-</strong></span> 
     </span>
    </p>
   </div>
   <div class='ocr_carea' id='block_1_100' title="bbox 2070 3319 3722 3394">
    <p class='ocr_par' dir='ltr' id='par_1_100' title="bbox 2070 3319 3722 3394">
     <span class='ocr_line' id='line_1_102' title="bbox 2070 3319 3722 3394; baseline 0.004 -20"><span class='ocrx_word' id='word_1_747' title='bbox 2070 3320 2233 3385; x_wconf 91' lang='lat' dir='ltr'><strong>stris,</strong></span> <span class='ocrx_word' id='word_1_748' title='bbox 2265 3321 2336 3376; x_wconf 93' lang='lat' dir='ltr'><strong>de</strong></span> <span class='ocrx_word' id='word_1_749' title='bbox 2366 3319 2543 3376; x_wconf 90' lang='lat' dir='ltr'><strong>Paulo</strong></span> <span class='ocrx_word' id='word_1_750' title='bbox 2573 3325 2630 3376; x_wconf 91' lang='lat' dir='ltr'><strong>et</strong></span> <span class='ocrx_word' id='word_1_751' title='bbox 2676 3321 2746 3376; x_wconf 91' lang='lat' dir='ltr'><strong>de</strong></span> <span class='ocrx_word' id='word_1_752' title='bbox 2795 3321 3087 3379; x_wconf 89' lang='lat' dir='ltr'><strong>Marcione</strong></span> <span class='ocrx_word' id='word_1_753' title='bbox 3138 3322 3272 3386; x_wconf 90' lang='lat' dir='ltr'><strong>dici,</strong></span> <span class='ocrx_word' id='word_1_754' title='bbox 3319 3319 3474 3394; x_wconf 87' lang='lat' dir='ltr'><strong>quod</strong></span> <span class='ocrx_word' id='word_1_755' title='bbox 3507 3322 3722 3380; x_wconf 86' lang='lat' dir='ltr'><strong>Paulus</strong></span> 
     </span>
    </p>
   </div>
   <div class='ocr_carea' id='block_1_101' title="bbox 2070 3408 3720 3476">
    <p class='ocr_par' dir='ltr' id='par_1_101' title="bbox 2070 3408 3720 3476">
     <span class='ocr_line' id='line_1_103' title="bbox 2070 3408 3720 3476; baseline 0.004 -13"><span class='ocrx_word' id='word_1_756' title='bbox 2070 3408 2229 3464; x_wconf 91' lang='lat' dir='ltr'><strong>sedet</strong></span> <span class='ocrx_word' id='word_1_757' title='bbox 2261 3427 2295 3463; x_wconf 88' lang='lat' dir='ltr'><strong>a</strong></span> <span class='ocrx_word' id='word_1_758' title='bbox 2352 3410 2591 3476; x_wconf 86' lang='lat' dir='ltr'><strong>dextris,</strong></span> <span class='ocrx_word' id='word_1_759' title='bbox 2642 3409 2855 3465; x_wconf 90' lang='lat' dir='ltr'><strong>Marcio</strong></span> <span class='ocrx_word' id='word_1_760' title='bbox 2913 3412 3111 3470; x_wconf 89' lang='lat' dir='ltr'><strong>sedeat</strong></span> <span class='ocrx_word' id='word_1_761' title='bbox 3141 3429 3174 3466; x_wconf 90' lang='lat' dir='ltr'><strong>a</strong></span> <span class='ocrx_word' id='word_1_762' title='bbox 3233 3411 3511 3469; x_wconf 86' lang='lat' dir='ltr'><strong>sinistris.</strong></span> <span class='ocrx_word' id='word_1_763' title='bbox 3546 3413 3720 3469; x_wconf 89' lang='lat' dir='ltr'><strong>Porro</strong></span> 
     </span>
    </p>
   </div>
   <div class='ocr_carea' id='block_1_102' title="bbox 2069 3495 3723 3574">
    <p class='ocr_par' dir='ltr' id='par_1_102' title="bbox 2069 3495 3723 3574">
     <span class='ocr_line' id='line_1_104' title="bbox 2069 3495 3723 3574; baseline 0.005 -24"><span class='ocrx_word' id='word_1_764' title='bbox 2069 3497 2165 3551; x_wconf 87' lang='lat' dir='ltr'><strong>alii</strong></span> <span class='ocrx_word' id='word_1_765' title='bbox 2196 3495 2456 3569; x_wconf 88' lang='lat' dir='ltr'><strong>legentes</strong></span> <span class='ocrx_word' id='word_1_766' title='bbox 2486 3497 2545 3552; x_wconf 74' lang='grc' dir='ltr'><strong>ὀε</strong></span> <span class='ocrx_word' id='word_1_767' title='bbox 2605 3499 2813 3554; x_wconf 78' lang='lat' dir='ltr'><strong>Mittam</strong></span> <span class='ocrx_word' id='word_1_768' title='bbox 2867 3502 3025 3556; x_wconf 82' lang='lat' dir='ltr'><strong>vobis</strong></span> <span class='ocrx_word' id='word_1_769' title='bbox 3079 3500 3403 3557; x_wconf 83' lang='lat' dir='ltr'><strong>advocatum</strong></span> <span class='ocrx_word' id='word_1_770' title='bbox 3453 3503 3723 3574; x_wconf 86' lang='lat' dir='ltr'><strong>Spiritum</strong></span> 
     </span>
    </p>
   </div>
   <div class='ocr_carea' id='block_1_103' title="bbox 2068 3587 3720 3663">
    <p class='ocr_par' dir='ltr' id='par_1_103' title="bbox 2068 3587 3720 3663">
     <span class='ocr_line' id='line_1_105' title="bbox 2068 3587 3720 3663; baseline 0.004 -22"><span class='ocrx_word' id='word_1_771' title='bbox 2068 3587 2334 3652; x_wconf 78' lang='lat' dir='ltr'><strong>veritatis,</strong></span> <span class='ocrx_word' id='word_1_772' title='bbox 2371 3587 2577 3642; x_wconf 90' lang='lat' dir='ltr'><strong>nolunt</strong></span> <span class='ocrx_word' id='word_1_773' title='bbox 2624 3588 2950 3661; x_wconf 89' lang='lat' dir='ltr'><strong>intelligere</strong></span> <span class='ocrx_word' id='word_1_774' title='bbox 3007 3590 3236 3645; x_wconf 88' lang='lat' dir='ltr'><strong>tertiam</strong></span> <span class='ocrx_word' id='word_1_775' title='bbox 3271 3591 3381 3662; x_wconf 86' lang='lat'>(72)</span> <span class='ocrx_word' id='word_1_776' title='bbox 3409 3606 3720 3663; x_wconf 85' lang='lat' dir='ltr'><strong>personam</strong></span> 
     </span>
    </p>
   </div>
   <div class='ocr_carea' id='block_1_104' title="bbox 2069 3781 3729 3858">
    <p class='ocr_par' dir='ltr' id='par_1_104' title="bbox 2069 3781 3729 3858">
     <span class='ocr_line' id='line_1_106' title="bbox 2069 3781 3729 3858; baseline 0.004 -22"><span class='ocrx_word' id='word_1_777' title='bbox 2069 3781 2353 3858; x_wconf 70' lang='lat' dir='ltr'><strong>Qqsitheus</strong></span> <span class='ocrx_word' id='word_1_778' title='bbox 2377 3783 2602 3858; x_wconf 83' lang='lat' dir='ltr'><strong>quidam</strong></span> <span class='ocrx_word' id='word_1_779' title='bbox 2656 3784 2944 3858; x_wconf 77' lang='lat' dir='ltr'><strong>Samarita</strong></span> <span class='ocrx_word' id='word_1_780' title='bbox 2992 3786 3108 3841; x_wconf 89' lang='lat' dir='ltr'><strong>suis</strong></span> <span class='ocrx_word' id='word_1_781' title='bbox 3157 3785 3488 3858; x_wconf 83' lang='lat' dir='ltr'><strong>persuadere</strong></span> <span class='ocrx_word' id='word_1_782' title='bbox 3524 3800 3582 3842; x_wconf 85' lang='lat' dir='ltr'><strong>se</strong></span> <span class='ocrx_word' id='word_1_783' title='bbox 3606 3800 3729 3843; x_wconf 75' lang='lat' dir='ltr'><strong>esse</strong></span> 
     </span>
    </p>
   </div>
   <div class='ocr_carea' id='block_1_105' title="bbox 2072 3851 3726 3930">
    <p class='ocr_par' dir='ltr' id='par_1_105' title="bbox 2072 3851 3726 3930">
     <span class='ocr_line' id='line_1_107' title="bbox 2072 3851 3726 3930; baseline 0.002 -22"><span class='ocrx_word' id='word_1_784' title='bbox 2072 3851 2358 3908; x_wconf 84' lang='lat' dir='ltr'><strong>Christum</strong></span> <span class='ocrx_word' id='word_1_785' title='bbox 2373 3851 2570 3930; x_wconf 60' lang='lat' dir='ltr'><strong>illum,</strong></span> <span class='ocrx_word' id='word_1_786' title='bbox 2599 3871 2778 3930; x_wconf 76' lang='lat' dir='ltr'><strong>quem</strong></span> <span class='ocrx_word' id='word_1_787' title='bbox 2820 3857 3021 3930; x_wconf 64' lang='lat' dir='ltr'><strong>Moyses</strong></span> <span class='ocrx_word' id='word_1_788' title='bbox 3063 3851 3726 3930; x_wconf 37' lang='lat' dir='ltr'><strong>pridixerattyisusque</strong></span> 
     </span>
    </p>
   </div>
   <div class='ocr_carea' id='block_1_106' title="bbox 2067 3926 3724 3986">
    <p class='ocr_par' dir='ltr' id='par_1_106' title="bbox 2067 3926 3724 3986">
     <span class='ocr_line' id='line_1_108' title="bbox 2067 3926 3724 3986; baseline 0.003 -7"><span class='ocrx_word' id='word_1_789' title='bbox 2067 3933 2144 3979; x_wconf 91' lang='lat' dir='ltr'><strong>est</strong></span> <span class='ocrx_word' id='word_1_790' title='bbox 2173 3926 2471 3982; x_wconf 85' lang='lat' dir='ltr'><strong>nonnullos</strong></span> <span class='ocrx_word' id='word_1_791' title='bbox 2499 3927 2608 3981; x_wconf 90' lang='lat' dir='ltr'><strong>sibi</strong></span> <span class='ocrx_word' id='word_1_792' title='bbox 2654 3943 2757 3982; x_wconf 88' lang='lat' dir='ltr'><strong>sua</strong></span> <span class='ocrx_word' id='word_1_793' title='bbox 2802 3926 3409 3986; x_wconf 58' lang='lat' dir='ltr'><strong>doctrina&#39;conciliare.</strong></span> <span class='ocrx_word' id='word_1_794' title='bbox 3445 3926 3724 3985; x_wconf 56' lang='lat' dir='ltr'><strong>Varia&#39;de</strong></span> 
     </span>
    </p>
   </div>
   <div class='ocr_carea' id='block_1_107' title="bbox 2071 3995 3725 4072">
    <p class='ocr_par' dir='ltr' id='par_1_107' title="bbox 2071 3995 3725 4072">
     <span class='ocr_line' id='line_1_109' title="bbox 2071 3995 3725 4072; baseline 0.004 -22"><span class='ocrx_word' id='word_1_795' title='bbox 2071 3995 2340 4052; x_wconf 90' lang='lat' dir='ltr'><strong>Dositheo</strong></span> <span class='ocrx_word' id='word_1_796' title='bbox 2372 3997 2468 4072; x_wconf 80' lang='lat' dir='ltr'><strong>alii</strong></span> <span class='ocrx_word' id='word_1_797' title='bbox 2499 3997 2761 4067; x_wconf 87' lang='lat' dir='ltr'><strong>tradunt,</strong></span> <span class='ocrx_word' id='word_1_798' title='bbox 2781 4015 2986 4072; x_wconf 18' lang='lat' dir='ltr'><strong>iquem</strong></span> <span class='ocrx_word' id='word_1_799' title='bbox 3026 4016 3143 4072; x_wconf 82' lang='lat' dir='ltr'><strong>nec</strong></span> <span class='ocrx_word' id='word_1_800' title='bbox 3171 4001 3285 4072; x_wconf 89' lang='lat' dir='ltr'><strong>ipsi</strong></span> <span class='ocrx_word' id='word_1_801' title='bbox 3315 3999 3544 4072; x_wconf 88' lang='lat' dir='ltr'><strong>Judaici</strong></span> <span class='ocrx_word' id='word_1_802' title='bbox 3573 3999 3725 4056; x_wconf 84' lang='lat' dir='ltr'><strong>scri-</strong></span> 
     </span>
    </p>
   </div>
   <div class='ocr_carea' id='block_1_108' title="bbox 2107 4069 3726 4142">
    <p class='ocr_par' dir='ltr' id='par_1_108' title="bbox 2107 4069 3726 4142">
     <span class='ocr_line' id='line_1_110' title="bbox 2107 4069 3726 4142; baseline 0.004 -21"><span class='ocrx_word' id='word_1_803' title='bbox 2107 4073 2262 4142; x_wconf 78' lang='lat' dir='ltr'><strong>tores</strong></span> <span class='ocrx_word' id='word_1_804' title='bbox 2293 4069 2437 4124; x_wconf 89' lang='lat' dir='ltr'><strong>satis</strong></span> <span class='ocrx_word' id='word_1_805' title='bbox 2487 4074 2725 4142; x_wconf 88' lang='lat' dir='ltr'><strong>norunt.</strong></span> <span class='ocrx_word' id='word_1_806' title='bbox 2777 4069 2905 4142; x_wconf 82' lang='lat' dir='ltr'><strong>Ipse</strong></span> <span class='ocrx_word' id='word_1_807' title='bbox 2963 4071 3141 4127; x_wconf 88' lang='lat' dir='ltr'><strong>etiam</strong></span> <span class='ocrx_word' id='word_1_808' title='bbox 3192 4069 3460 4128; x_wconf 81' lang='lat' dir='ltr'><strong>aberrare</strong></span> <span class='ocrx_word' id='word_1_809' title='bbox 3490 4070 3726 4128; x_wconf 85' lang='lat' dir='ltr'><strong>videtur</strong></span> 
     </span>
    </p>
   </div>
   <div class='ocr_carea' id='block_1_109' title="bbox 2120 4140 3720 4218">
    <p class='ocr_par' dir='ltr' id='par_1_109' title="bbox 2120 4140 3720 4218">
     <span class='ocr_line' id='line_1_111' title="bbox 2120 4140 3720 4218; baseline 0.004 -26"><span class='ocrx_word' id='word_1_810' title='bbox 2120 4140 2462 4218; x_wconf 38' lang='lat' dir='ltr'><strong>ienrpnlmus</strong></span> <span class='ocrx_word' id='word_1_811' title='bbox 2510 4157 2643 4196; x_wconf 92' lang='lat' dir='ltr'><strong>cum</strong></span> <span class='ocrx_word' id='word_1_812' title='bbox 2680 4140 2934 4218; x_wconf 37' lang='lat' dir='ltr'><strong>~Didlogo</strong></span> <span class='ocrx_word' id='word_1_813' title='bbox 2998 4142 3257 4198; x_wconf 85' lang='lat' dir='ltr'><strong>adversus</strong></span> <span class='ocrx_word' id='word_1_814' title='bbox 3298 4142 3720 4218; x_wconf 61' lang='lat' dir='ltr'><strong>lucifer-ianos.</strong></span> 
     </span>
    </p>
   </div>
   <div class='ocr_carea' id='block_1_110' title="bbox 2069 4210 3725 4298">
    <p class='ocr_par' dir='ltr' id='par_1_110' title="bbox 2069 4210 3725 4298">
     <span class='ocr_line' id='line_1_112' title="bbox 2069 4210 3725 4298; baseline 0.004 -34"><span class='ocrx_word' id='word_1_815' title='bbox 2069 4227 2125 4298; x_wconf 89' lang='lat' dir='ltr'><strong>n.</strong></span> <span class='ocrx_word' id='word_1_816' title='bbox 2154 4211 2248 4292; x_wconf 62' lang='lat'><strong>23,</strong></span> <span class='ocrx_word' id='word_1_817' title='bbox 2281 4210 2624 4298; x_wconf 66' lang='lat' dir='ltr'><strong>Dqsitheum</strong></span> <span class='ocrx_word' id='word_1_818' title='bbox 2675 4210 3194 4298; x_wconf 58' lang='lat' dir='ltr'><strong>samaritenorum</strong></span> <span class='ocrx_word' id='word_1_819' title='bbox 3225 4210 3548 4298; x_wconf 74' lang='lat' dir='ltr'><strong>principem</strong></span> <span class='ocrx_word' id='word_1_820' title='bbox 3581 4214 3725 4298; x_wconf 65' lang='lat' dir='ltr'><strong>iacit</strong></span> 
     </span>
    </p>
   </div>
   <div class='ocr_carea' id='block_1_111' title="bbox 2067 4281 3722 4357">
    <p class='ocr_par' dir='ltr' id='par_1_111' title="bbox 2067 4281 3722 4357">
     <span class='ocr_line' id='line_1_113' title="bbox 2067 4281 3722 4357; baseline 0.003 -22"><span class='ocrx_word' id='word_1_821' title='bbox 2067 4281 2174 4357; x_wconf 80' lang='lat' dir='ltr'><strong>qui</strong></span> <span class='ocrx_word' id='word_1_822' title='bbox 2201 4282 2512 4357; x_wconf 81' lang='lat' dir='ltr'><strong>prophetas</strong></span> <span class='ocrx_word' id='word_1_823' title='bbox 2544 4285 2887 4357; x_wconf 86' lang='lat' dir='ltr'><strong>repudiarit,</strong></span> <span class='ocrx_word' id='word_1_824' title='bbox 2919 4289 2976 4341; x_wconf 91' lang='lat' dir='ltr'><strong>et</strong></span> <span class='ocrx_word' id='word_1_825' title='bbox 3003 4302 3072 4340; x_wconf 84' lang='lat' dir='ltr'><strong>ex</strong></span> <span class='ocrx_word' id='word_1_826' title='bbox 3104 4281 3275 4357; x_wconf 77' lang='lat' dir='ltr'><strong>cujus</strong></span> <span class='ocrx_word' id='word_1_827' title='bbox 3304 4281 3498 4342; x_wconf 81' lang='lat' dir='ltr'><strong>radice</strong></span> <span class='ocrx_word' id='word_1_828' title='bbox 3521 4289 3722 4342; x_wconf 87' lang='lat' dir='ltr'><strong>ortum</strong></span> 
     </span>
    </p>
   </div>
   <div class='ocr_carea' id='block_1_112' title="bbox 2065 4353 3724 4430">
    <p class='ocr_par' dir='ltr' id='par_1_112' title="bbox 2065 4353 3724 4430">
     <span class='ocr_line' id='line_1_114' title="bbox 2065 4353 3724 4430; baseline 0.005 -24"><span class='ocrx_word' id='word_1_829' title='bbox 2065 4353 2364 4430; x_wconf 73' lang='lat' dir='ltr'><strong>§adducazi</strong></span> <span class='ocrx_word' id='word_1_830' title='bbox 2395 4353 2676 4430; x_wconf 80' lang='lat' dir='ltr'><strong>traxerint</strong></span> <span class='ocrx_word' id='word_1_831' title='bbox 2702 4374 2714 4423; x_wconf 94' lang='lat'>;</span> <span class='ocrx_word' id='word_1_832' title='bbox 2739 4373 2875 4412; x_wconf 92' lang='lat' dir='ltr'><strong>nam</strong></span> <span class='ocrx_word' id='word_1_833' title='bbox 2898 4362 2956 4412; x_wconf 94' lang='lat' dir='ltr'><strong>et</strong></span> <span class='ocrx_word' id='word_1_834' title='bbox 2976 4353 3364 4430; x_wconf 54' lang='lat' dir='ltr'><strong>multo&#39;antea</strong></span> <span class='ocrx_word' id='word_1_835' title='bbox 3385 4357 3724 4430; x_wconf 60' lang='lat' dir='ltr'><strong>Scriptura;</strong></span> 
     </span>
    </p>
   </div>
   <div class='ocr_carea' id='block_1_113' title="bbox 2065 4423 3727 4501">
    <p class='ocr_par' dir='ltr' id='par_1_113' title="bbox 2065 4423 3727 4501">
     <span class='ocr_line' id='line_1_115' title="bbox 2065 4423 3727 4501; baseline 0.003 -22"><span class='ocrx_word' id='word_1_836' title='bbox 2065 4423 2366 4501; x_wconf 67' lang='lat' dir='ltr'><strong>Samaritae</strong></span> <span class='ocrx_word' id='word_1_837' title='bbox 2396 4427 2869 4501; x_wconf 77' lang='lat' dir='ltr'><strong>repudiaverant,</strong></span> <span class='ocrx_word' id='word_1_838' title='bbox 2887 4433 2943 4501; x_wconf 85' lang='lat' dir='ltr'><strong>et</strong></span> <span class='ocrx_word' id='word_1_839' title='bbox 2971 4429 3275 4486; x_wconf 88' lang='lat' dir='ltr'><strong>Tsadocho</strong></span> <span class='ocrx_word' id='word_1_840' title='bbox 3303 4423 3565 4501; x_wconf 75' lang='lat' dir='ltr'><strong>principe</strong></span> <span class='ocrx_word' id='word_1_841' title='bbox 3583 4428 3727 4484; x_wconf 86' lang='lat' dir='ltr'><strong>Sad-</strong></span> 
     </span>
    </p>
   </div>
   <div class='ocr_carea' id='block_1_114' title="bbox 2065 4495 3727 4574">
    <p class='ocr_par' dir='ltr' id='par_1_114' title="bbox 2065 4495 3727 4574">
     <span class='ocr_line' id='line_1_116' title="bbox 2065 4495 3727 4574; baseline 0.004 -24"><span class='ocrx_word' id='word_1_842' title='bbox 2065 4495 2400 4574; x_wconf 71' lang='lat' dir='ltr'><strong>d_u_caaorum</strong></span> <span class='ocrx_word' id='word_1_843' title='bbox 2436 4495 2720 4574; x_wconf 81' lang='lat' dir='ltr'><strong>recentior</strong></span> <span class='ocrx_word' id='word_1_844' title='bbox 2741 4495 3049 4574; x_wconf 84' lang='lat' dir='ltr'><strong>Dositheus</strong></span> <span class='ocrx_word' id='word_1_845' title='bbox 3083 4502 3210 4556; x_wconf 83' lang='lat' dir='ltr'><strong>fuit.</strong></span> <span class='ocrx_word' id='word_1_846' title='bbox 3241 4495 3352 4556; x_wconf 83' lang='lat' dir='ltr'><strong>Alii</strong></span> <span class='ocrx_word' id='word_1_847' title='bbox 3386 4495 3583 4574; x_wconf 72' lang='lat' dir='ltr'><strong>plures</strong></span> <span class='ocrx_word' id='word_1_848' title='bbox 3613 4503 3727 4555; x_wconf 86' lang='lat' dir='ltr'><strong>Do-</strong></span> 
     </span>
    </p>
   </div>
   <div class='ocr_carea' id='block_1_115' title="bbox 2066 4567 3722 4637">
    <p class='ocr_par' dir='ltr' id='par_1_115' title="bbox 2066 4567 3722 4637">
     <span class='ocr_line' id='line_1_117' title="bbox 2066 4567 3722 4637; baseline 0.005 -16"><span class='ocrx_word' id='word_1_849' title='bbox 2066 4567 2284 4623; x_wconf 86' lang='lat' dir='ltr'><strong>sitheos</strong></span> <span class='ocrx_word' id='word_1_850' title='bbox 2315 4569 2862 4637; x_wconf 90' lang='lat' dir='ltr'><strong>comminiscuntur,</strong></span> <span class='ocrx_word' id='word_1_851' title='bbox 2896 4577 2959 4626; x_wconf 90' lang='lat' dir='ltr'><strong>ut</strong></span> <span class='ocrx_word' id='word_1_852' title='bbox 2989 4571 3217 4628; x_wconf 91' lang='lat' dir='ltr'><strong>diversa</strong></span> <span class='ocrx_word' id='word_1_853' title='bbox 3255 4567 3517 4628; x_wconf 75' lang='lat' dir='ltr'><strong>veterum</strong></span> <span class='ocrx_word' id='word_1_854' title='bbox 3547 4571 3620 4626; x_wconf 90' lang='lat' dir='ltr'><strong>de</strong></span> <span class='ocrx_word' id='word_1_855' title='bbox 3649 4587 3722 4629; x_wconf 90' lang='lat' dir='ltr'><strong>eo</strong></span> 
     </span>
    </p>
   </div>
   <div class='ocr_carea' id='block_1_116' title="bbox 2065 4639 3720 4716">
    <p class='ocr_par' dir='ltr' id='par_1_116' title="bbox 2065 4639 3720 4716">
     <span class='ocr_line' id='line_1_118' title="bbox 2065 4639 3720 4716; baseline 0.004 -23"><span class='ocrx_word' id='word_1_856' title='bbox 2065 4639 2404 4716; x_wconf 87' lang='lat' dir='ltr'><strong>testimonia</strong></span> <span class='ocrx_word' id='word_1_857' title='bbox 2451 4641 2780 4716; x_wconf 84' lang='lat' dir='ltr'><strong>concilient.</strong></span> <span class='ocrx_word' id='word_1_858' title='bbox 2832 4643 3059 4716; x_wconf 81' lang='lat' dir='ltr'><strong>Quibus</strong></span> <span class='ocrx_word' id='word_1_859' title='bbox 3102 4644 3376 4716; x_wconf 89' lang='lat' dir='ltr'><strong>omnibus</strong></span> <span class='ocrx_word' id='word_1_860' title='bbox 3407 4642 3720 4716; x_wconf 71' lang='lat' dir='ltr'><strong>Origenem</strong></span> 
     </span>
    </p>
   </div>
   <div class='ocr_carea' id='block_1_117' title="bbox 2065 4711 3721 4837">
    <p class='ocr_par' dir='ltr' id='par_1_117' title="bbox 2065 4711 3721 4837">
     <span class='ocr_line' id='line_1_119' title="bbox 2065 4711 3721 4837; baseline 0.004 -73"><span class='ocrx_word' id='word_1_861' title='bbox 2065 4711 2326 4837; x_wconf 69' lang='lat' dir='ltr'><strong>praefero,</strong></span> <span class='ocrx_word' id='word_1_862' title='bbox 2360 4728 2613 4784; x_wconf 91' lang='lat' dir='ltr'><strong>quocum</strong></span> <span class='ocrx_word' id='word_1_863' title='bbox 2647 4713 2867 4770; x_wconf 84' lang='lat' dir='ltr'><strong>faciunt</strong></span> <span class='ocrx_word' id='word_1_864' title='bbox 2885 4719 2942 4770; x_wconf 89' lang='lat' dir='ltr'><strong>et</strong></span> <span class='ocrx_word' id='word_1_865' title='bbox 2972 4715 3331 4798; x_wconf 75' lang='lat' dir='ltr'><strong>Hegesippus</strong></span> <span class='ocrx_word' id='word_1_866' title='bbox 3353 4711 3721 4798; x_wconf 57' lang='lat' dir='ltr'><strong>apud&#39;Euse-</strong></span> 
     </span>
     <span class='ocr_line' id='line_1_120' title="bbox 2107 4781 3718 4837; baseline 0.001 -1"><span class='ocrx_word' id='word_1_867' title='bbox 2107 4798 2228 4837; x_wconf 89' lang='lat' dir='ltr'><strong>ium</strong></span> <span class='ocrx_word' id='word_1_868' title='bbox 2263 4781 2364 4837; x_wconf 93' lang='lat' dir='ltr'><strong>lib.</strong></span> <span class='ocrx_word' id='word_1_869' title='bbox 2399 4800 2473 4837; x_wconf 85' lang='lat' dir='ltr'><strong>iv.</strong></span> <span class='ocrx_word' id='word_1_870' title='bbox 2507 4801 2633 4837; x_wconf 88' lang='lat' dir='ltr'><strong>can.</strong></span> <span class='ocrx_word' id='word_1_871' title='bbox 2663 4785 2735 4837; x_wconf 85' lang='lat'><strong><em>22</em></strong></span> <span class='ocrx_word' id='word_1_872' title='bbox 2759 4811 2772 4837; x_wconf 72' lang='grc' dir='ltr'><strong>ε</strong></span> <span class='ocrx_word' id='word_1_873' title='bbox 2815 4785 3202 4837; x_wconf 82' lang='lat' dir='ltr'><strong>Theodoritus</strong></span> <span class='ocrx_word' id='word_1_874' title='bbox 3233 4788 3431 4837; x_wconf 75' lang='lat' dir='ltr'><strong>Haeret.</strong></span> <span class='ocrx_word' id='word_1_875' title='bbox 3464 4786 3575 4837; x_wconf 81' lang='lat' dir='ltr'><strong>fab.</strong></span> <span class='ocrx_word' id='word_1_876' title='bbox 3610 4785 3718 4837; x_wconf 86' lang='lat' dir='ltr'><strong>lib.</strong></span> 
     </span>
    </p>
   </div>
   <div class='ocr_carea' id='block_1_118' title="bbox 2107 4781 3718 4858">
    <p class='ocr_par' dir='ltr' id='par_1_118' title="bbox 2107 4781 3718 4858">
     <span class='ocr_line' id='line_1_121' title="bbox 2107 4781 3718 4858; baseline 0.004 -22"><span class='ocrx_word' id='word_1_877' title='bbox 2107 4781 2228 4837; x_wconf 91' lang='lat' dir='ltr'><strong>ium</strong></span> <span class='ocrx_word' id='word_1_878' title='bbox 2263 4781 2473 4858; x_wconf 53' lang='lat' dir='ltr'><strong>libfiv,</strong></span> <span class='ocrx_word' id='word_1_879' title='bbox 2507 4801 2633 4858; x_wconf 84' lang='lat' dir='ltr'><strong>cap.</strong></span> <span class='ocrx_word' id='word_1_880' title='bbox 2663 4785 2772 4852; x_wconf 84' lang='lat'><strong>22;</strong></span> <span class='ocrx_word' id='word_1_881' title='bbox 2815 4781 3202 4858; x_wconf 67' lang='lat' dir='ltr'><strong>Theodoritus</strong></span> <span class='ocrx_word' id='word_1_882' title='bbox 3224 4781 3431 4843; x_wconf 67' lang='lat' dir='ltr'><strong>Haeret.</strong></span> <span class='ocrx_word' id='word_1_883' title='bbox 3461 4786 3575 4858; x_wconf 66' lang='lat' dir='ltr'><strong>fab,</strong></span> <span class='ocrx_word' id='word_1_884' title='bbox 3610 4785 3718 4842; x_wconf 90' lang='lat' dir='ltr'><strong>lib.</strong></span> 
     </span>
    </p>
   </div>
   <div class='ocr_carea' id='block_1_119' title="bbox 2067 4856 3718 4979">
    <p class='ocr_par' dir='ltr' id='par_1_119' title="bbox 2067 4856 3718 4979">
     <span class='ocr_line' id='line_1_122' title="bbox 2067 4856 3718 4979; baseline 0.004 -72"><span class='ocrx_word' id='word_1_885' title='bbox 2067 4869 2266 4979; x_wconf 59' lang='lat' dir='ltr'><strong>nrcap.</strong></span> <span class='ocrx_word' id='word_1_886' title='bbox 2304 4856 2328 4909; x_wconf 94' lang='grc'><strong>1</strong></span> <span class='ocrx_word' id='word_1_887' title='bbox 2359 4872 2372 4923; x_wconf 91' lang='lat'><strong>;</strong></span> <span class='ocrx_word' id='word_1_888' title='bbox 2407 4857 2810 4927; x_wconf 84' lang='lat' dir='ltr'><strong>Recognitiones</strong></span> <span class='ocrx_word' id='word_1_889' title='bbox 2849 4857 3134 4913; x_wconf 90' lang='lat' dir='ltr'><strong>Clementi</strong></span> <span class='ocrx_word' id='word_1_890' title='bbox 3167 4856 3482 4924; x_wconf 80' lang='lat' dir='ltr'><strong>attributae,</strong></span> <span class='ocrx_word' id='word_1_891' title='bbox 3512 4856 3615 4913; x_wconf 92' lang='lat' dir='ltr'><strong>lib.</strong></span> <span class='ocrx_word' id='word_1_892' title='bbox 3649 4873 3718 4914; x_wconf 91' lang='grc' dir='ltr'><strong>ιι.</strong></span> 
     </span>
     <span class='ocr_line' id='line_1_123' title="bbox 2067 4941 2303 4979; baseline 0 0"><span class='ocrx_word' id='word_1_893' title='bbox 2067 4941 2100 4979; x_wconf 74' lang='lat'><strong>8</strong></span> <span class='ocrx_word' id='word_1_894' title='bbox 2127 4941 2303 4979; x_wconf 78' lang='lat' dir='ltr'><strong>llﬂue.</strong></span> 
     </span>
    </p>
   </div>
   <div class='ocr_carea' id='block_1_120' title="bbox 2067 4941 2303 4996">
    <p class='ocr_par' dir='ltr' id='par_1_120' title="bbox 2067 4941 2303 4996">
     <span class='ocr_line' id='line_1_124' title="bbox 2067 4941 2303 4996; baseline 0 -16"><span class='ocrx_word' id='word_1_895' title='bbox 2067 4941 2303 4996; x_wconf 85' lang='lat' dir='ltr'><strong>aliique.</strong></span> 
     </span>
    </p>
   </div>
   <div class='ocr_carea' id='block_1_121' title="bbox 2135 4997 3719 5068">
    <p class='ocr_par' dir='ltr' id='par_1_121' title="bbox 2135 4997 3719 5068">
     <span class='ocr_line' id='line_1_125' title="bbox 2135 4997 3719 5068; baseline 0.003 -19"><span class='ocrx_word' id='word_1_896' title='bbox 2135 4997 2248 5068; x_wconf 87' lang='lat'><strong>(72)</strong></span> <span class='ocrx_word' id='word_1_897' title='bbox 2279 4997 2335 5051; x_wconf 85' lang='lat' dir='ltr'><strong>Si</strong></span> <span class='ocrx_word' id='word_1_898' title='bbox 2368 4997 2461 5068; x_wconf 89' lang='lat' dir='ltr'><strong>cui</strong></span> <span class='ocrx_word' id='word_1_899' title='bbox 2487 5013 2738 5068; x_wconf 66' lang='lat' dir='ltr'><strong>personae</strong></span> <span class='ocrx_word' id='word_1_900' title='bbox 2787 4999 3133 5056; x_wconf 88' lang='lat' dir='ltr'><strong>vocabulum</strong></span> <span class='ocrx_word' id='word_1_901' title='bbox 3179 5000 3239 5056; x_wconf 91' lang='lat' dir='ltr'><strong>in</strong></span> <span class='ocrx_word' id='word_1_902' title='bbox 3273 5000 3486 5056; x_wconf 88' lang='lat' dir='ltr'><strong>divinis</strong></span> <span class='ocrx_word' id='word_1_903' title='bbox 3515 5015 3719 5056; x_wconf 76' lang='lat' dir='ltr'><strong>recen-</strong></span> 
     </span>
    </p>
   </div>
   <div class='ocr_carea' id='block_1_122' title="bbox 2064 5066 3722 5144">
    <p class='ocr_par' dir='ltr' id='par_1_122' title="bbox 2064 5066 3722 5144">
     <span class='ocr_line' id='line_1_126' title="bbox 2064 5066 3722 5144; baseline 0.002 -22"><span class='ocrx_word' id='word_1_904' title='bbox 2064 5066 2182 5144; x_wconf 87' lang='lat' dir='ltr'><strong>tius</strong></span> <span class='ocrx_word' id='word_1_905' title='bbox 2213 5066 2623 5140; x_wconf 74' lang='lat' dir='ltr'><strong>Origenisasvo</strong></span> <span class='ocrx_word' id='word_1_906' title='bbox 2652 5071 2937 5144; x_wconf 83' lang='lat' dir='ltr'><strong>videatur,</strong></span> <span class='ocrx_word' id='word_1_907' title='bbox 2970 5077 3197 5144; x_wconf 89' lang='lat' dir='ltr'><strong>reputet</strong></span> <span class='ocrx_word' id='word_1_908' title='bbox 3231 5088 3296 5128; x_wconf 92' lang='lat' dir='ltr'><strong>eo</strong></span> <span class='ocrx_word' id='word_1_909' title='bbox 3329 5089 3504 5128; x_wconf 90' lang='lat' dir='ltr'><strong>usum</strong></span> <span class='ocrx_word' id='word_1_910' title='bbox 3537 5071 3596 5128; x_wconf 90' lang='lat' dir='ltr'><strong>S.</strong></span> <span class='ocrx_word' id='word_1_911' title='bbox 3629 5072 3722 5144; x_wconf 58' lang='lat' dir='ltr'><strong>in-</strong></span> 
     </span>
    </p>
   </div>
   <div class='ocr_carea' id='block_1_123' title="bbox 2063 5141 3719 5212">
    <p class='ocr_par' dir='ltr' id='par_1_123' title="bbox 2063 5141 3719 5212">
     <span class='ocr_line' id='line_1_127' title="bbox 2063 5141 3719 5212; baseline 0.004 -19"><span class='ocrx_word' id='word_1_912' title='bbox 2063 5142 2395 5212; x_wconf 69' lang='lat' dir='ltr'><strong>ierpretem,</strong></span> <span class='ocrx_word' id='word_1_913' title='bbox 2457 5157 2560 5212; x_wconf 90' lang='lat' dir='ltr'><strong>pro</strong></span> <span class='ocrx_word' id='word_1_914' title='bbox 2618 5157 2733 5212; x_wconf 92' lang='lat' dir='ltr'><strong>quo</strong></span> <span class='ocrx_word' id='word_1_915' title='bbox 2793 5141 3078 5195; x_wconf 72' lang='grc' dir='ltr'><strong>ὑπόπασῖν</strong></span> <span class='ocrx_word' id='word_1_916' title='bbox 3133 5150 3335 5199; x_wconf 86' lang='lat' dir='ltr'><strong>auctor</strong></span> <span class='ocrx_word' id='word_1_917' title='bbox 3389 5143 3719 5212; x_wconf 86' lang='lat' dir='ltr'><strong>scripserit.</strong></span> 
     </span>
    </p>
   </div>
   <div class='ocr_carea' id='block_1_124' title="bbox 2063 5209 3722 5271">
    <p class='ocr_par' dir='ltr' id='par_1_124' title="bbox 2063 5209 3722 5271">
     <span class='ocr_line' id='line_1_128' title="bbox 2063 5209 3722 5271; baseline 0.003 -7"><span class='ocrx_word' id='word_1_918' title='bbox 2063 5209 2348 5266; x_wconf 70' lang='lat' dir='ltr'><strong>Caeterum</strong></span> <span class='ocrx_word' id='word_1_919' title='bbox 2380 5215 2438 5265; x_wconf 89' lang='lat' dir='ltr'><strong>et</strong></span> <span class='ocrx_word' id='word_1_920' title='bbox 2463 5209 2653 5268; x_wconf 54' lang='lat' dir='ltr'><strong>&#39;tomo&#39;</strong></span> <span class='ocrx_word' id='word_1_921' title='bbox 2680 5214 2936 5270; x_wconf 90' lang='lat' dir='ltr'><strong>secundo</strong></span> <span class='ocrx_word' id='word_1_922' title='bbox 2985 5216 3045 5269; x_wconf 86' lang='lat' dir='ltr'><strong>in</strong></span> <span class='ocrx_word' id='word_1_923' title='bbox 3073 5215 3336 5271; x_wconf 84' lang='lat' dir='ltr'><strong>Joannem</strong></span> <span class='ocrx_word' id='word_1_924' title='bbox 3367 5209 3722 5271; x_wconf 63' lang='lat' dir='ltr'><strong>luculentis-</strong></span> 
     </span>
    </p>
   </div>
   <div class='ocr_carea' id='block_1_125' title="bbox 2064 5280 3717 5360">
    <p class='ocr_par' dir='ltr' id='par_1_125' title="bbox 2064 5280 3717 5360">
     <span class='ocr_line' id='line_1_129' title="bbox 2064 5280 3717 5360; baseline 0.001 -25"><span class='ocrx_word' id='word_1_925' title='bbox 2064 5280 2213 5360; x_wconf 64' lang='lat' dir='ltr'><strong>siuie</strong></span> <span class='ocrx_word' id='word_1_926' title='bbox 2266 5282 2903 5360; x_wconf 56' lang='lat' dir='ltr'><strong>Adamantiusz‘Hiieic</strong></span> <span class='ocrx_word' id='word_1_927' title='bbox 2952 5284 3198 5360; x_wconf 46' lang='grc' dir='ltr'><strong>μέντοιγε</strong></span> <span class='ocrx_word' id='word_1_928' title='bbox 3217 5290 3362 5360; x_wconf 68' lang='grc' dir='ltr'>τρεῖς</span> <span class='ocrx_word' id='word_1_929' title='bbox 3399 5282 3717 5360; x_wconf 70' lang='grc' dir='ltr'><strong>ὑπνᾳτάσεις</strong></span> 
     </span>
    </p>
   </div>
   <div class='ocr_carea' id='block_1_126' title="bbox 2061 5349 3722 5431">
    <p class='ocr_par' dir='ltr' id='par_1_126' title="bbox 2061 5349 3722 5431">
     <span class='ocr_line' id='line_1_130' title="bbox 2061 5349 3722 5431; baseline 0.005 -27"><span class='ocrx_word' id='word_1_930' title='bbox 2061 5349 2374 5424; x_wconf 78' lang='grc' dir='ltr'><strong>πειθόμενοι</strong></span> <span class='ocrx_word' id='word_1_931' title='bbox 2401 5349 2866 5431; x_wconf 31' lang='grc' dir='ltr'><strong>’τυγχᾴνβινΣΑ-’ξὸγ</strong></span> <span class='ocrx_word' id='word_1_932' title='bbox 2910 5349 3122 5431; x_wconf 56' lang='grc' dir='ltr'><strong>Πατέρα</strong></span> <span class='ocrx_word' id='word_1_933' title='bbox 3149 5349 3280 5430; x_wconf 73' lang='grc' dir='ltr'><strong>’(κάὶ</strong></span> <span class='ocrx_word' id='word_1_934' title='bbox 3309 5356 3399 5410; x_wconf 85' lang='grc' dir='ltr'><strong>τὸν</strong></span> <span class='ocrx_word' id='word_1_935' title='bbox 3423 5355 3592 5431; x_wconf 30' lang='grc' dir='ltr'><strong>,Υξᾷνιι</strong></span> <span class='ocrx_word' id='word_1_936' title='bbox 3613 5354 3722 5428; x_wconf 88' lang='lat' dir='ltr'><strong>qui</strong></span> 
     </span>
    </p>
   </div>
   <div class='ocr_carea' id='block_1_127' title="bbox 2063 5423 3716 5502">
    <p class='ocr_par' dir='ltr' id='par_1_127' title="bbox 2063 5423 3716 5502">
     <span class='ocr_line' id='line_1_131' title="bbox 2063 5423 3716 5502; baseline 0.001 -23"><span class='ocrx_word' id='word_1_937' title='bbox 2063 5441 2366 5502; x_wconf 74' lang='lat' dir='ltr'><strong>perperam</strong></span> <span class='ocrx_word' id='word_1_938' title='bbox 2383 5426 2458 5502; x_wconf 91' lang='lat' dir='ltr'><strong>_in</strong></span> <span class='ocrx_word' id='word_1_939' title='bbox 2494 5423 2675 5502; x_wconf 67' lang='lat' dir='ltr'><strong>editis</strong></span> <span class='ocrx_word' id='word_1_940' title='bbox 2714 5423 2883 5502; x_wconf 71' lang='lat' dir='ltr'><strong>libris</strong></span> <span class='ocrx_word' id='word_1_941' title='bbox 2926 5423 3315 5502; x_wconf 77' lang='lat' dir='ltr'><strong>desideratur)</strong></span> <span class='ocrx_word' id='word_1_942' title='bbox 3347 5426 3438 5482; x_wconf 70' lang='grc' dir='ltr'>καὶ</span> <span class='ocrx_word' id='word_1_943' title='bbox 3467 5423 3529 5482; x_wconf 62' lang='grc' dir='ltr'><strong>ἑὸ</strong></span> <span class='ocrx_word' id='word_1_944' title='bbox 3557 5423 3716 5502; x_wconf 72' lang='grc' dir='ltr'><strong>ᾄγῐον</strong></span> 
     </span>
    </p>
   </div>
   <div class='ocr_carea' id='block_1_128' title="bbox 2063 5497 3717 5568">
    <p class='ocr_par' dir='ltr' id='par_1_128' title="bbox 2063 5497 3717 5568">
     <span class='ocr_line' id='line_1_132' title="bbox 2063 5497 3717 5568; baseline 0.004 -19"><span class='ocrx_word' id='word_1_945' title='bbox 2063 5499 2319 5568; x_wconf 75' lang='grc' dir='ltr'>Πνεῦμαε</span> <span class='ocrx_word' id='word_1_946' title='bbox 2382 5497 2584 5554; x_wconf 89' lang='lat' dir='ltr'><strong>Latine</strong></span> <span class='ocrx_word' id='word_1_947' title='bbox 2639 5515 2708 5554; x_wconf 83' lang='lat' dir='ltr'><strong>ex</strong></span> <span class='ocrx_word' id='word_1_948' title='bbox 2764 5499 2986 5556; x_wconf 84' lang='lat' dir='ltr'><strong>Ferrari</strong></span> <span class='ocrx_word' id='word_1_949' title='bbox 3034 5497 3318 5568; x_wconf 16' lang='lat' dir='ltr'><strong>versione»,</strong></span> <span class='ocrx_word' id='word_1_950' title='bbox 3368 5501 3479 5558; x_wconf 84' lang='lat' dir='ltr'><strong>Nos</strong></span> <span class='ocrx_word' id='word_1_951' title='bbox 3505 5497 3717 5568; x_wconf 80' lang='lat' dir='ltr'><strong>autem,</strong></span> 
     </span>
    </p>
   </div>
   <div class='ocr_carea' id='block_1_129' title="bbox 2062 5570 3720 5654">
    <p class='ocr_par' dir='ltr' id='par_1_129' title="bbox 2062 5570 3720 5654">
     <span class='ocr_line' id='line_1_133' title="bbox 2062 5570 3720 5654; baseline 0.005 -30"><span class='ocrx_word' id='word_1_952' title='bbox 2062 5570 2158 5643; x_wconf 87' lang='lat' dir='ltr'><strong>qui</strong></span> <span class='ocrx_word' id='word_1_953' title='bbox 2185 5577 2293 5654; x_wconf 77' lang='lat' dir='ltr'><strong>tres</strong></span> <span class='ocrx_word' id='word_1_954' title='bbox 2315 5574 2873 5654; x_wconf 57' lang='lat' dir='ltr'><strong>personas,“Patrem</strong></span> <span class='ocrx_word' id='word_1_955' title='bbox 2918 5579 2970 5630; x_wconf 84' lang='lat' dir='ltr'><strong>et</strong></span> <span class='ocrx_word' id='word_1_956' title='bbox 3015 5571 3224 5634; x_wconf 81' lang='lat' dir='ltr'><strong>Filium</strong></span> <span class='ocrx_word' id='word_1_957' title='bbox 3249 5581 3412 5648; x_wconf 86' lang='lat' dir='ltr'><strong>atque</strong></span> <span class='ocrx_word' id='word_1_958' title='bbox 3441 5571 3720 5648; x_wconf 61' lang='lat' dir='ltr'><strong>Spiritum</strong></span> 
     </span>
    </p>
   </div>
   <div class='ocr_carea' id='block_1_130' title="bbox 2061 5639 2775 5705">
    <p class='ocr_par' dir='ltr' id='par_1_130' title="bbox 2061 5639 2775 5705">
     <span class='ocr_line' id='line_1_134' title="bbox 2061 5639 2775 5705; baseline 0.004 -5"><span class='ocrx_word' id='word_1_959' title='bbox 2061 5639 2459 5705; x_wconf 64' lang='lat' dir='ltr'><strong>Sanctum&#39;me</strong></span> <span class='ocrx_word' id='word_1_960' title='bbox 2483 5639 2775 5703; x_wconf 74' lang='lat' dir='ltr'><strong>credimus.</strong></span> 
     </span>
    </p>
   </div>
  </div>
