4058 6190
283 329 398 393 291

687 328 1185 390 TRANSLATIO
1229 324 1734 390 HOMILIARUM
1781 319 2151 387 ORIGENIS
2197 320 2275 385 IN
2320 322 2613 388 LUCAM.
2649 360 2724 372 ο-
2763 328 3034 392 HOMIL.
3080 327 3297 395 XXVI.

3583 330 3706 400 998

285 482 318 520 a
348 469 520 520 Patre
553 469 610 519 et
645 463 786 518 Filio
818 467 875 517 et
899 461 1154 517 divinam
1188 459 1620 530 sublimemque
1671 463 1940 513 naturam
1970 459 2026 525 Α
2054 473 2151 513 nos
2179 474 2446 530 separare
2476 476 2509 513 a
2536 460 2808 516 charitate
2827 463 2946 532 Dei,
2971 477 3091 534 quae
3133 469 3207 520 est
3235 469 3296 521 in
3327 467 3536 525 Christo
3577 471 3704 527 Iesu

281 555 384 610 sed
417 553 748 625 apostolum
781 550 1269 606 Paulum.Nonne
1300 548 1408 603 tihi
1431 563 1636 603 omnes
1669 546 1943 601 videntur

278 643 418 715 plus
448 658 677 698 amasse
709 657 884 712 quam
917 639 1148 710 expedit
1178 643 1233 694 et
1263 638 1405 692 dum
1453 637 1730 691 virtutem
1762 635 1941 690 unius

273 733 569 803 cujusque
603 731 910 795 mirantur,
946 727 1278 782 dilectionis
1328 724 1654 797 perdidisse
1704 740 1939 779 mensu-

274 838 403 875 ram
431 820 460 874 ‘?
489 821 652 885 Quod
688 818 924 890 quidem
957 817 1011 870 in
1029 815 1286 871 Ecclesia
1310 815 1606 886 patimur:
1633 813 1746 884 (73)
1769 812 1938 884 pleri-

269 926 392 980 que
422 909 583 963 enim
613 907 754 961 dum
788 904 922 978 plus
953 905 1209 976 diligunt
1238 921 1417 975 quam
1465 919 1780 972 meremur,
1813 901 1935 957 haec

269 999 595 1069 jactant,et
619 995 1268 1067 loquuntur,sermones
1301 998 1534 1048 nostros
1576 990 1931 1046 doctrinam-

267 1099 392 1158 que
421 1085 748 1149 laudantes,
775 1099 903 1154 quae
933 1081 1300 1136 conscientia
1326 1085 1529 1136 nostra
1552 1097 1668 1135 non
1704 1080 1930 1151 recipit,

272 1174 392 1230 Alii
425 1191 558 1230 vero
587 1177 871 1228 tractatus
893 1174 1125 1226 nostros
1156 1169 1686 1240 calumniantes,ea
1715 1167 1931 1224 sentire

270 1281 384 1319 nos
416 1264 824 1327 criminantur,
849 1277 974 1332 qua:
1005 1275 1330 1330 numquam
1353 1258 1610 1313 sensisse
1635 1274 1742 1313 nos
1763 1257 1930 1312 novi-

267 1367 428 1407 mus.
452 1351 562 1406 Sed
597 1366 787 1421 neque
816 1349 876 1403 hi
909 1348 1008 1419 qui
1043 1346 1175 1420 plus
1228 1345 1700 1418 diligunt,neque
1730 1344 1927 1416 illiqui

265 1441 544 1507 oderunt,
575 1438 840 1494 veritatis
874 1436 1132 1508 regulam
1171 1440 1371 1491 tenent
1400 1451 1412 1489 :
1445 1439 1501 1490 et
1535 1433 1632 1490 alii
1664 1434 1925 1506 perdile-

263 1530 544 1596 ctionem,
577 1526 676 1582 alii
709 1543 812 1599 per
839 1527 1038 1581 odium
1073 1523 1459 1579 mentiuntur.
1521 1522 1680 1578 Unde
1700 1526 1926 1594 oportet

261 1617 542 1672 charitati
577 1616 739 1671 frena
770 1617 1152 1686 imponere,et
1185 1618 1412 1667 tantum
1445 1612 1496 1667 ei
1519 1612 1768 1684 vagandi
1791 1627 1923 1684 per-

260 1706 496 1761 mittere
526 1704 880 1771 libertatem,
915 1709 1204 1774 quantum
1236 1701 1297 1756 in
1330 1706 1626 1773 praerupta
1656 1718 1772 1756 non
1795 1717 1922 1756 cor-

276 1802 434 1851 ruat.
468 1795 765 1866 Scriptum
798 1799 886 1848 est
936 1793 992 1846 in
1038 1791 1386 1847 Ecclesiaste
1413 1791 1434 1823 ⁵
1467 1806 1482 1844 :
1515 1790 1591 1845 Ne
1644 1791 1722 1846 sis
1737 1790 1919 1861 justus

256 1886 496 1940 multum
524 1901 703 1956 neque
731 1882 1005 1953 ampliora
1035 1883 1237 1950 cogites
1275 1896 1343 1934 ne
1380 1881 1524 1948 forte
1553 1879 1913 1950 obstupescas.

253 1974 420 2040 Quod
451 1971 780 2043 exemplum
816 1987 1069 2041 sequens
1119 1985 1362 2041 possum
1416 1967 1609 2024 simile
1659 1968 1798 2039 quid
1832 1966 1916 2022 di-

249 2078 383 2118 cere
418 2079 430 2116 :
466 2062 546 2116 Ne
579 2060 790 2132 diligas
821 2058 1114 2116 327-28
1143 2057 1446 2114 hominem
1470 2075 1538 2112 ex
1568 2060 1692 2113 tota
1714 2059 1916 2114 anima

251 2156 384 2215 tua,
435 2168 505 2205 ex
536 2156 658 2205 tota
717 2149 930 2204 virtute
987 2155 1131 2203 tua:
1166 2164 1237 2202 ne
1303 2163 1462 2202 ames
1534 2146 1808 2218 angelum
1843 2148 1913 2202 de

249 2240 533 2305 corde,de
555 2244 676 2294 tota
704 2238 998 2308 anima,de
1017 2243 1136 2292 tota
1157 2236 1372 2290 virtute
1398 2254 1410 2290 :
1435 2236 1536 2290 sed
1557 2241 1910 2307 praeceptum

240 2330 425 2400 juxta
437 2327 734 2399 eloquium
747 2326 1062 2382 Salvatoris
1075 2324 1181 2380 soli
1197 2341 1361 2380 serva
1382 2325 1722 2395 Deo.Diliges
1737 2327 1906 2392 enim,

245 2416 478 2489 inquit,
502 2417 788 2472 Dominum
821 2417 990 2470 Deum
1032 2419 1189 2469 tuum
1219 2431 1289 2469 ex
1340 2417 1445 2468 toto
1503 2414 1661 2469 corde
1715 2418 1829 2484 tuo,
1861 2422 1912 2469 et

246 2523 322 2562 ea:
354 2510 472 2560 tota
493 2507 690 2560 anima
722 2510 838 2574 tua,
871 2509 923 2559 et
952 2521 1024 2559 ex
1063 2513 1176 2559 tota
1224 2504 1425 2557 virtute
1451 2506 1549 2556 tua
1577 2503 1619 2556 ⁸.
1653 2502 1910 2574 Respon-

245 2595 387 2650 deat
424 2594 568 2649 mihi
596 2592 832 2666 aliquis,
865 2597 921 2648 et
951 2593 1108 2647 dicat
1140 2609 1152 2646 :
1181 2591 1445 2646 Salvator
1475 2590 1739 2662 praecipit
1771 2609 1784 2646 :
1818 2593 1909 2646 Di-

244 2685 384 2754 liges
419 2684 711 2738 Dominum
743 2683 910 2738 Deum
941 2686 1102 2736 tuum
1151 2697 1222 2736 ex
1278 2684 1384 2735 toto
1431 2681 1598 2736 corde
1634 2690 1724 2736 tuo
1751 2690 1801 2736 et
1827 2698 1898 2738 ea:

245 2781 352 2829 tota
384 2774 577 2827 anima
609 2777 708 2826 tua
737 2775 789 2826 et
816 2788 885 2826 ea:
910 2774 1028 2824 tota
1059 2771 1262 2824 virtute
1317 2774 1432 2839 tua,
1482 2774 1532 2824 et
1583 2757 1906 2840 proximum

247 2878 416 2915 suum
446 2870 719 2932 tanquam
751 2863 1000 2932 teipsum.
1051 2857 1196 2913 Volo
1255 2856 1496 2930 diligere
1553 2858 1852 2914 Christum
1886 2876 1900 2914 :

244 2951 392 3006 doce
422 2966 558 3022 ergo
590 2966 684 3004 me
715 2949 1008 3020 quomodo
1040 2964 1174 3002 eum
1217 2945 1546 3018 diligam.Si
1577 2948 1732 3002 enim
1767 2948 1904 3004 dile-

245 3056 384 3096 xero
417 3056 552 3094 eum
583 3056 652 3094 ex
683 3043 803 3094 toto
834 3037 1006 3094 corde
1038 3053 1166 3092 meo
1198 3041 1256 3091 et
1276 3051 1344 3090 ex
1374 3040 1493 3091 tota
1525 3037 1724 3092 anima
1752 3053 1900 3103 mea,

246 3133 301 3183 et
332 3145 406 3184 ex
428 3134 551 3184 tota
573 3128 806 3193 virtute,
841 3132 1044 3182 contra
1075 3129 1428 3198 praceptum
1459 3124 1628 3191 facio,
1662 3131 1725 3180 ut
1757 3125 1899 3182 alte-

2054 547 2279 602 Domino
2316 549 2594 604 Saluatore
2620 550 2929 621 nostro,cui
2960 558 3049 608 est
3077 552 3265 625 gloria
3293 562 3350 611 et
3377 556 3693 630 imperium

2051 634 2111 689 in
2142 635 2356 692 saecula
2387 635 2757 692 saeculorum.
2791 644 3000 696 Amen.

2611 751 2914 809 HOMILIA
2943 753 3134 812 XXVI.

2047 839 2120 894 De
2149 855 2208 895 eo
2257 840 2395 912 quod
2435 841 2698 916 scriptum
2746 853 2872 898 est:
2931 865 2957 893 α
3006 844 3172 916 Cujus
3218 849 3584 905 ventilabrum
3633 854 3692 908 in

2115 928 2309 979 manu,
2343 913 2713 990 e_t_mu_ndabit
2760 931 2949 970 aream
2994 913 3172 990 suam,
3210 941 3236 967 ››
3267 935 3437 990 usque
3473 921 3543 976 ad
3568 939 3694 979 eum

2115 991 2298 1038 tocum
2326 985 2426 1058 ubi
2453 986 2531 1038 ait
2561 1002 2580 1037 :
2616 1005 2642 1035 α
2672 985 2737 1040 Et
2778 988 3130 1058 congregabit
3180 985 3427 1047 triticum
3477 994 3539 1049 in
3568 994 3690 1051 hor-

2114 1070 2291 1110 reum.
2327 1076 2354 1104 »
2389 1055 2527 1127 Cap.
2564 1072 2645 1110 ιιι.

2111 1169 2378 1226 Christus
2408 1175 2497 1225 est
2526 1173 2678 1225 Deus
2704 1188 2717 1226 :
2750 1176 2807 1226 ct
2835 1173 2937 1243 qui
2969 1174 3174 1230 adorat
3194 1192 3352 1242 eum,
3385 1177 3443 1233 in
3474 1179 3684 1251 spiritu

2039 1261 2096 1311 et
2125 1257 2362 1313 veritate
2392 1263 2621 1329 oportet
2650 1259 2894 1315 adorare
2924 1260 2964 1315 ⁸.
3005 1263 3152 1318 Deus
3198 1279 3430 1336 quoque
3461 1273 3683 1336 noster,

2037 1345 2190 1418 ignis
2222 1363 2576 1402 consumens
2610 1353 2698 1402 est
2726 1348 2767 1406 ’.
2802 1349 3124 1421 Dupliciter
3170 1353 3500 1425 appellatur
3529 1356 3684 1414 Deus

2035 1434 2366 1506 spiritus,et
2397 1435 2780 1507 ignis,.lustis
2812 1439 3240 1513 spiritus,ignis
3270 1445 3682 1514 peccatoribus

2035 1523 2144 1577 Sed
2177 1523 2317 1578 dum
2349 1529 2405 1579 et
2435 1524 2623 1596 angeli
2657 1527 2920 1597 spiritus,
2939 1525 3212 1599 ignisque
3233 1529 3512 1587 dicuntur
3539 1550 3552 1588 :
3579 1534 3686 1602 Qui

2031 1612 2188 1681 facit,
2220 1612 2433 1683 inquit,
2465 1614 2684 1684 angelos
2712 1629 2838 1669 suos
2861 1616 3088 1685 spiritus
3133 1621 3184 1671 et
3229 1620 3514 1675 ministros
3558 1638 3682 1679 suos

2031 1701 2213 1770 ignem
2241 1705 2498 1758 urentem
2529 1703 2572 1736 ¹⁰
2602 1719 2613 1757 :
2649 1702 2840 1775 angeli
2885 1704 3107 1761 sanctis
3159 1707 3496 1780 quibusque
3543 1716 3683 1768 sunt

2029 1789 2273 1859 spiritus
2307 1805 2318 1843 :
2353 1789 2448 1845 his
2477 1807 2609 1846 vero
2641 1791 2740 1862 qui
2773 1799 3093 1860 merentur,
3127 1795 3411 1852 addicunt
3457 1798 3680 1871 ignem,

2026 1881 2084 1931 et
2115 1878 2401 1933 fervorem
2433 1879 2910 1936 subministrant.
2943 1881 3120 1937 Juxta
3142 1899 3317 1954 quem
3349 1902 3591 1943 sensum
3621 1894 3680 1944 et

2025 1969 2179 2022 Deus
2207 1973 2406 2022 noster
2436 1973 2611 2038 atque
2642 1968 3066 2038 Salvator,cum
3098 1972 3177 2026 sit
3206 1972 3674 2048 spiritus,ignem

2023 2055 2181 2109 venit
2206 2056 2434 2110 mittere
2467 2071 2645 2126 super
2669 2060 2906 2111 terram.
2941 2058 3217 2129 Spiritus,
3253 2063 3580 2118 secundum
3602 2063 3674 2119 il-

2023 2142 2122 2197 lud
2157 2144 2311 2214 quod
2344 2143 2624 2198 scribitur
2654 2161 2667 2198 :
2704 2145 2835 2199 Cum
2868 2156 3054 2201 autem
3100 2163 3390 2205 conversus
3415 2152 3675 2221 fuerisad

2019 2232 2333 2303 Dominum,
2383 2235 2672 2303 auferetur
2718 2235 2962 2290 velamen
3011 2239 3053 2272 ¹¹
3089 2254 3102 2304 ;
3137 2242 3194 2293 et
3240 2239 3501 2297 Dominus
3553 2245 3670 2314 spi-

2019 2323 2161 2376 ritus
2191 2327 2268 2377 est
2302 2323 2367 2378 1’.
2401 2323 2600 2394 Ignem
2633 2328 2830 2378 autem
2860 2325 3017 2380 venit
3055 2326 3286 2383 mittere
3343 2345 3458 2384 non
3491 2339 3671 2403 super

2020 2409 2251 2482 coelum,
2286 2412 2386 2466 sed
2420 2428 2597 2483 super
2626 2417 2865 2484 terram,
2893 2419 2958 2468 ut
2987 2414 3111 2487 ipse
3169 2416 3538 2489 demonstrat
3580 2421 3669 2475 di-

2019 2515 2155 2555 cens
2190 2501 2232 2536 '3
2265 2516 2277 2554 :
2312 2502 2497 2571 Ignem
2547 2503 2672 2556 veni
2717 2503 2938 2557 mittere
2984 2519 3149 2574 super
3192 2509 3404 2562 terram
3450 2516 3501 2564 et
3537 2509 3670 2580 quid

2016 2591 2134 2645 voto
2161 2592 2276 2645 nisi
2305 2599 2364 2645 ut
2397 2592 2519 2661 jam
2547 2591 2742 2646 ardeat
2769 2595 2793 2644 γ
2821 2591 2878 2646 Si
2909 2593 3067 2648 enim
3121 2611 3437 2651 conversus
3487 2598 3668 2655 fueris

2017 2680 2088 2734 ad
2121 2679 2436 2734 Dominum
2473 2680 2571 2751 qui
2603 2687 2692 2735 est
2725 2681 2989 2752 spiritus,
3022 2681 3289 2740 Christus
3336 2684 3444 2740 tibi
3493 2687 3667 2759 spiri-

2014 2772 2113 2825 tus
2145 2768 2274 2836 erit,
2307 2773 2364 2824 et
2393 2785 2507 2824 non
2544 2770 2704 2824 venit
2735 2770 2931 2842 ignem
2965 2771 3196 2828 mittere
3226 2789 3404 2845 super
3423 2779 3660 2831 terram.

2015 2858 2140 2923 Qud
2167 2859 2213 2913 si
2244 2876 2356 2913 non
2390 2860 2743 2914 converteris
2792 2860 2862 2914 ad
2913 2859 3120 2928 Deum,
3152 2861 3253 2916 sed
3310 2861 3492 2918 habes
3547 2868 3662 2919 ter-

2013 2963 2138 3002 ram
2172 2952 2230 3002 et
2260 2947 2518 3002 fructum
2550 2947 2701 3017 ejus,
2734 2947 2928 3018 ignem
2987 2949 3144 3002 venit
3194 2949 3424 3005 mittere
3481 2967 3660 3024 super

2010 3040 2227 3092 terram
2259 3041 2442 3091 tuam.
2480 3036 2622 3090 Huic
2653 3035 2792 3106 quid
2827 3036 3018 3090 simile
3064 3037 3240 3092 etiam
3273 3038 3343 3093 de
3369 3038 3486 3094 Deo
3515 3039 3658 3096 scri-

2012 3130 2178 3196 ptum
2210 3130 2299 3180 est
2349 3125 2392 3160 ιι
2427 3125 2614 3194 :Ignis
2662 3140 2920 3179 accensus
2976 3132 3054 3180 est
3101 3128 3312 3196 furoris
3359 3131 3497 3198 ejus,
3547 3145 3660 3185 non

248 3235 380 3273 rum
416 3218 642 3290 absque
675 3233 788 3271 uno
820 3221 929 3270 Deo
962 3216 1046 3271 sic
1077 3213 1438 3286 diligam.Sin
1475 3219 1672 3270 autem
1705 3214 1902 3272 minus
1933 3200 1976 3268 Ε
2015 3230 2183 3285 usque
2224 3214 2294 3268 ad
2351 3212 2549 3268 caelum
2603 3229 2823 3267 sursum
2878 3213 2968 3268 sed
3024 3230 3193 3284 usque
3248 3215 3317 3269 ad
3373 3215 3659 3289 infernum

252 3323 387 3362 eum
422 3305 700 3373 dilexero,
733 3322 911 3376 quam
943 3303 1408 3376 omnipotentem
1439 3306 1694 3359 Patrem.
1725 3305 1903 3360 timeo

252 3413 321 3452 ne
355 3396 418 3451 in
451 3394 913 3467 Primogenitum
1134 3393 1416 3449 universae
1473 3397 1752 3449 creatura:
1793 3396 1902 3450 im-

253 3486 390 3557 pius
422 3488 482 3540 et
529 3484 809 3556 profanus
857 3481 1139 3538 inveniar.
1191 3481 1342 3537 Doce
1391 3497 1504 3550 me,
1557 3486 1613 3538 et
1664 3486 1903 3543 ostende

252 3574 565 3641 rationem,
593 3573 886 3645 quomodo
916 3572 1069 3627 inter
1108 3575 1425 3642 utrumque
1457 3571 1688 3628 medius
1745 3573 1900 3630 ince-

249 3661 421 3728 dens,
457 3660 697 3734 diligere
746 3661 987 3716 debeam
1045 3660 1366 3716 Christum.
1429 3659 1529 3715 Vis
1580 3660 1727 3717 scire
1786 3679 1902 3734 qua

247 3750 537 3806 charitate
567 3751 839 3806 Christus
860 3750 1188 3822 diligendus
1205 3749 1318 3804 sit?
1333 3749 1587 3804 Breviter
1611 3751 1895 3808 ausculta.

243 3837 474 3911 Diliges
509 3840 814 3895 Dominum
849 3844 1028 3894 Deum
1061 3845 1230 3894 tuum
1263 3838 1320 3892 in
1344 3838 1591 3894 Christo.
1622 3840 1796 3896 Putas
1817 3841 1901 3896 di-

241 3944 486 3984 versam
517 3926 727 3982 habere
753 3945 922 4000 posse
951 3927 1011 3982 in
1043 3933 1214 3983 Patre
1243 3931 1300 3982 et
1329 3927 1472 3982 Filio
1505 3927 1898 3984 charitatem?

242 4015 441 4072 Simul
475 4015 649 4088 dilige
679 4018 986 4072 Dominum
1011 4017 1334 4072 Christum.
1370 4015 1555 4088 Dilige
1585 4017 1814 4073 Patrem
1839 4019 1896 4073 in

243 4104 414 4170 Filio,
453 4105 661 4160 Filium
695 4106 753 4160 in
797 4111 987 4173 Patre,
1047 4123 1115 4161 ex
1171 4111 1292 4162 toto
1351 4107 1542 4177 corde,
1577 4112 1632 4161 et
1678 4124 1747 4162 ex
1775 4111 1898 4163 tota

243 4194 468 4263 anima,
501 4200 558 4250 et
588 4209 655 4249 ex
688 4201 808 4251 tota
836 4196 1069 4251 virtute.
1111 4195 1272 4258 Quod
1302 4196 1349 4250 si
1383 4194 1600 4268 aliquis
1644 4196 1899 4252 sciscita-

241 4287 363 4349 tur,
397 4288 455 4338 et
481 4283 624 4340 dicit
651 4302 669 4338 :
693 4283 803 4340 hoc
833 4285 986 4356 quod
1019 4285 1236 4340 asseris
1275 4285 1346 4339 de
1375 4286 1697 4356 Scripturis
1714 4287 1898 4358 proba

246 4366 453 4427 audiat
482 4373 812 4444 apostolum
840 4374 1102 4441 Paulum,
1137 4374 1236 4445 qui
1269 4373 1526 4429 habebat
1583 4376 1897 4431 rationabi-

248 4459 366 4516 lem
401 4461 772 4534 charitatem,
835 4463 1170 4535 loquentem
1200 4465 1218 4496 ⁷
1254 4480 1266 4518 :
1304 4463 1493 4518 Certus
1545 4465 1698 4518 enim
1753 4480 1896 4532 sum,

2012 3304 2264 3359 deorsum
2294 3321 2316 3357 ,ο
2346 3307 2398 3358 et
2427 3303 2707 3358 devorabit
2736 3318 2846 3358 non
2886 3304 3086 3359 coelum
3113 3305 3206 3359 sed
3235 3308 3440 3360 terram
3465 3310 3518 3362 et
3543 3323 3662 3378 ger-

2013 3395 2171 3449 mina
2199 3393 2634 3464 ejus.Quorsum
2665 3391 2778 3447 ista
2808 3393 3128 3448 memoravi
3156 3392 3183 3447 ?
3213 3393 3359 3458 Quia
3388 3400 3446 3451 et
3473 3395 3659 3468 bapti-
3727 3405 3731 3409 '

2012 3499 2200 3553 smus,
2234 3498 2349 3553 quo
2380 3480 2639 3550 baptizat
2664 3481 2862 3552 Jesus,
2897 3481 2957 3536 in
2989 3481 3206 3553 Spiritu
3236 3487 3438 3539 sancto
3469 3491 3578 3552 est,
3601 3491 3660 3542 et

2009 3574 2153 3646 igni.
2187 3570 2427 3626 Memini
2460 3587 2687 3635 eorum,
2711 3587 2846 3642 qua
2875 3587 3062 3642 nuper
3091 3570 3322 3626 locutus
3361 3589 3517 3640 sum,
3551 3590 3658 3630 nec

2009 3661 2268 3733 praeterit
2297 3659 2630 3732 explanatio
2662 3660 2934 3731 superior
2963 3678 2976 3729 ;
3008 3663 3110 3716 sed
3167 3659 3298 3717 volo
3328 3667 3388 3717 et
3440 3679 3655 3719 novum

2009 3751 2232 3823 aliquid
2265 3749 2498 3804 inferre.
2531 3748 2590 3804 Si
2620 3754 2859 3804 sanctus
2909 3749 3112 3818 fueris,
3170 3750 3392 3822 Spiritu
3452 3758 3654 3809 sancto
3691 3743 3695 3746 ’

2007 3838 2396 3912 baptizaberis
2431 3855 2442 3892 :
2478 3837 2526 3892 si
2543 3844 2839 3908 peccator,
2872 3838 2934 3892 in
2979 3837 3172 3910 ignem
3231 3840 3516 3912 mergeris
3550 3859 3563 3908 ;
3597 3847 3654 3898 et

2007 3944 2192 3983 unum
2225 3931 2400 3999 atque
2425 3925 2581 3981 idem
2612 3926 2907 3998 baptisma
2954 3927 3212 3998 indignis
3243 3929 3648 3998 peccatoribus

2005 4018 2068 4072 in
2098 4015 2644 4073 condemnationem
2686 4017 3003 4088 ignemque
3035 4021 3288 4071 vertetur
3320 4041 3334 4084 ;
3366 4016 3460 4072 his
3515 4034 3647 4073 vero

2005 4107 2110 4180 qui
2141 4107 2328 4162 sancti
2351 4111 2508 4172 sunt,
2539 4111 2597 4161 et
2625 4111 2748 4160 tota
2777 4105 2889 4161 fide
2944 4106 3016 4160 ad
3047 4105 3362 4160 Dominum
3393 4122 3651 4162 'conver-
3759 4175 3761 4178 Q

2004 4201 2212 4251 tuntur
2240 4195 2494 4266 Spiritus
2526 4193 2715 4248 sancti
2761 4193 2950 4265 gratia
3005 4193 3283 4264 salusque
3337 4193 3652 4252 tribuenda

2005 4289 2114 4342 est.
2147 4287 2196 4340 Is
2223 4301 2347 4355 ergo
2377 4285 2474 4355 qui
2503 4284 2716 4354 Spiritu
2744 4289 2930 4336 sancto
2957 4289 3008 4336 et
3054 4285 3178 4352 igne
3228 4283 3442 4338 dicitur
3483 4285 3652 4342 babti-

2006 4391 2133 4430 mre
2163 4374 2322 4429 habet
2346 4372 2717 4428 ventitabrum
2762 4372 2820 4425 in
2870 4387 3038 4425 manu
3082 4387 3204 4440 sua,
3249 4376 3299 4426 et
3346 4373 3643 4430 mundabit

2005 4479 2194 4519 aream
2220 4477 2379 4516 suam
2425 4462 2474 4516 et
2521 4461 2870 4532 congregabit
2915 4461 3166 4515 triticum
3206 4477 3365 4517 suum
3409 4464 3472 4517 in
3519 4463 3648 4519 hor-

250 4555 382 4622 quia
411 4569 588 4625 nque
613 4569 780 4620 mors,
812 4570 986 4625 neque
1011 4556 1144 4620 vita,
1177 4569 1350 4622 neque
1379 4555 1583 4624 angeli,
1604 4570 1779 4626 neque
1803 4572 1900 4626 ρο-
1929 4569 1977 4633 D
2006 4569 2185 4622 reum,
2221 4549 2411 4622 pateas
2463 4559 2640 4604 autem
2696 4550 2969 4605 eomburet
3005 4551 3121 4621 igni
3178 4536 3648 4620 inexstinguibili.

249 4645 492 4708 testates,
525 4653 623 4698 nec
662 4646 983 4714 praesentia,
1041 4659 1138 4698 nec
1182 4646 1402 4714 futura,
1452 4658 1546 4698 nec
1610 4645 1895 4713 fortitudo,

249 4748 347 4786 nec
371 4731 608 4807 altitudo
633 4749 733 4789 nec
748 4732 1105 4805 profundum.
1134 4749 1233 4788 nec
1259 4733 1376 4786 alia
1407 4735 1661 4787 creatura
1703 4737 1899 4804 poterit

321 4838 516 4910 ἧβαι).
549 4841 836 4908 v11,i17.
947 4841 968 4875 ⁶
1019 4839 1224 4895 Matth.
1286 4857 1425 4906 χχιι,
1476 4841 1565 4894 37.

254 4909 295 4943 ¹⁰
327 4909 502 4964 Hebr.
536 4927 576 4976 ι,
605 4912 637 4964 7
673 4929 686 4978 ;
719 4913 868 4968 Psal.
900 4928 1019 4980 cm,
1052 4913 1104 4966 4.
1184 4914 1223 4946 ιι
1258 4914 1306 4966 Il
1334 4914 1462 4967 Cor.
1497 4929 1580 4978 ιιι,
1613 4912 1700 4966 16.

254 4995 430 5049 mn,
461 4982 552 5036 22.

326 5077 441 5149 (75)
476 5081 740 5155 Idipsum
775 5082 1160 5154 Hieronymus
1189 5081 1458 5152 queritur
1506 5081 1675 5154 epist.
1706 5083 1797 5155 6'2,
1828 5083 1900 5138 ad

258 5149 715 5226 Tranquilinum
752 5171 764 5208 :
797 5156 948 5226 quod
990 5149 1082 5226 'ort
1127 5158 1187 5208 in
1205 5149 1456 5209 amorem
1505 5149 1752 5226 Oh'genis
1782 5149 1932 5210 ’πί-κ

253 5224 431 5278 mium
461 5225 547 5278 vet
577 5226 761 5280 odium
789 5224 1060 5281 stomachi
1086 5227 1180 5280 sui
1205 5227 1474 5296 pravitate
1497 5224 1762 5282 homines
1793 5228 1899 5282 du-

251 5298 553 5367 cerentur.
590 5296 848 5352 Profecto
880 5298 1125 5352 dubium
1157 5303 1266 5364 est,
1301 5297 1586 5367 majorine
1615 5297 1666 5352 ei
1690 5299 1906 5353 fuerint

250 5365 609 5447 detrimento
641 5369 1102 5447 adversariorum
1142 5365 1478 5447 calumnia,
1524 5385 1595 5422 au
1656 5371 1903 5447 profusa

251 5438 438 5512 nimis
467 5439 791 5495 amicorum
824 5440 1047 5508 laudes,
1074 5441 1289 5512 quibus
1309 5438 1905 5496 aemulorum‘invidia

247 5511 598 5566 acuebatur.

321 5581 439 5652 (74)
467 5581 712 5654 εοῒιθάιε
745 5583 942 5639 Grabii
977 5588 1039 5654 et
1069 5583 1418 5654 Combeﬁsii
1453 5600 1465 5638 :
1502 5579 1780 5654 Βορλομαι
1813 5580 1904 5654 ὧν

250 5647 389 5712 ἰδεῖν
420 5647 542 5710 sive
586 5653 786 5729 τρόπον
837 5655 864 5710 ὁ
915 5653 1109 5726 Κύριός
1159 5675 1261 5730 μου
1312 5655 1520 5726 Ἰησοῦς
1573 5647 1695 5734 ἔχει’
1738 5652 1904 5714 πτύον

540 5783 806 5850 Ριτιιοι..
853 5782 1068 5847 XXVI.

1678 4841 1696 4874 ⁷
1730 4840 1895 4896 Rom.
1953 4857 2076 4908 vm,
2131 4840 2222 4906 38,
2278 4839 2367 4892 39.

1815 4913 1857 4946 ¹²
1883 4913 2052 4969 Joan.
2086 4911 2289 4980 ιν,24;
2325 4909 2373 4964 lI
2401 4908 2530 4964 Cor.
2564 4925 2646 4975 ιιι,
2683 4908 2768 4962 17.

2006 4643 2121 4715 (74)
2143 4640 2282 4696 Volo
2313 4640 2571 4696 invenire
2595 4639 2904 4707 rationem,
2925 4646 3117 4711 quare
3139 4639 3424 4694 Dominus
3457 4644 3655 4695 noster

2008 4733 2222 4789 habeat
2250 4729 2724 4796 ventilabrum,et
2753 4729 2906 4799 quod
2937 4728 3152 4783 blando
3172 4732 3342 4782 vento
3372 4726 3527 4782 leves
3546 4743 3653 4800 pa-

2479 4836 2500 4870 ⁸
2554 4836 2720 4892 Joan.
2783 4851 2858 4905 IV,
2916 4835 3007 4888 24.
3121 4835 3142 4868 θ
3197 4833 3366 4889 Deut.
3427 4850 3503 4889 ιν.
3560 4816 3653 4891 24.

2873 4906 2915 4940 ³³
2946 4918 3079 4961 Luc.
3113 4921 3214 4975 xu,
3247 4905 3336 4960 49.
3417 4906 3458 4940 ¹⁴
3487 4905 3653 4964 Deut.

2008 5082 2098 5136 καὶ
2155 5074 2553 5154 τίνοςμάνέμου
2601 5076 2879 5154 πγὲοηίτος,
2921 5074 3019 5154 uati
3073 5073 3534 5154 ταῦτα-σφοδρρῦ
3586 5073 3656 5148 (εἰ

2010 5154 2112 5228 γὰρ
2144 5149 2396 5228 γηνεμία,
2423 5145 2696 5228 ἄχρηστόν
2746 5146 2856 5228 tam
2884 5146 2963 5228 re
2988 5147 3199 5228 RESOV),
3229 5147 3292 5201 τὸ
3325 5145 3656 5228 μὲνςᾶχυρρν

2011 5215 2307 5299 ᾖώρίζὲτάι
2355 5215 2429 5282 εἷς
2458 5215 2680 5299 ι’ὅίκεῑοη
2725 5218 2913 5299 etiam,
2936 5219 2972 5299 ,ὁ
3007 5215 3081 5299 ,δὲ
3111 5215 3276 5299 ,σῖτος
3313 5215 3536 5290 vivida":
3563 5215 3656 5299 2:61.

2013 5289 2209 5368 live-p.on
2263 5290 2614 5377 narrasses-cat
2664 5290 2750 5344 ἐπὶ
2782 5290 2843 5344 τὸ
2891 5289 3038 5377 aurci.
3077 5292 3173 5344 Καὶ
3223 5291 3324 5372 δρᾳ
3358 5289 3571 5377 inﬂuere
3600 5289 3659 5344 οἱ

2012 5360 2306 5438 πειρασμοὶ
2356 5360 2511 5438 ρῖτὸ
2547 5360 2750 5437 ἄχυρον
2797 5363 3151 5438 χωρίζοντες,
3197 5365 3225 5417 ὁ
3257 5360 3468 5438 ’ἄνεμός
3513 5361 3658 5438 ἐστιν
3745 5395 3758 5400 ι

2015 5389 2102 5424 πει
2141 5387 2208 5419 ασ
2256 5387 2306 5417 οι
2356 5387 2407 5417 οι
2438 5387 2499 5416 το
2547 5387 2750 5437 αχυρον
2797 5387 3151 5438 χωριςοντες,
3197 5387 3225 5417 ο
3270 5387 3468 5435 ανεμος
3517 5387 3658 5417 ἰατιν

2015 5442 2044 5495 ὁ
2102 5387 2421 5511 inrogantqu
2467 5437 2557 5488 τὸν
2607 5440 2752 5511 σῐτᾳν
2807 5434 3048 5511 ὅτι-ἐστὶ
3106 5439 3282 5511 uiroc.
3333 5435 3406 5490 Οὐ
3463 5435 3567 5511 γὰρ
3605 5434 3658 5511 Δὁ

2015 5511 2214 5584 ἄνεμος
2246 5505 2417 5600 εἷ’τοιυν
2468 5507 2767 5592 πειρασμὸς
2813 5509 3038 5575 νικήσας
3085 5508 3214 5600 τινὲ
3233 5505 3458 5600 Χᾶγδγρον
3477 5505 3656 5560 ἀὐτὸν

2140 5587 2162 5598 ς
2391 5599 2424 5600 γη
2489 5599 2541 5600 κγκ
2610 5598 2649 5600 γ,
2806 5581 2820 5600 \
2873 5578 2896 5600 ’ζ
2973 5598 3069 5600 --Ῠγ
3180 5599 3188 5600 κ
3273 5581 3283 5600 2
3387 5597 3445 5600 ,η
3476 5581 3622 5600 _-,_,-

2015 5574 2456 5658 noéi,_wpuréa~rt
2487 5574 2686 5658 διρῦφοῦ
2733 5581 2821 5633 καὶ
2867 5574 3448 5658 ᾇπιστον,ιᾶλλ”ῗόὗτα
3474 5581 3661 5658 τριοΰτ

2015 5625 2138 5713 ἔξηῗ
2149 5625 2430 5738 ’ἕλ’έῖᾇξῖξ
2443 5625 2583 5707 si?
2595 5625 2938 5740 ττὲὲιρζέμξξ
2950 5625 3083 5717 ’ξιξ
3099 5625 3408 5728 ’δξτξμείξέις
3418 5625 3448 5633 ”
3466 5625 3588 5731 ὦχ’
3601 5625 3659 5713 ’δ

3311 5779 3386 5874 ίρ
