4058 6190
377 337 497 405 299

1619 329 1697 389 8.,
1730 324 2043 389 EUSEBII
2086 326 2541 390 HLERONYMI

3669 320 3792 387 300

386 470 490 533 lein
522 468 638 525 huc
659 463 915 539 illucque
944 459 1557 533 κωπίω-,32940
1581 474 1756 533 grave
1775 474 1909 514 vero
1932 457 2029 514 tri-
2054 461 2109 529 Α
2141 457 2294 530 ficat,
2322 458 2519 517 dicens
2548 477 2561 515 :
2594 460 2771 517 Multa
2816 457 3037 532 quidem
3066 464 3135 513 .ct
3174 456 3291 512 alia
3342 454 3644 513 exhortans
3682 471 3795 511 an-

379 560 565 615 ticum
595 555 655 611 in
678 568 865 611 unum
889 551 1180 607 deferatar
1201 550 1610 624 locum,neque
1629 548 1787 604 enim
1808 548 2032 619 absque
2141 550 2458 606 nuntiabat.
2494 551 2694 622 Itaque
2723 549 2900 606 etiam
2932 547 3067 614 alia,
3100 563 3227 619 quae
3259 545 3476 617 scripta
3503 561 3619 600 non
3650 547 3794 601 sunt

377 650 555 705 vento
587 647 839 717 possunt
866 640 1125 697 triticum
1147 644 1205 696 et
1235 639 1411 713 palea:
1439 638 1727 713 separari;
1762 637 2032 694 existimo
2141 640 2396 694 Joannes
2463 639 2678 712 populo
2727 637 3081 713 praedicabat
3136 653 3259 708 qua:
3317 639 3515 690 autem
3571 633 3792 706 scripta

380 734 734 794 tentationes
766 746 868 804 pro
899 734 1068 786 vento
1091 728 1493 801 intelligi,quae
1523 728 1765 785 confuso
1795 728 2035 783 creden-

384 826 537 882 tium
568 818 944 887 acervo,alios
976 816 1343 891 paleas,alios
1363 817 1623 874 triticum
1653 832 1782 872 esse
1804 817 2037 872 demon-

389 902 612 972 stran't.
632 909 942 966 Cumanim
976 907 1176 964 anima
1211 911 1309 963 tua
1342 906 1515 963 fuerit
1542 910 1601 963 et
1628 904 1825 977 aliqua
1853 908 2039 960 tenta-

316 984 333 999 ’
387 1004 546 1065 tione
577 1002 994 1074 superata,non
1022 995 1266 1053 tentatio
1287 999 1347 1052 te
1360 995 1533 1053 vertit
1568 994 1630 1050 in
1659 993 1859 1067 paleas
1897 993 2035 1064 ;sed

388 1108 525 1150 cum
554 1106 713 1147 esses
744 1084 1077 1160 palea,levis
1097 1083 1363 1142 videlicet
1387 1083 1819 1153 etincredulus,
1843 1086 2038 1141 osten-

394 1182 495 1243 dit
509 1184 565 1236 te
596 1193 727 1237 esse
756 1173 1000 1233 tentatio
1032 1174 1188 1247 quod
1219 1164 1820 1231 latebas.Econtrario
1842 1177 2039 1228 autem

391 1286 524 1333 cum
556 1266 783 1329 fortiter
803 1267 1163 1327 tentamenta
1191 1261 1550 1331 toleras,non
1574 1267 1629 1319 te
1656 1262 1793 1318 facit
1808 1261 2038 1318 fidelem

391 1352 661 1425 tentatio,
682 1359 857 1435 atque
889 1355 1230 1427 patientem,
1260 1354 1360 1409 sed
1418 1353 1697 1408 virtutem
1744 1368 1869 1424 qua:
1894 1351 1955 1406 in
1984 1354 2042 1408 te

391 1453 537 1517 erat,
567 1443 858 1521 patientia
888 1447 945 1498 et
974 1440 1356 1510 fortitudinis,
1387 1445 1446 1497 et
1472 1440 1708 1509 latebat,
1739 1441 1961 1513 profert
1981 1439 2041 1495 in

394 1537 679 1601 medium.
711 1535 881 1595 Putas
921 1534 1069 1587 enim
1117 1531 1201 1587 ait
1253 1530 1561 1603 Dominus,
1608 1531 1771 1587 aliter
1820 1546 1908 1587 me
1942 1529 2046 1584 tibi

395 1628 641 1685 locutum
686 1623 860 1696 fuisse
912 1637 1077 1699 quam
1125 1624 1187 1676 ut
1226 1636 1446 1693 pareres
1482 1621 1661 1677 iustus
1694 1621 1813 1676 PEt
1854 1618 1992 1675 alibi
2026 1634 2039 1674 :

396 1715 570 1790 Anim}
602 1721 671 1782 te,
704 1716 755 1769 et
786 1712 948 1785 a/feci
972 1713 1208 1782 penuria
1239 1718 1318 1792 ut.
1342 1712 1640 1781 manifesta
1685 1710 1898 1781 ﬂerent,
1920 1721 2047 1781 qua

397 1813 557 1863 erant
583 1806 643 1859 in
670 1799 829 1861 corde
860 1803 975 1856 tuo.
1011 1799 1073 1854 In
1106 1799 1264 1855 hunc
1321 1798 1564 1855 modum
1618 1801 1675 1854 et
1726 1801 2046 1872 tempestas

402 1846 557 1863 νη...
670 1846 825 1861 η.--
860 1846 975 1856 η-.
1011 1846 1073 1854 -..
1106 1846 1264 1855 η---
1322 1846 1564 1855 _-___.
1621 1846 1674 1854 --
1732 1846 2044 1872 ---ηπ-η-

402 1910 521 1951 non
554 1892 689 1949 facit
718 1906 895 1964 super
925 1904 1161 1945 arenam
1197 1887 1512 1944 aedificium
1572 1887 1915 1955 consistere,
1945 1886 2048 1943 sed
2078 1846 2126 1912 B

401 1985 827 2057 auperterram.
862 1979 997 2044 Quae
1028 1994 1163 2034 cum
1194 1977 1368 2034 tuerit
1385 1976 1671 2045 exorta,id
1700 1977 1855 2049 quod
1872 1991 2050 2048 super

399 2078 619 2131 terram
649 2070 959 2131 fundatum
991 2072 1223 2143 est,non
1255 2070 1471 2123 evertet
1499 2084 1511 2123 :
1546 2068 1701 2139 quod
1722 2082 1855 2123 vero
1874 2081 2051 2138 super

400 2176 639 2221 arenam
670 2159 933 2215 ﬂuctuat.
966 2156 1174 2229 probat
1201 2155 1355 2212 illico
1387 2172 1504 2212 non
1534 2156 1682 2212 bene
1722 2155 1904 2212 fuisse
1926 2155 2053 2211 fun-

403 2251 627 2315 datum.
659 2250 1024 2321 Quapropter
1081 2250 1398 2319 antequam
1447 2244 1670 2302 oriatur
1715 2248 2055 2317 tempestas,

401 2342 721 2415 antequam
740 2340 1047 2393 ventorum
1082 2334 1263 2391 ﬂabra
1291 2337 1653 2407 consurgant
1700 2333 2051 2408 priusquam

401 2429 806 2492 intumescant
836 2424 1106 2496 ﬂumina,
1140 2424 1282 2480 dum
1310 2424 1502 2480 adhuc
1532 2422 1709 2480 silent
1757 2422 2051 2490 universa,

405 2532 581 2579 omne
601 2515 867 2574 studium
886 2518 1154 2571 nostrum
1176 2513 1248 2570 ad
1269 2500 1648 2569 aediﬁciorum
1667 2512 2054 2573 fundamenta

405 2609 729 2674 vertamus,
758 2604 1121 2663 aediﬁcamus
1152 2604 1394 2659 domum
1426 2605 1688 2659 nostram
1735 2600 1912 2658 variis
1953 2600 2051 2655 ﬁr-

411 2696 645 2769 misque
672 2693 971 2768 lapidibus
1002 2697 1428 2767 praeceptorum
1455 2691 1577 2764 Dei,
1595 2695 1665 2747 ut
1690 2707 1825 2747 cum
1856 2705 2052 2763 perse-

410 2784 566 2847 cutio
784 2782 1034 2843 sevierit
1052 2782 1334 2839 adversus
1363 2779 2054 2851 Christianos,durusque

411 2875 585 2932 turbo
614 2873 955 2941 surrexerit,
977 2872 1357 2928 ostendamus
1380 2886 1486 2927 nos
1515 2870 1728 2926 habere
1746 2869 2056 2925 aediﬁcium

409 2979 589 3038 super
618 2968 843 3036 petram
872 2961 1168 3018 Christum
1214 2961 1416 3017 Jesum
1467 2959 1556 3016 ιν.
1590 2960 1651 3015 Si
1708 2959 1809 3033 qui
1859 2960 2053 3015 autem

409 3054 591 3127 (quod
621 3051 821 3126 procul
846 3050 1002 3109 absit
1030 3068 1064 3108 a
1093 3050 1283 3123 nobis)
1316 3049 1749 3124 negaverit,iste
1770 3048 1919 3105 sciat
1939 3064 2056 3104 non

410 3142 597 3202 scillo
628 3148 889 3213 tempore
916 3158 1031 3213 quo
1090 3156 1335 3214 negasse
1389 3140 1555 3198 visus
1611 3146 1719 3208 est,
1761 3139 2057 3196 Christum

2144 727 2508 784 considerate
2539 734 2764 801 quanta
2794 727 3009 784 fuerint
3052 743 3177 799 quae
3227 724 3583 781 annuntiant
3627 722 3790 778 Chri-

2145 820 2325 872 stum.
2355 817 2666 873 Montravit
2694 817 2852 873 enim
2884 816 3247 889 baptismum
3279 813 3533 886 Spiritus
3577 811 3787 884 sancti,

2146 904 2481 981 praedicavit
2511 906 2843 979 publicanis
2875 906 3147 973 salutem,
3182 903 3382 960 docuit
3419 902 3637 959 milites
3653 900 3793 957 dici-

2146 994 2370 1067 plinam
2400 1013 2595 1052 aream
2628 996 2887 1069 purgari,
2921 994 3140 1051 surcidi
3180 994 3439 1060 arbores,
3472 996 3530 1048 et
3586 995 3792 1049 cetera

2148 1101 2275 1157 quae
2307 1084 2596 1158 Evangelii
2633 1090 2831 1141 narrat
2877 1083 3144 1159 historia.
3206 1082 3475 1154 Exceptis
3530 1096 3668 1154 ergo
3698 1080 3793 1138 his

2148 1190 2276 1245 qure
2304 1174 2525 1245 scripta
2552 1179 2711 1243 sunt,
2746 1173 2924 1230 etiam
2955 1173 3057 1229 illa
3087 1190 3214 1245 quas
3248 1171 3466 1244 scripta
3486 1187 3603 1226 non
3633 1174 3794 1237 sunt,

2150 1263 2535 1319 annuntiasse
2564 1267 2925 1320 monstratur
2954 1264 3012 1318 in
3044 1279 3109 1318 eo
3141 1262 3295 1335 quod
3327 1260 3543 1317 dicitur
3575 1276 3590 1314 :
3621 1258 3794 1317 Multa

2151 1351 2368 1424 quidem
2426 1356 2479 1409 et
2534 1354 2652 1409 alia
2705 1353 2995 1409 sxhortans
3052 1352 3402 1408 aununtabat
3449 1350 3669 1423 populo.
3729 1348 3801 1406 Et

2153 1441 2448 1513 quomodo
2472 1442 2533 1496 in
2564 1441 2871 1515 Evangelia
2896 1442 3221 1498 secundum
3244 1440 3535 1496 Joannem
3566 1438 3637 1496 de
3658 1437 3796 1497 Chri

2154 1533 2243 1586 sto
2271 1531 2521 1587 refertur
2552 1532 2595 1567 ιδ
2629 1547 2641 1587 :
2677 1532 2818 1599 Quia
2845 1532 3023 1587 multa
3051 1533 3103 1586 et
3145 1531 3263 1586 alia
3306 1530 3517 1585 locutus
3542 1530 3640 1597 est,
3673 1543 3795 1600 qua

2152 1606 2264 1676 non
2291 1630 2422 1676 sunt
2448 1623 2657 1694 scripta
2703 1621 2763 1676 in
2813 1621 2954 1676 libro
3002 1622 3103 1676 isto
3133 1634 3259 1691 qua:
3310 1619 3362 1675 si
3404 1617 3798 1688 scriberentur,

2154 1725 2328 1782 neque
2377 1711 2531 1784 ipum
2584 1715 2715 1783 puto
2772 1709 3038 1766 mundum
3088 1725 3286 1781 capere
3336 1710 3580 1781 potuisse
3608 1707 3801 1779 libros,

2160 1801 2255 1870 qui
2281 1799 2566 1855 scribundi
2591 1808 2782 1867 erant;
2815 1799 2899 1856 sic
2930 1802 2987 1855 et
3016 1799 3075 1855 in
3101 1797 3371 1871 praesenti
3400 1797 3524 1854 loco
3545 1795 3802 1871 intelligo

2157 1888 2313 1961 quod
2343 1889 2586 1945 forsitan
2617 1889 2801 1945 Lucas
2831 1888 3114 1960 quoniam
3172 1889 3398 1959 majora
3454 1888 3723 1960 quaedam
3761 1902 3799 1944 a

2155 1978 2380 2034 Joanne
2409 1977 2914 2034 annuntiabantur
2944 1994 3123 2051 quam
3151 1980 3216 2032 ut
3261 1976 3542 2032 deberent
3586 1972 3801 2030 litteris

2158 2066 2336 2137 credi,
2366 2065 2614 2123 voluerit
2641 2084 2710 2123 ea
2734 2065 3082 2122 nominatim
3140 2065 3350 2136 dicere,
3411 2064 3513 2121 sed
3568 2067 3804 2120 tantum

2158 2156 2572 2229 significaverit
2600 2158 2754 2230 quod
2787 2157 2948 2213 dicta
2992 2156 3111 2213 sint
3144 2173 3157 2211 :
3190 2161 3247 2211 et
3274 2155 3490 2212 idcirco
3539 2154 3756 2210 dixisse
3786 2170 3804 2211 :

2158 2246 2329 2303 Multa
2356 2248 2574 2318 quidem
2600 2255 2652 2303 et
2671 2248 2786 2302 alia
2828 2247 3126 2302 exhortans
3173 2244 3533 2301 ennuntiabat
3582 2242 3807 2316 populo.

2162 2335 2444 2392 Miremur
2467 2336 2703 2409 quidem
2732 2336 3019 2392 Joannem
3051 2352 3119 2392 ex
3155 2335 3248 2392 his
3300 2351 3427 2407 quae
3456 2339 3803 2405 sequuntur.

2161 2427 2421 2484 maxime
2445 2427 2599 2499 quod
2634 2427 2784 2482 inter
2810 2430 2979 2483 natos
3011 2425 3323 2482 mulierum
3364 2426 3562 2497 major
3577 2424 3808 2481 Joanne

2161 2516 2421 2588 Baptista
2443 2532 2616 2571 nemo
2660 2516 2837 2572 fuerit
2880 2516 2942 2586 ‘6,
2977 2520 3035 2572 et
3088 2515 3149 2571 in
3195 2518 3420 2570 tantam
3468 2513 3807 2587 opinionem

2162 2604 2370 2661 merito
2399 2604 2633 2660 virtutis
2663 2605 3008 2671 ascenderit,
3073 2610 3137 2660 ut
3182 2603 3480 2677 plerisque
3536 2602 3807 2659 Christus

2162 2698 2468 2766 putaretur
2499 2711 2512 2763 ;
2548 2695 2648 2750 sed
2679 2693 2838 2750 aliud
2869 2693 3057 2752 multo
3086 2693 3436 2750 mirabilius.
3471 2693 3584 2766 (75)
3628 2692 3810 2749 Hero-

2163 2783 2264 2839 des
2293 2782 2585 2839 tetrarcha
2613 2782 2867 2839 habebat
2896 2783 3117 2856 regiam
3149 2786 3522 2855 potestatem,
3554 2786 3614 2838 et
3646 2783 3811 2854 pote-

2165 2876 2254 2928 rat
2271 2888 2428 2941 eum,
2453 2889 2586 2928 cum
2634 2872 2916 2930 voluisset
2965 2872 3228 2929 occidere
3260 2890 3273 2929 :
3309 2876 3368 2929 et
3396 2888 3531 2928 cum
3580 2888 3703 2928 rem
3735 2870 3813 2926 fe-

2165 2962 2340 3019 cisset
2368 2962 2672 3034 injustam,
2704 2966 2761 3018 et
2780 2966 2983 3019 contra
3010 2962 3201 3036 logem
3232 2960 3438 3035 Moysi,
3477 2964 3543 3016 ut
3569 2976 3821 3019 uxorem

2166 3050 2364 3109 fratris
2387 3051 2479 3107 sui
2510 3052 2816 3125 acciperet,
2850 3069 2976 3125 quia
3008 3052 3262 3109 habebat
3304 3050 3489 3108 ﬁliam
3532 3052 3603 3108 de
3634 3048 3819 3124 priori

2164 3142 2311 3210 viro,
2344 3159 2460 3198 non
2492 3158 2626 3198 eum
2658 3141 2879 3211 timuit,
2912 3159 3026 3200 non
3060 3140 3283 3214 accepit
3329 3158 3663 3215 personam,
3694 3156 3820 3200 non

414 3245 661 3305 negasse
692 3247 707 3299 ;
735 3231 836 3285 sed
869 3230 1096 3285 semina
1125 3235 1182 3285 et
1210 3231 1436 3287 radices
1482 3229 1762 3287 habuisse
1801 3228 2055 3302 negandi
2085 3217 2129 3287 Ε
2168 3232 2462 3306 cogitavit,
2495 3235 2560 3288 ut
2588 3230 2726 3302 dixi,
2759 3232 2980 3306 regiam
3012 3237 3387 3306 potestatem,
3442 3247 3561 3287 non
3615 3228 3816 3287 tormi-

406 3321 535 3394 jam
567 3323 813 3392 veteres,
844 3322 984 3375 tunc
1015 3334 1147 3374 vero
1180 3319 1358 3375 fuisse
1399 3318 1662 3391 agnitum
1695 3319 1849 3391 quod
1879 3319 2057 3375 habe-

416 3416 539 3478 bat,
570 3415 626 3468 et
657 3410 717 3466 in
751 3409 1008 3466 medium
1042 3424 1170 3467 esse
1203 3408 1572 3480 productum.
1606 3407 1855 3465 Oremus
1886 3408 2067 3481 igitur

418 3499 758 3568 Dominum,
810 3503 875 3554 ut
940 3498 1132 3554 simus
1156 3497 1487 3567 aedificium,
1539 3497 1695 3569 quod
1743 3501 2061 3571 tempestas

418 3587 593 3655 nulla
620 3588 941 3656 subvertat,
974 3588 1284 3643 fundatum
1337 3603 1516 3659 supra
1552 3590 1798 3660 petram,
1832 3604 1935 3659 per
1964 3587 2069 3644 Do-

427 3677 657 3739 minum
691 3682 957 3735 nostrum
988 3677 1193 3734 Jesum
1222 3677 1541 3748 Christum,
1564 3677 1659 3734 cui
1687 3681 1776 3739 est
1804 3676 1988 3750 gloria
2011 3681 2071 3735 et

422 3765 740 3841 imperium
769 3767 831 3822 in
855 3766 1065 3824 saecula
1086 3766 1453 3823 saeculorum.
1481 3772 1688 3826 Amen.

958 3891 1259 3950 HOMILIA
1317 3890 1535 3949 XXVII.

430 3986 515 4043 De
532 4000 592 4041 eo
623 3984 767 4057 quod
801 3984 1067 4056 scriptum
1097 3992 1185 4057 est
1214 4000 1233 4037 :
1265 4005 1294 4032 «
1352 3982 1524 4038 Multa
1560 3982 1800 4057 quidem
1854 3988 1905 4039 et
1957 3956 2073 4040 cilia

499 4053 794 4114 exhortans
810 4053 1205 4111 annimtiabat.
1248 4076 1278 4103 υ
1306 4070 1478 4125 usque
1505 4053 1722 4110 adeum
1758 4054 1940 4111 locum
1975 4056 2073 4111 ubi

495 4131 575 4259 ait
605 4145 625 4184 .-
676 4151 705 4179 «
761 4126 999 4199 Spiritus
1045 4134 1268 4185 sanctus
1313 4125 1590 4182 descendit
1632 4142 1798 4199 super
1841 4143 1988 4184 eum.
2038 4148 2068 4179 »

541 4217 635 4275 ap.
669 4216 756 4256 ιιι.

499 4306 607 4374 Qui
640 4305 935 4379 Evangelii
966 4321 1297 4363 sermonem
1327 4305 1517 4378 docet,
1553 4321 1664 4363 uon
1715 4322 1894 4363 unam
1946 4322 2072 4364 rem

427 4396 682 4465 nuntiat,
713 4396 816 4452 sed
845 4394 1150 4467 plurimas.
1186 4396 1300 4452 Hoc
1330 4395 1546 4468 quippe
1571 4394 1838 4468 Sriptura
1884 4394 2072 4470 signi-

496 4539 611 4597 “'I
644 4539 772 4597 Cor.
807 4556 861 4611 ιι,
893 4539 947 4594 4.
982 4538 1024 4573 ¹⁸
1052 4538 1222 4596 Joan.
1252 4555 1349 4594 xxx
1376 4539 1466 4595 25.
1501 4540 1544 4576 ¹⁶
1575 4538 1781 4596 Matth.
1813 4557 1891 4611 xx,
1925 4541 2006 4597 11.

587 4700 619 4739 ο

422 4682 724 4763 πειρασμὸς
784 4682 939 4737 αὐτὸν
992 4682 1257 4751 πεποίηκε
1302 4682 1522 4750 πιστὸν,
1581 4683 1671 4736 καὶ
1731 4682 2065 4755 ὑπομονητι-

421 4757 540 4831 xciv,
571 4752 698 4813 ἀλλ’
726 4751 886 4831 obeas:
920 4751 1161 4831 αὐτῷΔ
1184 4749 1423 4831 ’δύναμιν
1478 4753 1889 4831 ὑπρμρνητικὴν
1942 4753 2065 4831 tipat-

422 4825 877 4905 spectatum
909 4829 1078 4905 igitur
1106 4825 1286 4905 videre
1333 4825 1599 4898 quomodo
1616 4828 1888 4905 Dominus
1917 4825 2066 4905 meus

420 4900 570 4960 Iesus
599 4901 760 4957 habet
784 4900 1174 4966 ventilabrum,
1232 4900 1287 4971 et
1341 4914 1445 4969 quo
1504 4904 1686 4971 uento,
1716 4900 1887 4970 ﬂante
1915 4900 2068 4971 (nam

421 4973 518 5029 ubi
543 4989 659 5028 non
705 4974 804 5043 ﬁat
830 4982 1044 5038 ventus,
1090 4968 1286 5025 inutile
1342 4968 1427 5043 est,
1464 4968 1850 5039 ventilabrum)
1901 4968 2068 5043 palea

421 5044 642 5117 quidem
668 5042 920 5114 rapiatur
965 5043 1041 5117 ad
1069 5042 1355 5117 praprium
1386 5042 1610 5117 locum,
1669 5042 1915 5117 triticum
1942 5059 2067 5099 vero

416 5113 649 5179 domm
686 5113 956 5185 superans
1001 5113 1282 5185 deferatur
1321 5114 1395 5169 ad
1441 5129 1621 5169 suum.
1668 5115 1742 5170 Ac
1780 5115 1903 5170 vide
1929 5130 2069 5170 num

416 5191 569 5261 forte
596 5188 923 5261 teittationes
967 5201 1089 5257 qua:
1118 5185 1323 5261 paleas
1363 5188 1673 5261 segregant,
1724 5195 1909 5242 ventus
1956 5188 2068 5261 sint

417 5257 520 5333 qui
570 5258 818 5314 triticmn
873 5270 997 5333 uere
1049 5257 1298 5333 triticum
1349 5272 1464 5313 esse
1517 5257 1923 5333 demonstrant.
1948 5257 2067 5313 Non

418 5328 579 5388 inim
616 5334 826 5394 ventus,
880 5329 943 5383 id
984 5332 1061 5383 est
1101 5328 1350 5397 tentatio,
1401 5345 1526 5384 cum
1580 5330 1821 5400 aliquem
1869 5330 2044 5386 vineit

412 5369 849 5477 ἔιὶὶἔᾶτᾶ
874 5369 1528 5483 ἐῗβέἆζ,ῖόὲ’“ἑὲζίεἵέρὲἱ
1545 5369 2067 5484 ,εῖὲἶιῖιῖᾶθῆίξῖξᾶ

416 5473 740 5532 σαωκιαιωη
775 5487 895 5533 ωδε
918 5478 1126 5541 arguit.
1160 5470 1224 5544 Et
1251 5486 1321 5544 si
1357 5476 1712 5528 tentan
1740 5488 1859 5544 quis
1897 5480 2066 5526 susti-

414 5554 525 5603 net
557 5561 671 5602 non
722 5560 847 5602 eum
911 5545 1141 5600 tentatio
1190 5541 1410 5614 ﬁdelem
1453 5543 1584 5614 fecit
1631 5547 1682 5599 et
1729 5541 2067 5601 tolerantem

417 5619 512 5698 {ad
539 5617 797 5677 latentem
825 5618 891 5676 in
913 5616 1013 5675 illo
1038 5614 1336 5698 patientiae
1363 5615 1625 5676 virtutem
1664 5615 2062 5696 mani/extabit.

415 5692 660 5765 κρίκοι.

784 4680 939 4769 utith
992 4677 1257 4769 πξπῗίηξξ
1302 4681 1522 4769 πιστὰς,
1581 4683 1671 4736 καὶ
1731 4679 2143 4769 ὑπομονῃτι-Ι)

2169 3322 2327 3378 davit
2354 3321 2680 3392 interitum;
2714 3321 2937 3378 sciebat
2954 3322 3372 3391 enim,etiamsi
3394 3314 3680 3395 propheta
3698 3335 3819 3381 non

2173 3411 2511 3482 esset,quod
2537 3410 2847 3468 lacessitus
2866 3428 3002 3469 eum
3025 3417 3223 3485 posset
3246 3407 3819 3469 occidere.88|-82

2173 3501 2303 3555 Haec
2334 3500 2515 3572 igitur
2545 3500 2815 3558 universa
2842 3519 2977 3558 cum
3010 3507 3229 3573 nosset,
3270 3501 3535 3558 libertate
3562 3499 3824 3573 propheo

2172 3589 2290 3645 tica
2317 3589 2597 3662 corripuit
2613 3590 2982 3663 Herodem,et
3001 3592 3256 3648 incestas
3286 3590 3519 3664 nuptias
3535 3590 3820 3663 arguit,“

2179 3679 2252 3735 ob
2285 3680 2343 3735 id
2376 3678 2614 3735 clausus
2641 3681 2698 3736 in
2731 3697 2981 3754 carcere,
3015 3698 3129 3737 non
3161 3683 3233 3739 de
3263 3686 3454 3737 morte
3510 3679 3828 3748 sollicitus,

2179 3785 2297 3824 non
2346 3768 2419 3826 de
2440 3768 2907 3842 incertojudicii,
2930 3771 3033 3828 sed
3056 3771 3114 3826 in
3162 3770 3412 3827 vinculis
3458 3770 3528 3827 de
3573 3770 3836 3845 Christo,

2180 3874 2355 3931 quem
2390 3860 2857 3928 annuntiaverat,
2909 3860 3220 3932 cogitabat.
3273 3860 3342 3915 Et
3399 3860 3538 3932 quia
3577 3858 3705 3933 ipse
3748 3861 3829 3923 ad

2178 3964 2315 4005 eum
2348 3948 2430 4004 ire
2460 3964 2575 4004 non
2608 3952 2852 4021 poterat,
2886 3948 3067 4005 mittit
3095 3948 3415 4021 discipulos
3446 3965 3585 4005 suos
3619 3949 3830 4006 scisci-

2172 4038 2465 4095 tanteszfu
2492 4054 2547 4093 es
2577 4039 2674 4110 qui
2704 4042 2966 4094 venturus
3003 4054 3162 4107 es,an
3186 4039 3368 4095 alium
3396 4043 3774 4112 exspectamus
3802 4043 3833 4095 2

2179 4126 2634 4197 Animadvertis,
2666 4128 2822 4200 quod
2852 4132 2909 4184 et
2937 4127 2996 4184 in
3019 4144 3247 4185 carcere
3279 4128 3560 4197 docuerit,
3611 4128 3828 4189 videas

2178 4232 2313 4273 eum
2340 4219 2397 4271 et
2423 4216 2480 4270 in
2514 4214 2613 4271 illo
2642 4214 2769 4273 loco
2816 4215 3141 4289 discipulos
3188 4217 3422 4286 habere,
3459 4220 3517 4274 et
3546 4234 3727 4290 quam
3751 4217 3831 4278 ob

2179 4322 2421 4363 causam
2452 4305 2668 4361 ibidem
2701 4322 2805 4379 per
2835 4323 2896 4362 se
2926 4307 3246 4363 erudiebat.
3282 4307 3439 4363 Inter
3486 4323 3612 4380 quae
3646 4306 3831 4383 etiam

2180 4412 2315 4452 cum
2349 4396 2418 4452 de
2445 4396 2586 4452 Jesu
2616 4399 2743 4452 orta
2769 4400 2922 4453 esset
2939 4396 3392 4469 qnzsstio,mittit
3419 4412 3487 4452 ex
3517 4395 3834 4469 discipulis

2244 4682 2356 4756 (75)
2388 4682 2615 4739 Eaedem
2674 4682 2899 4757 schedee
2963 4699 2975 4739 :
3029 4682 3197 4757 Οὗτος
3256 4681 3587 4757 παρανόμως
3649 4678 3834 4757 ἔγημα

2172 4754 2271 4844 τῂν
2325 4751 2678 4844 invindicatae?
2725 4751 2962 4844 ᾁδελφρῢ
3011 4754 3175 4844 aurci»,
3221 4751 3365 4843 πᾳρᾶ
3404 4751 3832 4844 τὸίρεΜωϋὲὲὁξς

2171 4822 2350 4900 νόμοκί
2377 4844 2388 4856 ·
2452 4822 2577 4900 ἀλλ’
2634 4827 2679 4900 ὁΔ
2703 4822 3103 4900 -ἀκατάληςπτος
3130 4822 3441 4900 ΑἸωάῦνης,
3503 4828 3553 4900 ὁ-
3588 4824 3831 4900 μηδενδς

2174 4892 2468 4975 aridi-rinam
2511 4893 2822 4975 )gpﬁa'tvwv
2854 4944 2891 4975 ,‘
2928 4892 3020 4975 ο-ὐῌ
3046 4892 3309 4975 φοϐηθεὶς
3370 4892 3468 4975 is,»
3532 4892 3829 4975 βᾴοςιλιιιήν

2177 4966 2436 5046 ignauiam,
2460 4966 2785 5046 pube-Eram
2832 4966 3068 5046 τζλῃρῶπὶ
3114 4966 3460 5046 προφητικὴνν
3492 4966 3804 5045 «abductas

2173 5014 2374 5115 θῗλεγξε
2413 5014 2510 5115 ,ἒρν
2558 5014 2804 5115 Ἡέώδηγ
2852 5014 3298 5115 έπῖδΓπαρανῖιμῖἶᾷ
3341 5014 3437 5096 τοῖς
3484 5014 3698 5115 γαιίδυδο-
3736 5014 3831 5095 καί

2174 5109 2522 5189 ξιατεὶξλείσθη
2577 5109 3217 5189 ςίξ--φυλακὴγ-,λκοέὶψμῆ
3264 5109 3826 5189 μεριμνῶνθανὰτου,

2178 5182 2446 5256 ἐμερῖμνα
2474 5180 2597 5256 περί
2643 5180 2862 5251 Χιὶποό,
2911 5187 3007 5239 Hic
3053 5180 3274 5242 illicite'
3308 5180 3546 5242 (iniceret
3592 5180 3832 5256 amarent

2173 5254 2367 5328 fratris
2410 5256 2503 5330 sui
2546 5254 2762 5312 contra
2811 5256 2986 5328 legem
3032 5257 3228 5330 Μυνδίης
3255 5274 3277 5319 ,·
3308 5262 3365 5313 at
3403 5259 3639 5330 Joannes
3678 5254 3833 5329 apud

2176 5344 2338 5399 quem
2366 5327 2526 5382 nulla
2554 5337 2673 5383 erat
2697 5332 2932 5401 acceptio
2948 5327 3328 5401 personarum,
3363 5329 3564 5401 quique
3604 5327 3828 5385 nec—rc-

2172 5401 2325 5472 giam
2350 5403 2670 5473 potestatem
2697 5400 3110 5467 extimescebat,
3152 5418 3328 5473 neque
3372 5400 3567 5456 minus
3598 5401 3827 5473 l_iberta_-

2174 5469 2282 5546 tein
2331 5469 2704 5546 propheticum
2756 5473 3043 5546 implebat,
3114 5469 3381 5546 corripuit
3444 5471 3715 5528 Herodem
3759 5469 3831 5546 ob

2175 5543 2402 5602 illicitas
2452 5544 2690 5615 nuptias.
2726 5543 2812 5615 __Et
2844 5543 3133 5615 ’conjeclus
3182 5543 3269 5601 est
3324 5548 3385 5601 in
3426 5559 3727 5615 carcerem,
3774 5544 3832 5601 α

2174 5615 2433 5676 demam
2475 5612 2621 5672 nihil
2656 5612 3143 5689 sollicitus,'unice
3198 5619 3265 5676 de
3307 5616 3526 5678 Christo
3567 5613 3826 5680 curabat.

2174 5690 2260 5753 ID.
