4058 6190
408 339 525 401 303

1667 323 1735 388 S.
1781 325 2093 387 EUSEBII
2138 325 2584 386 HlEltONYMI

3703 327 3820 390 304

414 470 648 545 quando
679 463 1090 523 conscendere.
1125 462 1410 519 333-34
1440 460 1547 526 Qui
1577 459 1732 515 enim
1765 460 1898 514 fecit
1929 455 2063 514 eum
2094 460 2150 526 Α
2180 475 2508 514 sermonem
2531 458 2651 514 Dei.
2685 460 3010 532 Congregat
3030 459 3100 514 de
3131 458 3452 531 prophetis,
3485 459 3554 515 de
3584 459 3731 534 lege,
3755 425 3822 518 de

415 559 575 616 caelis
597 556 700 613 tibi
719 549 1473 622 descendentem,mu1ieres
1496 565 1611 604 non
1633 547 1943 619 quaslibet,
1960 548 2062 604 sed

413 644 788 720 peccatrices,
810 649 866 698 et
893 659 1041 713 quas
1059 641 1362 712 Scriptura
1389 637 1857 710 reprehenderat,
1880 637 2062 692 intro-

415 733 718 804 ducitzqui
752 749 882 788 vero
916 729 1273 802 baptizatum
1292 731 1508 794 narrat,
1535 726 1756 782 nullius
1779 726 1917 782 facit
1935 743 2062 781 mu-

412 824 572 881 lieris
597 822 975 878 mentionem.
993 824 1056 872 In
1071 817 1326 873 Mattheo
1344 817 1500 873 enim
1519 817 1657 886 ’3,ut
1677 815 2061 882 diximus,no-

417 913 677 969 minatur
714 910 990 977 Thamar,
1025 924 1151 978 quae
1202 922 1336 962 cum
1368 922 1569 962 socero
1619 905 1823 960 fraude
1853 921 2062 960 concu-

416 1001 566 1066 buit,
595 1006 653 1056 et
692 998 845 1054 Ruth
897 997 1167 1052 Moabitis
1220 1013 1323 1054 nec
1371 996 1441 1050 de
1493 1010 1701 1066 genere
1748 993 1927 1049 Israel
1963 1009 1974 1048 :
2010 997 2065 1048 et

420 1090 601 1156 Raab,
637 1105 762 1160 quas
794 1087 949 1142 unde
978 1090 1215 1156 sumpta
1246 1083 1339 1150 sit,
1366 1084 1513 1140 scire
1543 1099 1765 1154 nequeo
1801 1099 1813 1139 :
1848 1087 1905 1138 et
1930 1099 2065 1138 con-

409 1180 522 1250 jux
561 1177 726 1243 Uriaa,
761 1192 886 1247 quae
931 1173 1164 1228 violavit
1213 1173 1409 1227 mariti
1460 1178 1674 1228 torum.
1710 1171 1858 1235 Quia
1908 1172 2065 1227 enim

414 1267 695 1322 Dominus
726 1269 922 1320 noster
968 1267 1146 1334 atque
1174 1260 1433 1316 SaIVator
1464 1260 1535 1316 ad
1569 1259 1676 1316 hoc
1709 1264 1966 1325 venerat,
2002 1265 2066 1314 ut

414 1355 720 1413 hominum
755 1356 990 1425 peccata
1019 1351 1364 1422 susciperet,
1385 1354 1441 1403 et
1471 1365 1604 1404 eum
1638 1349 1737 1420 qui
1770 1365 1886 1404 non
1917 1349 2063 1404 fece-

416 1451 506 1502 rat
535 1449 860 1516 peccatum,
887 1457 989 1512 pro
1023 1440 1189 1494 nobis
1222 1442 1527 1510 peccatum
1560 1438 1693 1493 fecit
1717 1442 1868 1492 Deus
1893 1454 1905 1491 :
1935 1454 2065 1508 pro-

419 1540 616 1608 pterea
643 1531 1003 1587 descendens
1031 1528 1087 1582 in
1123 1528 1433 1594 mundum,
1455 1527 1779 1598 assumpsit
1800 1530 2065 1598 peccato-

416 1640 548 1679 rum
580 1622 889 1677 hominum
919 1619 1378 1688 vitiosorumque
1424 1633 1755 1688 personam,
1790 1621 1847 1671 et
1876 1615 2065 1670 nasci-

416 1711 603 1768 voluit
632 1711 703 1766 de
747 1709 925 1780 stirpe
958 1705 1306 1777 Salomonis,
1340 1707 1510 1776 cujus
1559 1711 1792 1777 peccata
1819 1705 2066 1761 conscri-

419 1807 539 1876 pta,
573 1806 628 1856 et
659 1799 938 1865 Roboam,
962 1797 1133 1867 cujus
1164 1795 1375 1850 delicta
1404 1796 1692 1864 feruntur,
1715 1799 1772 1851 et
1800 1795 1871 1851 de
1901 1799 2065 1850 caete-

419 1892 526 1959 ris,
557 1906 586 1945 e
617 1889 833 1961 quibus
865 1885 1035 1942 multi
1076 1885 1338 1940 fecerunt
1385 1883 1608 1940 malum
1659 1885 1718 1938 in
1751 1889 2067 1956 conspectu

417 1981 541 2037 Dei.
585 1978 826 2043 Quando
858 1993 987 2032 vero
1018 1975 1088 2030 de
1119 1974 1347 2030 lavacro
1377 1972 1732 2039 conscendit,
1767 1978 1824 2029 et
1863 1990 2071 2028 secun-

419 2073 532 2127 dus
563 2070 704 2126 ordo
736 2084 864 2123 esse
885 2064 1257 2134 describitur,
1281 2081 1398 2120 non
1422 2081 1523 2136 per
1553 2063 1946 2131 Salomonem,
1969 2063 2069 2118 sed

422 2177 523 2234 per
553 2157 779 2214 Nathan
813 2156 1092 2223 nascitur,
1120 2154 1217 2224 qui
1250 2154 1378 2224 ejus
1412 2153 1606 2226 arguit
1637 2157 1860 2224 patrem
1894 2168 2071 2224 super

422 2248 570 2306 Uria:
615 2250 799 2302 morte
853 2250 1100 2313 ortuque
1150 2241 1501 2298 Salomonis.
1535 2243 1641 2298 Sed
1691 2241 1750 2296 in
1797 2241 2068 2310 Matthme

420 2353 652 2410 semper
681 2332 1073 2407 generationis
1125 2347 1338 2386 nomen
1389 2331 1732 2403 adjungitur
1767 2348 1778 2385 :
1814 2331 1906 2385 hic
1937 2347 2069 2385 vero

420 2427 657 2500 penitus
687 2423 925 2480 siletur:
953 2421 1246 2492 Scriptum
1285 2424 1374 2475 est
1400 2419 1556 2474 enim
1582 2418 1662 2474 ibi
1682 2421 1762 2473 "z
1797 2418 2070 2473 Abraham

417 2513 610 2582 genuit
642 2513 814 2577 Isaac,
850 2510 1004 2563 Isaac
1032 2508 1222 2576 genuit
1249 2506 1432 2576 Iacob,
1464 2506 1624 2561 Iacob
1652 2509 1843 2575 genuit
1870 2507 2069 2562 Iudam

417 2610 469 2658 et
508 2603 711 2673 fratres
752 2599 890 2669 ejus,
938 2596 1113 2654 Iudas
1170 2598 1359 2667 genuit
1405 2595 1610 2650 Phares
1662 2599 1714 2650 et
1759 2597 1966 2651 Zaram
2008 2596 2072 2652 de

425 2691 680 2760 Thamar,
714 2692 770 2744 et
801 2702 987 2758 usque
1035 2687 1107 2742 ad
1158 2686 1354 2756 linem,
1385 2687 1594 2757 genuit,
1628 2701 1859 2758 semper
1887 2702 2070 2758 appo-

425 2781 604 2836 nitur.
636 2777 698 2833 In
731 2781 884 2832 Luca
915 2792 1066 2843 vero,
1103 2775 1199 2830 ubi
1249 2776 1318 2830 de
1349 2773 1574 2830 lavacro
1606 2775 1944 2831 conscendit
1970 2776 2068 2831 Je-

425 2886 550 2937 sus,
587 2867 740 2922 tilius
772 2865 1020 2921 dicitur:
1055 2864 1203 2920 Sicut
1231 2866 1527 2937 putabatur
1553 2865 1706 2935 ﬁlius
1735 2865 1939 2938 Ioseph
1963 2883 1981 2920 :
2015 2869 2073 2922 et

421 2959 484 3016 in
514 2963 635 3014 tam
668 2957 856 3012 multa
893 2955 1043 3012 serie
1075 2954 1404 3020 nominum,
1436 2959 1673 3026 excepto
1727 2955 1883 3026 quod
1909 2964 2072 3027 puta-

425 3049 587 3105 batur
613 3048 764 3119 ﬁlius
807 3045 1019 3116 Ioseph,
1054 3043 1445 3116 generationis
1495 3060 1703 3099 nomen
1750 3044 2070 3116 ascriptum

427 3151 543 3193 non
573 3141 680 3192 est.
716 3138 778 3190 ln
812 3134 1080 3190 Matthzeo
1113 3151 1226 3189 non
1259 3137 1347 3188 est
1381 3134 1686 3205 scriptum,
1722 3135 2019 3206 incipiebat
2050 3153 2068 3190 :

2173 547 2475 620 apostolis,
2494 548 2668 604 verba
2691 548 3064 604 abundantia:
3089 565 3103 603 :
3130 551 3285 603 unde
3308 549 3541 620 quando
3560 551 3682 620 jam
3709 568 3821 607 non

2173 638 2511 693 scribuntur
2538 637 2693 703 libri,
2729 655 2832 692 nec
2864 655 3077 693 novum
3130 637 3364 709 aliquod
3398 638 3709 695 conficitur
3736 641 3825 696 in-

2175 730 2592 796 strumentum,
2619 743 2721 782 nec
2753 726 3066 782 mittuntur
3088 727 3157 781 ab
3193 727 3470 799 apostolis
3495 744 3564 783 ea
3597 746 3725 800 quas
3756 731 3824 786 ab

2171 820 2309 872 Jesu
2358 815 2417 870 in
2467 816 2676 872 horrea
2721 816 3119 888 apostolorum
3169 816 3401 872 fuerant
3443 823 3825 890 comportata,

2173 904 2281 960 hoc
2312 909 2398 961 est
2429 905 2485 961 in
2521 905 2749 961 animas
2781 923 3004 973 eorum,
3038 905 3427 977 omniumque
3457 901 3840 980 sanctorum,

2173 993 2488 1050 distribuat
2517 999 2573 1050 et
2604 997 2825 1049 nutriat
2854 999 3164 1068 l-Egyptum
3192 995 3345 1050 fame
3376 995 3823 1067 periclitantem,

2175 1084 2544 1155 maximeque
2595 1084 2820 1153 fratres,
2855 1085 2924 1139 de
2976 1084 3190 1155 quibus
3224 1084 3502 1140 scribitur
3537 1104 3548 1141 :
3585 1084 3825 1142 Narrabo

2172 1189 2373 1228 nomen
2405 1177 2561 1227 tuum
2595 1175 2863 1244 fratribus
2916 1176 3074 1240 meis,
3114 1175 3172 1228 in
3201 1174 3375 1230 medio
3421 1176 3670 1231 Ecclesiae
3698 1193 3825 1231 can-

2174 1263 2298 1317 tabo
2326 1266 2377 1316 te
2407 1263 2469 1316 ’6.
2507 1262 2734 1317 Habent
2763 1267 2820 1317 et
2849 1261 2947 1317 alii
2978 1262 3249 1319 homines
3279 1265 3454 1319 verba
3486 1265 3778 1336 patientiae
3811 1283 3825 1324 :

2173 1351 2467 1423 verbaque
2513 1351 2719 1421 judicii
2753 1356 2808 1405 et
2860 1351 3219 1422 reliquarum
3271 1353 3446 1408 verba
3493 1353 3822 1410 virtutum:

2175 1439 2282 1495 hoc
2316 1445 2404 1494 est
2432 1440 2692 1494 triticum
2745 1440 2899 1511 quod
2934 1439 3147 1512 Joseph
3181 1441 3462 1513 ngyptiis
3510 1441 3827 1498 distribuit.

2176 1528 2287 1584 Sed
2319 1529 2476 1584 aliud
2499 1533 2588 1584 est
2619 1530 2976 1584 frumentum
3007 1530 3159 1602 quod
3195 1531 3494 1599 fratribus,
3523 1531 3577 1586 id
3611 1535 3718 1602 est,
3743 1531 3829 1586 di-

2177 1618 2418 1690 scipulis
2450 1618 2573 1673 suis
2608 1618 2908 1673 distribuit
2941 1619 3011 1674 de
3039 1619 3267 1674 Jessem
3300 1624 3474 1691 terra,
3512 1621 3582 1676 de
3614 1638 3680 1676 ea
3711 1638 3830 1693 quas

2178 1708 2246 1762 ad
2281 1707 2559 1762 orientem
2591 1707 3110 1778 respicit,triticum
3137 1708 3830 1781 evangelicum,triticum

2179 1795 2586 1867 apostolicum.
2625 1797 2704 1852 De
2735 1796 2843 1852 hoc
2869 1797 3060 1852 tritico
3092 1797 3375 1854 debemus
3408 1815 3586 1870 panes
3618 1799 3826 1867 facere,

2178 1886 2260 1940 ita
2291 1889 2485 1941 tamen
2519 1891 2583 1941 ut
2629 1903 2744 1941 non
2787 1885 3238 1941 commisceatur
3289 1888 3462 1942 veteri
3522 1888 3828 1955 fermento,

2180 1973 2621 2046 habeamusque
2654 1991 2862 2046 panem
2897 1991 3112 2030 novum
3156 1976 3227 2030 de
3258 1975 3692 2045 Scripturarum
3726 1976 3828 2032 tri-

2178 2063 2314 2130 tico,
2347 2064 2712 2136 farinamque
2743 2063 3146 2122 commolitam
3193 2064 3250 2120 in
3284 2064 3510 2120 Christo
3541 2066 3702 2131 Jesu,
3737 2064 3830 2121 cui

2179 2156 2266 2208 est
2295 2151 2482 2224 gloria
2502 2157 2559 2207 et
2581 2152 2891 2222 imperium
2916 2153 2974 2207 in
3001 2153 3211 2209 saecula
3235 2153 3822 2211 saeculorum.Amen.

2570 2261 2718 2316 335
2733 2261 2858 2315 ~36
2899 2260 3199 2316 HOMILIA
3238 2260 3428 2316 XXIX.

2178 2351 2253 2404 De
2279 2365 2337 2423 eo
2370 2349 2508 2422 quod
2557 2351 2819 2419 scriptum
2850 2354 2929 2404 est
2960 2368 2976 2403 :
3015 2371 3034 2399 ε
3067 2354 3224 2405 Iesus
3273 2359 3454 2406 autem
3481 2351 3680 2422 plenus
3709 2350 3828 2423 Spi-

2249 2422 2364 2476 ritu
2406 2430 2592 2477 sancto
2642 2437 2889 2477 reversus
2936 2425 3012 2477 est
3045 2442 3062 2475 :
3098 2443 3123 2470 ››
3158 2427 3207 2476 et
3248 2423 3314 2478 de
3365 2425 3670 2478 tentatione
3714 2422 3829 2491 eius

2244 2494 2450 2564 prima.
2485 2493 2622 2564 Cap.
2657 2510 2734 2547 ιν.

2250 2598 2490 2662 Quando
2563 2598 2708 2670 legis
2784 2597 3117 2671 EVangelio,
3173 2601 3325 2655 Iesus
3382 2607 3564 2655 autem
3640 2601 3832 2672 plenus

2180 2687 2391 2760 Spiritu
2412 2697 2594 2743 sancto
2615 2704 2861 2744 reversus
2881 2696 2977 2756 est,
2999 2692 3054 2744 et
3074 2687 3134 2742 in
3165 2689 3406 2744 Actibus
3432 2689 3831 2761 apostolorum

2180 2777 2278 2832 ubi
2307 2777 2537 2845 dicitur,
2572 2777 2724 2848 quod
2759 2776 2962 2850 repleti
3020 2777 3235 2833 fuerint
3267 2779 3487 2850 Spiritu
3531 2783 3733 2834 sancto
3764 2780 3829 2850 ’7,

2177 2867 2308 2922 vide
2339 2884 2409 2922 ne
2453 2867 2703 2938 aequales
2757 2872 2925 2938 putes
2977 2884 3104 2923 esse
3161 2867 3454 2939 apostolos
3487 2867 3774 2924 Salvatori
3815 2877 3830 2925 :

2180 2957 2280 3013 sed
2313 2961 2370 3012 et
2399 2956 2623 3028 Jesum,
2656 2954 2970 3028 apostolos,
3005 2961 3062 3012 et
3111 2956 3290 3012 alium
3339 2956 3660 3028 quemlibet
3690 2975 3832 3014 san-

2180 3051 2403 3101 ctorum
2437 3045 2639 3118 plenos
2679 3044 2897 3117 Spiritu
2951 3049 3152 3101 sancto
3185 3063 3470 3118 cognosce
3501 3047 3828 3103 secundum

2181 3153 2517 3192 mensuram
2557 3133 2776 3192 vasculi
2806 3135 2895 3191 sui
2942 3138 3035 3205 :jet
3086 3137 3398 3207 quomodo,
3432 3136 3588 3192 verbi
3622 3137 3834 3208 gratia,

427 3226 523 3281 hic
572 3240 728 3290 vero,
761 3223 898 3295 quia
945 3223 1015 3278 dc
1046 3223 1397 3294 baptismate
1445 3239 1874 3279 conscensurus
1923 3228 2066 3292 erat,
2099 3210 2141 3276 C
2179 3226 2225 3282 si
2267 3224 2518 3282 volueris
2567 3225 2775 3294 dicere,
2811 3225 2932 3280 haec
2979 3242 3117 3281 vasa
3172 3224 3342 3297 plena
3392 3231 3531 3282 sunt
3563 3226 3695 3282 vino
3743 3224 3828 3282 vel

369 3342 372 3344 ν
424 3315 721 3386 incipiebat
752 3312 984 3383 legitur,
1016 3310 1312 3383 Scriptura
1357 3311 1640 3367 referente
1673 3330 1686 3367 :
1721 3314 1786 3366 Et
1815 3315 1926 3384 ipse
1955 3317 2076 3368 erat

422 3406 576 3462 Iesus
631 3403 919 3474 incipiens.
980 3400 1219 3464 Quando
1271 3397 1424 3453 enim
1486 3400 1812 3471 baptizatus
1860 3407 1968 3471 est,
2019 3407 2076 3458 et

333 3529 338 3532 -
425 3493 770 3566 mysterium
803 3491 1075 3546 secundae
1105 3488 1498 3560 generationis
1530 3490 1878 3561 assumpsit,
1912 3495 1975 3546 ut
2006 3496 2070 3547 tu

425 3595 656 3656 quoque
686 3581 933 3653 priorem
960 3578 1314 3633 nativitatem
1340 3578 1628 3645 destruas,
1649 3582 1705 3634 et
1735 3579 1793 3633 in
1817 3581 2074 3636 secunda

429 3668 863 3744 regeneratione
912 3667 1196 3732 nasceris,
1231 3672 1368 3722 tunc
1401 3667 1615 3722 dicitur
1663 3668 1970 3740 incepisse.
2005 3673 2073 3725 Et

427 3759 722 3834 quomodo
743 3757 994 3831 populus
1021 3757 1378 3823 Judaeorum,
1404 3757 1639 3829 quando
1660 3762 1784 3813 erat
1811 3758 1870 3814 in
1902 3759 2070 3832 [Egy-

431 3855 552 3924 pto,
586 3865 700 3904 non
742 3845 993 3904 habebat
1017 3845 1249 3900 initium
1285 3845 1577 3901 mensium
1615 3863 1627 3901 :
1662 3848 1895 3918 quando
1941 3866 2073 3906 vero

424 3955 698 4013 egressus
746 3953 814 3993 cx
860 3937 1121 4009 Egypto,
1165 3939 1306 3990 tunc
1354 3935 1450 4001 [αἱ.
1504 3939 1680 4006 nunc)
1733 3936 1948 3994 dicitur
1997 3939 2069 3994 ad

423 4045 556 4086 eum
618 4029 661 4063 ³⁵
720 4045 733 4083 :
795 4026 990 4082 Mensis
1065 4027 1168 4080 iste
1218 4025 1442 4080 initium
1509 4026 1784 4080 mensium
1857 4029 2071 4095 primus

425 4123 531 4177 erit
578 4118 723 4175 vobis
769 4117 835 4174 de
881 4114 1156 4171 mensibus
1200 4115 1383 4169 anni:
1418 4113 1500 4168 sic
1550 4114 1650 4186 qui
1704 4116 1952 4172 necdum
1983 4121 2074 4173 est

420 4210 907 4281 baptizatus,-nec
939 4205 1183 4277 coepisse
1210 4208 1496 4259 narratur.
1521 4202 1634 4259 Nec
1665 4203 1821 4260 enim
1854 4205 2074 4262 frustra

422 4297 689 4354 additum
722 4301 996 4368 putemus
1020 4294 1089 4349 ad
1121 4292 1178 4347 id
1205 4291 1358 4364 quod
1393 4291 1610 4347 dicitur
1642 4310 1654 4349 :
1689 4295 1806 4365 Ipse
1835 4299 1956 4350 erat
1984 4298 2071 4353 Ie-

419 4371 534 4453 sus,
584 4385 738 4457 quod
788 4383 1072 4455 sequitur,
1127 4383 1416 4453 incipiens.
1468 4382 1574 4438 Sed
1625 4387 1682 4438 et
1729 4385 1884 4456 quod
1940 4386 2066 4441 ait:

418 4477 596 4548 Quasi
621 4490 894 4530 annorum
923 4474 1174 4543 triginta,
1194 4472 1707 4528 considerandum.
1730 4474 1947 4547 Joseph
1972 4475 2070 4530 tri-

2185 3313 2332 3382 oleo,
2351 3332 2465 3370 non
2492 3314 2936 3386 statimjudicas
2953 3314 3104 3386 quod
3131 3314 3338 3387 aequali
3363 3332 3639 3371 mensura
3661 3314 3833 3388 plena

2184 3404 2302 3459 sint
2324 3403 2635 3476 (siquidem
2662 3403 2819 3459 aliud
2852 3404 3169 3460 sextarium
3194 3421 3399 3478 capere
3431 3409 3638 3478 potest,
3670 3404 3829 3460 aliud

2187 3509 2418 3560 urnam,
2449 3492 2605 3548 aliud
2638 3493 3025 3565 amphoram),
3059 3493 3261 3549 eodem
3297 3494 3468 3550 modo
3490 3498 3546 3549 et
3573 3493 3744 3549 Jesus
3776 3494 3832 3549 et

2183 3581 2400 3637 Paulus
2432 3581 2586 3653 pleni
2637 3587 2802 3638 erant
2847 3582 3067 3654 Spiritu
3101 3586 3301 3639 sancto
3337 3602 3348 3639 :
3383 3584 3481 3639 sed
3513 3583 3698 3639 multo
3729 3599 3832 3639 vas

2185 3671 2342 3727 Pauli
2369 3671 2565 3727 minus
2587 3677 2709 3727 erat
2732 3689 2865 3728 vase
2883 3675 3042 3744 Jesu,
3066 3676 3120 3727 et
3143 3676 3336 3728 tamen
3361 3678 3486 3728 erat
3504 3673 3832 3729 secundum

2183 3777 2520 3816 mensuram
2545 3779 2710 3816 suam
2729 3751 3836 3834 iutrumquecompletum.Acceptoita-

2183 3867 2296 3922 que
2327 3851 2641 3922 baptismo,
2675 3849 2935 3906 Salvator
2976 3850 3184 3923 plenus
3215 3850 3433 3923 Spiritu
3467 3856 3692 3918 sancto,
3727 3848 3833 3922 qui

2183 3955 2360 4012 super
2389 3957 2522 3995 eum
2575 3940 2633 3994 in
2687 3940 2878 4011 specie
2927 3939 3212 3994 columbae
3264 3940 3334 3994 de
3367 3938 3525 3994 caelis
3576 3942 3838 4006 venerat,

2183 4030 2504 4085 ducebatur
2570 4047 2604 4084 a
2680 4028 2913 4100 spiritu.
2976 4029 3114 4097 Quia
3171 4029 3320 4084 enim
3396 4037 3656 4100 quotquot
3708 4027 3839 4099 Spi-

2181 4121 2296 4174 ritu
2326 4120 2426 4174 Dei
2470 4119 2762 4187 ducuntur,
2797 4117 2856 4172 hi
2907 4117 3016 4187 ﬁlii
3061 4127 3189 4173 sunt
3229 4119 3328 4173 Dei
3358 4118 3438 4186 ’3;
3474 4117 3582 4173 iste
3632 4121 3836 4172 autem

2182 4212 2340 4264 extra
2371 4224 2575 4263 omnes
2599 4207 2828 4279 proprie
2870 4206 3046 4262 Filius
3087 4207 3185 4262 Dei
3209 4211 3352 4274 erat,
3385 4207 3512 4262 ideo
3545 4211 3601 4262 et
3631 4205 3836 4279 ipsum

2181 4297 2482 4370 oportebat
2521 4297 2738 4368 Spiritu
2788 4301 2989 4352 sancto
3017 4297 3171 4352 duci.
3206 4296 3506 4368 Siquidem
3541 4297 3836 4368 scriptum

2180 4393 2269 4443 est
2303 4403 2314 4441 :
2349 4386 2668 4441 Ducebatur
2705 4395 2888 4441 autem
2936 4387 2995 4441 in
3025 4385 3297 4441 desertum
3343 4403 3376 4440 α
3421 4386 3641 4457 spiritu.
3676 4386 3840 4450 Qua-

2181 4475 2450 4547 draginta
2481 4474 2688 4529 diebus
2715 4461 2973 4529 tentatur
2999 4473 3190 4542 Jesus,
3225 4479 3281 4528 et
3313 4491 3440 4546 qua:
3473 4472 3689 4529 fuerint
3711 4479 3845 4530 ten-

417 4568 581 4640 ginta
613 4579 900 4621 annorum
933 4566 1075 4629 erat,
1101 4561 1334 4632 quando
1364 4561 1647 4617 dimissus
1669 4578 1698 4618 e
1720 4564 1990 4632 vinculis,
2014 4569 2071 4621 et
2115 4569 2439 4648 Dtamenta
2462 4564 2761 4618 nescimus
2797 4580 2809 4617 :
2843 4581 2967 4635 quae
2998 4563 3127 4618 ideo
3160 4563 3402 4619 forsitan
3435 4563 3840 4636 praetermissa

413 4659 833 4729 interpretatus
864 4650 1158 4708 somnium
1195 4649 1534 4719 Pharaonis,
1568 4651 1794 4725 {Egypti
1827 4654 2067 4712 effectus

414 4753 504 4804 est
524 4747 818 4820 princeps,
843 4742 1245 4812 ubertatisque
1265 4744 1525 4811 tempore
1551 4741 1806 4796 triticum
1833 4759 2068 4815 congre-

412 4838 589 4911 gavit,
623 4840 688 4889 ut
717 4833 890 4888 famis
920 4836 1180 4903 tempore
1211 4830 1450 4884 haberet
1479 4831 1632 4901 quod
1665 4831 2062 4890 distribueret.

410 4929 530 5000 Ego
562 4930 701 4998 puto
741 4924 896 4996 quod
927 4921 1166 4994 triginta
1193 4919 1328 4974 anni
1351 4919 1563 4990 Joseph
1589 4919 1643 4972 in
1669 4923 1804 4992 typo
1827 4922 2066 4994 triginta

411 5031 699 5073 annorum
724 5010 1127 5086 praecesserint
1156 5007 1489 5064 Salvatoris.
1516 5012 1633 5062 Iste
1658 5011 1812 5064 enim
1844 5011 2062 5084 Joseph

401 5123 520 5163 non
553 5105 666 5161 tale
699 5101 961 5159 triticum
992 5098 1382 5174 congregavit,
1418 5095 1590 5170 quale
1617 5097 1676 5154 in
1700 5103 1935 5172 [Egypto
1966 5100 2062 5158 ille

397 5193 640 5267 Joseph,
664 5193 764 5248 sed
797 5193 1062 5246 triticum
1087 5206 1309 5256 verum,
1336 5194 1512 5259 atque
1542 5186 1794 5256 caeleste,
1829 5195 1894 5244 ut
1917 5194 2060 5247 tem-

404 5301 544 5360 pore
574 5281 859 5339 ubertatis
891 5280 1082 5334 tritico
1103 5283 1450 5350 congregato
1486 5277 1722 5334 haberet
1754 5281 1909 5350 quod
1941 5281 2060 5336 dis-

401 5375 704 5438 tribueret,
729 5387 863 5425 cum
896 5369 1080 5424 fames
1105 5377 1256 5423 esset
1277 5367 1459 5422 missa
1487 5365 1547 5420 in
1579 5367 1909 5439 Egyptum,
1945 5387 2058 5425 non

411 5466 599 5520 fames
629 5459 822 5533 panis,
855 5473 1042 5529 neque
1072 5456 1200 5512 sitis
1230 5473 1415 5528 aquae,
1436 5456 1535 5511 sed
1568 5455 1753 5512 fames
1783 5456 2062 5516 audiendi

2179 4659 2336 4723 sunt,
2370 4655 2506 4725 quia
2538 4655 2759 4723 majora
2791 4657 2957 4707 erant
2977 4669 3152 4724 quam
3188 4659 3253 4707 ut
3285 4652 3494 4708 litteris
3524 4653 3840 4708 crederen-

2176 4749 2290 4800 tur.
2325 4746 2391 4799 Et
2429 4743 2478 4799 si
2511 4744 2593 4799 sic
2624 4748 2850 4815 oportet
2899 4741 3109 4810 dicere,
3144 4743 3297 4796 sicut
3329 4742 3588 4798 mundus
3619 4758 3838 4815 capere

2176 4853 2291 4890 non
2327 4839 2549 4905 poterat
2588 4849 2790 4888 omnes
2839 4830 3044 4899 libros,
3078 4832 3125 4887 si
3154 4832 3371 4903 scripta
3419 4831 3674 4888 fuissent
3702 4849 3838 4904 quas

2174 4923 2310 4978 fecit
2340 4927 2398 4978 et
2419 4923 2616 4977 docuit
2635 4923 2808 4976 Jesus
2828 4937 2840 4975 :
2862 4921 2945 4975 sic
2977 4921 3365 4992 quadraginta
3390 4921 3617 4976 dierum
3645 4927 3841 4977 tenta-

2172 5014 2359 5068 tiones
2391 5001 2606 5082 quibus
2631 5015 2889 5065 tentatus
2911 5015 2997 5065 est
3023 5009 3301 5064 Dominus
3318 5026 3351 5065 a
3375 5009 3629 5076 diabolo,
3650 5027 3833 5065 mun-

2173 5102 2282 5156 dus
2314 5101 2460 5156 ferrc
2493 5117 2606 5154 non
2636 5104 2879 5170 poterat,
2905 5099 2951 5152 si
2978 5098 3278 5171 Scriptura
3305 5099 3621 5154 docuisset.
3645 5099 3834 5154 Sufﬁ-

2171 5190 2249 5247 cit
2274 5189 2441 5244 nohis
2464 5189 2572 5243 hoc
2596 5192 2820 5243 tantum
2849 5188 3180 5259 scire,quod
3209 5186 3599 5260 quadraginta
3617 5187 3840 5245 diebus

2169 5280 2227 5334 in
2261 5280 2488 5334 deserto
2539 5276 2732 5345 fuerit,
2766 5282 2823 5331 et
2872 5277 3208 5331 tentabatur
3238 5293 3272 5332 a
3319 5276 3570 5347 diabolo,
3602 5280 3660 5331 et
3710 5294 3838 5334 non

2169 5366 2487 5425 comederit
2539 5367 2860 5439 quidquam
2909 5365 2966 5419 in
3016 5365 3225 5421 diebus
3257 5365 3391 5420 illis.
3436 5364 3840 5422 Mortificabat

2169 5458 2324 5515 enim
2357 5473 2597 5513 sensum
2639 5455 2833 5511 carnis
2875 5454 3006 5527 jugi
3037 5455 3431 5526 continuoque
3455 5454 3684 5526 jejunio
3723 5471 3738 5513 :
3773 5458 3840 5512 et

463 5682 511 5772 f3
541 5681 677 5762 Cap.
709 5701 749 5756 ι,
784 5683 837 5745 3.
889 5681 935 5720 ²¹⁰
960 5675 1166 5740 Matth.
1200 5693 1238 5748 ι,
1269 5677 1326 5749 2,
1379 5674 1432 5734 3.
1488 5675 1532 5712 ³⁸
1563 5675 1739 5745 Exod.
1774 5690 1876 5752 xu,
1907 5675 1962 5735 2.
2012 5672 2056 5716 ⁸⁸

2180 5671 2248 5736 al.
2281 5689 2401 5748 xxx,
2431 5674 2522 5732 23.
2581 5671 2622 5708 ²⁷
2653 5672 2773 5731 Act.
2811 5689 2873 5745 11,
2905 5673 2936 5733 4
2993 5674 3035 5711 ’⁸
3065 5674 3232 5736 Rom.
3264 5687 3388 5746 vm,
3424 5671 3512 5736 14.
