4058 6190
315 321 430 390 811

1585 323 1650 388 S.
1697 319 2009 387 EUSEBII
2054 317 2500 384 HIERONYMI

3606 313 3723 380 312

323 465 381 522 et
406 458 826 536 interpretatur
855 459 999 519 illud
1034 461 1107 520 de
1126 462 1375 536 Christo,
1397 463 1552 536 quod
1578 481 1693 520 nun
1717 463 1788 520 de
1810 463 1967 520 Chri-
1995 456 2054 526 Α
2081 463 2425 534 potestatem
2485 456 2864 516 conculcandi
2896 461 2971 524 te,
3022 461 3079 516 et
3127 456 3323 515 datam
3374 453 3540 516 nobis
3569 456 3724 516 hanc

324 559 433 626 sto,
467 553 566 611 sed
597 553 670 609 de
701 553 922 609 sanctis
954 551 1306 626 generaliter
1325 554 1609 627 scriptum
1633 559 1739 611 est.
1767 554 1972 610 Libere

325 643 543 717 quippe
569 646 626 699 et
646 647 773 700 tota
791 642 1145 699 confidentia
1167 645 1497 701 contradico
1520 643 1772 716 diabolo,
1798 660 1975 716 super

325 733 539 790 Christi
572 749 823 805 persona
841 731 950 788 hoc
973 749 1087 789 non
1116 750 1285 805 posse
1306 733 1571 809 intelligi.
1598 735 1794 805 Neque
1815 732 1971 790 enim

324 823 552 896 indiget
581 821 922 896 angelorum
975 822 1211 890 auxilio,
1258 823 1355 895 qui
1407 824 1597 894 major
1641 822 1885 896 angelis,
1919 826 1976 878 et

327 911 540 969 melius
578 911 723 985 ipsis
780 911 1177 968 hmreditatem
1223 918 1572 969 consecutus
1625 917 1681 968 et
1736 928 1971 968 nomen.

327 1001 482 1058 Nulli
511 1000 851 1074 angelorum
885 1018 1141 1074 unquam
1188 1002 1329 1058 dixit
1358 1007 1543 1059 Deus:
1598 1004 1778 1060 Filius
1823 1017 1975 1057 meus

329 1107 384 1148 es
415 1094 496 1157 lu,
527 1107 622 1162 ego
649 1090 807 1146 hodie
833 1092 1000 1162 genui
1028 1099 1082 1146 te
1108 1092 1199 1145 "'.
1225 1093 1307 1147 Ad
1333 1091 1559 1148 nullum
1583 1109 1782 1148 eorum
1806 1091 1976 1163 quasi

329 1181 402 1236 ad
437 1179 647 1238 Filium
678 1172 946 1236 locutus:
984 1181 1093 1249 Qui
1136 1183 1278 1252 facit
1309 1183 1531 1251 angelos
1558 1199 1683 1238 suos
1728 1183 1974 1254 spiritus,

329 1273 384 1326 et
408 1271 690 1327 ministros
717 1286 841 1327 suos
869 1272 1055 1339 ignem
1085 1280 1338 1327 urentem
1367 1273 1439 1338 ³⁸;
1493 1272 1592 1328 sed
1643 1273 1717 1327 ad
1763 1271 1976 1328 Filium

331 1359 563 1435 proprie
584 1377 780 1426 suum,
797 1361 865 1416 de
886 1377 1000 1432 quo
1021 1360 1472 1417 innumerabilia
1490 1360 1750 1432 loquitur
1770 1361 1828 1416 in
1852 1377 1980 1432 pro-

253 1443 262 1448 ’
333 1449 542 1522 phetis.
569 1450 690 1506 Non
726 1449 969 1522 indiget,
997 1449 1264 1520 inquam,
1291 1449 1630 1522 angelorum
1655 1450 1869 1506 auxilio
1887 1450 1975 1506 Fi-

331 1538 447 1596 lius
477 1539 599 1595 Dei.
637 1538 783 1604 Quin
819 1538 1016 1610 potius
1047 1538 1226 1607 disce,
1269 1539 1518 1603 diabole.
1549 1540 1702 1610 quod
1737 1539 1850 1595 nisi
1880 1539 1976 1595 Je-

331 1646 434 1685 sus
455 1628 742 1700 adjuverit
767 1627 1007 1700 angelos
1038 1629 1170 1699 (86),
1216 1629 1510 1684 offendent
1542 1630 1746 1701 pedem
1780 1645 1977 1686 suum.

329 1719 403 1774 Et
433 1717 481 1773 si
513 1717 647 1789 quis
674 1715 1018 1790 angelorum
1040 1717 1201 1774 visus
1223 1723 1312 1773 est
1335 1719 1645 1784 offendere,
1671 1719 1744 1774 de
1765 1717 1982 1791 quibus

2082 550 2383 615 ditionem,
2419 566 2533 605 non
2566 547 2755 606 solum
2805 547 2862 604 in
2908 547 3098 626 Vet/eri
3149 549 3524 604 Testamento
3573 548 3725 604 sicut

2082 657 2238 697 nunc
2270 643 2541 696 cantatur
2571 639 2629 696 in
2663 638 2912 712 psalmo,
2945 640 3045 695 sed
3079 639 3256 694 etiam
3290 637 3346 693 in
3396 637 3552 692 Novo
3597 637 3723 694 Sal-

2083 735 2277 786 vatore
2306 731 2532 786 dicente
2562 730 2602 765 “
2630 747 2643 786 :
2679 730 2809 785 Ecce
2837 728 2902 784 do
2930 729 3077 784 vobis
3105 731 3430 799 potestatem
3476 727 3728 784 calcandi

2081 835 2242 892 super
2287 827 2562 890 serpentes
2610 827 2664 873 et
2714 819 3042 888 scorpiones,
3092 820 3144 872 et
3200 832 3417 870 omnem
3473 816 3727 871 virtutem

2084 909 2322 976 inimici,
2353 913 2405 964 et
2445 908 2592 963 nihil
2641 909 2790 962 vobis
2843 905 3130 962 nocebunt.
3191 908 3510 959 Sumamus
3567 920 3731 959 arma

2083 1003 2248 1054 tanta
2278 1001 2563 1070 potestate
2593 995 2831 1062 firmati,
2871 1000 2929 1052 et
2974 995 3246 1050 universa
3295 994 3612 1049 faciamus:
3667 998 3730 1048 ut

2085 1105 2187 1160 per
2216 1086 2714 1143 conversationem
2748 1090 3007 1140 nostram
3041 1084 3266 1140 leonem
3316 1081 3728 1138 conculcemus

2087 1182 2143 1234 et
2173 1177 2506 1232 draconem.
2542 1175 2716 1230 Porro
2744 1178 2808 1229 ut
2836 1174 2988 1230 scias
3019 1173 3309 1244 quomodo
3359 1171 3730 1227 conculcetur

2085 1265 2175 1322 leo
2207 1270 2264 1322 et
2292 1268 2625 1321 conteratur
2653 1265 2847 1331 draco,
2893 1261 3056 1318 Pauli
3105 1260 3422 1334 Epistolam
3472 1260 3615 1328 lege,
3669 1261 3728 1315 in

2088 1372 2204 1428 qua
2228 1355 2438 1411 asserit
2465 1353 2790 1410 conculcari
2840 1357 3172 1424 peccatores
3211 1350 3352 1406 Filio
3403 1351 3521 1406 Dei.
3569 1352 3730 1406 Sicut

2087 1461 2224 1518 ergo
2256 1444 2354 1515 qui
2392 1446 2660 1516 peccator
2710 1446 2798 1498 est
2849 1439 3223 1497 conculcatur
3266 1439 3407 1495 Filio
3465 1439 3562 1495 Dei
3598 1456 3610 1495 :
3647 1439 3733 1495 sic

2088 1532 2413 1590 econtrario
2444 1532 2541 1603 qui
2573 1533 2774 1603 justus
2808 1535 2898 1586 est
2927 1529 3227 1598 conculcat
3254 1529 3480 1585 leonem
3510 1533 3568 1584 et
3605 1529 3736 1584 dra-

2089 1639 2316 1690 conem,
2337 1624 2393 1677 et
2413 1638 2646 1677 omnem
2667 1620 2938 1675 virtutem
2960 1619 3184 1674 inimici
3207 1618 3508 1673 conculcet
3536 1618 3595 1672 in
3630 1635 3736 1672 no-

2089 1712 2247 1768 mine
2278 1714 2569 1769 848-44
2588 1713 2724 1768 Jesu
2749 1711 2984 1776 Christi,
3009 1710 3208 1764 cuiest
3243 1708 3424 1778 gloria
3454 1712 3511 1764 et
3548 1707 3733 1781 impe-

333 1807 557 1865 dudum
578 1805 794 1862 lectum
818 1810 927 1874 est,
950 1808 1080 1878 quia
1099 1808 1329 1879 angelos
1343 1807 1717 1879 judicabimus
1745 1808 1790 1842 ³⁸
1815 1824 1828 1862 :
1852 1807 1980 1862 ideo
2009 1839 2058 1905 B
2090 1803 2240 1858 rium
2273 1803 2332 1858 in
2363 1800 2576 1858 saecula
2607 1799 2974 1858 saaculorum.
3010 1804 3216 1854 Amen.

333 1894 594 1965 offendit,
619 1893 759 1966 quia
791 1911 903 1950 non
926 1895 1186 1951 extendit
1208 1912 1445 1950 manum
1467 1913 1634 1951 suam
1659 1897 1730 1951 ad
1751 1897 1976 1963 Jesum,

335 1989 402 2040 ut
418 1983 820 2058 apprehensus
838 1984 909 2040 ab
934 2001 1000 2040 eo
1019 2001 1132 2040 non
1153 1984 1487 2041 offenderet.
1515 1985 1800 2052 Quoniam
1823 1985 1980 2041 enim

332 2073 393 2130 in
425 2075 659 2147 propria
705 2072 920 2129 virtute
964 2074 1284 2140 confidens,
1338 2091 1451 2130 non
1503 2075 1738 2130 invocas
1781 2074 1980 2147 praesi-

333 2162 496 2218 dium
526 2163 682 2229 Jesu,
707 2161 974 2231 offendis,
1003 2166 1061 2217 et
1091 2163 1323 2220 credere
1352 2162 1411 2218 in
1437 2163 1639 2218 Jesum
1684 2163 1981 2220 Christum

332 2249 546 2308 Filium
578 2249 675 2305 Dei
705 2249 966 2305 noluisti.
1001 2250 1072 2306 Ut
1103 2256 1295 2306 autem
1329 2250 1480 2307 scias
1513 2252 1667 2322 quod
1714 2249 1864 2306 male
1888 2249 1983 2304 in-

331 2342 688 2410 terpretatus
715 2355 796 2407 es,
830 2342 886 2394 et
911 2356 1024 2394 non
1049 2339 1119 2394 de
1149 2339 1399 2405 Christo,
1423 2341 1522 2395 sed
1549 2340 1618 2395 de
1643 2339 1864 2395 sanctis
1893 2339 1982 2394 in-

334 2426 520 2500 telligi
550 2443 676 2498 quae
699 2433 1048 2498 sequantur,
1080 2427 1368 2484 ausculta.
1402 2433 1449 2482 Α
1483 2428 1654 2484 ruina
1684 2433 1741 2483 et
1769 2429 1983 2483 daemo-

334 2515 431 2571 nio
461 2514 785 2571 meridiano
813 2516 858 2550 ⁸⁷
881 2533 996 2571 non
1026 2517 1228 2572 Jesum
1260 2517 1553 2573 Christum
1579 2517 1787 2572 liberat
1807 2517 1983 2585 Deus,

337 2604 438 2660 sed
469 2609 726 2660 sanctos.
760 2604 906 2677 Lege
937 2605 1385 2678 nonagesimum
1437 2605 1754 2677 psalmum,
1815 2607 1984 2677 cujus

337 2692 690 2766 principium
722 2709 733 2747 :
769 2695 875 2762 Qui
905 2694 1116 2750 habitat
1166 2697 1226 2749 in
1272 2694 1548 2766 adjutorio
1599 2696 1890 2766 Altissimi,
1925 2695 1984 2750 in

331 2783 664 2856 proiectione
716 2784 817 2838 Dei
870 2784 994 2838 creti
1045 2786 1473 2839 commorabitur
1492 2785 1556 2852 ³⁸,
1617 2789 1673 2840 et
1730 2783 1986 2840 invenies

336 2871 457 2926 haec
490 2871 678 2944 magis
699 2871 863 2942 justo
893 2873 1036 2937 viro,
1079 2889 1251 2941 quam
1300 2873 1396 2930 Dei
1449 2872 1591 2929 Filio
1639 2872 1982 2928 convenire:

340 2959 550 3017 Cadent
581 2977 614 3015 a
645 2960 816 3016 latere
845 2969 934 3016 tuo
964 2962 1138 3026 mille,
1171 2966 1220 3017 et
1249 2962 1430 3018 decem
1469 2962 1650 3017 millia
1697 2979 1731 3016 a
1776 2961 1988 3017 dextris

338 3050 487 3104 tuis:
517 3047 586 3103 ad
617 3057 668 3104 te
695 3057 881 3104 autem
928 3065 1043 3104 non
1081 3051 1561 3123 appropinquabit,
1614 3059 1989 3107 verumtamen

2639 1917 2941 1973 HOMILIA
2971 1915 3186 1971 XXXII.

2090 2010 2164 2064 De
2205 2024 2264 2064 eo
2294 2007 2436 2079 quod
2482 2008 2748 2078 scriptum
2792 2010 2910 2061 est:
2973 2028 3018 2079 ‹‹⁸
3035 2009 3298 2079 Reversus
3351 2012 3428 2060 est
3481 2005 3634 2079 Jesus
3667 2005 3740 2079 in

2161 2074 2370 2135 virtute
2396 2074 2643 2150 spiritus,
2683 2094 2908 2150 susque
2950 2076 3019 2130 ad
3067 2092 3190 2130 eum
3222 2077 3417 2150 locum,
3471 2074 3585 2150 ubi
3615 2076 3736 2129 ait:

2164 2175 2192 2200 «
2226 2153 2288 2206 Et
2331 2146 2580 2205 omnium
2608 2149 2752 2205 oculi
2780 2146 2938 2205 erant
2967 2150 3028 2203 in
3067 2163 3350 2220 synagoga
3399 2146 3741 2202 intendentes

2164 2225 2224 2278 in
2253 2238 2397 2279 eum.
2436 2245 2456 2272 ι
2493 2221 2630 2292 Cap.
2666 2237 2740 2276 ιν.

2165 2339 2428 2394 Primum
2460 2338 2696 2409 quidem
2721 2341 2893 2392 Jesus
2925 2335 3131 2408 plenus
3164 2334 3384 2406 Spiritu
3416 2339 3618 2390 sancto
3651 2351 3739 2390 re-

2094 2445 2298 2484 versus
2328 2432 2417 2482 est
2445 2445 2479 2483 a
2507 2427 2782 2490 Jordane,
2815 2429 2870 2481 et
2901 2425 3182 2496 agebatur
3211 2424 3267 2478 in
3302 2423 3510 2495 spiritu
3544 2422 3602 2477 in
3640 2423 3739 2477 de-

2097 2521 2250 2573 serto
2272 2515 2476 2571 diebus
2497 2515 2905 2586 quadraginta.
2928 2513 3074 2569 Cum
3097 2517 3421 2568 tentaretur
3438 2529 3472 2566 a
3488 2511 3741 2582 diabolo,

2095 2607 2206 2678 (88)
2238 2605 2377 2677 quia
2406 2604 2599 2660 adhuc
2623 2605 2674 2658 vi
2710 2608 3040 2660 certaturus
3081 2607 3205 2658 erat
3254 2603 3534 2658 adversus
3583 2617 3742 2666 eum,

2094 2699 2152 2750 et
2181 2693 2383 2764 semel,
2415 2698 2472 2749 et
2504 2693 2613 2760 bis,
2649 2710 2762 2749 non
2795 2709 2926 2748 cum
2961 2691 3362 2747 additamento
3407 2691 3601 2763 aliquo
3631 2692 3743 2762 spi-

2095 2785 2236 2839 ritus
2267 2783 2521 2855 ponitur.
2569 2783 2811 2846 Quando
2846 2798 2974 2838 vero
3022 2786 3140 2838 tres
3189 2781 3540 2837 tentationes
3597 2796 3748 2852 quas

2095 2873 2397 2944 Scriptura
2425 2875 2863 2936 commemorat,
2899 2870 3216 2943 pugnando
3255 2870 3571 2942 superavit,
3605 2868 3748 2940 quid

2099 2961 2168 3016 de
2199 2959 2409 3032 spiritu
2443 2959 2748 3032 signanter
2776 2963 3063 3031 cauteque
3092 2963 3364 3032 ponatur,
3396 2958 3512 3013 ait:
3560 2959 3625 3013 Et
3652 2973 3748 3013 rev

2097 3067 2282 3106 versus
2311 3058 2386 3106 est
2414 3051 2566 3107 Jesus
2595 3051 2654 3104 in
2685 3051 2891 3104 virtute
2918 3051 3170 3121 spiritus.
3188 3047 3388 3104 Virtus
3413 3047 3616 3103 addita
3637 3051 3747 3111 est,

338 3137 512 3192 oculis
538 3139 650 3192 tuis
690 3137 913 3204 videbis,
968 3147 1020 3194 et
1065 3142 1477 3197 retributionem
1523 3141 1756 3213 aspicies
1797 3157 1986 3212 pecca-
2031 3211 2062 3213 __
2099 3139 2240 3210 quia
2265 3139 2700 3194 conculcaverat
2731 3139 3064 3205 draconem,
3097 3141 3154 3194 et
3183 3141 3529 3194 tentatorem
3561 3137 3746 3191 comi-

341 3229 520 3279 torum
547 3224 611 3290 3°,
640 3227 697 3278 et
726 3223 973 3296 reliqua.
1006 3243 1181 3297 super
1200 3245 1508 3298 personam
1531 3211 1676 3296 justi
1713 3211 1991 3300 interpre-
2020 3211 2064 3273 Ο
2102 3244 2214 3282 nus
2243 3228 2480 3284 vicerat.
2507 3231 2796 3283 Reversus
2825 3231 2915 3282 est
2944 3243 3080 3299 ergo
3105 3229 3277 3282 Jesus
3299 3227 3355 3280 in
3388 3225 3597 3280 virtute
3628 3225 3751 3297 Spi-

339 3317 494 3368 tans.
527 3311 636 3368 Sed
661 3317 717 3368 et
747 3313 831 3368 sic
861 3329 1094 3385 quoque
1131 3332 1394 3386 perverse
1423 3309 1670 3373 atterens
1720 3317 1988 3373 diabolus

339 3400 698 3467 testimonia,
733 3406 797 3456 ut
829 3408 1114 3458 assereret
1156 3419 1332 3475 super
1378 3391 1689 3461 Salvatore'
1720 3405 1985 3478 intelligi,

341 3489 474 3545 silet
503 3494 560 3545 et
591 3491 805 3546 transit
835 3491 1153 3548 versiculos
1176 3492 1498 3565 quipontra
1522 3511 1584 3549 se
1606 3495 1803 3564 scripti
1828 3501 1983 3550 sunt.

339 3577 484 3634 Cum
513 3577 668 3632 enim
702 3579 947 3635 dixisset
975 3596 988 3634 :
1021 3583 1234 3652 angelis
1265 3584 1379 3637 suis
1408 3583 1690 3638 mandavit
1716 3582 1804 3638 ‘de
1836 3587 1905 3650 te,
1938 3592 1990 3638 et

341 3667 402 3721 in
435 3665 690 3721 manibus
721 3667 914 3723 tollent
943 3676 1012 3739 te,
1044 3685 1113 3724 ne
1150 3672 1292 3741 facte
1335 3671 1578 3744 oﬂendas
1627 3670 1703 3726 ad
1752 3670 1990 3744 lapidem

337 3754 526 3826 pedem
553 3759 733 3822 tuum,
759 3757 944 3812 tacuit
964 3756 1107 3812 illud
1133 3760 1286 3830 quod
1311 3759 1576 3832 sequitur
1600 3778 1611 3815 :
1642 3760 1817 3832 Super
1842 3760 1990 3831 aspi-

341 3843 463 3899 dem
491 3853 541 3900 et
569 3844 859 3902 basilicum
901 3847 1233 3914 ambulabis,
1285 3853 1337 3904 et
1383 3849 1722 3905 conculcabis
1780 3851 1990 3905 leonem

341 3941 392 3988 et
418 3932 728 3992 draconem.
764 3935 970 4005 Quare,
1005 3935 1254 4002 diabolo,
1297 3937 1456 4004 siles,
1490 3937 1600 3994 nisi
1632 3939 1786 4010 quod
1829 3943 1892 3992 tu
1927 3953 1989 3992 es

340 4020 675 4084 basiliscus.
709 4027 770 4077 tu
804 4039 866 4079 es
895 4023 1159 4078 omnium
1191 4026 1551 4096 serpentium
1593 4025 1852 4098 regulus,
1885 4042 1988 4081 no-

340 4111 598 4166 centiora
629 4109 853 4166 habens
883 4127 1107 4167 venena
1137 4129 1314 4183 quam
1347 4113 1534 4170 caeteri
1558 4113 1586 4168 ?
1629 4114 1737 4180 Qui
1785 4115 1987 4169 statim

340 4203 406 4252 ut
433 4198 646 4254 videris
676 4199 954 4271 aliquem,
974 4198 1276 4267 interficis,
1296 4205 1352 4256 et
1383 4200 1559 4256 aliam
1586 4202 1988 4258 fortitudinem

338 4286 690 4342 contrariam
723 4289 939 4344 sociam
972 4288 1056 4344 tui
1089 4289 1368 4355 assumis,
1391 4307 1517 4362 quae
1541 4291 1698 4363 aspis
1729 4289 1989 4364 appella-

338 4377 455 4440 tur,
487 4378 544 4429 et
573 4373 693 4431 viro
718 4375 882 4446 justo
913 4377 1178 4448 subjecta
1207 4383 1314 4446 est,
1349 4384 1405 4434 et
1435 4379 1647 4435 ideirco
1678 4379 1875 4435 omnia
1905 4384 1991 4436 ta-

339 4479 456 4518 ces.
489 4463 574 4518 Tu
605 4480 668 4519 es
698 4464 892 4535 draco,
925 4468 988 4518 tu
1021 4481 1082 4520 es
1113 4465 1222 4536 leo,
1255 4468 1324 4521 de
1356 4469 1571 4540 quibus
1602 4469 1882 4525 scribitur
1909 4470 1984 4524 ‘0:

2099 3316 2248 3371 ritus
2277 3315 2336 3370 in
2359 3315 2657 3372 Galilaeam
2689 3320 2926 3383 terram,
2951 3319 3008 3371 et
3030 3316 3186 3370 fama
3214 3315 3353 3371 exiit
3383 3331 3486 3387 per
3517 3330 3749 3370 omnem

2099 3405 2394 3476 regionem
2427 3405 2497 3460 de
2527 3421 2592 3460 eo
2619 3421 2632 3459 :
2658 3403 2782 3476 ipse
2813 3404 3056 3480 docebat
3085 3403 3145 3459 in
3178 3403 3492 3477 synagogis
3521 3419 3746 3470 eorum,

2097 3497 2154 3548 et
2184 3492 2619 3565 gloriﬁcabatur
2651 3493 2722 3547 ab
2755 3494 3046 3549 omnibus.
3085 3493 3233 3549 Cave
3265 3509 3336 3548 ne
3367 3493 3566 3548 beatos
3618 3491 3749 3548 illos

2098 3586 2329 3637 tantum
2356 3581 2609 3653 judices,
2642 3586 2699 3637 et
2728 3587 2783 3636 te
2816 3581 3118 3637 arbitreris
3167 3581 3423 3654 primum
3471 3597 3600 3637 esse
3647 3581 3719 3635 do

2099 3672 2305 3730 ctrina.
2337 3671 2392 3725 Si
2423 3687 2558 3726 vera
2589 3676 2728 3726 sunt
2759 3688 2886 3743 quae
2918 3672 3136 3744 scripta
3178 3676 3334 3736 sunt,
3382 3688 3498 3726 non
3557 3669 3751 3725 solum

2099 3766 2240 3816 tunc
2272 3760 2331 3814 in
2362 3759 2913 3832 congregationibus
2951 3760 3314 3829 Judzcorum,
3349 3759 3450 3816 sed
3480 3763 3539 3815 et
3575 3757 3749 3814 hodie

2099 3849 2159 3904 in
2193 3849 2300 3904 hac
2331 3847 2779 3920 congregatione
2831 3847 3116 3904 Dominus
3167 3847 3471 3920 loquitur:
3532 3850 3588 3903 et
3632 3863 3749 3902 non

2100 3937 2292 3994 solum
2324 3937 2384 3992 in
2407 3937 2536 4002 hac,
2568 3937 2668 3992 sed
2689 3937 2862 3992 etiam
2885 3937 2944 3992 in
2967 3936 3080 3993 alio
3106 3942 3278 4006 coetu,
3302 3943 3357 3993 et
3379 3937 3438 3992 in
3469 3941 3588 3991 toto
3611 3936 3751 3991 orbe

2099 4028 2266 4084 docet
2294 4027 2488 4094 Jesus,
2515 4043 2781 4099 quaerens
2803 4043 3024 4098 organa
3045 4043 3146 4098 per
3167 4043 3293 4099 quae
3325 4025 3748 4092 doceat.0rate,

2099 4121 2164 4172 ut
2186 4133 2278 4172 me
2307 4132 2541 4187 quoque
2581 4115 2970 4188 compositum
3005 4116 3072 4170 ad
3121 4116 3492 4180 canendum,_
3523 4118 3753 4186 aptum-

2099 4221 2212 4277 que
2239 4204 2506 4275 reperiat.
2541 4203 2705 4259 Sicut
2751 4204 2907 4259 enim
2937 4203 3146 4275 quierit
3175 4203 3546 4275 omnipotens
3596 4202 3751 4258 Deus

2099 4293 2414 4366 prophetas
2443 4309 2509 4347 eo
2539 4297 2802 4365 tempore
2833 4309 2948 4364 quo
3005 4291 3309 4364 prophetia
3341 4291 3614 4347 mortales
3658 4291 3750 4346 in-

2101 4382 2322 4455 digent,
2355 4385 2411 4436 et
2441 4381 2683 4447 invenit,
2717 4381 2876 4436 verbi
2909 4381 3099 4453 gratia
3129 4381 3363 4447 Isaiam,
3411 4380 3748 4444 Jeremiam,

2099 4467 2476 4540 Ezechielem,
2513 4468 2806 4524 Danielem
2833 4487 2845 4524 :
2881 4469 2966 4525 sic
2998 4470 3205 4541 quierit
3227 4474 3377 4526 Deus
3407 4485 3625 4544 organa
3647 4455 3754 4539 per:

337 4551 514 4641 Super
536 4553 780 4641 aspidem
801 4561 851 4608 et
888 4553 1204 4608 basiliscum
1245 4556 1502 4620 calcabis,
1549 4567 1599 4612 et
1647 4559 1994 4614 conculcabis
2023 4577 2068 4641 D
2101 4575 2229 4630 quae
2259 4559 2463 4613 doceat
2493 4574 2821 4613 sermonem
2854 4574 3053 4622 suum,
3085 4556 3174 4613 vel
3227 4559 3457 4614 erudiat
3501 4557 3749 4630 populos

342 4639 556 4698 leonem
605 4649 655 4696 et
684 4640 994 4696 draconem.
1048 4641 1155 4696 Sed
1216 4641 1350 4698 licet
1398 4649 1458 4698 tu
1505 4651 1719 4712 taceas,
1754 4663 1860 4702 nos
1892 4645 1991 4719 qui

337 4731 670 4804 Scripturas
701 4730 916 4786 rectius
950 4729 1222 4803 legimus,
1247 4733 1325 4786 soi
1338 4748 1468 4788 mus
1501 4734 1714 4790 habere
1745 4751 1851 4790 nos
1878 4735 1989 4807 (87)

407 4829 477 4863 ³⁸·
508 4828 661 4886 Psal.
709 4847 770 4900 ιῐ,
814 4831 870 4885 7.
982 4829 1027 4864 ³⁸
1079 4827 1232 4885 Psal.
1277 4846 1398 4898 Clll,
1430 4833 1482 4887 4.

335 4915 426 4966 xc,
463 4901 548 4956 13.
625 4900 668 4938 ⁵¹
704 4901 842 4957 Luc.
877 4919 932 4967 χ,
967 4901 1054 4958 19.

408 5015 520 5091 (86)
553 5015 761 5091 Recole
790 5033 921 5089 quae
951 5020 1226 5091 superius
1246 5018 1327 5091 ad
1371 5017 1653 5091 Ahomilias
1706 5022 1772 5074 10
1818 5025 1876 5078 et
1919 5022 1989 5075 23

340 5086 424 5162 de
438 5086 841 5162 hiacrdiximus
868 5086 1133 5162 origenis
1163 5089 1516 5161 opinatione.

407 5158 522 5230 (87)
544 5161 727 5234 Antea
758 5159 906 5214 falso
934 5158 1233 5234 legebatur
1259 5177 1367 5216 vos.
1406 5163 1749 5234 llujusmodi
1799 5163 1988 5218 mani-

337 5227 484 5303 festa
504 5227 726 5284 'menda
761 5246 874 5286 non
907 5227 1088 5286 semel
1112 5233 1283 5302 intra,
1311 5227 1519 5290 lectore
1543 5251 1645 5290 nec
1666 5236 1985 5303 admonito,

333 5299 716 5373 castigantur.

403 5371 783 5447 (88_)_Scbedze_
830 5372 1142 5447 Grabii‘etn
1160 5377 1488 5447 Combetisii
1527 5394 1539 5431 :
1574 5374 1794 5444 Ἐπειδή
1830 5374 1988 5447 ἔμελ-

333 5438 425 5527 te.
477 5438 659 5527 ᾇρλεῖν
691 5443 827 5527 πρὸς
874 5443 965 5527 ’Ξὸν
1019 5438 1401 5527 8:1’30‘).ov,'év
1451 5452 1528 5518 τῷ
1573 5438 1869 5521 πειρασμῷ
1901 5446 1984 5509 δὶς

335 5512 749 5592 ῥνομάξὲταετδ
780 5518 992 5592 τῖνεβμα
1047 5515 1219 5592 χωρὶς
1267 5517 1446 5584 πάσης
1487 5512 1986 5592 ὴροσθῆκήςξυοτε

333 5584 737 5664 ἀγωνισάμενος
810 5584 1214 5664 ἐγίκ-ησεῆόίξσ
1269 5593 1414 5664 τλςξῖς
1470 5584 1982 5664 ἀνάγεγραμμὲνους

332 5657 688 5732 πὲιρασμόὺς,
740 5657 978 5734 apricis:
1032 5660 1099 5729 τῇ
1154 5657 1399 5732 ἀκριϐείᾳ
1440 5667 1541 5728 τῆς
1584 5657 1804 5738 Τῥὰςῇ
1856 5660 1979 5735 περὶ

1595 4833 1639 4868 ³⁸
1687 4833 1707 4889 Ι
1739 4833 1871 4889 Cor.
1901 4851 1976 4906 v1,
2007 4835 2062 4890 3.
2138 4835 2182 4869 ³⁷
2214 4833 2366 4891 Psal.
2397 4849 2487 4900 xc,
2517 4835 2571 4891 6.

2101 4647 2159 4701 in
2193 4645 2505 4718 synagogis
2554 4662 2778 4709 eorum,
2813 4655 2870 4701 et
2916 4645 3274 4718 gloriﬁcetur
3317 4647 3388 4701 ab
3446 4647 3744 4701 omnibus.

2100 4735 2265 4791 Nunc
2297 4735 2486 4808 magis
2515 4734 2875 4808 glorificatur
2903 4735 2974 4790 ah
3019 4735 3294 4791 omnibus
3340 4735 3534 4804 Jesus,
3567 4751 3747 4807 quam

2685 4833 2729 4868 ³⁸
2760 4831 2902 4888 ibid.
2939 4834 2989 4888 1.
3063 4833 3109 4869 ³ο
3130 4833 3271 4888 ibid.
3302 4834 3354 4902 7,
3387 4834 3442 4889 8.
3521 4834 3564 4866 ‘°
3593 4832 3748 4888 Psal.

2095 5024 2192 5074 τοῦ
2249 5019 2576 5096 πνερμᾳτος.
2635 5017 2695 5071 Τί
2753 5037 2962 5096 uenatu;
3018 5017 3099 5074 ὅτι
3148 5021 3362 5096 ’ῐηεξοῦς
3420 5017 3746 5096 ὑπέστρεψεν

2102 5091 2151 5146 ἐν
2204 5095 2276 5163 ςῇ
2317 5087 2559 5163 νδύνάεέιε.
2609 5093 2705 5163 toﬁ
2762 5087 3106 5163 ὴνεύματος.
3163 5087 3258 5144 Καὶ
3308 5087 3637 5163 προᾳὲθηκὲν
3666 5087 3750 5143 ’ἐν

2098 5166 2165 5226 τῇ
2200 5157 2422 5233 suvius:
2475 5157 2566 5214 διὰ
2620 5161 2709 5214 τὸν
2771 5157 3011 5230 ἀθλήτὴν
3061 5161 3148 5216 τὸν
3181 5157 3752 5231 νενικήκὸταζριιαη-

2097 5235 2385 5304 doquidem
2414 5239 2727 5288 certaturus
2756 5243 2876 5288 erat
2901 5245 3092 5290 contra
3131 5234 3449 5300 diabolum,
3483 5236 3542 5289 in
3574 5239 3752 5289 tenta-

2098 5309 2244 5362 lione
2275 5307 2355 5378 bis
2383 5307 2705 5360 nominatur
2740 5307 2968 5375 spiritus
2995 5307 3201 5378 absque
3227 5307 3341 5360 ullo
3357 5307 3748 5360 additamenta.

2096 5377 2325 5448 Quando
2355 5393 2481 5434 vera
2507 5383 2614 5432 tres
2663 5380 2986 5432 tentationes
3043 5395 3178 5448 quas
3225 5378 3508 5448 Scriptura
3557 5381 3746 5448 refert,

2093 5451 2387 5520 pugnando
2416 5453 2712 5519 superavit,
2747 5449 2958 5504 attende
2985 5466 3148 5520 quam
3180 5458 3430 5504 accurate
3452 5451 3748 5519 Scriptura

2093 5524 2353 5591 loquatur
2381 5522 2447 5575 de
2475 5521 2696 5590 spiritu.
2726 5521 2865 5587 Quid
2903 5523 3026 5574 ait?
3053 5521 3336 5576 Reversus
3367 5525 3457 5576 est
3485 5521 3658 5576 Jesus
3682 5521 3743 5575 in

2093 5593 2306 5664 virtute
2365 5593 2630 5662 spiritus.
2686 5592 2751 5664 ξε
2805 5591 3046 5646 addidit:
3111 5593 3170 5648 in
3227 5593 3462 5658 virtute,
3515 5596 3745 5664 propter

2091 5663 2314 5720 athletae
2346 5661 2648 5718 victoriam.
2685 5661 2920 5724 Romus.
