4058 6190
306 353 431 424 813

689 356 1189 425 TRANSLATIO
1236 361 1733 427 HOMILIARUM
1782 359 2148 425 ORIGENIS
2191 360 2267 423 IN
2318 358 2609 425 LUCAM.
2643 360 3019 424 -——HOMIL.
3066 357 3341 424 XXXIII.

3603 341 3724 419 3M

311 490 413 552 Illo
440 496 710 568 tempore
737 511 855 568 quo
903 497 1131 551 tantum
1164 494 1225 552 in
1272 512 1390 552 una
1428 494 1724 569 provincia
1754 513 1965 569 cogno-
1995 497 2050 564 Α
2077 496 2451 556 Salvatorem.
2476 482 2621 555 Cum
2643 496 2799 555 enim
2832 493 3215 569 principalem
3240 493 3432 553 cordis
3461 492 3547 551 tui
3579 493 3728 551 dire-

307 582 605 643 Icebatur.
642 584 845 640 Deinde
873 584 1018 640 venit
1049 585 1324 642 Namreth
1353 586 1451 642 ubi
1491 588 1735 643 nutritus
1755 587 1960 658 fuerat,

310 683 367 733 et
396 676 672 746 ingressus
694 676 861 746 juxta
890 662 1095 730 morem
1126 676 1186 731 in
1232 692 1568 748 synagogam
1595 676 1682 732 die
1710 676 1963 733 sabbato-

310 780 464 830 rum,
492 764 738 820 surrexit
767 763 964 832 legere,
1013 768 1064 818 et
1108 764 1269 821 dotus
1298 770 1379 821 est
1407 767 1464 823 ei
1510 766 1653 822 liber
1693 767 1965 838 propheta:

310 854 557 923 lsaiae,et
588 852 864 907 revolvens
895 851 1101 908 librum
1128 856 1177 909 et
1199 854 1376 909 locum
1392 856 1488 910 ubi
1512 858 1630 909 erat
1658 857 1925 926 scriptum
1949 870 1962 908 :

312 941 556 1013 Spiritus
587 942 808 997 Domini
832 958 997 1012 super
1043 959 1149 1010 me,
1198 947 1423 1015 propter
1471 944 1610 1016 quod
1652 946 1816 1000 unxit
1857 959 1962 999 me.

309 1031 443 1089 Non
472 1030 712 1086 fortuitu
746 1030 987 1086 revolvit
1018 1030 1256 1099 librum,
1283 1039 1338 1088 et
1371 1034 1521 1105 apud
1556 1051 1618 1089 se
1644 1032 1968 1090 vaticinans

313 1119 537 1194 reperit
566 1119 857 1190 lectiones,
910 1120 1010 1176 sed
1042 1125 1099 1176 et
1127 1121 1235 1176 hoc
1286 1123 1657 1194 providentiae
1711 1122 1805 1177 Dei
1839 1122 1966 1177 fuit.

316 1210 485 1269 Sicut
529 1208 683 1265 enim
728 1208 1012 1282 scriptum
1081 1214 1203 1265 est:
1256 1214 1314 1268 In
1374 1212 1630 1283 laqueum
1671 1227 1782 1268 non
1826 1211 1972 1267 cadit

308 1315 504 1372 passer
528 1299 648 1354 sine
677 1300 971 1354 voluntate
1010 1302 1213 1355 Patris.
1262 1301 1327 1357 Et
1371 1302 1510 1374 quia
1554 1302 1749 1374 capilli
1775 1302 1972 1372 cupitis

310 1387 715 1462 apostolorum
763 1405 948 1444 omnes
988 1392 1265 1446 numerati
1309 1399 1436 1446 sunt
1461 1392 1542 1447 ⁴²ε
1598 1392 1680 1446 sic
1728 1392 1968 1446 forsitan

314 1483 374 1536 et
401 1477 511 1533 boc
552 1477 709 1550 quod
758 1478 919 1533 Isaias
953 1478 1325 1551 potissimum
1360 1478 1508 1535 liber
1538 1480 1805 1536 inventus
1835 1483 1923 1535 est
1953 1496 1968 1546 ;

314 1573 375 1624 et
402 1566 573 1624 lectio
601 1583 716 1623 non
748 1567 883 1635 alia,
919 1569 1017 1623 sed
1070 1568 1189 1624 haec
1220 1586 1344 1638 qum
1374 1568 1585 1625 Christi
1623 1569 1970 1642 mysterium

310 1653 703 1729 loquebatur:
738 1655 976 1727 Spiritus
1006 1658 1223 1713 Domini
1257 1675 1425 1730 super
1448 1675 1551 1730 me,
1582 1668 1805 1731 propter
1831 1658 1974 1730 quod

313 1747 483 1801 unxit
512 1761 597 1801 me
626 1745 691 1815 ⁸³,
723 1744 991 1801 Christus
1024 1750 1113 1802 est
1141 1747 1297 1803 enim
1330 1748 1426 1817 qui
1474 1748 1586 1804 ista
1616 1763 1970 1803 commemo-

313 1839 427 1902 rat,
470 1851 588 1890 non
618 1839 684 1889 ut
718 1833 858 1890 libet
886 1839 945 1890 et
994 1852 1132 1891 casu
1163 1836 1394 1892 venisse
1425 1837 1830 1893 arbitrandum
1863 1839 1951 1891 est.

317 1924 422 1981 sed
456 1922 840 1997 providentia,
879 1928 939 1980 et
988 1923 1429 1996 dispensatione
1486 1926 1601 1982 Dei.
1666 1927 1800 1991 Quae
1840 1930 1980 1981 sunt

316 2012 500 2086 igitur
530 2029 658 2085 qua:
689 2012 748 2067 in
780 2013 1066 2086 propheta
1094 2013 1465 2085 loquebatur,
1498 2021 1554 2071 et
1581 2020 1785 2088 postea
1816 2016 1885 2071 de
1917 2031 1979 2071 se

315 2100 445 2175 ipse
474 2102 536 2157 in
568 2118 867 2175 synagoga
893 2107 1163 2174 personet
1191 2104 1676 2176 contemplemur.
1699 2105 1981 2175 Evangeli-

317 2206 449 2248 ωτι
478 2189 606 2261 (ait)
633 2192 968 2263 pauperibus
1001 2193 1158 2247 misit
1201 2208 1308 2248 me.
1361 2192 1673 2266 Pauperes,
1714 2193 1980 2249 nationes
2010 2234 2021 2249 .

321 2278 678 2353 signiﬁcant.
712 2280 823 2351 (89)
849 2281 946 2336 Isti
980 2280 1133 2336 enim
1168 2286 1333 2336 erant
1357 2298 1662 2353 pauperes,
1686 2281 1828 2337 nihil
1860 2298 1981 2338 om-

320 2368 462 2425 nino
499 2368 890 2441 possidentes,
916 2386 1029 2425 non
1060 2375 1263 2436 Deum,
1298 2388 1409 2425 non
1450 2376 1674 2442 Legem,
1708 2389 1823 2427 non
1845 2370 1981 2426 Pro-

320 2457 556 2530 phetas,
611 2474 725 2513 non
766 2458 1089 2528 justitiam,
1149 2459 1521 2532 reliquasque
1575 2460 1840 2515 virtutes.
1896 2461 1980 2516 Ub

325 2564 507 2620 quam
537 2563 776 2603 causam
809 2547 970 2603 misit
998 2544 1130 2604 eum
1156 2549 1329 2617 Deus,
1364 2553 1427 2604 ut
1449 2549 1804 2622 pauperibus
1837 2567 1983 2605 nun-

321 2636 500 2692 tiaret
529 2653 542 2691 :
573 2636 888 2694 Praedicare
916 2639 1153 2710 captivis
1194 2640 1591 2694 remissionem.
1625 2639 1841 2711 Captivi
1877 2656 1981 2694 nos

318 2725 571 2791 fuimus,
602 2741 751 2798 quos
780 2725 957 2781 tantis
974 2724 1149 2782 annis
1174 2726 1436 2782 vinxerat
1468 2729 1735 2793 Satanas,
1760 2727 2003 2785 habens‘

312 2813 604 2886 captivos,
642 2813 872 2885 sibique
918 2814 1237 2885 subjectos.
1269 2814 1439 2871 Venit
1467 2816 1639 2872 Jesus
1670 2817 1982 2887 praedicare

313 2902 568 2974 captivis
586 2902 1016 2968 remissionem,
1044 2908 1101 2959 et
1117 2904 1283 2959 caecis
1315 2909 1380 2959 ut
1400 2905 1677 2960 viderent.
1703 2906 1981 2961 Sermone

312 2992 559 3065 quippe,
593 2995 651 3047 et
681 2990 1092 3063 praedicatione
1124 2992 1401 3047 doctrinae
1420 2995 1569 3064 ejus,
1594 2994 1727 3049 caeci
1761 2994 1979 3049 vident.

196 3126 215 3131 -
311 3079 661 3137 Praedicatio
690 3096 826 3151 ergo
859 3079 1224 3136 remissionis
1250 3080 1610 3152 intelligatur
1641 3099 1751 3137 non
1789 3082 1980 3137 solum

315 3186 500 3241 super
547 3169 812 3240 captivis,
872 3169 970 3223 sed
1005 3169 1182 3225 etiam
1226 3186 1401 3242 super
1441 3170 1626 3225 caecis.
1687 3172 1983 3228 845-46

320 3260 587 3317 Emittere
609 3260 911 3329 confractos
940 3259 999 3313 in
1043 3258 1370 3314 libertatem.
1420 3259 1568 3324 Quid
1615 3259 1697 3314 ita
1729 3260 1977 3315 fractum
2009 3244 2051 3309 C

318 3351 500 3420 atque
521 3345 793 3404 collisum
819 3347 947 3412 fuit,
973 3352 1037 3402 ut
1059 3346 1233 3404 homo
1251 3348 1350 3420 qui
1374 3365 1407 3403 a
1427 3348 1563 3404 Je'su
1589 3348 1873 3404 dimissus
1891 3352 1980 3403 est

313 3440 374 3493 et
392 3435 674 3493 sanatus?
687 3437 1001 3494 Praedicare
1022 3454 1231 3492 annum
1249 3438 1469 3494 Domini
1487 3442 1785 3509 acceptum.
1805 3439 1982 3494 Juxta

316 3524 648 3598 simplicem
680 3525 1129 3597 intelligentiam
1162 3526 1351 3592 aiunt,
1384 3543 1502 3583 uno
1533 3544 1686 3581 anno
1717 3527 1980 3583 Salvato-

316 3630 446 3671 rem
474 3613 537 3669 in
566 3613 772 3671 Judaaa
822 3614 1200 3685 Evangelium
1236 3616 1599 3688 praedicasse,
1632 3621 1689 3672 et
1718 3616 1827 3671 hoc
1852 3633 1983 3675 esse

319 3703 483 3777 quod
519 3702 770 3759 dicitur:
821 3704 1135 3759 Praedicare
1163 3721 1374 3760 annum
1423 3706 1642 3760 Domini
1676 3712 1981 3777 acceptum,

316 3798 372 3849 et
399 3792 550 3849 diem
580 3794 962 3849 retributionis
982 3811 1000 3848 :
1033 3793 1146 3848 nisi
1177 3795 1322 3849 forte
1352 3794 1591 3866 quidam
1627 3793 1981 3849 sacramenti

318 3882 382 3937 in
418 3881 832 3954 praedicatione
855 3882 992 3937 anni
1017 3881 1249 3937 Domini
1285 3867 1517 3937 divinus
1539 3896 1733 3937 sermo
1756 3881 1979 3954 signiﬁ-

320 3974 445 4026 cat.
481 3969 685 4024 Futuri
714 3975 850 4025 sunt
884 3970 1037 4025 enim
1081 3969 1177 4025 alii
1228 3968 1373 4036 dies,
1426 3986 1539 4025 non
1588 3968 1733 4025 tales
1780 3968 1983 4041 quales

321 4073 488 4115 nunc
520 4058 580 4113 in
611 4060 828 4115 mundo
848 4058 1168 4127 cernimus,
1204 4064 1262 4114 et
1291 4075 1524 4114 menses
1569 4057 1689 4121 alii,
1710 4063 1765 4113 et
1787 4058 1988 4114 kalen-

322 4147 537 4203 darum
560 4147 702 4203 ordo
728 4147 1014 4204 diversus.
1065 4147 1229 4203 Sicut
1269 4146 1448 4218 igitur
1478 4146 1591 4201 ista
1621 4146 1755 4213 alia,
1780 4147 1863 4201 sic
1891 4163 1987 4201 an-

323 4251 441 4292 nus
490 4234 718 4291 Domini
755 4235 989 4291 futnrus
1021 4242 1107 4291 est
1132 4235 1388 4307 placens.
1422 4236 1539 4291 Ista
1561 4240 1755 4291 autem
1789 4235 1987 4291 omnia

324 4324 608 4397 praedicta
636 4330 798 4392 sunt,
835 4330 900 4381 ut
948 4329 1079 4397 post
1126 4325 1409 4380 visionem
1456 4342 1523 4379 ex
1553 4324 1823 4389 caecitate,
1858 4328 1989 4395 post

324 4411 659 4470 libertatem
711 4430 781 4470 ex
828 4413 1103 4483 vinculis,
1155 4417 1289 4486 post
1317 4412 1627 4470 sanitatem
1671 4430 1704 4468 a
1740 4411 1987 4468 diversis

324 4500 699 4571 vulneribus,
726 4502 1034 4559 veniamus
1057 4502 1127 4559 ad
1146 4519 1365 4558 annum
1402 4502 1628 4558 Domini
1657 4506 1984 4574 acceptum.

2076 589 2229 647 xeris
2259 587 2439 645 aciem
2491 587 2562 644 ad
2609 585 2979 660 sapientiam,
3028 590 3085 642 et
3127 585 3448 652 veritatem,
3503 584 3723 657 Deique

2074 678 2452 753 Unigenitum
2474 676 3011 751 contemplandum,
3035 674 3189 732 oculi
3210 674 3293 731 tui
3311 675 3613 731 intuentur
3631 674 3723 731 Je-

2075 786 2229 825 sum.
2263 768 2437 824 Beata
2466 766 2855 840 congregatio,
2892 766 2962 821 de
2991 782 3106 837 qua
3123 764 3426 836 Scriptura
3454 768 3723 830 testatur,

2078 857 2233 931 quod
2256 858 2518 913 omnium
2539 855 2689 912 oculi
2714 860 2879 912 erant
2894 856 3263 911 attendentes
3283 854 3344 908 in
3363 870 3519 909 eum.
3539 853 3722 917 Quam

2076 945 2279 1002 vellem
2313 946 2493 1002 istum
2528 950 2740 1001 coetum
2764 944 2955 1001 simile
2974 944 3189 999 habere
3209 942 3640 1001 testimonium.
3661 944 3726 1017 ut

2078 1035 2342 1092 omnium
2376 1034 2551 1104 oculi,
2583 1039 2641 1090 et
2683 1034 3234 1111 catechumenorum
3267 1037 3324 1088 et
3354 1030 3638 1097 fidelium,
3670 1034 3728 1085 et

2082 1124 2392 1181 mulierum
2423 1128 2480 1179 et
2529 1122 2807 1189 virorum,
2841 1128 2898 1178 et
2945 1122 3260 1178 infantium
3310 1138 3423 1177 non
3467 1119 3727 1191 corporis

2080 1213 2254 1281 oculi,
2288 1213 2387 1270 sed
2419 1213 2624 1269 anima
2657 1212 2982 1284 aspicerent
3003 1212 3205 1268 Jesum
3233 1211 3246 1265 !
3276 1216 3418 1266 Cum
3453 1208 3605 1265 enim
3641 1224 3728 1263 re-

2082 1301 2385 1376 spexeritis
2417 1302 2483 1356 ad
2510 1319 2667 1365 eum,
2699 1302 2769 1357 de
2799 1300 3021 1357 lumine
3046 1300 3173 1371 ejus
3194 1304 3249 1356 et
3277 1299 3496 1354 intuitu
3529 1296 3732 1353 clario-

2083 1409 2177 1449 res
2205 1390 2377 1447 vestri
2412 1390 2607 1447 vultus
2632 1395 2823 1456 erunt,
2871 1395 2927 1446 et
2955 1390 3144 1447 dicere
3188 1389 3488 1461 poteritis:
3540 1388 3734 1459 Signa-

2081 1470 2196 1537 tum
2245 1489 2325 1536 est
2376 1498 2541 1552 super
2594 1496 2691 1536 nos
2752 1481 2933 1535 lumen
2990 1479 3174 1534 vultus
3228 1480 3333 1544 tui,
3384 1478 3611 1533 Domine
3662 1476 3727 1529 “.

2081 1569 2183 1627 Cui
2207 1575 2296 1625 est
2326 1568 2511 1643 gloria
2559 1576 2614 1627 el
2655 1568 2969 1642 imperium
3016 1568 3075 1624 in
3108 1566 3321 1624 saecula
3358 1566 3733 1623 saeculorum.

2081 1661 2285 1715 Amen.

2606 1776 2907 1833 HOMILIA
2947 1775 3201 1832 XXXIII.

1956 1878 1970 1939 ξ
2006 1873 2054 1939 Β
2086 1867 2160 1922 De
2182 1882 2242 1939 eo
2271 1866 2419 1939 quod
2465 1867 2735 1937 scriptum
2785 1874 2903 1922 est:
2943 1885 2963 1912 α
3018 1865 3210 1935 Utique
3229 1862 3412 1939 dicitis
3458 1860 3601 1939 mihi
3644 1876 3738 1929 pa-

2159 1932 2403 1993 robo'lam
2434 1932 2614 2001 istam,
2666 1960 2693 1987 υ
2742 1941 2793 1992 et
2818 1940 3034 2000 caetera,
3080 1932 3248 2006 usque
3287 1934 3357 2006 ad
3398 1949 3523 1990 eum
3558 1932 3737 2006 locum

2159 2011 2257 2065 ubi
2283 2011 2401 2063 ait:
2452 2032 2480 2057 «
2521 2008 2625 2063 Sed
2671 2009 2859 2065 nullus
2901 2024 3088 2063 eorum
3134 2004 3429 2061 mundatus
3476 2013 3574 2071 est,
3625 2004 3742 2057 nisi

2159 2082 2401 2136 Naaman
2438 2080 2626 2151 Syrus.
2658 2102 2686 2130 »
2720 2083 2855 2151 Cap.
2890 2094 2963 2134 ιν.

2160 2194 2223 2250 In
2254 2195 2686 2267 Capharnaum,
2721 2199 3008 2268 quantum
3032 2194 3104 2249 ad
3129 2192 3313 2249 lucem
3338 2190 3595 2247 historia:
3618 2205 3742 2262 per-

2088 2283 2252 2351 tinet,
2286 2285 2537 2340 necdum
2560 2289 2823 2340 moratus
2850 2288 2937 2339 est
2954 2283 3149 2350 Jesus,
3183 2298 3289 2337 nec
3321 2280 3554 2353 aliquod
3587 2279 3647 2335 in
3673 2295 3741 2335 ea

2090 2372 2325 2444 signum
2355 2373 2563 2429 fecisse
2583 2373 2954 2437 describitur,
2983 2372 3200 2444 quippe
3229 2371 3289 2426 in
3320 2387 3438 2444 qua
3458 2386 3571 2424 non
3608 2368 3735 2423 fuit.

2093 2465 2267 2518 Porro
2299 2467 2613 2535 antequam
2645 2462 2869 2518 veniret
2906 2461 2966 2517 in
2995 2460 3426 2533 Capharnaum,
3459 2458 3516 2513 in
3550 2459 3740 2530 patria

2090 2568 2217 2622 sua,
2249 2551 2358 2606 hoc
2386 2556 2493 2619 est,
2526 2551 2583 2607 in
2616 2551 2898 2608 Nazaretb
2923 2551 3103 2607 fuisse
3132 2550 3417 2623 signatur.
3448 2550 3636 2619 Utique
3662 2548 3743 2603 di-

2089 2642 2216 2697 citis
2244 2642 2386 2696 mihi
2421 2642 2753 2713 parabolum
2799 2643 3003 2697 istam:
3044 2641 3258 2707 Medice,
3310 2656 3443 2695 cura
3490 2640 3741 2711 teipsum.

2092 2731 2438 2802 Quaecunque
2467 2730 2780 2786 audivimus
2818 2733 2965 2802 facta
3012 2733 3075 2786 in
3123 2729 3529 2801 Capharnaum,
3575 2730 3667 2798 [ac
3694 2729 3748 2782 et

2092 2819 2179 2874 hic
2228 2820 2502 2890 impatria
2528 2824 2645 2875 tua.
2698 2818 2861 2873 Unde
2911 2822 3049 2891 puto
3097 2817 3319 2888 aliquid
3370 2816 3429 2870 in
3471 2830 3743 2869 sermone

2091 2907 2361 2980 przesenti
2401 2907 2631 2963 latitare
2663 2908 2946 2980 mysterii,
2988 2912 3043 2962 et
3068 2904 3351 2961 Nazareth
3382 2904 3439 2958 in
3471 2907 3606 2976 typo
3634 2901 3737 2958 Ju-

2092 2997 2373 3064 daeorum,
2420 2996 2830 3068 Capharnaum
2878 2996 2935 3051 in
2968 3002 3103 3067 typo
3152 2992 3518 3067 praecessisse
3548 2989 3740 3063 genti-

2091 3084 2258 3140 lium.
2292 3086 2493 3140 Sciens
2524 3086 2721 3156 itaque
2748 3085 2923 3140 Jesus
2956 3084 3109 3156 quod
3138 3099 3250 3137 non
3282 3081 3524 3137 haberet
3552 3079 3611 3134 in
3646 3091 3743 3150 pa-

2090 3173 2202 3229 tria
2233 3190 2341 3228 sua
2370 3173 2671 3243 honorem,
2706 3191 2812 3229 nec
2842 3174 2988 3245 ipse,
3024 3189 3127 3228 nec
3158 3169 3446 3242 Propheta
3473 3184 3577 3224 nec
3608 3182 3745 3239 apo-

2091 3262 2225 3318 stoli
2251 3261 2439 3318 noluit
2465 3262 2544 3318 ibi
2581 3262 2915 3335 prmdicare,
2950 3261 3047 3318 sed
3085 3258 3418 3334 przedicavit
3463 3258 3522 3312 in
3556 3255 3742 3329 genti-

2091 3353 2222 3419 bus,
2256 3368 2329 3406 ne
2378 3351 2488 3407 sibi
2538 3369 2571 3407 a
2619 3350 2816 3423 patriae
2867 3368 2984 3407 suae
3016 3349 3356 3405 hominibus
3413 3346 3741 3403 diceretur:

2095 3441 2283 3512 Utique
2322 3441 2505 3495 dicitis
2532 3441 2675 3496 mihi
2718 3440 3047 3511 parabolam
3092 3440 3288 3493 istam:
3324 3435 3549 3501 Mediae,
3609 3449 3744 3489 cura

2089 3530 2342 3600 leipsum.
2377 3529 2499 3584 Erit
2526 3528 2681 3583 enim
2715 3533 2946 3599 tempus
2978 3527 3211 3599 quando
3244 3526 3507 3581 dicturus
3538 3522 3618 3577 sit
3648 3538 3747 3593 po-

2092 3618 2269 3690 pulus
2306 3618 2640 3673 Judaeorum
2668 3634 2681 3671 :
2729 3619 3098 3689 Quaecunque
3142 3614 3339 3671 audivi
3372 3614 3521 3669 facta
3549 3611 3605 3666 in
3638 3611 3741 3667 Ca-

2093 3707 2424 3780 pharnaum
2456 3708 2609 3779 apud
2645 3713 2847 3778 gentes
2869 3706 3038 3779 signa
3061 3709 3232 3776 atque
3254 3707 3539 3776 portenta,
3574 3701 3663 3756 fac
3688 3702 3746 3754 et

2094 3796 2249 3868 apud
2291 3812 2396 3851 nos
2429 3795 2487 3850 in
2537 3795 2726 3867 patria
2755 3801 2875 3850 tua.
2929 3795 3064 3858 Quae
3113 3791 3420 3848 ostendisti
3471 3790 3742 3845 universo

2094 3884 2240 3949 orbi,
2283 3884 2525 3939 ostende
2564 3889 2621 3940 et
2651 3884 2840 3939 nobis.
2892 3883 3148 3939 Prasdica
3191 3896 3522 3937 sermonem
3570 3882 3743 3931 tuum

2095 3972 2312 4044 Dopulo
2342 3972 2519 4028 Israel
2546 3991 2561 4040 ;
2585 3978 2649 4027 ut
2678 3972 2886 4028 saltem
2918 3988 3049 4026 cum
3100 3968 3406 4025 intraverit
3448 3964 3745 4037 plenitudo

2095 4059 2379 4133 gentium,
2412 4067 2551 4117 tunc
2578 4062 2771 4116 omnis
2796 4060 2973 4115 Israel
3004 4058 3206 4115 saluus
3239 4057 3340 4111 fiat
3360 4055 3422 4109 ⁸⁸.
3458 4051 3748 4118 Quamob-

2097 4166 2220 4205 rem
2251 4150 2392 4205 mihi
2444 4150 2675 4206 videtur
2724 4148 3107 4222 consequenti
3166 4145 3367 4201 ordine
3415 4140 3746 4197 Nazarzenis

2098 4238 2595 4312 interrogantibus
2648 4236 3015 4311 respondisse
3054 4234 3351 4291 Salvator:
3404 4234 3573 4288 Nemo
3614 4246 3747 4302 pro-

2094 4327 2255 4399 pheta
2282 4331 2533 4399 acceptus
2563 4331 2639 4382 est
2671 4329 2730 4380 in
2769 4327 2954 4397 patrir
2998 4340 3121 4379 sua.
3154 4322 3223 4377 Et
3252 4327 3391 4394 puto
3423 4319 3553 4391 plus
3578 4320 3748 4390 juxta

2096 4420 2554 4485 sacramentum,
2605 4430 2783 4484 quam
2823 4415 2994 4483 juxta
3046 4410 3297 4466 litteram
3355 4426 3554 4464 verum
3619 4422 3748 4464 esse

2097 4505 2252 4575 quod
2285 4504 2520 4569 dicitur,
2565 4502 2698 4558 licet
2725 4501 3009 4558 Jeremias
3038 4501 3095 4555 in
3141 4498 3393 4555 Anatoth
3427 4497 3612 4569 patria
3640 4512 3749 4551 sua

329 4590 467 4647 Cum
492 4591 648 4647 enim
677 4591 796 4649 haec
823 4593 1037 4664 legisset
1066 4594 1239 4659 Jesus,
1287 4593 1567 4647 involvens
1610 4591 1816 4646 librum
1863 4590 1986 4647 red-
2016 4613 2065 4677 D
2097 4610 2215 4650 non
2245 4592 2420 4648 fuerit
2446 4597 2739 4663 acceptus,
2771 4596 2827 4647 et
2856 4590 3058 4657 Isaias,
3092 4603 3478 4677 quascumque
3508 4585 3748 4677 fuit-pa-

326 4679 472 4737 didit
500 4682 787 4749 ministro,
821 4686 872 4738 et
901 4682 1060 4749 sedit,
1103 4686 1153 4737 et
1184 4682 1429 4737 omnium
1460 4681 1608 4737 oculi
1632 4688 1789 4736 erant
1816 4681 1872 4734 in
1903 4696 1990 4753 sy-

328 4785 549 4841 nagoga
578 4770 915 4827 attendentes
941 4773 1000 4825 in
1022 4787 1168 4826 eum.
1194 4774 1264 4825 Et
1293 4786 1449 4826 nunc
1480 4769 1529 4825 si
1561 4768 1757 4837 vultis,
1790 4768 1849 4822 in
1881 4768 1989 4824 hac

324 4873 633 4934 synagoga
660 4864 930 4932 cestuque
960 4863 1209 4932 possunt
1237 4858 1389 4914 oculi
1412 4857 1585 4915 vestri
1608 4858 1906 4913 attendere
1928 4856 1986 4912 in

2099 4680 2210 4735 tria
2233 4680 2408 4747 illius,
2442 4684 2499 4736 et
2527 4679 2735 4751 reliqui
2768 4678 3100 4752 prophetae;
3135 4676 3235 4732 sed
3272 4674 3460 4746 magis
3491 4672 3635 4728 mihi
3667 4671 3746 4725 vi-

2098 4770 2271 4826 detur
2314 4769 2397 4826 sic
2425 4768 2698 4847 intelligi,
2749 4770 2861 4841 (90)
2895 4774 2960 4822 ut
2987 4767 3253 4822 dicamus
3286 4762 3538 4836 patriam
3570 4760 3752 4816 fuisse

2097 4856 2362 4914 omnium
2393 4856 2830 4930 prophetarum,
2852 4853 3159 4928 populum,
3188 4849 3671 4921 circumcisionis,
3694 4852 3754 4904 et

400 4988 447 5022 ⁸⁸
495 4985 701 5044 Matth.
750 5002 808 5050 χ,
865 4985 955 5041 30.
1002 4984 1048 5019 ⁸⁸
1092 4983 1203 5039 lsa.
1251 5001 1360 5056 LXI,
1413 4984 1467 5039 1.
1516 4982 1560 5016 “
1609 4981 1761 5038 Psal.
1809 4998 1885 5048 ιν,
1930 4984 1978 5034 7.

2094 4982 2107 5017 ⁵
2136 4982 2302 5039 Rom.
2333 5000 2410 5039 χι.
2444 4983 2533 5050 25,
2562 4984 2653 5037 26.

400 5128 793 5201 _Ea:dem
855 5125 1127 5201 s_chedte_:
1164 5122 1329 5201 Αὐτοὶ
1393 5125 1495 5201 γὰρ
1555 5124 1688 5201 ἦσαν
1750 5122 1989 5201 πτωχοὶ,

332 5193 509 5275 Mea;
543 5196 782 5275 ἔχοντες,
823 5198 900 5269 μή
934 5196 1062 5251 Θεὸν
1095 5193 1147 5250 ἐν
1180 5193 1495 5271 γνώσει,’μῆ
1520 5195 1713 5268 νόμον,
1751 5195 1825 5267 μὴ
1858 5193 1990 5268 epo-

332 5273 679 5348 φήῑσες-ζ,
906 5340 918 5348 .
999 5342 1012 5348 -
1147 5306 1181 5348 ;

402 5337 520 5413 (99)
551 5343 780 5413 Eadem
838 5340 1067 5413 schedaa
1099 5357 1121 5413 :A
1147 5337 1347 5411 Πατρὶς
1399 5337 1493 5413 μξν
1537 5338 1640 5413 γριρ
1683 5342 1811 5413 sibi:
1853 5356 1987 5413 προ-

371 5405 522 5483 ηίτῶέι
555 5414 583 5468 ὁ
609 5412 668 5468 ἐκ
696 5417 1004 5501 περιτομῆς
1037 5408 1189 5478 λαὸς,
1239 5405 1363 5483 τὲαρ’
1401 5405 1496 5471 ὀἷς
1529 5405 1628 5462 otii
1655 5408 1755 5462 εἰσὶ
1789 5405 1986 5463 δεδι-ἑοὶ.

329 5435 524 5542 ὶμεῖς
556 5483 615 5540 δὲ
658 5484 711 5538 oi
760 5481 1048 5542 αλλότριοι
1095 5486 1204 5536 τῶν
1261 5477 1530 5542 διαθηκῶν
1575 5479 1665 5533 καὶ
1713 5480 1850 5542 ξένοι
1882 5485 1985 5534 τῶν

331 5477 524 5557 ’Ἡμεῖς
556 5483 615 5540 δὲ
658 5484 711 5538 οἳ
760 5477 1048 5555 ἆλλᾶτριοι
1095 5477 1204 5536 τῶν
1261 5477 1530 5550 διὰθηκῶν
1575 5479 1665 5533 καὶ
1713 5480 1850 5550 ξένοι
1882 5485 1985 5534 τῶν

331 5550 680 5640 επαχχελιῶν
714 5552 1006 5640 ἒξεξάμξθα
1041 5552 1182 5640 ’γοὺς
1226 5553 1529 5640 ξιτροφιζτοιςν
1559 5552 1817 5640 aloe-.15
1862 5571 1989 5640 np?-

2103 5121 2321 5197 ’ξᾳραὴλ
2380 5128 2475 5197 τοῦ
2524 5123 2747 5197 ἀκοᾷᾳαι
2799 5119 2974 5197 Δλόγου
3032 5124 3183 5176 Θεοῦ.
3247 5118 3359 5197 ΙξοιὶΔ
3404 5117 3528 5192 περὶ
3579 5119 3746 5197 ᾑμεῶν

2104 5185 2331 5269 εἷ’ῥητὰι-
2373 5194 2457 5269 ὅτι
2510 5191 2701 5269 [Iolla
2753 5194 2821 5246 τὰ
2874 5185 3034 5269 {sava
3074 5198 3206 5269 ..τῆς
3250 5185 3485 5269 ,ἐρῄμρό
3535 5185 3747 5269 ιέᾶλζλον

2102 5256 2267 5340 tiri:
2315 5264 2551 5340 ἐχούσης
2607 5260 2814 5340 ὁὶνδροι-,
2858 5264 2955 5340 Καὶ
3014 5256 3179 5340 πάλι)
3225 5256 3303 5340 .ἡ’
3334 5256 3487 5340 iis"
3536 5256 3746 5340 Γρριιὶήν

2100 5330 2183 5389 {in
2225 5330 2423 5411 -στεῗροι
2479 5330 2624 5390 ἔέτεκε
2658 5379 2671 5403 ,
2707 5330 2819 5388 ’καὶ
2972 5332 3158 5402 πολλὴ
3222 5330 3273 5388 ἐν
3330 5330 3537 5411 τὲκλι-οι..
3579 5330 3752 5411 isitit-

2099 5427 2248 5477 νησε.
2282 5406 2475 5465 Patria
2514 5410 2659 5464 enim
2699 5407 3091 5479 prophetarum
3138 5416 3257 5462 erat
3290 5407 3620 5479 papulusea:
3647 5406 3756 5459 cir-

2099 5482 2448 5548 cumcisione,
2482 5481 2635 5548 apud
2665 5476 2819 5550 quem
2849 5495 2959 5535 non
2984 5481 3211 5547 fuerunt
3252 5476 3475 5548 accepti.
3527 5476 3630 5550 Nos
3658 5491 3757 5550 au-

2099 5560 2205 5607 tem
2229 5554 2325 5623 qui
2369 5547 2549 5606 alieni
2592 5547 2816 5606 eramus
2863 5568 2898 5606 a
2946 5555 3283 5623 testamento,
3331 5547 3383 5604 et
3406 5547 3686 5623 peregrini
3712 5562 3750 5613 α

328 5618 672 5704 κηρῦέαντας
728 5618 1001 5705 Χρὶσιξδιίη
1031 5621 1170 5698 ἤπερ
1194 5618 1438 5705 κᾶεἶῦοἰ*
1491 5618 1687 5705 ὥσπξρ
1720 5618 1815 5705 icti
1866 5618 1978 5705 ἦέ]

2096 5618 2575 5705 promissionibus,
2619 5624 2906 5694 prophetas
2936 5624 3037 5693 qui
3066 5618 3747 5705 _Christuni_praenuntiq-

332 5694 640 5775 Σᾶρὲαἷττοις
706 5694 799 5753 re»)
878 5694 1065 5752 Ἠλίαν
1113 5737 1128 5762 ,

1194 5692 1363 5768 λιμοῦ
1431 5686 1728 5770 γενομέὖου
1798 5692 1848 5747 ἐν
1891 5686 1978 5765 ’τᾷ

2096 5686 2252 5765 runt,
2284 5699 2395 5751 toto
2424 5694 2584 5751 corde
2614 5686 2910 5767 recepimus
2929 5686 3105 5765 magis
3137 5710 3304 5767 quam
3325 5686 3418 5748 illi
3442 5708 3455 5758 ;
3486 5686 3743 5762 quemad-
