4058 6190
322 374 437 442 315

324 627 494 683 porro
528 610 794 670 nationes
841 632 969 687 quae
997 615 1168 687 longe
1210 618 1440 677 l'uerant
1468 637 1500 675 a
1543 619 1863 693 prophetis,
1914 624 1973 676 et

323 716 523 756 eorum
558 703 827 761 notitiam
877 724 991 762 non
1041 708 1358 778 habebant,
1407 710 1737 783 suscepisse
1767 710 1971 767 vatici-

322 790 487 847 nium
518 792 659 850 Jesu
694 794 926 855 Christi.
971 798 1154 855 Nemo
1204 804 1292 856 est
1322 817 1458 875 ergo
1491 801 1772 873 prOpheta
1809 818 1969 857 acce-

323 885 462 951 ptus
486 881 544 938 in
583 885 772 956 patria
822 904 949 957 sua,
982 887 1092 944 hoc
1141 893 1230 946 est
1276 891 1332 946 in
1368 890 1584 963 populo
1612 891 1971 957 Judaeorum.

324 970 442 1028 Nos
467 977 660 1029 autem
694 976 791 1046 qui
821 994 1055 1033 eramus
1086 978 1257 1035 alieni
1291 998 1324 1036 a
1353 984 1705 1037 testamento
1730 985 1787 1037 et
1818 997 1975 1053 pere-

326 1062 478 1132 grini
509 1080 541 1118 a
573 1065 1083 1134 promissionibus,
1108 1072 1225 1125 toto
1247 1064 1560 1143 prophetas
1584 1071 1753 1126 corde
1784 1086 1977 1126 susce-

331 1151 548 1224 pimus,
580 1156 883 1229 magisgue
914 1158 1197 1219 habemus
1217 1163 1448 1233 Moysen
1479 1165 1536 1216 et
1565 1160 1879 1234 prophetas
1908 1160 1978 1214 de

326 1240 555 1300 Christo
597 1248 886 1306 341-48
919 1250 1318 1319 prmdicantes,
1352 1268 1528 1321 quam
1561 1250 1645 1306 illi
1680 1252 1777 1322 qui
1810 1267 1877 1307 ex
1908 1267 1975 1306 eo

322 1336 475 1403 quod
512 1353 625 1391 non
660 1340 1280 1409 susceperuntJesum,
1306 1357 1410 1395 nec
1433 1340 1565 1397 illos
1596 1344 1980 1411 susceperunt

325 1424 508 1493 quide
529 1424 627 1481 illo
644 1428 1336 1486 annuntiaverunt.Unde
1358 1433 1428 1485 ad
1452 1431 1508 1485 id
1533 1431 1685 1502 quod
1720 1430 1973 1487 dixerat:

322 1518 491 1570 Nemo
541 1517 800 1587 prapheta
858 1520 1105 1585 acceptus
1158 1520 1219 1573 in
1273 1521 1460 1589 patria
1515 1536 1664 1575 sua:
1724 1525 1782 1575 et
1819 1518 1977 1575 aliud

324 1602 629 1673 adiungit:
667 1607 727 1660 ln
778 1608 1012 1661 veritate
1066 1607 1219 1662 enim
1274 1607 1394 1661 dico
1423 1608 1591 1670 vobis,
1624 1609 1755 1678 quia
1792 1609 1979 1664 multa:

321 1691 505 1749 viduae
533 1695 690 1748 erant
731 1695 791 1748 in
842 1694 1033 1750 diebus
1062 1695 1197 1750 Eliae
1229 1697 1289 1750 in
1330 1697 1520 1766 Israel,
1562 1696 1778 1766 quando
1820 1696 1979 1752 clau-

321 1798 447 1837 sum
475 1787 552 1837 est
580 1783 777 1838 malum
805 1786 971 1839 annis
1016 1784 1212 1848 tribus,
1259 1793 1310 1840 et
1354 1786 1634 1842 mensibus
1664 1801 1782 1841 sex.
1816 1785 1975 1849 Quod

1575 379 1640 475 ξ.
1688 379 1992 445 EUSEBII
2039 326 2483 459 HIERONYM

324 514 477 575 hanc
508 530 621 570 non
671 513 961 587 recepisse
991 514 1326 589 prOphetas,
1358 520 1415 574 et
1442 532 1645 574 eorum
1675 515 1977 575 vaticinia:
2010 516 2064 585 Α

3615 374 3733 444 318

2543 523 2846 583 HOMILIA
2881 521 3104 582 xxxrv
3142 519 3278 596 (92).

2086 639 2165 691 De
2189 654 2250 695 eo
2278 635 2420 709 quod
2465 639 2733 709 scriptum
2775 640 2887 693 est:
2924 656 2947 686 α
2996 633 3271 709 Magister,
3309 632 3441 705 quid
3485 628 3613 709 boni
3637 626 3735 701 Ia-

2150 702 2299 766 ciens
2325 710 2497 781 vitam
2541 702 2819 767 aeternam
2863 702 3187 781 possidebo?
3220 731 3241 755 ι
3296 702 3581 781 usque__a_d
3608 717 3734 760 eum

2154 782 2329 838 locum
2384 779 2478 836 ubi
2522 784 2602 837 ait
2631 800 2650 836 :
2710 805 2738 831 «
2816 776 2952 838 Vade
3008 782 3081 837 et.
3110 784 3172 835 tu
3230 780 3321 849 [ac
3366 776 3647 834 similiter.
3704 794 3735 823 ››

2153 857 2289 927 Cap.
2320 872 2375 911 x.

2155 979 2300 1036 Cum
2334 979 2518 1037 multa
2548 979 2605 1036 in
2638 979 2765 1052 lege
2811 982 3100 1052 praecepta
3138 977 3276 1044 sint,
3338 975 3461 1032 hac
3503 977 3736 1033 tantum

2086 1068 2432 1126 Salvator'in
2466 1068 2772 1143 Evangelio
2795 1067 2991 1142 posuit
3019 1084 3145 1140 quae
3174 1065 3429 1140 quodam
3463 1080 3737 1137 compen-

2086 1158 2182 1216 dio
2213 1159 2285 1216 ad
2316 1163 2533 1216 aeterna
2560 1159 2897 1216 obedientes
2926 1159 3224 1214 ducerent.
3260 1155 3342 1210 Ad
3374 1154 3431 1209 id
3456 1152 3617 1210 enim
3648 1170 3738 1211 re-

2087 1248 2261 1319 spicit
2289 1250 2444 1321 quod
2470 1249 2615 1319 legis
2635 1249 2838 1305 doctor
2858 1248 3315 1319 interrogaverat
3336 1260 3471 1301 eum
3502 1242 3733 1301 dicens:

2088 1339 2362 1407 Magister,
2421 1341 2562 1411 quid
2615 1338 2822 1411 faciens
2872 1340 3041 1393 vitam
3103 1341 3365 1392 (sternam
3415 1332 3739 1405 possidebo?

2088 1444 2216 1499 quae
2246 1427 2415 1485 lectio
2446 1428 2768 1484 secundum
2821 1429 3034 1483 Lucam
3087 1424 3256 1482 hodie
3305 1423 3470 1480 vobis
3500 1421 3741 1480 recitata

2088 1521 2226 1573 est:
2290 1518 2590 1589 respondit
2638 1535 2650 1573 :
2728 1521 2794 1572 In
2868 1518 3003 1584 Lege
3084 1514 3217 1587 quid
3286 1514 3554 1585 scriptum
3607 1511 3743 1569 est?

2087 1607 2362 1677 Quomodo
2410 1608 2544 1677 legis
2563 1611 2588 1661 .9
2649 1608 2852 1677 Diliges
2910 1606 3206 1662 Dominum
3257 1604 3429 1661 Deum
3474 1606 3634 1658 tuum
3676 1618 3747 1658 ea:

2089 1702 2200 1753 toto
2245 1696 2409 1753 corde
2453 1704 2565 1760 tuo,
2622 1704 2673 1751 et
2712 1713 2783 1753 ea:
2830 1701 2944 1751 tota
2991 1697 3193 1751 virtute
3232 1697 3350 1762 tua,
3400 1693 3452 1748 et
3515 1708 3583 1748 ex
3630 1694 3745 1748 tota

2087 1790 2270 1842 mente
2298 1795 2415 1851 tua,
2444 1793 2498 1842 et
2522 1787 2838 1857 proximum
2868 1794 3027 1842 tuum
3067 1792 3336 1854 tanquam
3374 1784 3627 1853 teipsum.
3660 1785 3744 1837 Ac

321 1869 459 1959 dicit
489 1870 607 1925 tale
635 1875 760 1926 est:
796 1871 951 1929 Elius
994 1872 1277 1944 propheta
1305 1878 1447 1941 erat,
1482 1875 1583 1930 sed
1627 1878 1751 1931 erat
1779 1874 1838 1929 in
1871 1891 1975 1947 po-
2008 1894 2055 1959 Β
2087 1873 2333 1931 deinde:
2382 1875 2544 1943 Bene,
2595 1873 2677 1929 ait
2733 1872 3105 1944 respondisti:
3163 1871 3261 1927 hoc
3310 1872 3422 1941 fac,
3480 1878 3532 1959 et
3573 1871 3744 1959 viues.

321 1958 459 2030 pulo
489 1960 847 2017 Judaaorum.
880 1963 986 2017 Sed
1032 1963 1266 2033 quando
1312 1964 1581 2020 mirabile
1608 1964 1747 2036 quid
1784 1964 1974 2020 factu-

324 2065 424 2103 rus
456 2053 740 2104 eratcum
772 2055 967 2106 essent
1016 2052 1211 2123 plures
1257 2051 1445 2108 viduae
1494 2052 1694 2115 Israel,
1737 2052 1977 2125 reliquit

326 2153 447 2196 eas.
476 2143 534 2191 et
561 2138 720 2193 venit
767 2140 837 2194 ad
885 2140 1121 2196 viduam
1172 2142 1231 2195 in
1261 2144 1563 2212 Sareptam
1597 2142 1869 2207 Sidonia,
1902 2143 1974 2197 ad

325 2225 599 2299 gentilem
649 2226 1073 2297 mulierculam,
1131 2230 1378 2300 ﬁguram
1427 2232 1634 2287 futurae
1685 2232 1763 2288 rei
1796 2230 1976 2302 expli-

324 2330 486 2379 cans,
521 2315 659 2399 quia
702 2322 1020 2389 occupante
1076 2318 1228 2374 fame
1272 2336 1385 2374 non
1436 2321 1625 2392 panis,
1658 2337 1849 2394 neque
1880 2320 1974 2376 siti

320 2419 506 2474 aquae,
542 2406 639 2460 sed
675 2405 828 2461 fame
877 2406 1151 2463 audiendi
1182 2414 1511 2464 sermonem
1562 2410 1685 2475 Dei,
1718 2410 1874 2465 venit
1905 2409 1975 2464 ad

322 2490 580 2559 viduam,
609 2495 680 2549 de
711 2511 826 2566 qua
856 2498 912 2551 et
951 2496 1235 2568 propheta
1267 2500 1516 2553 testatur
1549 2498 1787 2554 dicens:
1822 2498 1981 2555 Nulli

321 2582 435 2650 ﬁlii
460 2581 709 2647 desertae,
742 2586 924 2653 magis
967 2602 1132 2655 quam
1179 2589 1301 2653 eius
1333 2603 1453 2659 quae
1500 2587 1659 2642 habet
1686 2591 1871 2644 virum
1900 2588 1968 2644 “.

321 2670 390 2731 Et
418 2686 553 2725 cum
602 2670 878 2742 venisset,
928 2689 1136 2741 panem
1190 2674 1350 2731 illius
1380 2682 1439 2731 et
1468 2676 1747 2732 alimenta
1778 2675 1979 2732 multi—

325 2756 521 2831 plicat.
550 2760 638 2816 Tu
688 2776 818 2817 eras
847 2761 1021 2818 vidua
1052 2762 1111 2819 in
1155 2766 1394 2835 Sarepta
1422 2765 1692 2836 Sidonia,
1732 2782 1762 2821 e
1809 2768 1981 2835 cujus

324 2844 541 2904 ﬁnibus
571 2848 901 2906 Chananzea
928 2851 1141 2908 mulier
1168 2854 1487 2924 egreditur,
1518 2859 1574 2911 et
1591 2855 1754 2926 cupit
1784 2853 1978 2910 eanari

326 2935 508 2992 tiliam
540 2954 731 3004 suam,
764 2943 821 2995 et
848 2945 1083 3013 propter
1115 2942 1286 2998 ﬁdem
1313 2943 1527 2999 meruit
1548 2944 1807 3014 accipere
1825 2944 1979 3016 quod

328 3026 580 3099 petebat.
628 3028 810 3084 Multae
850 3045 989 3101 ergo
1020 3031 1203 3089 vidua:
1249 3037 1422 3088 erant
1450 3035 1509 3087 in
1540 3035 1736 3104 populo
1787 3034 1978 3100 Israel,

318 3114 413 3171 sed
440 3115 510 3170 ad
540 3117 753 3171 nullam
801 3134 993 3174 earum
1048 3122 1243 3177 missus
1297 3130 1374 3177 est
1420 3124 1590 3193 Elius,
1628 3124 1747 3179 nisi
1787 3124 1845 3178 in
1877 3122 1982 3177 Sa-

2089 1963 2253 2019 Haud
2301 1963 2545 2019 dubium
2598 1962 2741 2035 quin
2789 1961 3215 2034 sempiternam
3260 1959 3441 2015 vitam
3492 1958 3604 2015 hoc
3651 1957 3744 2015 fa-

2086 2051 2288 2107 ciendo
2318 2055 2665 2123 accepturus
2697 2050 2798 2118 sis,
2833 2052 2905 2107 de
2934 2067 3051 2121 qua
3076 2054 3132 2105 et
3162 2048 3307 2120 legis
3336 2049 3538 2104 doctor
3566 2047 3747 2103 inter-

2086 2147 2408 2211 rogaverat.
2459 2140 2765 2212 Simulque
2818 2139 3127 2212 perspicue
3172 2138 3452 2194 docemur
3494 2135 3558 2201 in
3597 2136 3747 2209 legis

2088 2234 2392 2304 praecepto,
2444 2234 2509 2285 ut
2555 2228 2874 2300 diligamus
2924 2234 3129 2285 Deum.
3187 2229 3245 2284 Io
3295 2225 3746 2283 Deuteronomio

2088 2320 2373 2392 scriptum
2422 2325 2548 2375 est:
2603 2318 2765 2385 Audi,
2817 2318 3033 2391 inquit,
3068 2316 3262 2389 Israel,
3301 2316 3565 2372 Dominus
3608 2316 3749 2373 Deus

2087 2417 2235 2475 tuus,
2293 2410 2435 2465 Deus
2499 2426 2645 2465 unus
2690 2417 2784 2465 est.
2848 2409 2914 2464 Et
2967 2408 3166 2477 diliges
3219 2406 3513 2463 Dominum
3575 2406 3748 2464 Deum

2086 2502 2244 2554 tuum
2271 2515 2341 2555 ex
2369 2502 2482 2554 tota
2535 2504 2719 2555 mente
2764 2506 2879 2568 tua,
2930 2502 2989 2553 et
3034 2496 3281 2567 reliqua,
3329 2503 3382 2552 et
3421 2496 3748 2567 proximum

2089 2591 2245 2643 tuum
2272 2590 2433 2658 quasi
2479 2590 2711 2657 teipsum
2741 2587 2804 2642 ⁸⁸.
2840 2590 2905 2642 Et
2934 2585 3189 2642 salvator
3218 2601 3396 2656 super
3440 2582 3535 2640 his
3566 2587 3747 2640 testa-

2088 2680 2187 2732 tus
2242 2680 2333 2732 est
2382 2676 2617 2733 dicens:
2681 2678 2745 2732 In
2774 2675 2859 2731 his
2909 2675 3116 2731 duobus
3168 2673 3449 2729 mandatis
3494 2675 3608 2728 tota
3655 2672 3748 2729 le:

2084 2765 2283 2836 pendet
2306 2769 2359 2820 et
2406 2764 2692 2836 prophetae
2720 2766 2785 2821 ιθ.
2817 2764 3061 2821 Volente
3101 2767 3297 2820 autem
3326 2763 3563 2818 doctore
3598 2760 3750 2833 legis

2084 2853 2412 2925 justificare
2459 2854 2868 2925 semetipsum,
2917 2858 2975 2910 et
3015 2852 3321 2909 ostendere
3370 2850 3526 2923 quod
3575 2865 3749 2907 nemo

2092 2942 2205 2999 sibi
2235 2946 2392 2998 esset
2423 2943 2747 3014 proximus,
2780 2946 2955 3014 atque
2985 2942 3253 2998 dicente:
3290 2941 3418 3009 Quis
3446 2946 3528 2995 est
3554 2938 3750 3011 proxi-

2088 3047 2211 3087 mus
2234 3047 2389 3087 meus
2405 3033 2432 3086 .'
2458 3030 2661 3086 intulit
2684 3030 2971 3087 Dominus
2996 3028 3355 3103 parabolam,
3389 3028 3562 3099 cujus
3591 3043 3752 3084 exor-

2091 3120 2254 3176 dium
2286 3124 2411 3176 est:
2445 3122 2611 3176 Homo
2657 3120 2885 3192 quidam
2932 3118 3289 3176 descendebat
3335 3117 3401 3174 de
3445 3116 3752 3174 Jerusalem

323 3205 491 3275 reptis
520 3204 591 3259 ad
619 3206 910 3261 mulierem
932 3210 1172 3265 viduam.
1200 3211 1305 3266 Sed
1334 3216 1392 3267 et
1421 3211 1577 3268 aliud
1610 3212 1681 3267 ad
1707 3212 1981 3268 eumdem
2013 3256 2054 3281 η
2093 3211 2154 3265 in
2180 3209 2419 3277 Jericho,
2450 3214 2507 3265 et
2538 3209 2797 3281 reliqua:
2819 3213 2877 3265 et
2905 3208 3073 3265 docet
3095 3207 3316 3263 nullius
3343 3205 3526 3262 fuisse
3557 3204 3750 3278 proxi-

326 3308 567 3348 sensum
619 3294 918 3365 pertinens
965 3296 1262 3368 loquitur:
1319 3299 1477 3355 Multi
1502 3309 1661 3356 erant
1692 3301 1895 3373 leprosi
1923 3302 1982 3356 in
2012 3293 2055 3322 υ
2097 3314 2258 3354 mum
2277 3298 2749 3365 descendentem,
2770 3296 2882 3354 nisi
2905 3296 3065 3352 illius
3087 3295 3492 3367 qui849-50
3509 3293 3757 3352 voluerit

328 3378 500 3438 Israel
532 3383 591 3437 in
634 3381 827 3439 diebus
886 3385 1071 3441 Elisazi
1124 3387 1424 3457 prophetae,
1482 3398 1535 3443 et
1590 3404 1746 3443 nemo
1792 3405 1984 3445 eorum

329 3470 625 3528 mundatus
684 3476 762 3527 est
811 3474 921 3528 nisi
962 3474 1217 3529 Naaman
1248 3475 1439 3546 Syrus,
1475 3478 1574 3548 qui
1637 3477 1837 3548 utique
1870 3495 1983 3534 non

327 3562 454 3614 erat
484 3574 553 3613 ex
585 3559 781 3615 Israel.
802 3561 1114 3618 Considera
1142 3580 1329 3636 usque
1352 3566 1424 3621 ad
1447 3570 1794 3635 praesentem
1829 3566 1985 3621 diem

340 3643 559 3707 multos
589 3644 852 3717 leprosos
881 3648 939 3704 in
982 3649 1159 3705 Israel
1198 3651 1521 3707 secundum
1572 3668 1827 3723 carnem,
1858 3652 1990 3709 vide

339 3734 665 3790 econtrario
710 3733 882 3806 lepra:
913 3736 1185 3810 squalore
1216 3739 1504 3810 perfusos,
1536 3744 1703 3798 atcue
1732 3741 1843 3814 (91)
1876 3741 1991 3815 spi-

340 3820 499 3878 ritali
533 3821 735 3879 Elissac
766 3824 1009 3882 Domino
1042 3831 1243 3883 nostro
1274 3832 1330 3884 et
1360 3828 1679 3899 Salvatore,
1705 3834 1761 3886 te
1791 3836 1989 3887 autem

339 3904 579 3994 purgari
613 3912 892 3984 baptismi
925 3920 1314 3987 sacramento,
1348 3922 1405 3972 et
1444 3918 1557 3974 dici
1588 3919 1656 3974 ad
1691 3923 1783 3975 te:
1815 3921 1992 3992 Surge

340 4003 394 4056 et
420 3999 556 4056 vade
604 4003 667 4080 in
716 4002 1032 4069 Iordanem,
1094 4009 1145 4061 et
1198 4007 1401 4079 lavare,
1446 4016 1497 4062 et
1546 4010 1866 4079 restituetur
1894 4010 1993 4066 tibi

344 4104 479 4145 caro
528 4097 622 4145 tua
652 4091 714 4144 ‘7.
741 4092 1002 4148 Surrexit
1030 4093 1289 4150 Naaman
1324 4100 1384 4151 et
1429 4096 1591 4162 abiit,
1625 4101 1683 4153 et
1710 4096 1864 4153 lotus
1887 4098 1993 4154 im-

338 4174 517 4255 plevit
549 4180 889 4252 mysterium
918 4180 1220 4253 baptismi,
1262 4188 1320 4239 et
1367 4184 1518 4241 facta
1573 4189 1663 4241 est
1700 4203 1833 4242 caro
1863 4187 1992 4258 ejus

343 4266 511 4336 quasi
545 4283 678 4323 caro
712 4269 895 4339 pueri,
937 4270 1038 4344 qui
1069 4272 1128 4327 in
1173 4271 1402 4331 lavacro
1449 4274 1873 4346 regnerationis
1900 4292 1989 4333 or-

340 4356 440 4408 tus
469 4353 644 4409 fuerit
670 4355 727 4410 in
761 4357 988 4415 Christo
1015 4360 1177 4418 Jesu.
1210 4362 1313 4419 Cui
1344 4368 1434 4418 est
1480 4363 1664 4436 gloria
1707 4369 1765 4420 et
1808 4364 1991 4437 impe-

344 4441 499 4507 rium
531 4442 589 4498 in
615 4444 830 4501 saecula
860 4446 1229 4505 saeculorum.
1261 4453 1466 4507 Amen.

2096 3386 2390 3443 custodire
2421 3391 2728 3458 praecepta,
2752 3391 2810 3441 et
2829 3402 3155 3457 praeparare
3175 3401 3257 3451 se,
3288 3382 3754 3456 utsitproximus

2096 3475 2255 3531 omni
2288 3474 2511 3530 homini
2544 3475 2645 3546 qui
2676 3474 3151 3545 auxilioindiget.
3169 3473 3289 3529 Hoc
3312 3472 3469 3529 enim
3492 3475 3580 3528 est
3594 3470 3753 3544 quod

2097 3568 2230 3638 post
2258 3562 2597 3635 parabolam
2637 3564 2697 3619 in
2727 3564 2843 3619 fine
2874 3563 3133 3636 ponitur.
3166 3561 3310 3631 Quis
3340 3562 3411 3617 de
3438 3559 3532 3616 his
3559 3559 3757 3618 tribus

2097 3652 2326 3709 videtur
2354 3652 2458 3708 tibi
2490 3652 2790 3723 proximus
2810 3668 2939 3710 esse
2960 3654 3089 3726 ejus
3120 3650 3222 3724 qui
3252 3652 3311 3708 in
3332 3650 3589 3707 latrones
3608 3648 3753 3706 inci-

2098 3742 2230 3799 dit?
2259 3742 2374 3799 Nec
2404 3741 2561 3798 enim
2592 3742 2885 3814 sacerdos,
2929 3758 3034 3798 nec
3066 3740 3293 3797 Levites
3344 3739 3593 3812 proximi
3622 3738 3755 3811 ejus

2099 3831 2375 3888 fuerunt:
2406 3831 2530 3902 sed,
2565 3835 2628 3886 ut
2649 3830 2775 3903 ipse
2804 3847 3039 3903 quoque
3067 3828 3215 3902 legis
3262 3829 3466 3886 doctor
3504 3842 3752 3899 respon-

2100 3921 2207 3990 dit,
2253 3920 2350 3976 ille
2396 3921 2496 3993 qui
2552 3920 2684 3976 fecit
2741 3919 3224 3985 misericordiam,
3273 3917 3576 3991 proximus
3620 3915 3754 3988 eius

2101 4010 2230 4067 fuit.
2286 4010 2447 4066 Unde
2475 4014 2532 4066 et
2562 4027 2596 4066 a
2638 4009 2932 4066 Salvatore
2979 4008 3214 4075 dicitur,
3276 4007 3436 4075 Vade,
3480 4010 3532 4063 et
3574 4009 3638 4062 tu
3662 4007 3757 4076 [ac

2098 4100 2392 4156 similiter.
2420 4099 2644 4169 Aiebat,
2672 4099 2911 4165 quidem
2937 4098 3009 4154 de
3042 4095 3392 4169 presbyteris
3414 4093 3618 4152 volens
3646 4109 3752 4166 pa-

2101 4186 2362 4244 rabolam
2394 4186 2786 4258 interpretari,
2817 4186 3117 4243 hominem
3149 4186 3250 4258 qui
3294 4183 3598 4242 descendit
3622 4199 3756 4242 esse

2100 4276 2325 4343 Adam;
2354 4274 2703 4346 Jerusalem,
2736 4275 3105 4348 paradisum;
3138 4274 3393 4346 Jericho,
3426 4273 3753 4342 mundum;

2103 4364 2358 4422 latrones
2411 4363 2733 4421 contrarias
2783 4364 3192 4432 fortitudines;
3246 4363 3632 4428 sacerdotem,
3669 4360 3755 4419 lev

2104 4470 2275 4528 gem;
2311 4454 2589 4516 Levitem.
2621 4453 2975 4526 prophetas;
3009 4452 3379 4519 Samaritem,
3410 4450 3711 4509 Christum
3737 4465 3753 4507 :

2102 4543 2346 4599 vulnera
2371 4560 2526 4611 vero,
2578 4542 3070 4610 inohedientiam;
3125 4540 3365 4610 animal,
3397 4556 3610 4615 corpus
3636 4538 3756 4597 Do—

2024 4637 2074 4702 D
2104 4631 2296 4700 mini;
2345 4630 2740 4705 pandochium
2772 4632 2906 4704 (93),
2956 4632 3010 4689 id
3063 4637 3171 4704 est,
3216 4630 3539 4698 stabulum,
3592 4629 3754 4705 quod

417 4746 461 4781 ⁴⁶
492 4746 602 4802 Isa.
637 4762 743 4811 LIV,
778 4747 827 4801 1.
864 4747 908 4781 ιτ
938 4745 1012 4802 IV
1068 4746 1206 4818 Reg.
1257 4763 1313 4815 v,
1381 4748 1467 4802 10.
1497 4748 1542 4783 η
1594 4753 1755 4805 Deut.
1805 4766 1882 4816 γι,
1936 4752 1982 4813 4,

2132 4748 2311 4805 Levit.
2344 4765 2460 4813 xxx,
2492 4748 2579 4803 18.
2611 4749 2657 4783 ⁴⁹
2683 4748 2889 4803 Matth.
2918 4766 3057 4817 χχιι,
3089 4750 3180 4805 40.

345 4860 566 4916 modum
603 4870 657 4916 et
684 4861 852 4917 vidua
880 4877 1000 4933 quae
1030 4861 1091 4915 in
1136 4862 1384 4933 Sareptis
1423 4866 1561 4925 erat.
1596 4864 1781 4919 Eliam
1816 4881 1998 4922 susce-

344 4934 445 5003 pit,
477 4935 621 5000 facta
652 4934 715 4987 in
744 4932 919 4989 Israel
967 4934 1116 5003 fame
1157 4932 1423 4989 audiendi
1466 4935 1617 4991 verbi
1667 4937 1784 4991 Dei.
1841 4940 1905 4994 Et
1932 4938 1999 4993 de

347 5002 505 5080 nobis
532 5003 884 5080 dictum_est:
922 5002 1102 5080 .Multi
1136 5004 1259 5080 _filii
1289 5005 1550 5080 desertae,
1601 5007 1788 5080 magis
1818 5025 1993 5080 quam

346 5076 476 5151 ejus
508 5075 845 5151 quahabet
880 5075 1092 5151 virum.
1128 5077 1189 5131 Et
1219 5093 1409 5151 rursus
1436 5076 1558 5151 alin
1590 5075 1878 5151 Scriptura
1907 5081 1994 5138 di-

344 5149 462 5221 _cit_:
495 5146 724 5202 Sterilis
758 5147 997 5221 peperit,
1040 5152 1097 5203 et
1124 5166 1255 5220 qua:
1287 5147 1503 5205 multos
1536 5146 1788 5208 habebat
1817 5151 1991 5221 ﬁlios,

344 5216 643 5277 infirmata
667 5216 777 5274 est.
814 5219 1052 5274 Romus.

415 5288 529 5359 (91)
561 5294 679 5345 Aut
724 5291 925 5366 absque
976 5289 1288 5366 legendum
1323 5295 1412 5346 est
1460 5309 1563 5364 pro
1603 5302 1780 5366 atque,
1815 5312 1994 5352 sensu

346 5365 648 5434 utcunque
670 5379 788 5434 non
815 5361 1210 5434 incommodo,
1228 5367 1334 5434 aut
1353 5361 1503 5418 certe
1527 5361 1775 5423 mutilus
1800 5367 1994 5423 verbis

343 5431 570 5494 aliquot
600 5433 811 5489 misere
842 5432 1204 5489 detruncatis
1226 5432 1319 5489 hic
1348 5437 1539 5494 textus
1568 5442 1675 5493 est.

414 5452 416 5485 |
469 5449 570 5490 uot
600 5450 811 5489 misere
842 5449 1204 5489 detruncatus
1228 5449 1319 5489 mc
1348 5449 1539 5494 textus
1568 5449 1675 5493 est.

414 5449 525 5576 (ἓξ)
578 5510 891 5588 Postrema;
939 5505 1063 5588 haec
1109 5503 1682 5588 subsequentes__sex
1714 5509 1989 5588 homiliae,

345 5592 480 5632 cum
512 5577 918 5636 continuatum
949 5575 1008 5632 in
1038 5575 1436 5648 superioribus
1466 5580 1731 5637 ordinem
1763 5596 1876 5638 non
1907 5575 1993 5637 te-

344 5653 542 5724 aeaut,
574 5649 884 5707 manifesto
905 5665 968 5724 se
994 5649 1255 5724 produnt
1283 5666 1317 5706 a
1336 5650 1543 5724 majori
1571 5653 1860 5710 detractas
1887 5651 1964 5710 ho

343 5718 662 5793 miliarum,
720 5737 866 5794 quas
928 5718 1313 5778 Adamantius
1370 5718 1815 5798 elucubraverit,
1881 5742 1989 5781 nu-

2110 4881 2290 4938 mero.
2326 4866 2454 4938 Ipse
2483 4868 2703 4938 auctor,
2738 4865 2892 4936 quod
2924 4867 2990 4938 et
3010 4864 3081 4921 cl.
3114 4863 3356 4938 Huetius
3389 4861 3758 4938 animadver-

2106 4936 2195 5003 tit,
2222 4934 2382 4994 tomo
2408 4954 2508 4992 xm
2540 4938 2602 4991 in
2626 4934 2891 5009 Joannem
2938 4935 3133 5009 plures
3183 4936 3312 4991 istis
3358 4934 3599 5009 triginta
3644 4948 3759 5009 no-

2104 5025 2256 5089 vem,
2291 5026 2418 5079 quae
2450 5011 2790 5089 supersunt,
2822 5004 2954 5089 abs'
2975 5007 3323 5089 Iiieronymo
3372 5004 3574 5089 Latione
3614 5004 3755 5089 μιθέ-

2106 5070 2265 5147 ditis,
2300 5070 2333 5135 εἰ
2363 5096 2424 5134 se
2457 5070 2636 5135 fuisse
2657 5070 2968 5147 adornatas
2988 5070 3265 5142 declarat,
3288 5095 3423 5135 cum
3446 5077 3549 5141 ait,
3570 5075 3639 5131 τὰ
3666 5070 3758 5129 δὶ-

2105 5144 2582 5226 περὶςτῶςθ-ὲκατρν
2614 5144 2901 5223 προϐάτων
2936 5146 3089 5226 ἔχεις
3148 5149 3223 5212 εἰς
3274 5150 3369 5213 τὰς
3426 5148 3565 5226 κατὰ
3610 5152 3759 5226 Aou-

2102 5217 2200 5276 κ’ᾶῦ
2231 5217 2477 5294 ὁμιλίας·
2512 5217 2861 5291 qu'autem
2880 5222 2949 5279 ad
2968 5217 3191 5279 centum
3218 5237 3339 5279 oves
3367 5222 3667 5294 pertinent,
3687 5235 3763 5279 ea

2104 5296 2267 5365 habes
2319 5295 2376 5348 in
2430 5293 2705 5351 homidias
2761 5311 2897 5365 quas
2952 5295 3015 5349 in
3061 5295 3260 5350 Lucam
3306 5293 3761 5365 committimus.

2103 5364 2260 5422 Nihil
2309 5366 2465 5422 enim
2509 5365 2623 5422 tale
2653 5365 2711 5424 in
2758 5362 2872 5433 his,
2923 5380 3048 5438 quae
3098 5368 3344 5435 exstant,
3388 5362 3651 5423 homiliis
3694 5364 3765 5423 in

2104 5438 2307 5495 Lucam
2333 5438 2616 5496 invenias.

2174 5508 2286 5583 (93)
2317 5509 2436 5583 Hoc
2467 5509 3043 5583 quoqueprofectum
3067 5526 3138 5568 ex
3166 5508 3398 5583 Hieron.
3422 5510 3513 5566 est
3527 5505 3763 5567 calamo

2145 5579 2563 5668 uod'stabulum
2590 5579 2794 5638 Latine
2824 5585 3011 5638 sonet.
3035 5580 3191 5655 quod
3211 5580 3271 5638 in
3302 5583 3481 5640 Grec.
3512 5583 3603 5638 est
3618 5595 3765 5653 παγ-

2136 5670 2339 5728 οχειον.
