4058 6190
375 389 492 461 ΜἸ

775 390 1271 459 TRANSLATIO
1315 380 1825 456 HOMILIARUM
1867 388 2231 454 ORIGENIS
2275 387 2354 451 1N
2398 384 2690 453 LUCAM.
2724 417 2803 434 -—
2830 380 3102 449 HOMlL.
3148 374 3388 447 XXXV.

3664 380 3787 445 318

368 533 683 593 universos
730 535 996 594 volentes
1051 536 1293 596 introire
1349 538 1654 613 suscipiat,
1711 538 2025 598 Ecclesiam
2054 526 2107 595 Α
2140 531 2377 607 quiiem
2409 547 2515 605 ego
2561 534 2724 607 puto,
2747 546 2862 588 non
2903 531 3141 603 propter
3167 526 3349 584 istum
3391 537 3572 613 unum
3607 517 3784 578 semi-

372 626 772 701 interpretari.
796 632 974 687 Porro
1003 629 1153 688 duos
1179 630 1470 697 denarios,
1495 630 1722 687 Patrem
1744 634 1799 687 et
1820 628 2026 687 Filium

358 716 665 791 intelligi;
724 719 1150 789 stabularium,
1210 720 1476 778 Ecclesia
1532 721 1877 793 praesidem,
1936 719 2028 776 cui

377 807 743 880 dispensatio
773 809 994 865 credita
1021 800 1129 867 est.
1159 811 1239 867 De
1268 828 1335 867 eo
1362 827 1496 867 vero
1526 812 1680 883 quod
1712 809 2030 866 Samarites

360 912 748 954 reversurum
782 916 843 955 se
870 916 1000 955 esse
1028 899 1338 973 promittit,
1360 900 1682 957 secundum
1712 898 2029 956 Salvatoris

375 986 677 1059 ﬁgurabat
703 989 1038 1044 adventum.
1072 990 1202 1046 Haec
1252 1007 1386 1045 cum
1439 988 1866 1045 rationabiliter
1893 987 2029 1060 pul-

379 1076 642 1149 chreque
681 1078 972 1146 dicantur,
1023 1096 1139 1134 non
1190 1084 1278 1135 est
1321 1084 1517 1135 tamen
1570 1078 2027 1136 existimandum

382 1166 540 1239 quod
570 1167 640 1222 ad
671 1184 907 1223 omnem
938 1167 1239 1225 hominem
1268 1170 1618 1242 pertineant.
1641 1168 1841 1240 Neque
1871 1167 2027 1224 enim

381 1257 575 1313 omnis
613 1256 791 1331 homo
832 1258 1136 1315 descendit
1174 1260 1245 1315 de
1292 1258 1614 1315 Jerusalem
1664 1258 1722 1313 in
1771 1256 2026 1321 Jericho,

374 1361 485 1401 nec
513 1345 771 1402 universi
802 1350 1102 1419 propterea
1129 1348 1188 1402 in
1223 1347 1494 1420 praesenti
1526 1346 1739 1404 saeculo
1770 1362 2027 1401 commo-

374 1437 628 1488 rantur:
664 1433 799 1489 licet
828 1434 926 1491 ille
965 1435 1065 1507 qui
1108 1435 1331 1492 missus
1360 1440 1468 1501 est,
1503 1439 1740 1508 propter
1769 1434 2027 1506 perditas

370 1538 513 1578 oves
567 1523 795 1579 venerit
838 1524 1054 1581 domus
1099 1525 1299 1581 Israel.
1350 1525 1535 1580 Homo
1582 1524 1762 1598 igitur
1809 1524 1905 1595 qui
1956 1524 2027 1579 de

372 1612 711 1668 Jerusalem
738 1613 1042 1669 descendit
1085 1613 1145 1669 in
1199 1613 1453 1679 Jericho,
1488 1613 1628 1685 quia
1673 1611 1857 1668 voluit
1902 1612 2029 1684 ipse

381 1700 756 1767 descendere,
784 1705 1091 1775 propterea
1119 1702 1175 1757 in
1217 1704 1467 1759 latrones
1498 1702 1725 1758 incidit.
1749 1703 2029 1757 Latrones

362 1794 574 1846 autem
606 1789 752 1846 nulli
785 1795 927 1847 sunt
958 1791 1078 1862 alii,
1111 1792 1223 1848 nisi
1258 1793 1328 1849 de
1357 1793 1572 1863 quibus
1605 1791 1868 1847 Salvator
1896 1792 1978 1847 ait
2011 1807 2025 1846 :

2139 642 2363 693 necem,
2386 624 2486 682 sed
2519 626 2761 696 propter
2774 621 2922 678 alios
2948 635 3180 692 quoque
3202 616 3300 690 qui
3327 614 3399 672 ob
3420 612 3613 670 varias
3644 627 3784 666 cau-

2110 708 2235 773 ‘sas
2266 717 2498 773 fuerant
2526 711 2834 781 vulnerati,
2867 714 2925 767 et
2964 708 3307 781 indigebant
3347 700 3692 775 alligaturis,
3725 702 3785 754 et

2138 806 2286 871 oleo,
2319 810 2377 862 et
2403 805 2560 872 vino,
2594 818 2792 860 secum
2824 804 3091 874 portasse
3120 793 3489 854 Samaritem.
3527 789 3783 846 Habebat

2139 896 2331 953 oleum
2361 896 2434 951 de
2483 911 2596 961 quo
2627 892 2913 964 scriptum
2944 889 3096 947 est”
3124 904 3138 944 :
3175 887 3241 944 Ut
3281 884 3555 942 exhilaret
3582 882 3783 950 faciem

2138 988 2197 1042 in
2226 987 2375 1047 oleo;
2404 984 2558 1040 haud
2593 983 2837 1039 dubium
2863 979 3003 1050 quin
3026 979 3156 1049 ejus
3177 974 3276 1048 qui
3302 976 3542 1029 curatus
3574 970 3780 1038 fuerat,

2138 1076 2263 1132 oleo
2293 1075 2468 1131 etiam
2515 1078 2778 1128 tumores
2821 1069 3133 1126 vulnerum
3186 1065 3552 1122 sedarentur.
3584 1058 3693 1114 Sed
3726 1061 3785 1113 et

2137 1166 2270 1221 vino
2288 1164 2535 1221 mundat
2546 1161 2809 1229 vulnera,
2824 1156 3156 1230 asperitatis
3175 1152 3393 1227 aliquid
3415 1149 3777 1206 admiscens:

2137 1270 2392 1326 eumque
2413 1253 2510 1323 qui
2537 1253 2721 1308 fuerat
2740 1248 3080 1306 vulneratus
3104 1242 3387 1316 imposuit
3406 1241 3700 1314 jumento,
3724 1236 3781 1291 id

2137 1348 2245 1406 est,
2269 1342 2502 1415 proprio
2546 1340 2793 1413 corpori,
2834 1341 3002 1411 juxta
3030 1337 3087 1392 id
3140 1334 3293 1406 quod
3345 1336 3435 1388 est
3481 1327 3781 1385 hominem
3892 1366 3899 1369 ἡ

2136 1433 2418 1503 dignatus
2436 1446 2754 1487 assumere.
2767 1430 2888 1485 lete
2904 1424 3309 1484 Samaritanus
3332 1422 3570 1493 peccata
3582 1420 3786 1471 nostra

2136 1525 2350 1593 portat,
2373 1524 2429 1576 et
2458 1537 2559 1591 pro
2590 1519 2763 1574 nobis
2793 1516 2969 1579 dolet,
2994 1518 3187 1588 portat
3218 1511 3593 1567 seminecem,
3614 1505 3785 1560 indu-

2138 1610 2217 1668 cit
2248 1611 2305 1665 in
2338 1609 2754 1682 pandochium,
2784 1607 2841 1662 id
2887 1609 2975 1661 est
3019 1605 3077 1659 in
3119 1600 3465 1682 Ecclesium,
3499 1612 3626 1667 qum
3658 1609 3782 1682 oms

2137 1717 2242 1756 nes
2271 1698 2538 1770 suscipit,
2574 1702 2629 1753 et
2678 1696 2821 1753 nulli
2870 1675 3154 1751 auxilium
3203 1705 3377 1746 suum
3410 1687 3680 1756 denegat,
3709 1681 3781 1737 ad

2137 1806 2311 1860 quam
2356 1792 2598 1844 cunctos
2629 1790 2902 1858 provocat
2926 1784 3100 1840 Jesus
3148 1780 3350 1836 dicens
3378 1778 3425 1813 5‘
3448 1794 3466 1830 :
3500 1774 3688 1830 Venite
3714 1770 3785 1826 ad

375 1879 573 1937 Omnes
603 1882 703 1951 qui
729 1888 857 1937 ante
896 1897 987 1937 me
1011 1860 1296 1949 venerunt,
1326 1860 1474 1953 fares
1501 1885 1729 1950 fuerunt
1758 1886 1809 1938 et
1857 1882 2027 1937 Iatro-
2059 1906 2108 1973 Β
2135 1896 2241 1950 me,
2274 1894 2459 1935 omnes
2485 1879 2582 1949 qui
2611 1876 2879 1932 laboratis
2921 1877 2973 1928 et
3013 1871 3232 1973 onerati:
3256 1869 3489 1973 “filim”
3520 1878 3621 1935 890
3650 1860 3782 1930 νεβ-

372 1968 1006 2026 nes”.Verum-tamen
1057 1987 1171 2026 non
1222 1971 1431 2026 incidit
1475 1972 1535 2026 in
1587 1971 1765 2037 fures,
1819 1970 1915 2026 sed
1967 1970 2027 2024 in

378 2056 568 2114 multo
587 2058 817 2115 furibus
833 2060 1142 2131 nequiores
1164 2061 1441 2125 latrones,
1458 2060 1556 2131 qui
1578 2061 2027 2116 descendentem

374 2161 515 2202 eum
547 2147 621 2203 de
647 2147 972 2203 Jerusalem
1023 2165 1158 2204 cum
1209 2148 1513 2205 incidisset
1542 2148 1599 2203 in
1630 2148 1783 2216 illos,
1812 2148 2027 2221 spolia-

373 2239 591 2291 verunt
617 2240 675 2291 et
699 2236 1111 2309 imposuerunt
1138 2238 1188 2293 ei
1222 2237 1445 2311 plagas.
1470 2239 1605 2302 Quae
1636 2242 1776 2295 sunt
1804 2237 2027 2309 plagae?

372 2340 507 2397 que
537 2324 777 2381 vulnera
816 2326 1032 2397 quibus
1079 2327 1416 2383 vulneratus
1466 2331 1554 2383 est
1607 2326 1826 2383 homo?
1875 2325 2029 2381 Vitia

373 2417 558 2487 atque
595 2419 848 2487 peccata.
882 2416 1102 2471 Deinde
1133 2416 1271 2488 quia
1316 2416 1574 2472 latrones
1619 2416 1721 2487 qui
1768 2416 2023 2479 nudave-

358 2508 512 2561 rant
539 2519 697 2572 eum,
716 2508 775 2559 et
796 2503 1266 2575 vulneraverant,
1289 2522 1402 2560 non
1427 2505 1689 2561 assident
1718 2505 1898 2570 nudo,
1922 2504 2020 2559 sed

368 2589 568 2664 plagis
626 2607 833 2647 rursus
886 2592 1182 2664 impositis
1234 2593 1579 2665 relinquunt
1616 2609 1774 2659 eum,
1809 2592 2024 2647 idcirco

366 2682 662 2752 scriptum
696 2687 784 2738 est
806 2699 820 2738 :
844 2682 1148 2753 Spoliantes
1173 2699 1319 2747 eum,
1353 2692 1405 2739 et
1433 2686 1660 2739 vulnera
1689 2690 2027 2755 opponentes

370 2772 657 2838 abierunt,
690 2787 750 2829 eo
780 2789 895 2828 non
930 2777 1181 2841 mortuo,
1212 2773 1313 2828 sed
1347 2774 1630 2828 seminece.
1669 2773 1904 2827 Factum
1940 2773 2029 2825 est

374 2863 577 2916 autem
619 2861 780 2915 utin
830 2862 1033 2917 eadem
1082 2861 1177 2916 via
1224 2862 1451 2932 primus
1499 2861 1791 2926 sacerdos,
1819 2859 2029 2915 deinde

368 2948 605 3005 Levites
634 2950 1074 3019 descenderent,
1108 2950 1206 3022 qui
1241 2950 1483 3006 forsitan
1526 2949 1658 3005 aliis
1690 2949 2029 3005 hominibus

376 3038 535 3094 bona
564 3044 830 3111 quaedam
865 3039 1141 3104 fecerant,
1174 3048 1289 3095 nun
1329 3044 1524 3094 tamen
1573 3039 1729 3097 huic.
1765 3038 1864 3110 qui
1897 3038 2028 3093 des-

366 3128 656 3184 cenderat
683 3129 755 3185 ab
786 3128 1109 3185 Jerusalem
1140 3130 1199 3184 in
1230 3128 1477 3185 Jericho.
1506 3129 1671 3183 Hunc
1699 3127 1854 3184 enim
1886 3126 2031 3181 vidit

375 3217 675 3287 sacerdos,
708 3222 851 3290 puto
902 3219 1016 3274 Lex
1044 3218 1189 3274 vidit
1219 3236 1233 3274 :
1268 3219 1510 3284 Levites,
1545 3222 1612 3272 ut
1654 3233 1802 3283 reor,
1835 3232 2027 3273 sermo

366 3276 782 3378 propheticus.
805 3309 876 3364 Et
896 3325 1029 3364 cum
1052 3309 1335 3364 vidissent
1358 3276 1739 3379 reliquerunt,
1764 3276 1821 3361 et
1840 3310 2029 3361 trans-
2057 3276 2100 3343 Ο

380 3393 604 3451 ierunt.
632 3397 912 3452 Servabat
952 3397 1171 3469 quippe
1202 3397 1553 3452 seminecem
1588 3394 1948 3467 providentia
1977 3394 2027 3449 ei

375 3482 482 3554 qui
516 3482 719 3541 fortior
746 3489 870 3539 erat
896 3484 1024 3555 lege
1052 3490 1110 3541 et
1135 3486 1459 3558 prophetis,
1483 3484 1850 3541 Samaritano
1881 3483 2032 3538 vide-

368 3570 537 3636 flicet,
560 3571 663 3643 qui
686 3572 1106 3645 interpretatur
1132 3583 1328 3630 custos.
1366 3577 1476 3630 Isle
1504 3574 1721 3646 estqui
1752 3590 1864 3628 non
1894 3573 2027 3627 dor-

370 3659 576 3729 «mitat,
606 3676 799 3735 neque
855 3663 1074 3718 dormit
1128 3664 1468 3719 custodiens
1518 3662 1692 3719 Israel
1735 3679 1751 3716 :
1798 3666 2033 3735 propter

367 3748 733 3807 seminecem
764 3750 1060 3823 profectus
1089 3757 1179 3808 est
1221 3752 1333 3807 iste
1357 3752 1764 3808 Samaritanus
1811 3768 1924 3806 non
1961 3751 2032 3806 de

366 3836 711 3895 Jerusalem
740 3839 798 3897 in
831 3840 1083 3908 Jericho,
1117 3841 1269 3897 sicut
1294 3842 1566 3897 sacerdos
1605 3845 1663 3895 et
1705 3839 1899 3896 Levita
1928 3840 2031 3894 de-

387 3926 678 3982 scendens
704 3944 717 3983 :
744 3934 849 3984 aut
894 3930 945 3985 si
996 3930 1317 3993 descendit,
1348 3929 1568 3986 idcirco
1616 3928 1937 3993 descendit,
1968 3932 2034 3982 ut

368 4013 641 4071 advenat
665 4017 1098 4091 oustodiretque
1128 4018 1501 4074 moriturum.
1532 4019 1616 4073 Ad
1652 4032 1823 4089 quem
1856 4015 2034 4072 locuti

364 4108 526 4161 sunt
564 4102 747 4161 διιόωὶ
784 4106 1228 4162 :Samarilanus
1254 4124 1312 4163 es
1341 4112 1419 4169 tu,
1448 4112 1499 4162 et
1548 4106 1883 4163 daemonium
1929 4106 2033 4160 ha-

368 4191 474 4250 .bes
492 4192 567 4246 ⁸³.
596 4193 706 4257 Qui
734 4211 869 4250 cum
894 4201 1170 4267 negasset
1199 4213 1262 4251 se
1293 4197 1507 4252 habere
1536 4194 1911 4259 daemonium,
1936 4194 2036 4250 Sa-

374 4279 655 4339 mariten:
676 4297 889 4352 negare
910 4300 971 4339 se
992 4284 1439 4341 noluit.Sciebat
1460 4284 1616 4340 enim
1632 4300 1694 4339 se
1706 4283 2032 4340 custodem.

387 4371 591 4440 Itaque
618 4385 757 4433 eam
776 4371 1035 4428 venisset
1058 4374 1131 4428 ad
1153 4373 1531 4440 seminecem,
1554 4378 1611 4428 et
1635 4372 1878 4428 vidisset
1899 4387 2034 4425 cum

372 4455 443 4513 in
474 4474 585 4515 suo
614 4460 900 4533 sanguine
919 4461 1194 4529 volutari,
1218 4463 1498 4519 misertus
1530 4462 1778 4518 accessit
1805 4461 1877 4515 ad
1898 4475 2033 4516 eum

376 4549 449 4602 nt
491 4545 659 4603 ﬂeret
703 4549 832 4620 ejus
885 4550 1204 4623 proximus.
1240 4550 1466 4624 Ligavit
1510 4550 1772 4614 vulnera,
1820 4548 2038 4604 infudit

370 4633 581 4691 deum
604 4634 741 4693 vino
773 4638 1039 4710 mictum,
1073 4656 1263 4712 neque
1293 4640 1440 4697 dixit
1478 4640 1631 4713 quod
1662 4638 1723 4693 in
1754 4637 2036 4710 propheta
2068 4648 2114 4713 ι)

376 4722 604 4797 tegitur
637 4741 652 4781 :
678 4728 799 4783 Non
827 4736 909 4784 est
944 4727 1242 4798 malagma
1290 4731 1593 4802 imponere,
1623 4743 1801 4799 neque
1829 4728 2032 4797 oleum,

365 4827 561 4884 isque
612 4815 941 4885 alligaturus
962 4817 1030 4872 δ’.
1076 4818 1190 4873 Iste
1240 4822 1329 4874 est
1378 4819 1802 4883 Samaritanus,
1864 4816 2035 4886 cujus

304 4934 323 4947 η
382 4916 524 4958 cura
554 4906 613 4959 et
643 4903 858 4962 auxilio
901 4922 1105 4962 omnes
1144 4907 1245 4978 qui
1280 4890 1432 4962 male
1483 4905 1716 4973 habent,
1747 4904 2031 4976 indigent.

385 4989 573 5061 Hujus
598 4990 688 5046 vel
721 4993 974 5049 maxime
996 4994 1350 5051 Samaritani
1374 4994 1674 5066 indigebat
1694 4991 1911 5049 auxilio
1934 4990 2031 5062 qui

381 5077 456 5145 de
481 5078 811 5147 Jerusalem
842 5082 1208 5140 descendens
1234 5081 1522 5139 inciderat
1565 5083 1624 5139 in
1674 5080 1952 5143 latrones,
1979 5083 2036 5134 et

368 5165 727 5227 uulneratus
756 5170 828 5225 ab
859 5170 966 5235 eis,
985 5170 1356 5227 semianimis
1391 5173 1578 5226 fuerat
1608 5169 1940 5246 derelictus.
1968 5168 2036 5224 Ut

380 5259 579 5317 autem
600 5257 760 5317 scias
781 5260 935 5331 quod
956 5260 1126 5330 juxta
1142 5260 1567 5332 providentiam
1592 5259 1691 5315 Dei
1713 5258 2035 5314 Samarites

378 5344 495 5409 iste
526 5346 894 5411 descenderit
921 5353 982 5409 ut
1013 5353 1242 5405 curaret
1265 5365 1399 5406 eum
1423 5348 1524 5421 qui
1555 5348 1836 5405 inciderat
1868 5346 1925 5402 in
1959 5345 2034 5401 la.

379 5440 602 5509 tronae,
626 5436 940 5496 manifesto
975 5437 1275 5495 doceberis
1306 5454 1373 5494 ex
1404 5454 1470 5493 eo
1502 5437 1655 5509 quod
1700 5453 1898 5492 secum
1931 5434 2032 5490 ha-

370 5521 945 5599 bebatalligaturas,
967 5542 1166 5582 secum
1187 5524 1404 5592 oleum,
1428 5540 1630 5580 secum
1656 5523 1748 5578 vin
1759 5539 1878 5577 um.
1898 5521 2033 5585 Quae

2137 1970 2280 2024 ciam
2308 1984 2419 2023 vos.
2453 1972 2521 2021 Et
2551 1971 2860 2037 postquam
2899 1961 3187 2019 εει-δε
3217 1954 3448 2012 induxit
3476 1968 3634 2017 eum,
3669 1965 3783 2004 non

2136 2058 2335 2113 statim
2370 2057 2605 2122 recedit,
2638 2055 2736 2110 sed
2784 2069 2900 2108 uno
2930 2051 3023 2106 die
3068 2049 3126 2103 in
3176 2044 3406 2103 stabulo
3438 2057 3573 2098 cum
3607 2038 3783 2094 semi-

2136 2161 2277 2201 nece
2308 2148 2653 2219 perseverat,
2675 2147 2733 2198 et
2760 2145 2927 2197 curat
2945 2138 3183 2194 vulnera
3210 2152 3322 2191 non
3352 2132 3541 2189 solum
3575 2129 3633 2183 in
3668 2127 3781 2189 die,

2133 2251 2334 2291 verum
2354 2236 2527 2290 etiam
2547 2233 2603 2287 in
2624 2228 3112 2300 nocte,reliqnam
3134 2222 3591 2282 sollicitudinem
3614 2232 3782 2273 suam

2135 2328 2194 2379 et
2220 2323 2572 2379 industriam
2603 2322 2890 2377 tribuens.
2914 2318 3177 2388 Cumque
3204 2312 3375 2369 vellet
3405 2324 3576 2365 mane
3608 2304 3781 2378 proti-

2118 2411 2295 2493 ’cisci,
2320 2413 2392 2468 de
2422 2412 2665 2482 probato
2708 2412 2948 2479 argento
2991 2422 3119 2471 suo,
3151 2405 3223 2460 de
3262 2401 3504 2493 probata
3534 2391 3785 2493 pecunia

2130 2518 2243 2558 sua
2288 2500 2438 2556 tollit
2481 2500 2631 2555 duos
2677 2496 2969 2560 denarios,
3002 2497 3059 2550 et
3112 2493 3316 2548 onerat
3369 2482 3783 2546 stabularium,

2134 2590 2292 2647 haud
2327 2590 2572 2647 dubium
2605 2587 2746 2660 quin
2781 2584 3053 2655 angelum
3086 2579 3377 2645 Ecclesiae,
3401 2574 3491 2631 cui
3526 2569 3788 2645 praecipit

2138 2683 2205 2735 ut
2234 2679 2545 2752 diligenter
2567 2680 2732 2732 curet
2759 2691 2916 2735 eum.
2939 2678 2997 2728 et
3017 2672 3085 2726 ad
3112 2669 3421 2725 sanitatem
3448 2677 3634 2734 usque
3667 2675 3791 2732 per-

2136 2770 2335 2837 ducat,
2366 2784 2539 2840 qucm
2577 2783 2679 2838 pro
2711 2762 2985 2834 angustia
3012 2758 3294 2829 temporis
3324 2755 3499 2811 etiam
3528 2752 3657 2822 ipse
3681 2764 3787 2840 cu-

2136 2837 2400 2914 raverat;
2418 2862 2540 2912 Duo
2574 2854 2794 2911 denarii
2842 2850 3045 2907 notitia
3091 2846 3235 2904 mihi
3267 2845 3496 2899 videtur
3524 2855 3653 2895 esse
3680 2837 3788 2891 Pa-

2137 2948 2244 3002 tris
2270 2951 2331 3005 et
2362 2946 2511 3014 Filii,
2541 2949 2598 3000 et
2629 2942 2874 3000 scientia
2902 2934 3274 3000 sacramenti,
3298 2929 3590 3004 quomodo
3619 2928 3790 3014 Pater

2136 3035 2195 3090 in
2232 3034 2394 3100 Filio,
2424 3039 2480 3089 et
2500 3008 2690 3087 'Filius
2720 3031 2779 3085 in
2816 3034 2984 3084 Patre
3026 3026 3121 3092 sit,
3146 3022 3243 3094 qui
3277 3020 3435 3075 velut
3486 3008 3785 3071 mercedes

2138 3125 2433 3179 danantur
2463 3120 2689 3193 angelo,
2713 3123 2778 3174 ut
2801 3114 3141 3185 diligentius
3163 3114 3328 3167 curet
3348 3107 3460 3164 sibi
3480 3103 3782 3193 hominem

2139 3190 2711 3277 commendatu‘m,et
2733 3204 3097 3279 promittitur
3116 3201 3167 3258 ei
3192 3196 3479 3272 quidquid
3501 3195 3571 3250 de
3591 3208 3697 3248 suo
3724 3190 3785 3245 in

2139 3299 2429 3358 medelam
2462 3297 2773 3355 seminecis
2802 3293 3161 3366 expenderit,
3191 3289 3347 3344 illico
3376 3301 3505 3342 esse
3535 3281 3780 3338 redden—

2138 3391 2300 3446 dum.
2328 3390 2475 3444 Vere
2518 3387 2679 3458 Legis
2729 3390 2787 3441 et
2832 3381 3150 3455 prophetiae
3198 3382 3398 3434 custos
3449 3373 3782 3429 animarum

2137 3478 2250 3534 iste
2278 3477 2543 3546 vicinior,
2568 3476 2665 3546 qui
2700 3474 2837 3530 fecit
2868 3467 3331 3528 misericordiam
3355 3464 3404 3521 ei
3434 3463 3534 3535 qui
3562 3459 3785 3515 incide-

2140 3572 2230 3625 rat
2257 3567 2316 3623 in
2348 3566 2625 3636 latrones,
2648 3570 2706 3619 et
2728 3562 3028 3636 proximus
3057 3560 3185 3629 ejus
3208 3553 3483 3629 apparuit
3521 3567 3636 3607 non
3667 3552 3786 3604 tam

2140 3672 2411 3713 sermone
2439 3671 2615 3725 quam
2650 3668 2842 3724 opere.
2868 3650 3014 3716 Quia
3038 3664 3176 3719 ergo
3209 3642 3490 3719 possibile
3510 3645 3600 3697 est
3621 3639 3793 3708 juxta

2139 3745 2284 3802 illud
2317 3744 2470 3816 quod
2526 3741 2813 3811 sequitur,
2844 3739 3062 3794 imitari
3109 3750 3218 3791 nos
3244 3732 3569 3795 Christum,
3591 3732 3650 3783 et
3681 3725 3790 3781 mi-

2142 3834 2323 3891 sereri
2351 3848 2553 3889 eorum
2593 3830 2693 3903 qui
2727 3829 3054 3885 inciderant
3098 3826 3157 3880 in
3208 3823 3485 3885 latrones,
3520 3816 3791 3874 accedere

2142 3924 2215 3979 ad
2247 3939 2368 3985 eos,
2407 3921 2593 3993 ligare
2623 3918 2883 3987 vulnera,
2918 3914 3224 3971 infundere
3252 3910 3445 3966 oleum
3479 3910 3537 3962 et
3564 3904 3789 3971 vinum,

2141 4014 2444 4084 imponere
2465 4027 2644 4085 super
2662 4005 3339 4080 propriumjumentum,
3362 4000 3421 4052 et
3443 3995 3592 4052 ferre
3611 4008 3794 4085 onera

2141 4079 2436 4174 ipsorum;
2465 4079 2781 4172 propterea
2807 4097 2878 4150 ad
2922 4093 3064 4149 talia
3113 4107 3220 4146 nos
3264 4086 3578 4174 cohortaris
3609 4079 3792 4137 Filius

2145 4172 2267 4255 ﬁsi,
2302 4207 2420 4244 non
2468 4193 2587 4243 tam
2634 4183 2854 4243 doctori
2911 4181 3059 4254 legis
3106 4193 3284 4251 quam
3342 4172 3512 4229 nobis
3558 4185 3792 4242 quoque

2145 4272 2422 4335 omnibus
2453 4275 2716 4346 loquitur
2748 4290 2760 4328 :
2802 4271 2949 4327 Vade
2973 4277 3026 4324 et
3052 4275 3115 4323 tu
3150 4268 3241 4337 fac
3266 4262 3545 4319 similiter.
3576 4259 3711 4323 Quae
3741 4256 3792 4312 si

2146 4364 2421 4423 similiter
2452 4360 2783 4421 fecerimus,
2812 4357 2992 4412 vitam
3042 4367 3474 4425 consequemur
3516 4352 3790 4402 aeternam

2144 4454 2206 4508 in
2236 4452 2463 4507 Christo
2491 4454 2652 4519 Jesu,
2686 4447 2781 4503 cui
2811 4450 2901 4503 est
2929 4443 3115 4518 gloria
3157 4447 3216 4499 et
3250 4438 3566 4512 imperium
3599 4435 3659 4490 in
3687 4451 3792 4488 sie-

2145 4540 2279 4598 cula
2306 4539 2677 4596 saeculorum.
2710 4544 2918 4592 Amen.

2692 4642 2997 4701 HOMILIA
3034 4638 3248 4696 XXXV.

2142 4738 2218 4793 De
2246 4752 2308 4793 eo
2337 4735 2476 4808 quod
2503 4735 2769 4806 scriptum
2797 4736 2875 4787 est
2900 4749 2919 4786 :
2942 4753 2969 4780 «
3004 4726 3229 4808 Quaado
3257 4724 3412 4808 vadis
3439 4738 3566 4777 cum
3590 4718 3789 4808 aduer-

2213 4793 2363 4864 sario
2393 4812 2505 4873 tuo,
2523 4829 2551 4857 ››
2572 4793 2626 4862 εἰ
2651 4813 2874 4868 extera,
2897 4793 3067 4872 usque
3087 4799 3159 4873 ad
3177 4812 3310 4873 eum
3341 4797 3519 4873 locum
3545 4793 3642 4846 ubi
3668 4793 3748 4845 ait
3768 4808 3786 4843 :

2216 4904 2242 4931 α
2277 4881 2341 4935 Et
2370 4866 2731 4941 novissimam
2758 4866 3029 4931 minutum
3060 4869 3267 4927 reddes.
3294 4891 3315 4921 ι
3349 4866 3487 4936 Cap.
3520 4880 3623 4918 xu:

2215 4987 2337 5042 Nisi
2369 4989 2525 5042 esset
2554 4984 2722 5040 nobis
2754 4985 2965 5039 natura
2994 4976 3258 5042 insitum,
3289 4974 3346 5028 id
3380 4971 3531 5044 quod
3559 4970 3791 5041 justum

2143 5080 2233 5132 est
2272 5074 2604 5147 judicandi,
2656 5085 2959 5141 nunquam
3009 5066 3277 5121 Salvator
3322 5062 3579 5147 diceret:
3616 5057 3795 5147 Quare

2142 5145 2350 5233 autem,
2381 5169 2433 5220 et
2462 5181 2496 5219 a
2527 5159 2923 5229 vobismetipsis
2966 5172 3077 5211 non
3114 5155 3254 5227 quod
3292 5145 3505 5226 justum
3535 5157 3614 5203 est
3644 5145 3788 5212 iudi-

2142 5255 2281 5309 catis
2302 5256 2326 5304 φ
2358 5253 2563 5308 Verum
2596 5266 2669 5305 ne
2698 5247 2769 5303 ad
2816 5243 3217 5319 probationem
3268 5242 3445 5311 hujus
3493 5233 3793 5293 sententiis

2142 5339 2378 5413 longius
2407 5354 2741 5410 evagemur,
2775 5334 3026 5390 maxime
3064 5347 3197 5388 cum
3230 5328 3418 5385 multa
3463 5322 3795 5417 difﬁciliora

2144 5409 2282 5485 huic
2312 5409 2569 5502 capitulo
2591 5424 2852 5481 subnexa
2873 5421 3013 5486 sint,
3041 5425 3269 5476 tantum
3294 5414 3578 5489 superbos
3611 5409 3823 5503 signi:

2143 5520 2350 5575 ﬁcasse
2380 5514 2651 5572 sufﬁciet.
2684 5513 2834 5580 Quin
2867 5510 3061 5583 potius
3091 5510 3422 5565 animarum
3457 5506 3790 5560 nostrarum

452 5756 499 5795 ‘°
526 5757 697 5816 Joan.
725 5774 787 5831 ι,
810 5759 870 5813 8.
942 5757 985 5793 ⁸⁸
1018 5756 1190 5814 Joan.
1219 5772 1341 5825 VIII,
1374 5755 1461 5812 48.
1538 5754 1584 5791 ⁸³
1613 5753 1724 5811 Isa.
1756 5769 1797 5821 ι,
1828 5752 1882 5808 6.
1958 5751 2002 5787 ⁸³

2140 5748 2185 5806 1.
2217 5765 2336 5818 cm,
2372 5748 2459 5805 15.
2535 5747 2582 5784 ⁵⁴
2608 5745 2815 5804 Matth.
2844 5760 2923 5810 x1,
2951 5743 3044 5798 28.
