4058 6190
279 338 400 408 819

1529 361 1591 423 S.
1639 363 1952 428 EUSEBII
2000 366 2440 431 HlERONYMl

3571 371 3689 440 320

283 483 353 586 ad
388 483 570 543 Deum
612 486 738 545 vela
784 492 1138 565 pandamus,
1172 497 1667 577 deprecemurque
1715 503 1928 561 adven-
1959 502 2012 570 Α
2040 507 2150 562 est.
2183 503 2244 562 Si
2274 509 2470 564 autem
2501 504 2847 579 forinsecus,
2882 525 2987 566 nec
3016 507 3087 566 de
3124 504 3246 567 illla
3273 505 3530 569 Ecclesia
3557 528 3690 586 qua

282 576 408 630 tum
431 583 910 671 sermonis-ejus,
942 593 1008 645 ut
1040 590 1460 666 interpretetur
1480 576 1820 671 parabolam
1852 601 1925 658 de

281 680 399 738 qua
428 668 709 728 scribitur
738 691 751 730 :
785 676 1011 745 Quando
1039 682 1194 739 vadis
1230 702 1357 742 cum
1399 668 1711 746 aduersario
1743 698 1832 747 tuo
1861 692 1932 747 ad

273 758 608 830 principem,
642 764 699 819 in
728 767 820 822 via
855 768 925 824 da
970 786 1223 844 operam,
1248 778 1313 832 'ut
1343 777 1536 835 liberes
1564 788 1615 836 te
1643 779 1711 836 ab
1751 796 1831 845 eo,
1861 797 1932 837 ne

276 846 418 937 forte
446 849 630 906 tradat
662 861 712 908 te
744 855 943 926 judici,
977 864 1029 916 et
1047 858 1225 932 ju'dex
1253 866 1436 922 tradat
1490 871 1541 923 te
1586 871 1846 937 exactori,
1878 878 1930 927 et

282 935 340 1027 in
371 952 643 996 carcerem
671 946 932 1002 mittaris.
964 950 1131 1006 Amen
1161 952 1280 1010 dico
1306 957 1426 1023 tibi,
1460 974 1568 1013 non
1604 958 1731 1014 inde
1757 961 1924 1027 caries,

277 1022 446 1081 donec
470 1031 832 1089 novissimum
874 1039 1152 1095 minutum
1185 1043 1406 1100 reddas.
1440 1047 1699 1112 Quatuor
1726 1065 1925 1120 perso-

279 1127 387 1169 nas
418 1117 553 1187 poni
582 1119 769 1192 video,
802 1125 1140 1195 adversarii,
1164 1131 1465 1205 principis,
1489 1117 1927 1208 judicia—exac-

277 1203 446 1275 toris,
468 1212 524 1262 et
551 1209 690 1280 quia
736 1213 966 1270 videtur
993 1203 1372 1291 evangelista
1396 1203 1928 1284 Mattheus'simile

279 1293 420 1363 quid
455 1295 686 1356 locutus
714 1300 773 1357 in
815 1322 881 1360 eo
913 1308 1066 1378 quod
1099 1310 1181 1364 ait
1213 1329 1226 1366 :
1260 1314 1381 1369 Esto
1414 1315 1700 1371 benevolus
1729 1316 1926 1373 adver-

277 1387 427 1440 sario
447 1388 540 1442 tuo
561 1390 700 1445 dum
728 1408 784 1447 es
812 1395 872 1448 in
893 1397 981 1451 via
1002 1414 1128 1453 eum
1150 1415 1209 1456 eo
1231 1402 1293 1467 ⁸⁵,
1322 1419 1516 1474 quaero
1539 1409 1734 1460 utrum
1770 1405 1926 1462 idem

280 1487 491 1529 sensus
539 1476 634 1539 sit,
667 1496 739 1534 an
788 1482 985 1556 aliqua
1038 1486 1114 1542 sit
1159 1488 1392 1562 vicinia,
1440 1493 1735 1563 siquidem
1769 1494 1923 1565 apud

277 1559 613 1620 Mattheum
640 1585 756 1623 una
787 1587 1037 1642 persona
1061 1579 1456 1648 praetermissa
1485 1581 1579 1647 sit,
1604 1586 1661 1637 et
1681 1581 1795 1638 alia
1821 1582 1927 1638 im-

280 1654 524 1707 mutata.
552 1654 985 1718 Praetermissus
1016 1669 1105 1720 est
1136 1666 1426 1741 princeps,
1445 1674 1501 1725 et
1533 1687 1635 1743 pro
1664 1676 1927 1727 exactore

279 1738 548 1796 minister
574 1742 833 1803 insertus
860 1764 872 1804 :
908 1751 1277 1812 adversarius
1307 1738 1440 1813 vero
1472 1738 1731 1831 et—judex
1762 1759 1926 1816 simi-

278 1824 415 1928 liter
434 1831 508 1885 ab
529 1836 937 1944 utroquejsunt
955 1842 1149 1913 positi.
1173 1846 1333 1902 Imus
1354 1824 1707 1920 itaque‘cum
1731 1849 1929 1905 adver-
1956 1877 2004 1944 B

276 1917 430 1973 sario
480 1926 679 1978 nostro
728 1925 798 1981 ad
850 1928 1194 2005 principem,
1227 1938 1284 1989 et
1330 1917 1554 2007 oportet
1602 1955 1728 2003 nos,
1780 1938 1920 1994 dum

271 2005 465 2095 adhuc
494 2009 548 2063 in
583 2011 677 2068 via
706 2030 934 2085 sumus,
958 2018 1188 2078 fortiter
1208 2005 1493 2095 laborare,
1519 2032 1584 2082 ut
1604 2026 1923 2083 liberemur

270 2093 342 2149 ab
373 2112 459 2153 eo.
495 2098 779 2162 Quoniam
814 2107 1159 2182 ambiguum
1192 2114 1407 2186 quippe
1432 2093 1646 2189 (94-95)
1675 2116 1920 2172 verbum

272 2188 384 2277 est.
417 2191 475 2242 et
503 2193 696 2259 potest
725 2196 841 2249 tam
875 2198 946 2251 ad
980 2199 1300 2274 principem
1335 2220 1511 2277 quam
1544 2206 1615 2262 ad
1650 2206 1919 2262 adversa-

272 2271 448 2362 rium,
483 2278 722 2338 referri:
753 2285 830 2339 Ne
855 2287 999 2356 forte
1025 2271 1216 2345 tradat
1261 2299 1328 2361 te,
1364 2292 1484 2349 sive
1529 2294 1917 2362 adversarius,

272 2360 393 2455 sive
415 2365 709 2440 princeps,
716 2372 917 2446 judici,
941 2378 1173 2449 etjndea:
1192 2360 1380 2437 tradat
1401 2391 1454 2439 te
1471 2387 1787 2455 exactori,et
1810 2360 1924 2440 non'

271 2450 397 2509 inde
419 2457 592 2529 exies,
614 2458 782 2517 donec
816 2467 1183 2524 novissimum
1210 2471 1324 2542 (95)
1354 2476 1628 2528 neutrum
1656 2473 1865 2530 reddas
1900 2492 1913 2529 :

273 2556 378 2613 pro
428 2561 542 2616 quo
597 2546 900 2608 Matthaaus
933 2555 1013 2610 ait
1046 2571 1060 2611 :
1090 2559 1272 2614 Donec
1316 2560 1512 2617 reddas
1557 2563 1917 2618 novissimum

270 2633 634 2702 quadrantem
668 2639 728 2694 ⁵⁸.
782 2642 1036 2699 Verbum
1087 2662 1218 2703 vero
1264 2651 1623 2707 novissimum
1673 2657 1915 2723 uterque

269 2721 476 2813 scribit
504 2742 518 2780 :
554 2726 883 2802 discrepare
915 2736 1106 2790 autem
1140 2741 1281 2792 sunt
1310 2737 1439 2808 visi,
1469 2741 1624 2812 quod
1655 2741 1750 2796 hic
1777 2721 1916 2813 qua-

270 2810 559 2882 drantem,
590 2815 689 2873 ille
718 2819 1009 2878 minutum
1043 2826 1271 2895 posuit:
1302 2810 1568 2900 quaedam
1598 2829 1743 2885 mihi
1774 2810 1917 2885 sunt

272 2903 584 2961 secretiora
638 2910 954 2981 tangenda,
988 2917 1051 2967 ut
1094 2914 1490 2988 intelligamus
1549 2917 1727 2974 alium
1788 2934 1917 2975 esse

273 2989 693 3067 adversarium,
718 2995 862 3054 alias
888 3002 1005 3056 tres
1036 3019 1337 3077 personas,
1361 3006 1417 3062 id
1451 3011 1541 3062 est
1569 3007 1915 3080 principem,

264 3077 550 3168 judicem,
584 3089 931 3145 exactorem.
966 3089 1239 3165 Legimus
1268 3093 1339 3166 (si
1372 3077 1587 3152 tamen-
1605 3097 1699 3152 cui
1732 3077 1919 3168 placet

273 3165 682 3258 hujuscemodi
704 3175 1057 3248 scripturam
1082 3165 1611 3255 recipere)justitiae
1633 3190 1690 3243 et
1710 3165 1918 3258 iniqui-

2039 611 2152 651 non
2194 596 2371 653 habet
2400 596 2689 654 maculam
2740 604 2842 655 aut
2881 616 3087 673 rugam
3110 599 3173 668 ⁸⁸,
3209 604 3309 657 aut
3338 600 3475 673 quid
3508 601 3684 660 istius

2038 685 2215 758 modi,
2248 691 2305 742 et
2332 685 2463 760 ipsa
2490 703 2550 742 re
2582 688 2795 760 probor
2822 687 3051 746 alienus
3081 706 3210 746 esse
3240 707 3274 745 a
3303 689 3407 746 tali
3438 707 3683 764 congre-

2036 775 2292 848 gatione,
2327 794 2440 833 non
2472 776 2649 834 habet
2699 778 2974 834 ﬁduciam
3006 779 3252 852 angelus
3284 796 3452 837 meus
3501 781 3687 855 respi-

2037 864 2226 921 ciendi
2254 866 2484 923 vultum
2517 867 2704 924 Patris
2747 868 2862 924 mei
2911 868 3008 940 qui
3057 869 3114 924 in
3165 869 3327 927 cmlis
3357 874 3463 927 est.
3499 872 3685 939 Quam

2037 954 2110 1010 ob
2141 972 2378 1011 causam
2414 956 2611 1029 angeli
2645 973 2747 1029 pro
2780 957 2949 1013 bonis
2981 957 3217 1014 solliciti
3250 963 3407 1029 sunt,
3436 959 3686 1018 scientes

2037 1045 2191 1115 quod
2211 1046 2257 1100 si
2283 1062 2389 1101 nos
2413 1046 2557 1101 bene
2578 1045 3053 1119 gubernaverint,
3067 1052 3124 1103 et
3139 1048 3211 1103 ad
3228 1048 3479 1105 salutem
3498 1067 3684 1123 usque

2036 1133 2433 1206 perduxerint,
2467 1134 2723 1191 habeant
2758 1136 2933 1192 etiam
2984 1137 3096 1209 ipsi
3143 1137 3421 1194 fiduciam
3448 1138 3686 1197 videndi

2037 1221 2243 1278 faciem
2278 1222 2484 1279 Patris.
2510 1223 2810 1288 Quomodo
2840 1225 2994 1281 enim
3026 1225 3076 1282 si
3117 1243 3220 1299 per
3249 1244 3449 1284 curam
3480 1245 3684 1305 eorum

2035 1316 2093 1367 et
2121 1311 2473 1368 industriam
2508 1312 2668 1369 salus
2690 1313 3034 1371 hominibus
3058 1320 3453 1389 comparatur,
3478 1318 3685 1376 faciem

2034 1399 2223 1457 Patris
2253 1418 2487 1473 semper
2515 1404 2825 1459 attendunt
2858 1420 2870 1459 :
2914 1403 2997 1460 sic
3030 1405 3079 1460 si
3121 1422 3222 1477 per
3266 1405 3684 1480 negligentiam
3780 1406 3788 1415 ’

2035 1504 2237 1545 eorum
2269 1490 2445 1547 homo
2478 1492 2781 1561 corruerit,
2808 1494 2982 1549 etiam
3011 1494 3103 1550 sui
3128 1495 3368 1567 periculi
3400 1513 3522 1553 rem
3555 1513 3686 1555 esse

2035 1595 2149 1633 non
2183 1579 2472 1637 nesciunt.
2493 1582 2563 1637 Et
2594 1581 2744 1637 sicut
2776 1580 2964 1639 bonus
2991 1583 3321 1656 episcopus,
3341 1590 3399 1641 et
3424 1585 3686 1658 optimus

2036 1666 2303 1725 Ecclesiae
2326 1668 2697 1742 dispensator
2716 1672 2830 1727 scit
2861 1671 2953 1728 sui
2986 1672 3177 1729 meriti
3206 1690 3335 1731 esse
3363 1679 3542 1748 atque
3570 1675 3684 1731 vir-

2036 1756 2199 1829 tutis,
2231 1759 2278 1815 si
2310 1775 2446 1816 oves
2476 1760 2670 1833 gregis
2711 1760 2824 1816 sibi
2873 1761 3078 1817 crediti
3111 1762 3330 1819 fuerint
3357 1763 3683 1833 custoditos,

2037 1846 2116 1902 ita
2146 1846 2406 1921 intelligo
2436 1853 2493 1904 et
2521 1849 2591 1904 de
2635 1849 2879 1922 angelis.
2914 1851 3241 1922 Ignominia
3280 1852 3488 1926 angelo
3515 1858 3606 1911 est
3631 1854 3683 1911 si

2035 1935 2210 1993 homo
2232 1937 2434 2009 justus
2457 1938 2720 1994 creditus
2745 1940 2938 2008 fuerit,
2953 1943 3011 1997 et
3039 1942 3396 2013 peccaverit:
3422 1947 3487 1998 ut
3506 1956 3685 2001 econ-

2030 2025 2209 2081 trario
2237 2026 2423 2099 gloria
2441 2032 2532 2083 est
2560 2027 2768 2101 angelo
2880 2030 2928 2085 si
3042 2031 3301 2089 creditus
3333 2031 3443 2089 sibi
3474 2033 3683 2091 saltem

2030 2114 2314 2171 minimus
2341 2115 2402 2171 in
2434 2116 2691 2174 Ecclesia
2725 2118 2924 2175 fuerit.
2939 2120 3236 2177 Videbunt
3255 2120 3412 2179 enim
3434 2139 3553 2179 non
3576 2123 3683 2179 ali-

2029 2205 2400 2276 quando,sed
2427 2222 2678 2279 semper,
2699 2208 2906 2264 faciem
2934 2211 3127 2267 Patris
3155 2211 3255 2283 qui
3287 2216 3379 2268 est
3406 2212 3467 2268 in
3498 2212 3684 2278 caelis.

2027 2309 2162 2349 cum
2197 2292 2294 2350 alii
2329 2311 2561 2366 semper
2601 2313 2717 2352 non
2748 2297 2998 2354 videant.
3035 2299 3370 2356 Secundum
3403 2301 3681 2360 meritum

2026 2381 2183 2438 enim
2214 2399 2415 2439 eorum
2453 2400 2704 2457 quorum
2735 2386 2928 2458 angeli
2973 2393 3130 2456 sunt,
3164 2394 3264 2445 aut
3293 2406 3546 2463 semper,
3580 2396 3684 2448 aut

2027 2487 2353 2544 nunquam,
2386 2473 2473 2530 vel
2503 2490 2733 2545 parum,
2765 2474 2848 2531 vel
2892 2475 3045 2549 plus,
3080 2477 3286 2534 faciem
3332 2478 3435 2536 Dei
3483 2478 3680 2552 angeli

2024 2561 2601 2633 contemplabuntur.
2636 2564 2816 2636 Cujus
2847 2565 2928 2620 rei
2968 2566 3040 2622 ad
3072 2566 3362 2639 liquidum
3401 2568 3670 2625 notitiam

2024 2648 2178 2706 Deus
2209 2651 2451 2722 noverit,
2484 2656 2541 2708 et
2570 2652 2618 2708 si
2651 2654 2805 2725 quis,
2839 2653 2974 2711 licet
3009 2672 3158 2724 raro,
3195 2656 3365 2713 tuerit
3394 2657 3670 2715 inventus

2024 2755 2199 2810 quem
2237 2739 2506 2797 Christus
2555 2741 2829 2799 illuxerit.
2861 2743 3177 2801 Videamus
3226 2763 3362 2821 ergo
3411 2748 3670 2819 primum

2024 2827 2161 2898 quis
2183 2827 2260 2882 sit
2281 2829 2651 2886 adversarius
2671 2848 2805 2888 cum
2829 2850 2945 2906 quo
2973 2834 3078 2890 iter
3102 2835 3406 2891 faciamus.
3430 2836 3674 2909 Semper

2026 2916 2336 2973 nobiscum
2359 2923 2447 2974 est
2467 2920 2856 2977 adversarius.
2878 2924 2939 2979 In
2949 2922 3144 2981 felices
3162 2942 3290 2997 nos,
3308 2929 3485 2999 atque
3503 2925 3676 2982 mise-

2026 3004 2267 3062 rabiles!
2305 3007 2777 3082 Quotiescunque
2820 3012 3274 3084 peccaverimus,
3307 3015 3676 3073 adversarius

2028 3098 2226 3150 noster
2250 3095 2522 3166 exsultat,
2554 3099 2747 3155 sciens
2789 3101 3066 3172 quoniam
3113 3101 3291 3159 habet
3337 3103 3673 3161 facultatem

2027 3184 2180 3255 apud
2210 3183 2531 3258 principem
2555 3187 2751 3243 saeculi
2782 3187 3096 3263 hujus,qui
3123 3208 3184 3247 se
3215 3192 3455 3249 miserat
3485 3192 3677 3249 exsul-

273 3255 412 3311 tatis
434 3257 673 3331 angelos
704 3247 882 3335 super
900 3266 1147 3324 Abraha)
1166 3247 1354 3328 salute
1366 3247 1441 3330 vet
1469 3275 1705 3330 interitu
1730 3247 1915 3331 dis-ce-
1948 3247 1991 3313 C
2026 3247 2189 3327 tendi
2210 3247 2267 3329 et
2286 3247 2677 3348 gloriandi,eo
2700 3247 3268 3350 quod‘adve‘rsarius,
3464 3247 3671 3356 gratia,

271 3346 524 3416 ptantes,
545 3348 685 3406 dum
720 3356 979 3427 utraeque
1007 3362 1214 3415 turmae
1237 3378 1343 3418 suo
1363 3379 1498 3419 eum
1521 3363 1723 3420 volunt
1744 3366 1916 3421 coetui

269 3432 585 3535 vipdicare.
616 3438 910 3501 853-54
940 3446 1101 3509 Quod
1135 3449 1181 3503 si
1217 3450 1309 3505 cui
1338 3451 1626 3523 displicet,
1658 3457 1919 3535 transeat

270 3524 343 3579 ad
374 3525 647 3584 volumen
679 3534 834 3603 quod
865 3534 1037 3591 titulo
1066 3539 1311 3596 Pastoris
1339 3540 1635 3611 scribitur,
1673 3546 1731 3598 et
1758 3524 1916 3599 inve-

274 3612 394 3704 niet
439 3617 667 3674 cunctis
722 3620 1065 3682 hominibus
1094 3628 1206 3700 (97)
1237 3630 1385 3686 duos
1417 3631 1622 3686 adesse
1678 3631 1915 3704 angelos

274 3701 520 3794 malum,
552 3708 653 3778 qui
684 3711 755 3766 ad
784 3728 1057 3785 perversa
1088 3716 1445 3788 exhortatur,
1477 3723 1532 3775 et
1563 3701 1784 3776 bonum
1814 3720 1916 3794 qui

273 3790 343 3846 ad
374 3793 599 3883 optima
620 3813 864 3872 quaeque
892 3806 1224 3873 persuadet.
1254 3806 1543 3864 Scribitur
1571 3809 1734 3878 alibi,
1760 3790 1913 3883 quod

270 3879 553 3939 assistant
592 3884 838 3955 homini,
871 3891 989 3947 sive
1041 3892 1101 3947 in
1151 3894 1386 3963 bonam,
1419 3897 1538 3954 sive
1589 3899 1648 3954 in
1698 3900 1913 3958 malam

270 3975 495 4043 partem
543 3975 808 4046 duplices
848 3980 1058 4052 angeli.
1096 3988 1170 4038 De
1213 3984 1383 4041 bonis
1430 3987 1608 4045 etiam
1655 3989 1918 4046 Salvator

272 4062 540 4117 meminit
598 4064 795 4122 dicens
827 4068 922 4123 ‘7:
970 4070 1175 4140 Angeli
1225 4090 1412 4130 eorum
1467 4093 1677 4150 semper
1731 4079 1916 4135 vident

267 4150 478 4240 faciem.
510 4155 697 4210 Patris
742 4158 853 4212 mei
897 4160 995 4230 qui
1040 4162 1099 4215 in
1147 4163 1296 4218 caelis
1352 4173 1448 4222 est.
1478 4166 1665 4222 Simul
1724 4184 1917 4240 quaere

271 4234 478 4294 utrum’
503 4241 877 4312 parvulorum
906 4246 966 4302 in
1005 4248 1259 4307 Ecclesia
1288 4269 1520 4326 semper
1549 4255 1783 4312 videant
1812 4274 1916 4312 an-

270 4325 380 4415 geli
415 4328 619 4386 faciem
666 4331 870 4407 Patris,
902 4340 959 4392 et
995 4337 1243 4396 aliorum
1274 4325 1463 4415 angeli
1497 4362 1610 4401 non
1663 4345 1921 4402 habeant

269 4413 599 4474 libertatem
644 4421 871 4480 vultum
921 4427 1108 4483 Patris
1156 4413 1495 4489 attendere:
1531 4451 1719 4507 neque
1760 4434 1917 4492 enim

269 4508 626 4576 sperandum
654 4516 763 4587 est,
787 4515 1052 4572 omnium
1084 4518 1319 4590 angelos
1348 4522 1541 4594 videre
1568 4523 1777 4579 faciem
1809 4528 1917 4580 Pa-

2026 3359 2206 3433 hujus
2237 3362 2324 3418 vel
2354 3363 2534 3422 illius.
2567 3382 2700 3421 cum
2735 3366 2936 3424 fecerit
2966 3368 3213 3442 principi
3263 3369 3461 3428 saeculi
3492 3371 3672 3444 hujus

2025 3467 2154 3507 esse
2184 3452 2516 3523 subjectum
2566 3473 2669 3528 per
2696 3456 2838 3513 talia
2884 3462 3089 3531 totque
3121 3465 3377 3532 peccata,
3409 3478 3515 3534 per
3560 3462 3670 3519 hoc

2024 3539 2287 3613 illudque
2337 3542 2638 3601 delictum.
2686 3546 2890 3602 Evenit
2930 3552 3128 3605 autem
3174 3549 3491 3620 interdum,
3523 3558 3592 3607 ut
3620 3552 3673 3609 si

2026 3630 2126 3702 qui
2174 3631 2349 3687 fuerit
2394 3638 2755 3705 praeparatus
2795 3641 3097 3694 armatura
3136 3638 3258 3708 Dei,
3293 3643 3353 3695 et
3396 3656 3468 3697 ex
3509 3639 3672 3697 omni

2026 3724 2190 3792 parte
2220 3737 2283 3776 se
2301 3722 2524 3791 texerit,
2544 3728 2786 3781 conetur
2805 3725 3043 3798 quidem
3068 3728 3437 3786 adversarius
3456 3729 3671 3786 vulnus

2024 3808 2260 3877 inferre,
2301 3810 2401 3866 sed
2452 3812 2791 3869 facultatem
2850 3831 2963 3871 non
3025 3816 3237 3873 habeat
3288 3818 3671 3891 percutiendi,

2023 3901 2264 3971 Semper
2292 3899 2599 3957 nobiscum
2649 3903 3017 3981 adversarius
3047 3907 3333 3978 graditur,
3366 3925 3672 3981 nunquam

2025 4004 2133 4044 nos
2162 3988 2395 4057 deserit,
2430 3992 2635 4062 quaerit
2667 3992 3032 4050 occasionem
3074 3995 3444 4064 insidiarum,
3476 3997 3527 4053 si
3556 4015 3671 4071 quo

2027 4078 2198 4134 modo
2231 4096 2337 4135 nos
2358 4070 2690 4137 subvertere
2715 4086 2911 4153 queat,
2936 4087 3002 4138 ut
3031 4083 3087 4139 in
3112 4084 3417 4159 principali
3448 4070 3675 4160 [ἡγεμο-

2023 4166 2182 4239 νικῷ]
2213 4167 2407 4223 cordis
2435 4169 2620 4225 nostri
2671 4170 2887 4227 malam
2919 4172 3197 4244 subjiciat
3238 4174 3672 4248 cogitationem.

2024 4255 2253 4327 Quando
2282 4256 2435 4312 vadis
2458 4257 2529 4312 ad
2551 4261 2861 4332 principem
2874 4262 2938 4316 59.
2961 4260 3242 4326 Quisnam
3270 4263 3380 4320 iste
3402 4265 3676 4338 princeps

2026 4349 2117 4400 est
2134 4344 2163 4399 ‘P
2192 4345 2429 4413 Quando
2458 4346 2733 4404 dividebat
2751 4350 3060 4407 Altissimus
3089 4354 3296 4422 gentes,
3320 4349 3535 4426 quando
3559 4354 3677 4410 dis-

2024 4433 2333 4490 seminabat
2359 4434 2509 4507 ﬁlios
2538 4436 2729 4503 Adam,
2761 4441 2949 4494 statuit
2983 4442 3243 4498 terminos
3268 4444 3560 4499 nationum
3587 4460 3672 4501 se-

2026 4522 2265 4579 cundum
2297 4541 2590 4580 numerum
2619 4528 2939 4597 angelorum
2978 4531 3099 4597 Dei,
3130 4535 3184 4586 et
3209 4534 3358 4604 facta
3385 4540 3464 4588 est
3491 4534 3675 4605 portio

268 4593 505 4688 trisfqui
540 4597 596 4653 in
630 4599 791 4657 caelis
821 4607 928 4659 est.
961 4604 1019 4659 Si
1066 4606 1226 4662 fuero
1256 4609 1327 4664 de
1359 4610 1917 4684 Ecclesia,quamvis
1947 4616 1993 4681 D
2025 4612 2247 4667 Domini
2296 4614 2529 4684 populus
2582 4593 2711 4685 ejus
2766 4618 2950 4685 Iacob,
2999 4593 3285 4688 funiculus
3334 4593 3676 4678 ha’reditatis

266 4683 552 4743 minimus
575 4690 710 4754 sim,
733 4690 909 4748 habet
939 4692 1268 4752 libertatem
1302 4698 1546 4771 angelus
1577 4683 1743 4757 melus
1770 4706 1826 4757 et
1848 4703 1909 4756 fi-

264 4770 497 4831 duciam
523 4792 756 4850 semper
771 4780 965 4837 videre
986 4783 1191 4839 faciem
1212 4770 1405 4842 Patris
1426 4788 1538 4844 mei
1558 4789 1655 4860 qui
1679 4788 1738 4846 in
1754 4788 1915 4847 ccelis

2022 4702 2142 4773 ejus
2171 4703 2342 4757 Israel
2366 4703 2432 4759 6°.
2454 4702 2566 4774 (98)
2599 4703 2784 4776 Igitur
2824 4705 3213 4780 principibus,
3237 4709 3297 4765 id
3328 4713 3421 4767 est
3448 4708 3676 4785 angelis

2025 4789 2138 4863 (99)
2166 4790 2237 4846 ab
2268 4790 2501 4848 exordio
2532 4795 2687 4849 terra
2715 4793 2899 4849 divisa
2929 4799 3037 4852 est.
3062 4795 3264 4853 Daniel
3296 4798 3515 4872 quippe
3543 4814 3677 4856 ma-

338 4919 383 4952 ⁵⁵
407 4918 612 4978 Matth.
646 4940 702 4988 v,
728 4924 818 4981 25.
860 4926 904 4960 ⁸⁸
936 4926 1081 4982 Ibid.
1114 4929 1204 4983 26.
1245 4929 1289 4963 δτ
1320 4929 1526 4986 Matth.
1559 4947 1720 4997 xvm,
1755 4933 1838 4988 10.
1881 4933 1919 4969 ⁸⁸

2028 4932 2162 4989 thes.
2196 4952 2250 5004 ν,
2280 4934 2370 4989 27.
2412 4935 2457 4970 ⁸ο
2485 4935 2621 4991 Luc.
2655 4953 2755 5005 xu,
2785 4937 2875 4993 58.
2924 4939 2969 4973 ⁶⁰
2997 4942 3165 4996 Deut.
3197 4941 3373 5010 inn,
3404 4943 3459 4999 8.

336 5062 543 5148 (94:95)
573 5064 838 5148 Graecum
889 5069 1038 5148 sacri
1086 5074 1279 5148 textus
1328 5073 1592 5148 verbum,
1619 5072 1911 5148 κατασῦρᾳ,

266 5133 872 5217 sub‘snt‘it‘uepdumhic
904 5140 1382 5217 videturtatino,
1415 5133 1629 5217 quippe.

343 5163 749 5192 uautucuuum
780 5163 872 5194 tuo
905 5163 1130 5197 vruetur
1161 5163 1382 5215 Launo,
1415 5163 1506 5217 qui
1583 5163 1629 5202 ϐ.

338 5205 452 5288 (96)
470 5204 714 5288 Videtur
729 5210 800 5288 d_e
821 5211 1113 5288 industria
1136 5213 1443 5288 lectionem
1467 5163 1630 5273 illrm
1650 5220 1919 5288 praeferre

263 5275 442 5364 (ξι-ωρί
477 5278 799 5364 archetypi,
834 5298 961 5353 quae
999 5283 1061 5364 in
1108 5292 1312 5364 neutro
1362 5287 1538 5364 habet
1564 5287 1627 5364 τρ
1653 5275 1916 5364 ξσχοέεόν,

263 5347 573 5431 alteriqu
590 5350 650 5431 n
669 5347 802 5408 aliis
820 5347 1644 5431 o‘ccurriteaemplaribus,tbv
1665 5347 1915 5431 ἔσῇξατονξ

333 5422 446 5493 (97)
466 5420 744 5507 ’Diaimu‘s
788 5442 967 5507 supra
1017 5428 1088 5507 ad
1138 5420 1445 5507 honiil._23
1491 5420 1666 5507 videri
1719 5420 1917 5507 Qrige-

259 5508 394 5575 nem
424 5493 684 5575 sensisse
714 5493 884 5575 bonis
914 5503 1166 5575 tantum,
1189 5502 1529 5575 sanctisqde
1558 5503 1698 5560 viris
1724 5493 1919 5563 cusio-

260 5562 391 5643 dem
452 5566 726 5643 apgelum
787 5569 1030 5643 adjungi
1082 5590 1095 5627 :
1153 5562 1246 5629 hic
1307 5562 1493 5632 multo
1544 5575 1711 5633 aliter
1767 5577 1917 5634 duos

255 5634 469 5731 quique
493 5634 798 5731 homipum
823 5634 1151 5731 assignatas
1169 5647 1649 5731 ‘apocrprorum
1672 5665 1917 5731 quoque

252 5705 516 5766 ibrorum
549 5712 893 5770 auctoritate
938 5705 1187 5772 contend
1217 5705 1263 5773 it
1295 5733 1309 5775 :
1345 5705 1413 5774 ἑί
1447 5717 1622 5790 paulo
1668 5705 1917 5780 inferius

1516 5922 1554 5939 ν

2024 5073 2491 5152 luculentissima
2543 5076 2614 5133 iis
2675 5077 2849 5152 etiam
2901 5080 3001 5152 qui
3059 5082 3132 5138 ab
3188 5083 3443 5142 Ecclesia
3499 5084 3676 5144 alieni

2027 5146 2545 5229 sunt,_assignatqs
2575 5146 3222 5229 pronuntiat—custodes
3246 5156 3509 5229 angelos,
3531 5158 3683 5215 dum

2028 5234 2127 5274 eos
2157 5218 2240 5273 ait
2269 5218 2383 5273 non
2411 5218 2625 5276 audere
2654 5222 2723 5277 ad
2774 5221 3022 5279 cmlestis
3069 5226 3260 5283 Patris
3308 5218 3516 5285 faciem
3546 5246 3680 5287 ocu-

2025 5289 2115 5346 los
2157 5289 2462 5365 attollere,
2495 5295 2552 5348 et
2606 5309 2710 5365 pro
2767 5292 3075 5352 hominum
3133 5298 3244 5355 sibi
3302 5300 3679 5360 subditorum

2028 5360 2252 5444 meritis
2282 5367 2378 5444 aut
2404 5360 2656 5444 pemper,
2707 5368 2802 5444 aut
2846 5381 3158 5444 nunquam,
3208 5371 3290 5427 vel
3336 5388 3563 5444 parum,
3595 5374 3684 5432 vel

2019 5434 2150 5506 plus
2178 5436 2495 5519 [aciempei
2515 5434 2875 5519 cmitemplari
2899 5434 3097 5519 posse;
3128 5434 3256 5519 quae
3284 5434 3676 5519 eiaggeratio,

2027 5506 2417 5588 quantum__ab
2448 5506 2769 5565 orthodoxa
2810 5506 3119 5569 sententia.
3143 5506 3475 5588 abhorreat,
3507 5506 3681 5577 nemo

2029 5594 2140 5633 non
2173 5577 2369 5634 sentit.

2118 5650 2208 5731 ἓξ)
2237 5649 2383 5731 Χέεέθ
2414 5666 2541 5731 ουρ·
2574 5650 2607 5705 3
2636 5648 2737 5706 Ιίδ·
2757 5650 2998 5731 muneri
3028 5653 3234 5731 ἀρχῷνε

2118 5650 2208 5722 98)
2238 5649 2383 5706 Vide
2414 5666 2541 5723 cap.
2574 5650 2607 5705 3
2636 5649 2737 5706 lib.
2772 5667 2836 5707 ιιι
2866 5650 2998 5727 Περί
3028 5653 3061 5708 ἀ
3099 5658 3234 5731 χῶν.

2097 5649 2210 5793 ξ99)
2237 5721 2384 5780 Vide
2413 5738 2474 5780 n.
2506 5721 2567 5779 in
2597 5738 2724 5797 cap.
2754 5722 2790 5779 3
2818 5721 2923 5784 lib.
2957 5743 3018 5785 ιιι
3051 5673 3184 5804 θερὶ
3208 5726 3423 5807 ἀρχῶν.
