4058 6190
348 268 462 331 321

739 253 1241 323 TRANSLATIO
1285 250 1793 317 HOMILIARUM
1838 248 2205 315 ORIGENIS
2249 254 2329 315 lN
2372 256 2661 322 LUCAM.
2699 294 2773 307 --
2804 260 3075 325 HOMIL.
3120 262 3361 326 XXXV.

3638 262 3759 329 322

352 364 628 457 nifestius
648 409 799 467 quos
831 392 1059 465 Moyses
1080 387 1318 462 angelos
1341 383 1995 458 nominarat,principes
2032 385 2085 452 Α
2116 384 2322 442 Deum.
2358 390 2583 458 Quando
2613 393 2765 448 vadis
2792 408 2918 449 cum
2945 393 3259 451 adversario
3297 404 3386 452 tuo
3430 397 3505 454 ad
3544 400 3760 470 primi-

352 504 483 546 esse
509 488 785 551 testatur,
819 480 1021 536 dicens
1056 495 1069 534 :
1106 479 1363 549 Princeps
1389 475 1551 546 regni
1604 476 1923 539 Persarum,
1953 479 2006 528 et

346 579 608 653 princeps
633 573 795 645 regni
825 570 1143 627 Graecorum
1188 569 1240 623 et
1295 565 1524 622 Michael
1566 564 1841 653 princeps,
1862 576 2005 653 gen-

354 651 498 726 tium
524 666 590 719 ⁶¹.
625 662 705 736 (1)
735 662 809 717 Et
837 657 1248 729 unusquisque
1281 661 1546 711 nostrum
1596 668 1798 709 secum
1830 651 2007 706 habet

356 753 761 815 adversarium
793 749 1201 812 cohaerentem,
1245 745 1414 817 cujus
1473 760 1624 815 opus
1676 745 1767 798 est
1796 740 2007 796 ducere

358 863 468 904 nos
507 844 581 900 ad
613 840 962 914 principem,
1019 840 1075 892 et
1129 835 1367 890 dicere:
1400 832 1444 889 Ο
1493 831 1786 904 princeps,
1849 827 2009 884 verbi

360 934 574 1011 gratia,
607 929 771 1005 regni
803 929 1136 994 Persarum,
1171 926 1281 980 iste
1313 923 1413 995 qui
1472 922 1679 1011 subter
1708 923 1832 975 erat
1868 916 2009 983 tibi,

364 1009 504 1082 eum
537 1026 605 1078 ut
635 1036 779 1093 opus
807 1018 1019 1083 fuerat,
1050 1011 1337 1071 custodivi
1371 1030 1384 1068 :
1420 1010 1620 1066 nullus
1637 1009 1793 1066 enim
1824 1009 1896 1063 de
1926 1021 2013 1062 re-

374 1112 560 1186 liquis
579 1106 944 1183 principibus
974 1104 1046 1159 ad
1079 1119 1143 1159 se
1164 1101 1355 1175 potuit
1383 1100 1785 1163 transducere,
1818 1111 1889 1151 ne
1921 1110 2016 1186 me

377 1183 741 1276 quidem,qui
770 1196 843 1252 ad
860 1195 971 1251 hoc
993 1210 1055 1250 se
1075 1191 1302 1248 venisse
1324 1190 1678 1260 jactabat,ut
1697 1187 1769 1242 de
1794 1183 2018 1276 cunctis

370 1273 810 1348 hereditatibus
826 1284 1157 1349 Persarum,
1192 1280 1313 1337 sive
1341 1278 1696 1347 Graecorum,
1729 1273 2022 1331 omnium-

372 1396 487 1456 que
517 1379 824 1436 nationum
858 1377 1086 1446 raperet
1116 1368 1408 1434 homines,
1438 1372 1496 1423 et
1552 1364 1889 1421 haereditate
1919 1362 2020 1418 Dei

372 1454 590 1532 faceret
618 1482 749 1524 esse
777 1464 1098 1534 subjectos.
1158 1458 1425 1514 Christus
1483 1454 1768 1511 Dominus
1827 1456 2025 1508 noster

374 1575 580 1616 omnes
611 1553 908 1630 principes
928 1550 1149 1620 vicit,et
1177 1547 1461 1603 terminos
1481 1560 1682 1602 eorum
1707 1542 2021 1608 transiens,

375 1648 636 1723 captivos
663 1643 914 1719 populos
942 1640 1013 1720 ad
1048 1656 1111 1695 se
1139 1636 1444 1693 transtulit
1474 1635 1530 1690 in
1556 1633 1830 1723 salutem.
1866 1632 1931 1686 Et
1960 1635 2025 1723 tu

376 1719 656 1810 de-parte
705 1731 957 1804 alicujus
1005 1726 1286 1802 principis
1341 1740 1471 1780 eras
1504 1740 1518 1780 :
1553 1722 1842 1781 855-56
1870 1719 2029 1775 venit

378 1828 555 1886 Jesus
584 1829 643 1882 et
672 1822 868 1896 rapuit
910 1824 964 1876 te
1002 1819 1072 1874 de
1120 1818 1407 1890 potestate
1464 1829 1756 1886 perversa.
1807 1815 1864 1866 et
1917 1811 2029 1866 Deo

378 1916 535 1973 Patri
566 1911 799 1971 obtulit.
833 1906 1223 1966 Adversarius
1244 1919 1381 1976 ergo
1412 1905 1612 1958 noster
1642 1898 2032 1969 ambulat,du-

380 2021 519 2063 cens
531 2019 640 2060 nos
654 2002 724 2058 ad
741 1997 1061 2072 principem
1078 1990 1445 2049 suum.Unde
1456 2005 1562 2061 ego
1579 1987 1821 2045 credens
1836 1983 2034 2041 omnia

382 2094 825 2167 scripturarum
854 2087 1029 2143 verba
1047 2083 1264 2140 habere
1296 2079 1401 2136 rati
1411 2093 1726 2167 onem,non
1749 2081 1897 2167 puto
1913 2075 2032 2129 lru-

384 2163 788 2253 atra—judicem
805 2176 881 2249 (2)
900 2173 1053 2247 apud
1084 2172 1311 2228 Graecos
1342 2183 1474 2223 cum
1501 2165 1744 2222 articulo
1775 2163 2033 2237 positum

384 2270 488 2345 qui
513 2264 945 2342 singularitatis
974 2261 1339 2335 signiﬁcator
1381 2262 1473 2314 est
1506 2275 1520 2325 ;
1549 2253 1869 2327 principem
1902 2267 2035 2306 vero

383 2340 513 2418 sine
534 2340 786 2415 articulo
808 2353 1094 2425 scriptum
1116 2366 1247 2407 esse
1266 2340 2037 2420 simpliciter.Quandovadis

385 2466 513 2508 cum
541 2446 858 2504 adversario
889 2447 1002 2499 tuo.
1035 2440 1349 2513 Signanter
1377 2436 1476 2503 ait,
1510 2443 1620 2490 tuo.
1650 2433 1850 2504 Neque
1878 2430 2036 2487 enim

388 2554 599 2596 omnes
630 2534 895 2593 omnium
927 2535 1066 2589 sunt
1097 2525 1434 2593 adversarii,
1459 2525 1559 2580 sed
1582 2522 1802 2595 singuli
1835 2521 2037 2593 singu-

382 2628 481 2686 los
500 2628 735 2693 habent,
799 2625 897 2697 qui
930 2623 1151 2693 ubique
1174 2637 1275 2676 eos
1301 2620 1650 2689 sequantur,
1709 2621 1767 2671 et
1796 2615 1916 2671 sint
1945 2630 2041 2670 co-

387 2719 584 2775 mites.
607 2714 833 2786 Quando
860 2712 1014 2769 vadis
1066 2724 1192 2766 cum
1231 2708 1667 2768 adversarioztuo
1712 2704 1781 2760 ad
1824 2704 2038 2776 princi-

298 2876 303 2879 τ
386 2823 542 2879 pem.
574 2806 700 2863 Non
722 2819 858 2860 cum
890 2799 1138 2858 articulo
1171 2797 1497 2871 principem
1556 2794 1773 2868 posuit,
1808 2809 1879 2850 ne
1912 2809 2039 2848 cer-

388 2902 521 2954 tum
549 2896 845 2951 videretur
892 2891 1200 2947 ostendere
1234 2905 1249 2956 ;
1281 2886 1383 2942 sed
1442 2885 1568 2941 sine
1625 2882 1893 2956 agticulo,
1928 2887 1991 2937 ut
2012 2897 2044 2937 e

396 2984 667 3061 pluribus
684 2998 870 3039 unum
888 2996 1019 3036 esse
1042 2979 1429 3046 monstraret:
1452 2973 1606 3046 quod
1630 2973 1784 3044 apud
1810 2964 2045 3028 Graecos

399 3074 593 3148 magis
620 3066 1416 3144 intelligitur.Unusquisque
1446 3064 1602 3120 enim
1635 3068 1900 3118 nostrum
1927 3078 2043 3117 non

400 3125 590 3221 habet
943 3125 1410 3231 principem.Qui
1442 3154 1623 3226 Syrus
1652 3155 1762 3218 est,
1794 3151 1903 3207 sub
1935 3151 2043 3224 Sy-
2077 3125 2120 3193 θ

403 3269 605 3311 rarum
635 3250 897 3323 principe
926 3252 1034 3315 est,
1067 3252 1125 3303 et
1156 3245 1566 3317 unusquisque
1610 3243 1720 3299 sub
1750 3257 1857 3297 suo
1887 3241 2047 3313 prin-

406 3345 535 3416 cipe
563 3341 755 3416 gentis
786 3347 911 3395 est:
945 3337 992 3393 si
1024 3341 1221 3393 tamen
1248 3336 1552 3406 hucusque
1582 3331 1939 3405 processisse
1959 3348 2052 3387 me

406 3432 649 3497 sufﬁcit,
680 3434 737 3485 et
769 3428 842 3484 ab
873 3427 979 3482 hac
1009 3425 1406 3499 disputatione
1457 3424 1527 3479 ad
1588 3422 1763 3478 aliam
1797 3421 2052 3478 transire

408 3522 717 3594 majorem,
739 3522 805 3573 ut
832 3521 1070 3573 caeteras
1091 3531 1323 3587 quoque
1354 3519 1557 3586 gentes
1587 3512 1761 3568 etiam
1795 3526 2050 3567 comme-

410 3625 657 3667 morem.
714 3605 879 3662 Unde
925 3604 1139 3659 dicitur
1167 3604 1258 3658 δίε
1314 3602 1493 3658 Videte
1536 3602 1707 3656 Israel
1760 3598 2057 3656 secundum
2094 3600 2099 3605 ’

409 3713 654 3755 carnem.
689 3693 966 3751 Prudenti
998 3692 1258 3764 coepisse,
1292 3690 1511 3745 dixisse
1540 3694 1666 3745 est:
1698 3688 1834 3743 licet
1861 3694 1919 3743 et
1947 3686 2058 3743 hoc

410 3789 473 3844 in
504 3784 721 3861 populo
751 3783 997 3857 cmpisse
1025 3795 1375 3837 sermonem.
1412 3778 1520 3843 Qui
1568 3785 1624 3834 te
1670 3778 1813 3849 vult,
1846 3776 2056 3848 inquit,

413 3877 636 3932 ducere
690 3873 761 3928 ad
806 3871 1128 3945 principem
1182 3886 1380 3936 suum,
1413 3873 1470 3923 et
1516 3868 1588 3923 ab
1638 3866 1751 3922 alio
1798 3865 2061 3938 principe

418 3962 764 4026 conducere,
796 3961 1030 4035 quando
1077 3960 1243 4016 vadis
1298 3974 1431 4013 cum
1482 3956 1810 4012 adversario
1857 3959 1957 4010 tuo
1986 3955 2060 4011 ad

414 4052 764 4128 principem,
793 4051 855 4106 in
897 4050 990 4105 via
1037 4050 1113 4105 da
1158 4064 1389 4120 operam
1434 4050 1499 4101 ut
1546 4044 1810 4102 libereris
1856 4044 1929 4099 ab
1973 4060 2060 4101 eo.

414 4142 546 4200 Nisi
601 4140 760 4197 omni
816 4139 1011 4196 studio
1064 4138 1437 4202 laboraveris,
1481 4137 1622 4192 dum
1672 4135 1864 4192 adhuc
1911 4134 2063 4191 viam

417 4232 634 4304 carpis,
666 4234 977 4301 antequam
1010 4225 1358 4300 ingrediaris
1386 4225 1459 4281 ad
1489 4225 1832 4298 principem,
1867 4225 2063 4298 prius-

418 4337 600 4394 quam
633 4320 904 4392 princeps
930 4318 1125 4373 tradat
1151 4320 1207 4371 te
1234 4314 1421 4386 judici
1452 4316 1524 4370 ab
1555 4314 1887 4370 adversario
1920 4331 2066 4387 prte-

420 4414 716 4484 paratum,
750 4414 952 4480 postea
990 4406 1208 4461 frustra
1257 4404 1582 4463 conaberis.
1622 4409 1701 4459 Ua
1746 4419 1882 4474 ergo
1932 4418 2068 4476 ope-

2110 491 2251 547 pem,
2300 478 2359 533 in
2408 481 2496 535 via
2539 480 2611 536 da
2659 498 2898 553 operam.
2931 482 3146 539 Latitat
3182 483 3243 539 in
3274 485 3382 541 hoc
3409 485 3534 543 loco
3566 488 3761 546 nes'cio

2115 565 2279 636 quid,
2312 570 2368 622 et
2417 575 2703 626 secretum
2754 576 2862 642 est,
2904 573 2964 627 in
3006 573 3097 627 via
3124 572 3197 629 da
3227 588 3464 643 cperam.
3497 577 3764 633 Salvator

2116 654 2199 709 ait
2228 656 2274 690 ⁸⁸
2304 660 2478 727 :.Ego
2526 675 2650 714 sum
2698 663 2810 728 via,
2864 662 3084 729 veritas,
3133 666 3185 717 et
3242 665 3373 718 vita.
3424 665 3477 718 Si
3533 665 3764 723 dederis

2118 740 2377 814 operam,
2401 752 2465 803 ut
2499 748 2760 804 libereris
2793 751 2864 805 ab
2895 750 3247 820 adversario,
3281 758 3404 807 esto
3435 752 3494 807 in
3528 753 3621 808 via
3654 771 3667 809 :
3711 759 3771 810 et

2119 848 2254 888 cum
2275 836 2504 891 steteris
2523 837 2581 892 in
2604 854 2669 893 eo
2693 838 2792 910 qui
2811 838 2980 894 dicit:
2999 840 3109 908 Ego
3129 857 3253 895 sum
3274 842 3383 909 via,
3400 840 3633 896 stetisse
3655 859 3771 898 non

2121 922 2357 991 sufficit,
2391 926 2493 981 sed
2526 926 2599 981 da
2629 942 2863 998 operam
2898 932 2963 982 ut
2992 928 3256 984 libereris
3298 931 3369 984 ab
3419 931 3770 988 adversario.

2123 1010 2248 1067 Nisi
2298 1013 2529 1071 dederis
2577 1032 2835 1088 operam,
2871 1020 2933 1071 ut
2990 1017 3061 1071 ab
3110 1018 3441 1074 adversario
3488 1019 3773 1087 libereris,

2123 1116 2251 1171 quis
2284 1105 2338 1156 te
2368 1108 2691 1175 sequantur
2721 1103 3006 1160 ausculta.
3041 1105 3246 1161 Trahit
3289 1111 3345 1163 te
3394 1107 3464 1162 ad
3510 1108 3775 1179 judicem

2127 1189 2518 1260 adversarius,
2543 1192 2663 1247 sive
2695 1193 2967 1265 princeps
2988 1210 3120 1249 cum
3153 1199 3208 1251 te
3239 1198 3565 1268 susceperit
3587 1197 3659 1252 ab
3681 1198 3787 1253 ad-

2125 1277 2403 1344 versario,
2439 1278 2620 1333 trahit
2667 1286 2724 1335 te
2754 1280 2823 1335 ad
2847 1280 3131 1351 judicem.
3165 1284 3347 1348 Quam
3383 1284 3621 1356 elegans
3652 1302 3784 1342 ver-

2128 1363 2298 1433 bum,
2318 1366 2518 1435 trahit,
2544 1373 2610 1423 ut
2638 1370 2910 1424 ostendat
2936 1371 3372 1441 quodammodo
3402 1377 3784 1431 retractantes

2132 1457 2190 1507 et
2222 1453 2486 1512 nolentes
2519 1458 2589 1512 ad
2624 1458 3171 1515 condemnationem
3202 1459 3353 1516 trahi
3403 1468 3461 1518 et
3507 1463 3589 1518 ire
3621 1480 3780 1519 com-

2135 1541 2308 1614 pelli!
2339 1544 2479 1608 Quis
2508 1547 2667 1609 enim
2699 1546 2994 1603 homicida
3020 1549 3246 1605 concito
3275 1552 3460 1622 gradu
3494 1553 3682 1625 pergit
3711 1554 3780 1609 ad

2126 1631 2389 1703 judicem
2412 1634 2441 1690 ?
2470 1636 2604 1707 quis
2634 1636 2900 1708 gaudens
2932 1638 3001 1693 ad
3036 1638 3581 1697 condemnationem
3614 1659 3784 1698 suam

2137 1722 2219 1777 ire
2251 1721 2506 1796 festinat,
2531 1730 2587 1781 et
2616 1742 2730 1781 non
2764 1726 2981 1782 invitus
3010 1727 3284 1795 trahitur,
3308 1746 3374 1785 ac
3406 1746 3740 1803 repugnans
3759 1733 3788 1787 ‘I

2138 1812 2259 1867 Scit
2287 1813 2443 1869 enim
2477 1830 2539 1870 se
2561 1816 2630 1871 ad
2667 1814 2773 1870 hoc
2807 1816 2907 1882 ire,
2931 1822 2997 1871 ut
3026 1818 3375 1874 sententiam
3410 1822 3615 1875 mortis
3637 1821 3787 1877 acci-

2142 1901 2280 1974 piat.
2306 1902 2387 1961 Ne
2420 1903 2563 1959 forte
2592 1903 2787 1959 trahat
2813 1909 2868 1959 te
2895 1904 2962 1959 ad
2990 1905 3273 1974 judicem.
3301 1906 3442 1971 Quis
3471 1915 3644 1979 putas
3676 1909 3785 1965 iste

2133 1991 2317 2062 judex
2368 1992 2505 2047 est?
2552 1993 2669 2064 Ego
2696 1991 2895 2047 nescio
2926 1991 3109 2047 alium
3146 1992 3408 2064 judicem
3440 1996 3552 2051 nisi
3587 1996 3788 2053 Domi-

2142 2096 2283 2134 num
2318 2096 2511 2135 meum
2546 2080 2750 2136 Jesum
2779 2080 3098 2152 Christum,
3122 2082 3193 2137 de
3224 2099 3338 2154 quo
3369 2083 3507 2140 alibi
3540 2086 3786 2146 dicitur:

2143 2173 2219 2225 lit
2272 2172 2474 2224 statuet
2530 2185 2651 2233 oves
2708 2186 2742 2223 a
2798 2169 3028 2240 dextris,
3088 2170 3264 2227 haedos
3317 2181 3501 2229 autem
3558 2193 3588 2229 a
3642 2178 3791 2233 sini-

2142 2260 2273 2335 stris
2298 2259 2363 2312 ⁸⁵.
2415 2259 2484 2313 Et
2533 2259 2746 2314 iterum
2780 2275 2793 2313 :
2844 2260 2951 2328 Qui
2987 2261 3264 2331 confessus
3307 2264 3483 2332 fuerit
3525 2280 3629 2331 me,
3661 2282 3789 2322 crn-

2143 2347 2333 2420 ﬁtebor
2376 2351 2427 2404 et
2464 2364 2558 2419 ego
2588 2364 2711 2403 eum
2740 2364 2929 2405 coram
2961 2350 3126 2405 Patre
3152 2366 3270 2406 meo
3297 2353 3393 2422 qui
3423 2354 3482 2407 in
3509 2355 3661 2410 caelis
3690 2367 3794 2413 est.

2148 2438 2254 2506 Qui
2300 2441 2484 2493 autem
2524 2441 2805 2508 negaverit
2853 2455 2941 2494 me
2987 2454 3175 2495 coram
3225 2440 3560 2508 hominibus,
3593 2449 3799 2516 negabo

2144 2544 2269 2583 eum
2296 2542 2479 2583 coram
2512 2528 2674 2583 Patre
2701 2544 2823 2584 meo
2851 2530 2949 2600 qui
2977 2530 3037 2584 in
3065 2530 3216 2586 cadis
3254 2539 3332 2586 est
3354 2532 3424 2586 ⁸⁵.
3476 2532 3693 2591 Trahat
3741 2541 3798 2593 to

2147 2617 2217 2673 ad
2244 2617 2526 2688 judicem,
2560 2621 2617 2673 et
2638 2618 2822 2689 judex
2852 2618 3046 2674 trahat
3076 2624 3132 2675 te
3159 2622 3431 2677 exactori.
3467 2622 3795 2698 Unusquis-

2150 2722 2262 2779 que
2283 2711 2548 2762 nostrum
2574 2723 2676 2778 per
2695 2707 2928 2779 singula
2952 2714 3187 2780 peccata
3207 2710 3489 2766 damnum
3516 2715 3791 2785 sustinet,

2149 2799 2207 2850 et
2251 2796 2421 2867 juxta
2478 2794 2819 2867 qualitatem
2879 2796 3279 2870 rationemque
3328 2799 3541 2868 delicti,
3589 2803 3794 2860 damni

2153 2884 2496 2957 magnitudo
2529 2888 2852 2956 reputatur.
2889 2886 3072 2941 Debeo
3104 2885 3338 2958 aliquod
3374 2889 3444 2944 de
3475 2890 3795 2964 Scripturis

2154 2973 2360 3029 afferre
2389 2973 2792 3029 testimonium
2835 2990 3011 3045 super
3040 2976 3255 3032 damno
3289 2978 3592 3051 multaque
3623 2999 3797 3054 pecu-

2158 3062 2287 3118 niae.
2322 3062 2488 3117 Alius
2520 3061 2802 3117 damnum
2836 3064 3087 3120 sustinet
3130 3064 3582 3139 quingentorum
3617 3071 3800 3130 dena-

2159 3153 2401 3221 riorum,
2434 3155 2491 3206 et
2540 3151 2713 3207 debet
2758 3168 2877 3221 eos,
2910 3151 3061 3208 alius
3093 3154 3518 3228 quinquaginta
3547 3159 3803 3222 denariis

2158 3242 2626 3298 condemnatur:
2680 3257 2805 3313 quae
2854 3258 3089 3298 summa
3118 3244 3462 3302 ambobusa
3512 3250 3799 3312 creditore

2159 3331 2514 3395 conceditur.
2563 3335 2737 3387 Porro
2788 3330 2958 3400 alius,
2993 3333 3145 3388 sicut
3191 3333 3493 3408 Scriptura
3538 3339 3680 3397 dicit
3705 3343 3801 3402 δτι

2162 3421 2384 3477 Oblatas
2413 3422 2488 3475 est
2515 3421 2572 3475 ei
2598 3437 2742 3475 unus
2770 3423 2870 3492 qui
2894 3420 3116 3477 debebat
3142 3424 3329 3480 decem
3355 3428 3541 3484 millia
3570 3431 3801 3507 talenta,

2163 3511 2359 3566 decem
2395 3508 2657 3564 millibus
2706 3510 3054 3567 talentorum
3096 3514 3541 3574 condemnatur.
3574 3524 3640 3577 Et
3660 3522 3804 3594 quid

2166 3616 2258 3656 me
2289 3615 2524 3654 necesse
2555 3604 2643 3654 est
2677 3598 2844 3671 plura
2874 3602 3193 3675 persequi?
3242 3604 3657 3682 Unusquisque
3702 3629 3808 3685 pro

2166 3687 2446 3760 qualitate
2496 3693 2554 3744 et
2604 3689 2928 3760 quantitate
2985 3693 3227 3764 peccati,
3274 3696 3563 3754 diversam
3613 3703 3811 3758 multa

2168 3778 2517 3833 sententiam
2548 3778 2839 3850 expendit.
2874 3778 2932 3834 Si
2974 3797 3178 3852 parum
3235 3788 3324 3838 est
3373 3787 3526 3856 quod
3582 3805 3814 3860 peccas,

2170 3866 2393 3923 ferieris
2422 3868 2637 3931 damno
2678 3868 2914 3936 minuti,
2950 3874 3012 3924 ut
3044 3870 3227 3926 Lucas
3274 3875 3531 3946 scripsit,
3567 3883 3630 3932 ut
3680 3896 3815 3935 vero

2171 3954 2503 4025 Matthaaus,
2537 3956 2899 4029 quadrantis.
2927 3958 3339 4016 Verumtamen
3372 3964 3545 4019 etiam
3580 3980 3816 4023 necesse

2172 4048 2261 4101 est
2307 4044 2416 4101 hoc
2464 4045 2657 4118 ipsum
2701 4046 2853 4118 quod
2888 4047 3111 4102 exstitit
3139 4042 3387 4116 debitor,
3419 4051 3656 4109 solvere.
3689 4055 3815 4111 Non

2174 4135 2328 4192 enim
2353 4135 2487 4190 inde
2510 4134 2667 4191 exies
2688 4135 2799 4190 nisi
2830 4140 2887 4190 et
2915 4135 3161 4191 minima
3182 4153 3425 4211 quinque
3449 4144 3815 4212 persolveris.

2174 4226 2281 4290 Qui
2334 4241 2469 4280 vero
2518 4224 2704 4280 fidelis
2749 4228 2855 4296 est,
2890 4224 3049 4280 nullo
3094 4226 3309 4284 damno
3340 4232 3685 4301 percutitur,
3717 4234 3820 4291 sed

2177 4313 2436 4387 quotidie
2464 4313 2719 4368 ditatur:
2754 4314 2830 4385 (3)
2862 4313 3013 4370 Totus
3041 4317 3191 4371 enim
3217 4319 3459 4376 mundus
3487 4322 3822 4379 divitiarum

2179 4404 2294 4477 ejus
2325 4401 2614 4460 357-58
2647 4410 2742 4457 ist.
2788 4402 3031 4473 Inﬁdelis
3061 4414 3244 4461 autem
3273 4424 3371 4464 nec
3397 4410 3611 4467 obolum
3640 4412 3820 4468 habet.

421 4516 575 4566 ram,
601 4503 666 4554 ut
694 4497 963 4553 liberaris
993 4495 1065 4552 ab
1094 4512 1185 4564 eo,
1209 4493 1329 4549 sive
1359 4510 1392 4548 a
1423 4492 1685 4564 principe
1706 4492 1777 4547 ad
1811 4509 1984 4563 quem
2015 4498 2070 4548 te
2102 4497 2147 4562 ι)
2179 4492 2341 4548 Alius
2363 4493 2678 4548 damnatur
2696 4491 2955 4562 denario,
2976 4492 3125 4550 alius
3149 4512 3306 4564 mna,
3328 4497 3477 4554 alius
3500 4498 3736 4556 talento.
3756 4502 3829 4556 Et

422 4587 610 4645 trahit
658 4586 1047 4643 adversarius.
1081 4589 1162 4640 Da
1208 4598 1443 4656 cperam
1479 4589 1542 4636 ut
1570 4581 1787 4637 habeas
1839 4583 2071 4654 sapien-

422 4679 595 4745 tiam,
614 4676 931 4748 justitiam,
953 4671 1374 4741 fortitudinem,
1399 4678 1575 4743 atque
1601 4672 2072 4743 temperantiam,

2181 4582 2459 4654 quaesitor
2487 4580 2664 4650 hujus
2698 4580 2929 4655 negotii,
2956 4583 3053 4654 qui
3086 4600 3394 4641 mensuras
3419 4588 3825 4644 universorum

2185 4671 2406 4729 noverit
2435 4676 2826 4742 peccatorum.
2856 4673 2968 4727 lloc
2989 4672 3266 4729 delictum
3300 4674 3516 4731 talento
3550 4677 3825 4733 condem-

425 4771 487 4825 et
524 4770 666 4822 tunc
703 4763 1092 4836 co‘mplebitur
1124 4781 1137 4818 :
1191 4765 1323 4818 Ecce
1370 4762 1546 4828 homo,
1578 4777 1742 4831 opera
1790 4762 1906 4832 ejus
1951 4766 2078 4818 ante
2186 4766 2361 4818 natur
2393 4778 2405 4816 :
2458 4759 2601 4816 illud
2652 4766 2955 4833 peccatum
2995 4762 3239 4817 multam
3276 4762 3609 4820 istiusmodi
3642 4782 3826 4822 mere-

424 4857 632 4926 faciem
658 4871 818 4911 suam
845 4854 911 4913 ‘3.
960 4853 1085 4909 Nisi
1134 4852 1365 4907 dederis
1414 4868 1673 4923 operam,
1708 4868 1819 4907 non
1862 4850 2078 4922 poteris

428 4944 751 5002 adversarii
782 4947 1020 5016 pactum
1054 4941 1388 5013 infringere,
1413 4942 1583 5011 cujus
1612 4939 1871 4996 amicitia
1901 4945 1991 4995 est
2018 4940 2081 4996 in

2186 4857 2302 4906 tur.
2336 4848 2631 4921 Scriptum
2662 4856 2750 4906 est
2778 4850 2936 4906 enim
2965 4851 3009 4885 ⁸⁸
3042 4867 3055 4905 :
3105 4850 3239 4906 Cum
3268 4855 3451 4908 autem
3478 4856 3715 4926 cwpisset
3741 4858 3831 4927 fa-

2187 4955 2305 4996 cere
2333 4941 2623 4995 rationem.
2656 4938 3036 5010 Supputanda
3065 4944 3154 4994 est
3186 4941 3461 4997 omnibus
3495 4943 3664 4999 nobis
3692 4960 3832 5016 gra-

500 5060 545 5096 ⁶¹
578 5059 724 5116 Dan.
759 5076 814 5128 κ,
850 5059 936 5125 13,
969 5058 1061 5126 20,
1091 5058 1182 5113 21.
1257 5058 1302 5091 ⁶²
1332 5060 1349 5110 l
1386 5058 1510 5113 Cor.
1542 5075 1597 5124 x,
1633 5058 1720 5114 18.
1795 5058 1841 5093 ⁸³
1870 5063 1981 5114 Isa.
2015 5076 2042 5114 L

2185 5058 2270 5113 11.
2346 5057 2393 5090 ⁸⁸
2419 5056 2590 5110 Joan.
2624 5071 2740 5122 xxv,
2772 5055 2825 5108 6.
2901 5053 2947 5089 ⁸⁵
2979 5053 3185 5112 Matth.
3213 5072 3345 5123 xxv,
3376 5056 3463 5114 33.
3549 5060 3594 5094 ⁵⁸
3624 5057 3831 5118 Matth.

427 5148 488 5207 ι,
520 5132 611 5199 32,
645 5132 734 5187 33.
811 5130 855 5165 ⁸⁷
886 5129 1093 5186 Matth.
1126 5146 1283 5196 xvm,
1314 5129 1404 5185 24.
1489 5130 1533 5164 ⁸⁸
1562 5129 1703 5184 ibid.

507 5249 587 5320 (1)
615 5247 761 5320 Yide
790 5262 918 5318 cap.
950 5247 1004 5320 8_,
1036 5245 1136 5301 lib.
1172 5263 1210 5314 Ι,
1248 5244 1377 5320 ῌερὶ
1410 5243 1615 5318 ἀρχῶν.

505 5315 586 5445 ('22
619 5318 777 5375 Duas
832 5315 1091 5387 voculas,
1113 5317 1283 5444 “clipud
1325 5315 1579 5386 'Grazcbs,
1639 5315 1908 5402 itemque.
1948 5317 2081 5402 illas

505 5408 550 5445 tu
580 5407 615 5445 ο
666 5395 820 5445 nost.
850 5389 992 5445 auod
1037 5405 1110 5445 an
1235 5388 1449 5445 Graecos
1498 5404 1676 5445 mauis
1721 5391 2079 5445 intelliaztur.

475 5388 615 5447 aulo
666 5395 820 5463 post,
850 5389 992 5461 quod
1037 5388 1450 5463 apudAGraecos
1498 5389 1676 5463 magis
1721 5388 2079 5463 intelligitur,

477 5480 509 5519 e
556 5460 685 5535 suo'
718 5460 1106 5535 Hieronymus
1151 5460 1500 5535 adjunxerit.
1535 5460 1655 5535 Est_
1683 5476 1818 5535 vero
1868 5462 2081 5535 Graece,

436 5532 524 5611 ιη’
552 5529 815 5611 ἄρχογτα,
837 5529 1266 5611 adprincipeni,
1293 5532 1516 5611 absque
1548 5530 1795 5611 articulo
1819 5557 1834 5601 ;
1864 5537 1922 5590 et
1949 5531 2086 5611 πρὸς

434 5602 532 5674 τὸν
556 5602 749 5695 {pii-iw
783 5602 872 5663 nail
903 5602 1175 5689 ἄκριτῆς,
1207 5620 1341 5660 cum
1374 5602 1638 5663 articulo.

2259 5244 2334 5315 (3)
2380 5243 2644 5327 Sumpta
2691 5258 2758 5297 ex
2823 5242 3297 5327 Psoverbiorum"
3332 5243 3479 5327 libro
3546 5243 3836 5327 sen_te_n‘tia

2191 5313 2323 5387 cap.
2352 5331 2487 5379 xvn,
2524 5313 2653 5397 post
2686 5330 2834 5369 vers.
2865 5314 2919 5383 6,
2960 5315 3128 5384 juxta
3160 5314 3320 5379 LXX,
3350 5318 3446 5368 τοῦ
3479 5318 3670 5369 πιστοῦ
3702 5313 3833 5378 ὅλος

2192 5387 2221 5441 ὁ
2249 5384 2474 5458 Δκόσμος
2521 5403 2628 5437 των
2678 5384 3006 5458 χρημάτων,
3037 5388 3134 5438 τοῦ
3184 5381 3240 5439 δὲ
3282 5384 3507 5439 ἀπίστου
3553 5383 3678 5440 οὐδὲ
3711 5381 3836 5441 660-

2194 5404 2221 5441 ο
2268 5404 2474 5458 κοσμος
2521 5404 2628 5437 των
2678 5404 3006 5459 χρηματων,
3037 5404 3134 5438 του
3184 5404 3240 5439 οε
3282 5404 3507 5439 amo-too
3553 5404 3678 5440 osos
3711 5404 3831 5441 ouo-

2194 5456 2310 5519 Λός.
2348 5459 2766 5530 Interpretatur
2790 5457 3181 5530 Hieronymus
3212 5460 3381 5530 epist.
3412 5460 3505 5530 53,
3535 5458 3606 5513 ad
3640 5458 3831 5514 Pauli-

2196 5548 2362 5597 num,
2395 5545 2557 5585 num.
2594 5529 2661 5584 10
2692 5546 2704 5584 :
2761 5528 3025 5586 Credenti
3070 5533 3212 5586 totus
3251 5528 3488 5587 mundus
3513 5530 3841 5590 divitiarum

2196 5607 2273 5667 est
2302 5618 2322 5661 :
2361 5601 2600 5685 infidelis
2628 5604 2815 5661 autem
2844 5602 3012 5662 etiam
3040 5602 3192 5661 obolo
3222 5602 3447 5679 indiget.
