  <div class='ocr_page' id='page_1' title='image "/cluster/home/n/w/nwhite01/storage/ocr_20150623/26/hvd.32044052772472/169.png"; bbox 0 0 4058 6190; ppageno 0'>
   <div class='ocr_carea' id='block_1_1' title="bbox 266 317 399 377">
    <p class='ocr_par' dir='ltr' id='par_1_1' title="bbox 266 317 399 377">
     <span class='ocr_line' id='line_1_1' title="bbox 266 317 399 377; baseline 0 -20"><span class='ocrx_word' id='word_1_1' title='bbox 266 317 399 377; x_wconf 57' lang='grc' dir='ltr'>θείς.</span> 
     </span>
    </p>
   </div>
   <div class='ocr_carea' id='block_1_2' title="bbox 1515 302 2423 373">
    <p class='ocr_par' dir='ltr' id='par_1_2' title="bbox 1515 302 2423 373">
     <span class='ocr_line' id='line_1_2' title="bbox 1515 302 2423 373; baseline -0.004 0"><span class='ocrx_word' id='word_1_2' title='bbox 1515 310 1581 373; x_wconf 88' lang='lat' dir='ltr'>S.</span> <span class='ocrx_word' id='word_1_3' title='bbox 1625 309 1935 373; x_wconf 88' lang='lat' dir='ltr'>EUSEBlI</span> <span class='ocrx_word' id='word_1_4' title='bbox 1978 302 2423 371; x_wconf 80' lang='lat' dir='ltr'>HIERONYMI</span> 
     </span>
    </p>
   </div>
   <div class='ocr_carea' id='block_1_3' title="bbox 269 434 3671 519">
    <p class='ocr_par' dir='ltr' id='par_1_3' title="bbox 269 434 3671 519">
     <span class='ocr_line' id='line_1_3' title="bbox 269 434 3671 519; baseline -0.005 -12"><span class='ocrx_word' id='word_1_5' title='bbox 269 452 371 507; x_wconf 88' lang='lat' dir='ltr'>tia.</span> <span class='ocrx_word' id='word_1_6' title='bbox 404 450 527 506; x_wconf 88' lang='lat' dir='ltr'>Non</span> <span class='ocrx_word' id='word_1_7' title='bbox 581 450 674 502; x_wconf 90' lang='lat' dir='ltr'>est</span> <span class='ocrx_word' id='word_1_8' title='bbox 720 444 880 501; x_wconf 91' lang='lat' dir='ltr'>aliud</span> <span class='ocrx_word' id='word_1_9' title='bbox 927 449 1163 518; x_wconf 69' lang='lat' dir='ltr'>templis</span> <span class='ocrx_word' id='word_1_10' title='bbox 1211 444 1488 500; x_wconf 64' lang='lat' dir='ltr'>facienda</span> <span class='ocrx_word' id='word_1_11' title='bbox 1526 443 1770 500; x_wconf 81' lang='lat' dir='ltr'>rationis</span> <span class='ocrx_word' id='word_1_12' title='bbox 1800 442 1915 519; x_wconf 73' lang='grc' dir='ltr'>ιιὶβὶ</span> <span class='ocrx_word' id='word_1_13' title='bbox 1948 448 1996 513; x_wconf 78' lang='grc' dir='ltr'><strong>Α</strong></span> <span class='ocrx_word' id='word_1_14' title='bbox 2027 443 2190 511; x_wconf 80' lang='lat' dir='ltr'>huius</span> <span class='ocrx_word' id='word_1_15' title='bbox 2216 443 2281 497; x_wconf 77' lang='grc'>⁷³.</span> <span class='ocrx_word' id='word_1_16' title='bbox 2332 443 2447 497; x_wconf 90' lang='lat' dir='ltr'>Aut</span> <span class='ocrx_word' id='word_1_17' title='bbox 2492 435 2928 512; x_wconf 76' lang='lat' dir='ltr'>comparatione</span> <span class='ocrx_word' id='word_1_18' title='bbox 2977 434 3238 507; x_wconf 89' lang='lat' dir='ltr'>majoris,</span> <span class='ocrx_word' id='word_1_19' title='bbox 3270 439 3445 492; x_wconf 68' lang='lat' dir='ltr'>tenue</span> <span class='ocrx_word' id='word_1_20' title='bbox 3489 438 3671 507; x_wconf 81' lang='lat' dir='ltr'>atque</span> 
     </span>
    </p>
   </div>
   <div class='ocr_carea' id='block_1_4' title="bbox 268 528 1912 609">
    <p class='ocr_par' dir='ltr' id='par_1_4' title="bbox 268 528 1912 609">
     <span class='ocr_line' id='line_1_4' title="bbox 268 528 1912 609; baseline -0.005 -14"><span class='ocrx_word' id='word_1_21' title='bbox 268 548 503 609; x_wconf 83' lang='lat' dir='ltr'>tempus</span> <span class='ocrx_word' id='word_1_22' title='bbox 544 534 778 609; x_wconf 87' lang='lat' dir='ltr'>judicii,</span> <span class='ocrx_word' id='word_1_23' title='bbox 810 535 1046 606; x_wconf 84' lang='lat' dir='ltr'>quando</span> <span class='ocrx_word' id='word_1_24' title='bbox 1098 534 1318 605; x_wconf 90' lang='lat' dir='ltr'>liquido</span> <span class='ocrx_word' id='word_1_25' title='bbox 1359 528 1745 607; x_wconf 76' lang='lat' dir='ltr'>cognoscatur</span> <span class='ocrx_word' id='word_1_26' title='bbox 1773 532 1912 604; x_wconf 90' lang='lat' dir='ltr'>quid</span> 
     </span>
    </p>
   </div>
   <div class='ocr_carea' id='block_1_5' title="bbox 269 621 1916 695">
    <p class='ocr_par' dir='ltr' id='par_1_5' title="bbox 269 621 1916 695">
     <span class='ocr_line' id='line_1_5' title="bbox 269 621 1916 695; baseline -0.004 -13"><span class='ocrx_word' id='word_1_27' title='bbox 269 627 437 684; x_wconf 88' lang='lat' dir='ltr'>nobis</span> <span class='ocrx_word' id='word_1_28' title='bbox 489 624 776 680; x_wconf 91' lang='lat' dir='ltr'>creditum</span> <span class='ocrx_word' id='word_1_29' title='bbox 830 629 941 689; x_wconf 87' lang='lat' dir='ltr'>est,</span> <span class='ocrx_word' id='word_1_30' title='bbox 973 630 1032 679; x_wconf 91' lang='lat' dir='ltr'>et</span> <span class='ocrx_word' id='word_1_31' title='bbox 1078 622 1218 695; x_wconf 90' lang='lat' dir='ltr'>quid</span> <span class='ocrx_word' id='word_1_32' title='bbox 1265 621 1437 686; x_wconf 91' lang='lat' dir='ltr'>lucri,</span> <span class='ocrx_word' id='word_1_33' title='bbox 1469 622 1683 693; x_wconf 86' lang='lat' dir='ltr'>quidve</span> <span class='ocrx_word' id='word_1_34' title='bbox 1736 621 1916 676; x_wconf 87' lang='lat' dir='ltr'>detri-</span> 
     </span>
    </p>
   </div>
   <div class='ocr_carea' id='block_1_6' title="bbox 269 711 1912 784">
    <p class='ocr_par' dir='ltr' id='par_1_6' title="bbox 269 711 1912 784">
     <span class='ocr_line' id='line_1_6' title="bbox 269 711 1912 784; baseline -0.005 -14"><span class='ocrx_word' id='word_1_35' title='bbox 269 715 451 771; x_wconf 90' lang='lat' dir='ltr'>menti</span> <span class='ocrx_word' id='word_1_36' title='bbox 484 714 814 781; x_wconf 85' lang='lat' dir='ltr'>fecerimus,</span> <span class='ocrx_word' id='word_1_37' title='bbox 853 714 987 784; x_wconf 85' lang='lat' dir='ltr'>quis</span> <span class='ocrx_word' id='word_1_38' title='bbox 1036 717 1303 768; x_wconf 91' lang='lat' dir='ltr'>nostrum</span> <span class='ocrx_word' id='word_1_39' title='bbox 1356 711 1643 783; x_wconf 91' lang='lat' dir='ltr'>acceperit</span> <span class='ocrx_word' id='word_1_40' title='bbox 1690 725 1912 775; x_wconf 84' lang='lat' dir='ltr'>mnam,</span> 
     </span>
    </p>
   </div>
   <div class='ocr_carea' id='block_1_7' title="bbox 269 798 1909 877">
    <p class='ocr_par' dir='ltr' id='par_1_7' title="bbox 269 798 1909 877">
     <span class='ocr_line' id='line_1_7' title="bbox 269 798 1909 877; baseline -0.004 -17"><span class='ocrx_word' id='word_1_41' title='bbox 269 804 403 877; x_wconf 85' lang='lat' dir='ltr'>quis</span> <span class='ocrx_word' id='word_1_42' title='bbox 450 820 647 873; x_wconf 16' lang='lat' dir='ltr'>unum,</span> <span class='ocrx_word' id='word_1_43' title='bbox 680 805 990 870; x_wconf 80' lang='lat' dir='ltr'>talentum,</span> <span class='ocrx_word' id='word_1_44' title='bbox 1024 802 1156 872; x_wconf 90' lang='lat' dir='ltr'>quis</span> <span class='ocrx_word' id='word_1_45' title='bbox 1208 802 1343 866; x_wconf 92' lang='lat' dir='ltr'>duo,</span> <span class='ocrx_word' id='word_1_46' title='bbox 1377 803 1509 871; x_wconf 83' lang='lat' dir='ltr'>quis</span> <span class='ocrx_word' id='word_1_47' title='bbox 1558 798 1818 870; x_wconf 90' lang='lat' dir='ltr'>quinque</span> <span class='ocrx_word' id='word_1_48' title='bbox 1846 799 1909 854; x_wconf 67' lang='lat'>5°.</span> 
     </span>
    </p>
   </div>
   <div class='ocr_carea' id='block_1_8' title="bbox 269 887 1913 962">
    <p class='ocr_par' dir='ltr' id='par_1_8' title="bbox 269 887 1913 962">
     <span class='ocr_line' id='line_1_8' title="bbox 269 887 1913 962; baseline -0.005 -12"><span class='ocrx_word' id='word_1_49' title='bbox 269 894 518 951; x_wconf 85' lang='lat' dir='ltr'>Necesse</span> <span class='ocrx_word' id='word_1_50' title='bbox 548 908 662 947; x_wconf 91' lang='lat' dir='ltr'>non</span> <span class='ocrx_word' id='word_1_51' title='bbox 717 895 806 946; x_wconf 93' lang='lat' dir='ltr'>est</span> <span class='ocrx_word' id='word_1_52' title='bbox 849 889 1019 962; x_wconf 86' lang='lat' dir='ltr'>plura</span> <span class='ocrx_word' id='word_1_53' title='bbox 1046 888 1325 959; x_wconf 86' lang='lat' dir='ltr'>indicare,</span> <span class='ocrx_word' id='word_1_54' title='bbox 1359 904 1492 943; x_wconf 85' lang='lat' dir='ltr'>cum</span> <span class='ocrx_word' id='word_1_55' title='bbox 1524 888 1632 943; x_wconf 90' lang='lat' dir='ltr'>hoc</span> <span class='ocrx_word' id='word_1_56' title='bbox 1660 887 1720 941; x_wconf 93' lang='lat' dir='ltr'>in</span> <span class='ocrx_word' id='word_1_57' title='bbox 1753 902 1913 942; x_wconf 90' lang='lat' dir='ltr'>com-</span> 
     </span>
    </p>
   </div>
   <div class='ocr_carea' id='block_1_9' title="bbox 272 975 1909 1045">
    <p class='ocr_par' dir='ltr' id='par_1_9' title="bbox 272 975 1909 1045">
     <span class='ocr_line' id='line_1_9' title="bbox 272 975 1909 1045; baseline -0.005 -8"><span class='ocrx_word' id='word_1_58' title='bbox 272 998 449 1036; x_wconf 89' lang='lat' dir='ltr'><strong>mune</strong></span> <span class='ocrx_word' id='word_1_59' title='bbox 478 980 698 1034; x_wconf 86' lang='lat' dir='ltr'>dixisse</span> <span class='ocrx_word' id='word_1_60' title='bbox 727 976 1003 1045; x_wconf 90' lang='lat' dir='ltr'>sufticiat,</span> <span class='ocrx_word' id='word_1_61' title='bbox 1037 976 1372 1032; x_wconf 86' lang='lat' dir='ltr'>reddituros</span> <span class='ocrx_word' id='word_1_62' title='bbox 1423 992 1528 1031; x_wconf 84' lang='lat' dir='ltr'>nos</span> <span class='ocrx_word' id='word_1_63' title='bbox 1576 991 1704 1032; x_wconf 89' lang='lat' dir='ltr'>esse</span> <span class='ocrx_word' id='word_1_64' title='bbox 1734 975 1909 1031; x_wconf 88' lang='lat' dir='ltr'>ratio-</span> 
     </span>
    </p>
   </div>
   <div class='ocr_carea' id='block_1_10' title="bbox 267 1064 1908 1135">
    <p class='ocr_par' dir='ltr' id='par_1_10' title="bbox 267 1064 1908 1135">
     <span class='ocr_line' id='line_1_10' title="bbox 267 1064 1908 1135; baseline -0.004 -10"><span class='ocrx_word' id='word_1_65' title='bbox 267 1085 403 1125; x_wconf 91' lang='lat' dir='ltr'>nem</span> <span class='ocrx_word' id='word_1_66' title='bbox 434 1084 448 1122; x_wconf 87' lang='lat'>:</span> <span class='ocrx_word' id='word_1_67' title='bbox 481 1073 538 1122; x_wconf 92' lang='lat' dir='ltr'>et</span> <span class='ocrx_word' id='word_1_68' title='bbox 567 1067 616 1123; x_wconf 91' lang='lat' dir='ltr'>si</span> <span class='ocrx_word' id='word_1_69' title='bbox 647 1066 937 1122; x_wconf 81' lang='lat' dir='ltr'>debitores</span> <span class='ocrx_word' id='word_1_70' title='bbox 966 1065 1185 1121; x_wconf 80' lang='lat' dir='ltr'>inventi</span> <span class='ocrx_word' id='word_1_71' title='bbox 1217 1064 1501 1120; x_wconf 83' lang='lat' dir='ltr'>fuerimus</span> <span class='ocrx_word' id='word_1_72' title='bbox 1530 1064 1684 1120; x_wconf 81' lang='lat' dir='ltr'>trahi</span> <span class='ocrx_word' id='word_1_73' title='bbox 1715 1064 1785 1119; x_wconf 93' lang='lat' dir='ltr'>ad</span> <span class='ocrx_word' id='word_1_74' title='bbox 1819 1065 1908 1135; x_wconf 84' lang='lat' dir='ltr'>ju-</span> 
     </span>
    </p>
   </div>
   <div class='ocr_carea' id='block_1_11' title="bbox 257 1152 1910 1227">
    <p class='ocr_par' dir='ltr' id='par_1_11' title="bbox 257 1152 1910 1227">
     <span class='ocr_line' id='line_1_11' title="bbox 257 1152 1910 1227; baseline -0.003 -14"><span class='ocrx_word' id='word_1_75' title='bbox 257 1158 468 1224; x_wconf 89' lang='lat' dir='ltr'>dicem,</span> <span class='ocrx_word' id='word_1_76' title='bbox 494 1162 552 1218; x_wconf 85' lang='lat' dir='ltr'>et</span> <span class='ocrx_word' id='word_1_77' title='bbox 582 1172 616 1210; x_wconf 90' lang='lat' dir='ltr'>a</span> <span class='ocrx_word' id='word_1_78' title='bbox 639 1156 842 1227; x_wconf 84' lang='lat' dir='ltr'>judice</span> <span class='ocrx_word' id='word_1_79' title='bbox 870 1154 1123 1210; x_wconf 83' lang='lat' dir='ltr'>exactori</span> <span class='ocrx_word' id='word_1_80' title='bbox 1155 1154 1327 1210; x_wconf 91' lang='lat' dir='ltr'>tradi.</span> <span class='ocrx_word' id='word_1_81' title='bbox 1354 1152 1582 1225; x_wconf 85' lang='lat' dir='ltr'>Singuli</span> <span class='ocrx_word' id='word_1_82' title='bbox 1615 1157 1910 1208; x_wconf 80' lang='lat' dir='ltr'>exactores</span> 
     </span>
    </p>
   </div>
   <div class='ocr_carea' id='block_1_12' title="bbox 261 1242 1909 1320">
    <p class='ocr_par' dir='ltr' id='par_1_12' title="bbox 261 1242 1909 1320">
     <span class='ocr_line' id='line_1_12' title="bbox 261 1242 1909 1320; baseline -0.004 -18"><span class='ocrx_word' id='word_1_83' title='bbox 261 1249 529 1320; x_wconf 85' lang='lat' dir='ltr'>proprios</span> <span class='ocrx_word' id='word_1_84' title='bbox 552 1245 840 1300; x_wconf 81' lang='lat' dir='ltr'>habemus</span> <span class='ocrx_word' id='word_1_85' title='bbox 864 1260 877 1299; x_wconf 87' lang='lat'><strong>:</strong></span> <span class='ocrx_word' id='word_1_86' title='bbox 906 1244 1100 1299; x_wconf 91' lang='lat' dir='ltr'>omnis</span> <span class='ocrx_word' id='word_1_87' title='bbox 1122 1260 1255 1299; x_wconf 89' lang='lat' dir='ltr'>vero</span> <span class='ocrx_word' id='word_1_88' title='bbox 1277 1242 1614 1309; x_wconf 76' lang='lat' dir='ltr'>multitudo,</span> <span class='ocrx_word' id='word_1_89' title='bbox 1640 1242 1909 1313; x_wconf 88' lang='lat' dir='ltr'>pluribus</span> 
     </span>
    </p>
   </div>
   <div class='ocr_carea' id='block_1_13' title="bbox 261 1330 1905 1403">
    <p class='ocr_par' dir='ltr' id='par_1_13' title="bbox 261 1330 1905 1403">
     <span class='ocr_line' id='line_1_13' title="bbox 261 1330 1905 1403; baseline -0.004 -13"><span class='ocrx_word' id='word_1_90' title='bbox 261 1336 531 1400; x_wconf 85' lang='lat' dir='ltr'>traditur,</span> <span class='ocrx_word' id='word_1_91' title='bbox 581 1333 920 1389; x_wconf 86' lang='lat' dir='ltr'>secundum‘</span> <span class='ocrx_word' id='word_1_92' title='bbox 966 1332 1024 1387; x_wconf 91' lang='lat' dir='ltr'>id</span> <span class='ocrx_word' id='word_1_93' title='bbox 1086 1332 1240 1403; x_wconf 91' lang='lat' dir='ltr'>quod</span> <span class='ocrx_word' id='word_1_94' title='bbox 1298 1333 1357 1386; x_wconf 90' lang='lat' dir='ltr'>in</span> <span class='ocrx_word' id='word_1_95' title='bbox 1418 1331 1566 1386; x_wconf 82' lang='lat' dir='ltr'>Isaia</span> <span class='ocrx_word' id='word_1_96' title='bbox 1623 1330 1905 1400; x_wconf 87' lang='lat' dir='ltr'>scriptum</span> 
     </span>
    </p>
   </div>
   <div class='ocr_carea' id='block_1_14' title="bbox 254 1420 1905 1495">
    <p class='ocr_par' dir='ltr' id='par_1_14' title="bbox 254 1420 1905 1495">
     <span class='ocr_line' id='line_1_14' title="bbox 254 1420 1905 1495; baseline -0.005 -14"><span class='ocrx_word' id='word_1_97' title='bbox 254 1430 347 1481; x_wconf 88' lang='lat' dir='ltr'>est</span> <span class='ocrx_word' id='word_1_98' title='bbox 370 1426 415 1459; x_wconf 83' lang='lat'>&quot;°</span> <span class='ocrx_word' id='word_1_99' title='bbox 450 1442 461 1479; x_wconf 93' lang='lat'><strong>:</strong></span> <span class='ocrx_word' id='word_1_100' title='bbox 519 1424 763 1495; x_wconf 82' lang='lat' dir='ltr'>Populus</span> <span class='ocrx_word' id='word_1_101' title='bbox 812 1438 983 1489; x_wconf 87' lang='lat' dir='ltr'>meus,</span> <span class='ocrx_word' id='word_1_102' title='bbox 1017 1424 1292 1477; x_wconf 72' lang='lat' dir='ltr'>exactores</span> <span class='ocrx_word' id='word_1_103' title='bbox 1335 1422 1503 1476; x_wconf 88' lang='lat' dir='ltr'>vestri</span> <span class='ocrx_word' id='word_1_104' title='bbox 1530 1420 1767 1490; x_wconf 80' lang='lat' dir='ltr'>spoliant</span> <span class='ocrx_word' id='word_1_105' title='bbox 1794 1433 1905 1483; x_wconf 92' lang='lat' dir='ltr'>vos,</span> 
     </span>
    </p>
   </div>
   <div class='ocr_carea' id='block_1_15' title="bbox 253 1500 1908 1585">
    <p class='ocr_par' dir='ltr' id='par_1_15' title="bbox 253 1500 1908 1585">
     <span class='ocr_line' id='line_1_15' title="bbox 253 1500 1908 1585; baseline -0.005 -16"><span class='ocrx_word' id='word_1_106' title='bbox 253 1520 307 1569; x_wconf 86' lang='lat' dir='ltr'>et</span> <span class='ocrx_word' id='word_1_107' title='bbox 341 1515 437 1585; x_wconf 84' lang='lat' dir='ltr'>qui</span> <span class='ocrx_word' id='word_1_108' title='bbox 478 1515 721 1580; x_wconf 83' lang='lat' dir='ltr'>potentes</span> <span class='ocrx_word' id='word_1_109' title='bbox 748 1515 881 1567; x_wconf 83' lang='lat' dir='ltr'>sunt</span> <span class='ocrx_word' id='word_1_110' title='bbox 908 1511 1271 1566; x_wconf 80' lang='lat' dir='ltr'>dominantur</span> <span class='ocrx_word' id='word_1_111' title='bbox 1298 1510 1483 1564; x_wconf 87' lang='lat' dir='ltr'>vestri.</span> <span class='ocrx_word' id='word_1_112' title='bbox 1519 1500 1908 1563; x_wconf 85' lang='lat' dir='ltr'>Dominantur</span> 
     </span>
    </p>
   </div>
   <div class='ocr_carea' id='block_1_16' title="bbox 256 1596 1907 1670">
    <p class='ocr_par' dir='ltr' id='par_1_16' title="bbox 256 1596 1907 1670">
     <span class='ocr_line' id='line_1_16' title="bbox 256 1596 1907 1670; baseline -0.005 -10"><span class='ocrx_word' id='word_1_113' title='bbox 256 1609 572 1668; x_wconf 80' lang='lat' dir='ltr'>exactores,</span> <span class='ocrx_word' id='word_1_114' title='bbox 606 1602 655 1656; x_wconf 91' lang='lat' dir='ltr'>si</span> <span class='ocrx_word' id='word_1_115' title='bbox 685 1600 1067 1656; x_wconf 87' lang='lat' dir='ltr'>debuerimus</span> <span class='ocrx_word' id='word_1_116' title='bbox 1098 1598 1341 1670; x_wconf 85' lang='lat' dir='ltr'>aliquid.</span> <span class='ocrx_word' id='word_1_117' title='bbox 1375 1598 1436 1653; x_wconf 88' lang='lat' dir='ltr'>Si</span> <span class='ocrx_word' id='word_1_118' title='bbox 1466 1603 1659 1652; x_wconf 89' lang='lat' dir='ltr'>autem</span> <span class='ocrx_word' id='word_1_119' title='bbox 1694 1596 1907 1652; x_wconf 89' lang='lat' dir='ltr'>habue-</span> 
     </span>
    </p>
   </div>
   <div class='ocr_carea' id='block_1_17' title="bbox 258 1685 1904 1754">
    <p class='ocr_par' dir='ltr' id='par_1_17' title="bbox 258 1685 1904 1754">
     <span class='ocr_line' id='line_1_17' title="bbox 258 1685 1904 1754; baseline -0.004 -7"><span class='ocrx_word' id='word_1_120' title='bbox 258 1694 446 1747; x_wconf 91' lang='lat' dir='ltr'>rimus</span> <span class='ocrx_word' id='word_1_121' title='bbox 475 1690 772 1754; x_wconf 88' lang='lat' dir='ltr'>tiduciam,</span> <span class='ocrx_word' id='word_1_122' title='bbox 795 1693 853 1743; x_wconf 91' lang='lat' dir='ltr'>et</span> <span class='ocrx_word' id='word_1_123' title='bbox 879 1688 1067 1743; x_wconf 82' lang='lat' dir='ltr'>fronte</span> <span class='ocrx_word' id='word_1_124' title='bbox 1094 1686 1278 1743; x_wconf 90' lang='lat' dir='ltr'>libera</span> <span class='ocrx_word' id='word_1_125' title='bbox 1303 1687 1638 1752; x_wconf 86' lang='lat' dir='ltr'>vixerimus,</span> <span class='ocrx_word' id='word_1_126' title='bbox 1663 1685 1904 1740; x_wconf 81' lang='lat' dir='ltr'>servabo</span> 
     </span>
    </p>
   </div>
   <div class='ocr_carea' id='block_1_18' title="bbox 258 1775 1907 1853">
    <p class='ocr_par' dir='ltr' id='par_1_18' title="bbox 258 1775 1907 1853">
     <span class='ocr_line' id='line_1_18' title="bbox 258 1775 1907 1853; baseline -0.006 -17"><span class='ocrx_word' id='word_1_127' title='bbox 258 1785 613 1853; x_wconf 70' lang='lat' dir='ltr'>praeceptum</span> <span class='ocrx_word' id='word_1_128' title='bbox 644 1778 832 1833; x_wconf 88' lang='lat' dir='ltr'>libens</span> <span class='ocrx_word' id='word_1_129' title='bbox 856 1776 1122 1832; x_wconf 80' lang='lat' dir='ltr'>:~Reddite</span> <span class='ocrx_word' id='word_1_130' title='bbox 1151 1776 1402 1831; x_wconf 85' lang='lat' dir='ltr'>omnibus</span> <span class='ocrx_word' id='word_1_131' title='bbox 1432 1775 1618 1830; x_wconf 83' lang='lat' dir='ltr'>debita</span> <span class='ocrx_word' id='word_1_132' title='bbox 1641 1791 1660 1826; x_wconf 92' lang='lat'><strong><em>:</em></strong></span> <span class='ocrx_word' id='word_1_133' title='bbox 1689 1775 1786 1829; x_wconf 81' lang='lat' dir='ltr'>cui</span> <span class='ocrx_word' id='word_1_134' title='bbox 1808 1775 1907 1827; x_wconf 88' lang='lat' dir='ltr'>tri-</span> 
     </span>
    </p>
   </div>
   <div class='ocr_carea' id='block_1_19' title="bbox 260 1860 1906 1936">
    <p class='ocr_par' dir='ltr' id='par_1_19' title="bbox 260 1860 1906 1936">
     <span class='ocr_line' id='line_1_19' title="bbox 260 1860 1906 1936; baseline -0.005 -11"><span class='ocrx_word' id='word_1_135' title='bbox 260 1870 468 1936; x_wconf 83' lang='lat' dir='ltr'>butum,</span> <span class='ocrx_word' id='word_1_136' title='bbox 501 1869 767 1923; x_wconf 73' lang='lat' dir='ltr'>tributum</span> <span class='ocrx_word' id='word_1_137' title='bbox 796 1884 815 1921; x_wconf 91' lang='lat'><em>:</em></span> <span class='ocrx_word' id='word_1_138' title='bbox 855 1867 952 1921; x_wconf 85' lang='lat' dir='ltr'>cui</span> <span class='ocrx_word' id='word_1_139' title='bbox 980 1867 1250 1931; x_wconf 84' lang='lat' dir='ltr'>timorem,</span> <span class='ocrx_word' id='word_1_140' title='bbox 1286 1868 1535 1920; x_wconf 75' lang='lat' dir='ltr'>timorem</span> <span class='ocrx_word' id='word_1_141' title='bbox 1562 1880 1582 1917; x_wconf 88' lang='lat'><strong><em>:</em></strong></span> <span class='ocrx_word' id='word_1_142' title='bbox 1626 1865 1718 1918; x_wconf 84' lang='lat' dir='ltr'>cui</span> <span class='ocrx_word' id='word_1_143' title='bbox 1747 1860 1906 1918; x_wconf 79' lang='lat' dir='ltr'>vecti-</span> 
     </span>
    </p>
   </div>
   <div class='ocr_carea' id='block_1_20' title="bbox 255 1951 1906 2029">
    <p class='ocr_par' dir='ltr' id='par_1_20' title="bbox 255 1951 1906 2029">
     <span class='ocr_line' id='line_1_20' title="bbox 255 1951 1906 2029; baseline -0.004 -16"><span class='ocrx_word' id='word_1_144' title='bbox 255 1959 370 2029; x_wconf 87' lang='lat' dir='ltr'>gal,</span> <span class='ocrx_word' id='word_1_145' title='bbox 401 1957 629 2028; x_wconf 76' lang='lat' dir='ltr'>vectigal</span> <span class='ocrx_word' id='word_1_146' title='bbox 661 1974 677 2009; x_wconf 93' lang='lat'><strong><em>:</em></strong></span> <span class='ocrx_word' id='word_1_147' title='bbox 707 1957 798 2010; x_wconf 86' lang='lat' dir='ltr'>cui</span> <span class='ocrx_word' id='word_1_148' title='bbox 827 1956 1105 2022; x_wconf 80' lang='lat' dir='ltr'>honorem,</span> <span class='ocrx_word' id='word_1_149' title='bbox 1140 1953 1406 2009; x_wconf 77' lang='lat' dir='ltr'>honorem</span> <span class='ocrx_word' id='word_1_150' title='bbox 1436 1954 1504 2006; x_wconf 69' lang='grc' dir='ltr'>τι.</span> <span class='ocrx_word' id='word_1_151' title='bbox 1538 1953 1596 2007; x_wconf 88' lang='lat' dir='ltr'>Si</span> <span class='ocrx_word' id='word_1_152' title='bbox 1630 1951 1906 2009; x_wconf 89' lang='lat' dir='ltr'>omnibus</span> 
     </span>
    </p>
   </div>
   <div class='ocr_carea' id='block_1_21' title="bbox 259 2041 1904 2109">
    <p class='ocr_par' dir='ltr' id='par_1_21' title="bbox 259 2041 1904 2109">
     <span class='ocr_line' id='line_1_21' title="bbox 259 2041 1904 2109; baseline -0.004 -7"><span class='ocrx_word' id='word_1_153' title='bbox 259 2047 531 2102; x_wconf 88' lang='lat' dir='ltr'>universa</span> <span class='ocrx_word' id='word_1_154' title='bbox 560 2044 887 2109; x_wconf 88' lang='lat' dir='ltr'>reddidero,</span> <span class='ocrx_word' id='word_1_155' title='bbox 922 2042 1087 2098; x_wconf 88' lang='lat' dir='ltr'>venio</span> <span class='ocrx_word' id='word_1_156' title='bbox 1128 2042 1200 2097; x_wconf 92' lang='lat' dir='ltr'>ad</span> <span class='ocrx_word' id='word_1_157' title='bbox 1242 2046 1589 2108; x_wconf 85' lang='lat' dir='ltr'>exactorem,</span> <span class='ocrx_word' id='word_1_158' title='bbox 1623 2044 1681 2095; x_wconf 90' lang='lat' dir='ltr'>et</span> <span class='ocrx_word' id='word_1_159' title='bbox 1728 2041 1904 2095; x_wconf 89' lang='lat' dir='ltr'>intre-</span> 
     </span>
    </p>
   </div>
   <div class='ocr_carea' id='block_1_22' title="bbox 259 2128 1905 2208">
    <p class='ocr_par' dir='ltr' id='par_1_22' title="bbox 259 2128 1905 2208">
     <span class='ocr_line' id='line_1_22' title="bbox 259 2128 1905 2208; baseline -0.005 -18"><span class='ocrx_word' id='word_1_160' title='bbox 259 2136 397 2208; x_wconf 89' lang='lat' dir='ltr'>pida</span> <span class='ocrx_word' id='word_1_161' title='bbox 426 2139 620 2189; x_wconf 86' lang='lat' dir='ltr'>mente</span> <span class='ocrx_word' id='word_1_162' title='bbox 650 2131 995 2204; x_wconf 89' lang='lat' dir='ltr'>respondeo,</span> <span class='ocrx_word' id='word_1_163' title='bbox 1026 2129 1182 2184; x_wconf 86' lang='lat' dir='ltr'>Nihil</span> <span class='ocrx_word' id='word_1_164' title='bbox 1212 2129 1315 2185; x_wconf 87' lang='lat' dir='ltr'>tibi</span> <span class='ocrx_word' id='word_1_165' title='bbox 1356 2130 1556 2185; x_wconf 78' lang='lat' dir='ltr'>debeo.</span> <span class='ocrx_word' id='word_1_166' title='bbox 1593 2128 1763 2183; x_wconf 83' lang='lat' dir='ltr'>Venit</span> <span class='ocrx_word' id='word_1_167' title='bbox 1810 2144 1905 2184; x_wconf 84' lang='lat' dir='ltr'>ex-</span> 
     </span>
    </p>
   </div>
   <div class='ocr_carea' id='block_1_23' title="bbox 260 2218 1905 2293">
    <p class='ocr_par' dir='ltr' id='par_1_23' title="bbox 260 2218 1905 2293">
     <span class='ocr_line' id='line_1_23' title="bbox 260 2218 1905 2293; baseline -0.005 -14"><span class='ocrx_word' id='word_1_168' title='bbox 260 2229 420 2279; x_wconf 88' lang='lat' dir='ltr'>actor</span> <span class='ocrx_word' id='word_1_169' title='bbox 448 2223 517 2277; x_wconf 89' lang='lat' dir='ltr'>ad</span> <span class='ocrx_word' id='word_1_170' title='bbox 550 2221 1005 2293; x_wconf 89' lang='lat' dir='ltr'>deposcendum,</span> <span class='ocrx_word' id='word_1_171' title='bbox 1038 2220 1249 2274; x_wconf 89' lang='lat' dir='ltr'>resisto</span> <span class='ocrx_word' id='word_1_172' title='bbox 1279 2220 1351 2274; x_wconf 88' lang='lat' dir='ltr'>ei.</span> <span class='ocrx_word' id='word_1_173' title='bbox 1387 2218 1518 2273; x_wconf 88' lang='lat' dir='ltr'>Scio</span> <span class='ocrx_word' id='word_1_174' title='bbox 1560 2218 1718 2272; x_wconf 91' lang='lat' dir='ltr'>enim</span> <span class='ocrx_word' id='word_1_175' title='bbox 1750 2218 1905 2289; x_wconf 91' lang='lat' dir='ltr'>quod</span> 
     </span>
    </p>
   </div>
   <div class='ocr_carea' id='block_1_24' title="bbox 261 2306 1904 2377">
    <p class='ocr_par' dir='ltr' id='par_1_24' title="bbox 261 2306 1904 2377">
     <span class='ocr_line' id='line_1_24' title="bbox 261 2306 1904 2377; baseline -0.005 -8"><span class='ocrx_word' id='word_1_176' title='bbox 261 2316 311 2370; x_wconf 89' lang='lat' dir='ltr'>si</span> <span class='ocrx_word' id='word_1_177' title='bbox 368 2312 513 2368; x_wconf 91' lang='lat' dir='ltr'>nihil</span> <span class='ocrx_word' id='word_1_178' title='bbox 561 2312 837 2373; x_wconf 90' lang='lat' dir='ltr'>debuero,</span> <span class='ocrx_word' id='word_1_179' title='bbox 891 2309 951 2362; x_wconf 90' lang='lat' dir='ltr'>in</span> <span class='ocrx_word' id='word_1_180' title='bbox 1004 2324 1097 2363; x_wconf 90' lang='lat' dir='ltr'>me</span> <span class='ocrx_word' id='word_1_181' title='bbox 1144 2324 1258 2362; x_wconf 93' lang='lat' dir='ltr'>non</span> <span class='ocrx_word' id='word_1_182' title='bbox 1310 2306 1484 2362; x_wconf 84' lang='lat' dir='ltr'>habet</span> <span class='ocrx_word' id='word_1_183' title='bbox 1535 2310 1904 2377; x_wconf 89' lang='lat' dir='ltr'>potestatem.</span> 
     </span>
    </p>
   </div>
   <div class='ocr_carea' id='block_1_25' title="bbox 260 2395 1906 2467">
    <p class='ocr_par' dir='ltr' id='par_1_25' title="bbox 260 2395 1906 2467">
     <span class='ocr_line' id='line_1_25' title="bbox 260 2395 1906 2467; baseline -0.006 -9"><span class='ocrx_word' id='word_1_184' title='bbox 260 2403 424 2465; x_wconf 86' lang='lat' dir='ltr'>Quod</span> <span class='ocrx_word' id='word_1_185' title='bbox 456 2402 506 2455; x_wconf 91' lang='lat' dir='ltr'>si</span> <span class='ocrx_word' id='word_1_186' title='bbox 536 2399 766 2455; x_wconf 78' lang='lat' dir='ltr'>debitor</span> <span class='ocrx_word' id='word_1_187' title='bbox 797 2398 976 2467; x_wconf 85' lang='lat' dir='ltr'>fuero,</span> <span class='ocrx_word' id='word_1_188' title='bbox 1011 2396 1205 2451; x_wconf 87' lang='lat' dir='ltr'>mittet</span> <span class='ocrx_word' id='word_1_189' title='bbox 1236 2412 1328 2451; x_wconf 91' lang='lat' dir='ltr'>me</span> <span class='ocrx_word' id='word_1_190' title='bbox 1370 2400 1602 2450; x_wconf 85' lang='lat' dir='ltr'>exactor</span> <span class='ocrx_word' id='word_1_191' title='bbox 1633 2411 1801 2449; x_wconf 91' lang='lat' dir='ltr'>meus</span> <span class='ocrx_word' id='word_1_192' title='bbox 1848 2395 1906 2449; x_wconf 93' lang='lat' dir='ltr'>in</span> 
     </span>
    </p>
   </div>
   <div class='ocr_carea' id='block_1_26' title="bbox 261 2484 1909 2556">
    <p class='ocr_par' dir='ltr' id='par_1_26' title="bbox 261 2484 1909 2556">
     <span class='ocr_line' id='line_1_26' title="bbox 261 2484 1909 2556; baseline -0.005 -10"><span class='ocrx_word' id='word_1_193' title='bbox 261 2506 574 2555; x_wconf 89' lang='lat' dir='ltr'>carcerem,</span> <span class='ocrx_word' id='word_1_194' title='bbox 604 2486 704 2543; x_wconf 91' lang='lat' dir='ltr'>illo</span> <span class='ocrx_word' id='word_1_195' title='bbox 752 2486 955 2542; x_wconf 88' lang='lat' dir='ltr'>ordine</span> <span class='ocrx_word' id='word_1_196' title='bbox 1002 2485 1101 2556; x_wconf 91' lang='lat' dir='ltr'>qui</span> <span class='ocrx_word' id='word_1_197' title='bbox 1145 2485 1453 2556; x_wconf 69' lang='lat' dir='ltr'>priedictus</span> <span class='ocrx_word' id='word_1_198' title='bbox 1482 2489 1589 2538; x_wconf 87' lang='lat' dir='ltr'>est.</span> <span class='ocrx_word' id='word_1_199' title='bbox 1626 2484 1909 2538; x_wconf 83' lang='lat' dir='ltr'>Adversa-</span> 
     </span>
    </p>
   </div>
   <div class='ocr_carea' id='block_1_27' title="bbox 262 2572 1906 2645">
    <p class='ocr_par' dir='ltr' id='par_1_27' title="bbox 262 2572 1906 2645">
     <span class='ocr_line' id='line_1_27' title="bbox 262 2572 1906 2645; baseline -0.005 -11"><span class='ocrx_word' id='word_1_200' title='bbox 262 2582 387 2634; x_wconf 89' lang='lat' dir='ltr'>rius</span> <span class='ocrx_word' id='word_1_201' title='bbox 417 2578 574 2634; x_wconf 89' lang='lat' dir='ltr'>enim</span> <span class='ocrx_word' id='word_1_202' title='bbox 607 2592 699 2631; x_wconf 90' lang='lat' dir='ltr'>me</span> <span class='ocrx_word' id='word_1_203' title='bbox 730 2574 893 2630; x_wconf 90' lang='lat' dir='ltr'>ducit</span> <span class='ocrx_word' id='word_1_204' title='bbox 928 2575 999 2629; x_wconf 89' lang='lat' dir='ltr'>ad</span> <span class='ocrx_word' id='word_1_205' title='bbox 1032 2573 1375 2645; x_wconf 86' lang='lat' dir='ltr'>principem,</span> <span class='ocrx_word' id='word_1_206' title='bbox 1408 2572 1680 2643; x_wconf 88' lang='lat' dir='ltr'>princeps</span> <span class='ocrx_word' id='word_1_207' title='bbox 1709 2573 1780 2627; x_wconf 89' lang='lat' dir='ltr'>ad</span> <span class='ocrx_word' id='word_1_208' title='bbox 1807 2574 1906 2643; x_wconf 85' lang='lat' dir='ltr'>ju-</span> 
     </span>
    </p>
   </div>
   <div class='ocr_carea' id='block_1_28' title="bbox 167 2660 1909 2745">
    <p class='ocr_par' dir='ltr' id='par_1_28' title="bbox 167 2660 1909 2745">
     <span class='ocr_line' id='line_1_28' title="bbox 167 2660 1909 2745; baseline -0.005 -21"><span class='ocrx_word' id='word_1_209' title='bbox 167 2736 174 2745; x_wconf 33' lang='lat'><strong><em>&#39;</em></strong></span> <span class='ocrx_word' id='word_1_210' title='bbox 260 2670 471 2731; x_wconf 88' lang='lat' dir='ltr'>dicem,</span> <span class='ocrx_word' id='word_1_211' title='bbox 521 2672 578 2721; x_wconf 91' lang='lat' dir='ltr'>et</span> <span class='ocrx_word' id='word_1_212' title='bbox 623 2665 807 2736; x_wconf 82' lang='lat' dir='ltr'>judex</span> <span class='ocrx_word' id='word_1_213' title='bbox 853 2664 1046 2717; x_wconf 83' lang='lat' dir='ltr'>tradet</span> <span class='ocrx_word' id='word_1_214' title='bbox 1103 2679 1198 2716; x_wconf 89' lang='lat' dir='ltr'>me</span> <span class='ocrx_word' id='word_1_215' title='bbox 1254 2660 1528 2726; x_wconf 87' lang='lat' dir='ltr'>exactori,</span> <span class='ocrx_word' id='word_1_216' title='bbox 1570 2666 1628 2715; x_wconf 90' lang='lat' dir='ltr'>et</span> <span class='ocrx_word' id='word_1_217' title='bbox 1677 2666 1909 2715; x_wconf 83' lang='lat' dir='ltr'>exactor</span> 
     </span>
    </p>
   </div>
   <div class='ocr_carea' id='block_1_29' title="bbox 263 2748 1909 2822">
    <p class='ocr_par' dir='ltr' id='par_1_29' title="bbox 263 2748 1909 2822">
     <span class='ocr_line' id='line_1_29' title="bbox 263 2748 1909 2822; baseline -0.005 -10"><span class='ocrx_word' id='word_1_218' title='bbox 263 2758 454 2812; x_wconf 88' lang='lat' dir='ltr'>mittet</span> <span class='ocrx_word' id='word_1_219' title='bbox 482 2755 541 2810; x_wconf 90' lang='lat' dir='ltr'>in</span> <span class='ocrx_word' id='word_1_220' title='bbox 575 2769 885 2809; x_wconf 90' lang='lat' dir='ltr'>carcerem.</span> <span class='ocrx_word' id='word_1_221' title='bbox 909 2752 1043 2815; x_wconf 63' lang='lat' dir='ltr'>Quae</span> <span class='ocrx_word' id='word_1_222' title='bbox 1066 2752 1141 2822; x_wconf 80' lang='grc'>(4)</span> <span class='ocrx_word' id='word_1_223' title='bbox 1171 2757 1262 2805; x_wconf 90' lang='lat' dir='ltr'>est</span> <span class='ocrx_word' id='word_1_224' title='bbox 1290 2750 1381 2805; x_wconf 87' lang='lat' dir='ltr'>lex</span> <span class='ocrx_word' id='word_1_225' title='bbox 1410 2750 1659 2806; x_wconf 89' lang='lat' dir='ltr'>carceris</span> <span class='ocrx_word' id='word_1_226' title='bbox 1691 2749 1861 2804; x_wconf 83' lang='lat' dir='ltr'>istius</span> <span class='ocrx_word' id='word_1_227' title='bbox 1881 2748 1909 2803; x_wconf 83' lang='lat'>‘?</span> 
     </span>
    </p>
   </div>
   <div class='ocr_carea' id='block_1_30' title="bbox 260 2838 1911 2918">
    <p class='ocr_par' dir='ltr' id='par_1_30' title="bbox 260 2838 1911 2918">
     <span class='ocr_line' id='line_1_30' title="bbox 260 2838 1911 2918; baseline -0.006 -16"><span class='ocrx_word' id='word_1_228' title='bbox 260 2846 388 2911; x_wconf 83' lang='lat' dir='ltr'>Non</span> <span class='ocrx_word' id='word_1_229' title='bbox 444 2843 709 2918; x_wconf 89' lang='lat' dir='ltr'>egredior</span> <span class='ocrx_word' id='word_1_230' title='bbox 756 2858 826 2897; x_wconf 83' lang='lat' dir='ltr'>ex</span> <span class='ocrx_word' id='word_1_231' title='bbox 871 2857 959 2909; x_wconf 92' lang='lat' dir='ltr'>eo,</span> <span class='ocrx_word' id='word_1_232' title='bbox 1020 2856 1206 2911; x_wconf 90' lang='lat' dir='ltr'>neque</span> <span class='ocrx_word' id='word_1_233' title='bbox 1256 2856 1348 2894; x_wconf 90' lang='lat' dir='ltr'>me</span> <span class='ocrx_word' id='word_1_234' title='bbox 1403 2844 1635 2894; x_wconf 86' lang='lat' dir='ltr'>exactor</span> <span class='ocrx_word' id='word_1_235' title='bbox 1692 2838 1911 2911; x_wconf 86' lang='lat' dir='ltr'>patitur</span> 
     </span>
    </p>
   </div>
   <div class='ocr_carea' id='block_1_31' title="bbox 263 2927 1911 3001">
    <p class='ocr_par' dir='ltr' id='par_1_31' title="bbox 263 2927 1911 3001">
     <span class='ocr_line' id='line_1_31' title="bbox 263 2927 1911 3001; baseline -0.005 -10"><span class='ocrx_word' id='word_1_236' title='bbox 263 2934 438 3001; x_wconf 88' lang='lat' dir='ltr'>exire,</span> <span class='ocrx_word' id='word_1_237' title='bbox 473 2932 585 2989; x_wconf 87' lang='lat' dir='ltr'>nisi</span> <span class='ocrx_word' id='word_1_238' title='bbox 633 2931 899 2987; x_wconf 91' lang='lat' dir='ltr'>debitum</span> <span class='ocrx_word' id='word_1_239' title='bbox 948 2945 1120 2986; x_wconf 91' lang='lat' dir='ltr'>omne</span> <span class='ocrx_word' id='word_1_240' title='bbox 1167 2927 1512 3001; x_wconf 86' lang='lat' dir='ltr'>persolvere.</span> <span class='ocrx_word' id='word_1_241' title='bbox 1560 2928 1684 2983; x_wconf 89' lang='lat' dir='ltr'>Non</span> <span class='ocrx_word' id='word_1_242' title='bbox 1736 2927 1911 2983; x_wconf 89' lang='lat' dir='ltr'>habet</span> 
     </span>
    </p>
   </div>
   <div class='ocr_carea' id='block_1_32' title="bbox 263 3016 1907 3095">
    <p class='ocr_par' dir='ltr' id='par_1_32' title="bbox 263 3016 1907 3095">
     <span class='ocr_line' id='line_1_32' title="bbox 263 3016 1907 3095; baseline -0.006 -15"><span class='ocrx_word' id='word_1_243' title='bbox 263 3032 499 3081; x_wconf 83' lang='lat' dir='ltr'>exactor</span> <span class='ocrx_word' id='word_1_244' title='bbox 528 3027 895 3095; x_wconf 89' lang='lat' dir='ltr'>potestatem,</span> <span class='ocrx_word' id='word_1_245' title='bbox 929 3025 994 3074; x_wconf 91' lang='lat' dir='ltr'>ut</span> <span class='ocrx_word' id='word_1_246' title='bbox 1041 3018 1186 3074; x_wconf 91' lang='lat' dir='ltr'>mihi</span> <span class='ocrx_word' id='word_1_247' title='bbox 1239 3016 1445 3073; x_wconf 82' lang='lat' dir='ltr'>saltem</span> <span class='ocrx_word' id='word_1_248' title='bbox 1496 3016 1907 3088; x_wconf 84' lang='lat' dir='ltr'>quadrantem,</span> 
     </span>
    </p>
   </div>
   <div class='ocr_carea' id='block_1_33' title="bbox 262 3105 1908 3181">
    <p class='ocr_par' dir='ltr' id='par_1_33' title="bbox 262 3105 1908 3181">
     <span class='ocr_line' id='line_1_33' title="bbox 262 3105 1908 3181; baseline -0.005 -12"><span class='ocrx_word' id='word_1_249' title='bbox 262 3112 350 3169; x_wconf 85' lang='lat' dir='ltr'>vel</span> <span class='ocrx_word' id='word_1_250' title='bbox 402 3111 707 3167; x_wconf 90' lang='lat' dir='ltr'>minimam</span> <span class='ocrx_word' id='word_1_251' title='bbox 758 3109 1082 3181; x_wconf 90' lang='lat' dir='ltr'>portionem</span> <span class='ocrx_word' id='word_1_252' title='bbox 1136 3105 1327 3162; x_wconf 85' lang='lat' dir='ltr'>valeat</span> <span class='ocrx_word' id='word_1_253' title='bbox 1382 3106 1719 3172; x_wconf 86' lang='lat' dir='ltr'>concedere,</span> <span class='ocrx_word' id='word_1_254' title='bbox 1754 3122 1908 3161; x_wconf 89' lang='lat' dir='ltr'>unus</span> 
     </span>
    </p>
   </div>
   <div class='ocr_carea' id='block_1_34' title="bbox 2025 524 3665 598">
    <p class='ocr_par' dir='ltr' id='par_1_34' title="bbox 2025 524 3665 598">
     <span class='ocr_line' id='line_1_34' title="bbox 2025 524 3665 598; baseline -0.005 -12"><span class='ocrx_word' id='word_1_255' title='bbox 2025 530 2259 587; x_wconf 87' lang='lat' dir='ltr'>subtile.</span> <span class='ocrx_word' id='word_1_256' title='bbox 2294 531 2506 585; x_wconf 81' lang='lat' dir='ltr'>Beatus</span> <span class='ocrx_word' id='word_1_257' title='bbox 2535 534 2625 584; x_wconf 91' lang='lat' dir='ltr'>est</span> <span class='ocrx_word' id='word_1_258' title='bbox 2652 527 2851 598; x_wconf 80' lang='lat' dir='ltr'>igitur,</span> <span class='ocrx_word' id='word_1_259' title='bbox 2874 524 3133 598; x_wconf 89' lang='lat' dir='ltr'>primum</span> <span class='ocrx_word' id='word_1_260' title='bbox 3164 524 3264 594; x_wconf 82' lang='lat' dir='ltr'>qui</span> <span class='ocrx_word' id='word_1_261' title='bbox 3297 540 3415 579; x_wconf 80' lang='lat' dir='ltr'>non</span> <span class='ocrx_word' id='word_1_262' title='bbox 3446 528 3665 596; x_wconf 82' lang='lat' dir='ltr'>peccat,</span> 
     </span>
    </p>
   </div>
   <div class='ocr_carea' id='block_1_35' title="bbox 2024 613 3671 686">
    <p class='ocr_par' dir='ltr' id='par_1_35' title="bbox 2024 613 3671 686">
     <span class='ocr_line' id='line_1_35' title="bbox 2024 613 3671 686; baseline -0.004 -10"><span class='ocrx_word' id='word_1_263' title='bbox 2024 620 2282 676; x_wconf 87' lang='lat' dir='ltr'>secundo</span> <span class='ocrx_word' id='word_1_264' title='bbox 2323 625 2387 673; x_wconf 91' lang='lat' dir='ltr'>ut</span> <span class='ocrx_word' id='word_1_265' title='bbox 2414 619 2475 674; x_wconf 91' lang='lat' dir='ltr'>in</span> <span class='ocrx_word' id='word_1_266' title='bbox 2508 616 2817 673; x_wconf 90' lang='lat' dir='ltr'>collatione</span> <span class='ocrx_word' id='word_1_267' title='bbox 2844 614 3059 686; x_wconf 78' lang='lat' dir='ltr'>aliquis</span> <span class='ocrx_word' id='word_1_268' title='bbox 3088 613 3298 668; x_wconf 84' lang='lat' dir='ltr'>saltem</span> <span class='ocrx_word' id='word_1_269' title='bbox 3330 618 3515 668; x_wconf 76' lang='lat' dir='ltr'>tenue</span> <span class='ocrx_word' id='word_1_270' title='bbox 3535 628 3671 684; x_wconf 76' lang='lat' dir='ltr'>pec-</span> 
     </span>
    </p>
   </div>
   <div class='ocr_carea' id='block_1_36' title="bbox 2023 701 3670 775">
    <p class='ocr_par' dir='ltr' id='par_1_36' title="bbox 2023 701 3670 775">
     <span class='ocr_line' id='line_1_36' title="bbox 2023 701 3670 775; baseline -0.004 -11"><span class='ocrx_word' id='word_1_271' title='bbox 2023 716 2215 764; x_wconf 85' lang='lat' dir='ltr'>catum</span> <span class='ocrx_word' id='word_1_272' title='bbox 2251 708 2478 763; x_wconf 85' lang='lat' dir='ltr'>habeat.</span> <span class='ocrx_word' id='word_1_273' title='bbox 2512 708 2583 762; x_wconf 87' lang='lat' dir='ltr'>Et</span> <span class='ocrx_word' id='word_1_274' title='bbox 2626 706 2777 760; x_wconf 89' lang='lat' dir='ltr'>inter</span> <span class='ocrx_word' id='word_1_275' title='bbox 2823 704 2952 775; x_wconf 87' lang='lat' dir='ltr'>ipsa</span> <span class='ocrx_word' id='word_1_276' title='bbox 3000 717 3232 775; x_wconf 86' lang='lat' dir='ltr'>quoque</span> <span class='ocrx_word' id='word_1_277' title='bbox 3262 701 3468 758; x_wconf 80' lang='lat' dir='ltr'>tenuia</span> <span class='ocrx_word' id='word_1_278' title='bbox 3492 706 3670 773; x_wconf 79' lang='lat' dir='ltr'>atque</span> 
     </span>
    </p>
   </div>
   <div class='ocr_carea' id='block_1_37' title="bbox 2022 791 3675 866">
    <p class='ocr_par' dir='ltr' id='par_1_37' title="bbox 2022 791 3675 866">
     <span class='ocr_line' id='line_1_37' title="bbox 2022 791 3675 866; baseline -0.004 -12"><span class='ocrx_word' id='word_1_279' title='bbox 2022 796 2281 863; x_wconf 87' lang='lat' dir='ltr'>subtilia,</span> <span class='ocrx_word' id='word_1_280' title='bbox 2308 803 2371 852; x_wconf 94' lang='lat' dir='ltr'>ut</span> <span class='ocrx_word' id='word_1_281' title='bbox 2398 795 2703 851; x_wconf 86' lang='lat' dir='ltr'>diversitas</span> <span class='ocrx_word' id='word_1_282' title='bbox 2737 798 3128 866; x_wconf 86' lang='lat' dir='ltr'>peccatorum.</span> <span class='ocrx_word' id='word_1_283' title='bbox 3154 791 3273 848; x_wconf 85' lang='lat' dir='ltr'>Nisi</span> <span class='ocrx_word' id='word_1_284' title='bbox 3305 795 3465 847; x_wconf 79' lang='lat' dir='ltr'>esset</span> <span class='ocrx_word' id='word_1_285' title='bbox 3490 798 3675 863; x_wconf 63' lang='lat' dir='ltr'>pecuc</span> 
     </span>
    </p>
   </div>
   <div class='ocr_carea' id='block_1_38' title="bbox 2021 878 3668 955">
    <p class='ocr_par' dir='ltr' id='par_1_38' title="bbox 2021 878 3668 955">
     <span class='ocr_line' id='line_1_38' title="bbox 2021 878 3668 955; baseline -0.002 -13"><span class='ocrx_word' id='word_1_286' title='bbox 2021 887 2122 942; x_wconf 90' lang='lat' dir='ltr'>nia</span> <span class='ocrx_word' id='word_1_287' title='bbox 2149 886 2405 954; x_wconf 88' lang='lat' dir='ltr'>subtilis,</span> <span class='ocrx_word' id='word_1_288' title='bbox 2438 900 2743 955; x_wconf 88' lang='lat' dir='ltr'>nunquam</span> <span class='ocrx_word' id='word_1_289' title='bbox 2775 882 3065 937; x_wconf 86' lang='lat' dir='ltr'>diceretur</span> <span class='ocrx_word' id='word_1_290' title='bbox 3095 897 3108 936; x_wconf 91' lang='lat'><strong>:</strong></span> <span class='ocrx_word' id='word_1_291' title='bbox 3162 882 3280 937; x_wconf 74' lang='lat' dir='ltr'>Non</span> <span class='ocrx_word' id='word_1_292' title='bbox 3328 880 3483 935; x_wconf 62' lang='lat' dir='ltr'>acted</span> <span class='ocrx_word' id='word_1_293' title='bbox 3514 878 3668 949; x_wconf 74' lang='lat' dir='ltr'>inde,</span> 
     </span>
    </p>
   </div>
   <div class='ocr_carea' id='block_1_39' title="bbox 2020 969 3671 1042">
    <p class='ocr_par' dir='ltr' id='par_1_39' title="bbox 2020 969 3671 1042">
     <span class='ocr_line' id='line_1_39' title="bbox 2020 969 3671 1042; baseline -0.005 -10"><span class='ocrx_word' id='word_1_294' title='bbox 2020 976 2189 1032; x_wconf 81' lang='lat' dir='ltr'>donec</span> <span class='ocrx_word' id='word_1_295' title='bbox 2233 974 2425 1030; x_wconf 90' lang='lat' dir='ltr'>reddas</span> <span class='ocrx_word' id='word_1_296' title='bbox 2470 974 2826 1029; x_wconf 86' lang='lat' dir='ltr'>novissimum</span> <span class='ocrx_word' id='word_1_297' title='bbox 2854 970 3221 1042; x_wconf 75' lang='lat' dir='ltr'>quadrantem</span> <span class='ocrx_word' id='word_1_298' title='bbox 3248 970 3314 1024; x_wconf 72' lang='grc'>⁷⁸.</span> <span class='ocrx_word' id='word_1_299' title='bbox 3364 969 3671 1035; x_wconf 78' lang='lat' dir='ltr'>Quomodo</span> 
     </span>
    </p>
   </div>
   <div class='ocr_carea' id='block_1_40' title="bbox 2018 1058 3667 1137">
    <p class='ocr_par' dir='ltr' id='par_1_40' title="bbox 2018 1058 3667 1137">
     <span class='ocr_line' id='line_1_40' title="bbox 2018 1058 3667 1137; baseline -0.003 -17"><span class='ocrx_word' id='word_1_300' title='bbox 2018 1066 2145 1120; x_wconf 83' lang='lat' dir='ltr'>sine</span> <span class='ocrx_word' id='word_1_301' title='bbox 2192 1064 2440 1137; x_wconf 89' lang='lat' dir='ltr'>pecunia</span> <span class='ocrx_word' id='word_1_302' title='bbox 2484 1063 2703 1117; x_wconf 83' lang='lat' dir='ltr'>diceret</span> <span class='ocrx_word' id='word_1_303' title='bbox 2731 1060 3119 1116; x_wconf 92' lang='lat' dir='ltr'>novissimum</span> <span class='ocrx_word' id='word_1_304' title='bbox 3150 1059 3475 1126; x_wconf 70' lang='lat' dir='ltr'>minutum,</span> <span class='ocrx_word' id='word_1_305' title='bbox 3503 1058 3667 1131; x_wconf 87' lang='lat' dir='ltr'>quod-</span> 
     </span>
    </p>
   </div>
   <div class='ocr_carea' id='block_1_41' title="bbox 2018 1147 3673 1219">
    <p class='ocr_par' dir='ltr' id='par_1_41' title="bbox 2018 1147 3673 1219">
     <span class='ocr_line' id='line_1_41' title="bbox 2018 1147 3673 1219; baseline -0.003 -10"><span class='ocrx_word' id='word_1_306' title='bbox 2018 1158 2110 1209; x_wconf 91' lang='lat' dir='ltr'>est</span> <span class='ocrx_word' id='word_1_307' title='bbox 2154 1152 2451 1219; x_wconf 89' lang='lat' dir='ltr'>denarius,</span> <span class='ocrx_word' id='word_1_308' title='bbox 2482 1151 2603 1206; x_wconf 86' lang='lat' dir='ltr'>sive</span> <span class='ocrx_word' id='word_1_309' title='bbox 2651 1165 2954 1212; x_wconf 88' lang='lat' dir='ltr'>nummus,</span> <span class='ocrx_word' id='word_1_310' title='bbox 2995 1148 3116 1204; x_wconf 86' lang='lat' dir='ltr'>sive</span> <span class='ocrx_word' id='word_1_311' title='bbox 3161 1147 3401 1218; x_wconf 77' lang='lat' dir='ltr'>obulns,</span> <span class='ocrx_word' id='word_1_312' title='bbox 3426 1147 3516 1203; x_wconf 88' lang='lat' dir='ltr'>vel</span> <span class='ocrx_word' id='word_1_313' title='bbox 3544 1152 3673 1204; x_wconf 56' lang='lat' dir='ltr'>stas»</span> 
     </span>
    </p>
   </div>
   <div class='ocr_carea' id='block_1_42' title="bbox 2017 1237 3682 1312">
    <p class='ocr_par' dir='ltr' id='par_1_42' title="bbox 2017 1237 3682 1312">
     <span class='ocr_line' id='line_1_42' title="bbox 2017 1237 3682 1312; baseline -0.003 -14"><span class='ocrx_word' id='word_1_314' title='bbox 2017 1248 2162 1298; x_wconf 90' lang='lat' dir='ltr'>tera.</span> <span class='ocrx_word' id='word_1_315' title='bbox 2187 1241 2424 1306; x_wconf 78' lang='lat' dir='ltr'>Quod‘si</span> <span class='ocrx_word' id='word_1_316' title='bbox 2460 1255 2732 1312; x_wconf 85' lang='lat' dir='ltr'>magnam</span> <span class='ocrx_word' id='word_1_317' title='bbox 2757 1237 3061 1310; x_wconf 82' lang='lat' dir='ltr'>pecuniam</span> <span class='ocrx_word' id='word_1_318' title='bbox 3082 1237 3485 1309; x_wconf 73' lang='lat' dir='ltr'>debuerimus,</span> <span class='ocrx_word' id='word_1_319' title='bbox 3509 1237 3682 1293; x_wconf 59' lang='lat' dir='ltr'>sicuti</span> 
     </span>
    </p>
   </div>
   <div class='ocr_carea' id='block_1_43' title="bbox 2017 1324 3663 1402">
    <p class='ocr_par' dir='ltr' id='par_1_43' title="bbox 2017 1324 3663 1402">
     <span class='ocr_line' id='line_1_43' title="bbox 2017 1324 3663 1402; baseline -0.001 -17"><span class='ocrx_word' id='word_1_320' title='bbox 2017 1330 2117 1387; x_wconf 90' lang='lat' dir='ltr'>ille</span> <span class='ocrx_word' id='word_1_321' title='bbox 2163 1330 2263 1402; x_wconf 90' lang='lat' dir='ltr'>qui</span> <span class='ocrx_word' id='word_1_322' title='bbox 2312 1330 2591 1385; x_wconf 89' lang='lat' dir='ltr'>scribitur</span> <span class='ocrx_word' id='word_1_323' title='bbox 2620 1330 2823 1384; x_wconf 90' lang='lat' dir='ltr'>decem</span> <span class='ocrx_word' id='word_1_324' title='bbox 2856 1327 3019 1383; x_wconf 81' lang='lat' dir='ltr'>milia</span> <span class='ocrx_word' id='word_1_325' title='bbox 3046 1324 3271 1381; x_wconf 81' lang='lat' dir='ltr'>talenta</span> <span class='ocrx_word' id='word_1_326' title='bbox 3293 1326 3567 1382; x_wconf 77' lang='lat' dir='ltr'>debuisse</span> <span class='ocrx_word' id='word_1_327' title='bbox 3594 1327 3663 1394; x_wconf 77' lang='grc'>⁷⁸,</span> 
     </span>
    </p>
   </div>
   <div class='ocr_carea' id='block_1_44' title="bbox 2017 1405 3663 1492">
    <p class='ocr_par' dir='ltr' id='par_1_44' title="bbox 2017 1405 3663 1492">
     <span class='ocr_line' id='line_1_44' title="bbox 2017 1405 3663 1492; baseline -0.002 -17"><span class='ocrx_word' id='word_1_328' title='bbox 2017 1424 2236 1492; x_wconf 89' lang='lat' dir='ltr'>quanto</span> <span class='ocrx_word' id='word_1_329' title='bbox 2265 1424 2525 1491; x_wconf 88' lang='lat' dir='ltr'>tempore</span> <span class='ocrx_word' id='word_1_330' title='bbox 2556 1417 2903 1473; x_wconf 84' lang='lat' dir='ltr'>claudamur</span> <span class='ocrx_word' id='word_1_331' title='bbox 2933 1416 2992 1470; x_wconf 90' lang='lat' dir='ltr'>in</span> <span class='ocrx_word' id='word_1_332' title='bbox 3033 1431 3283 1483; x_wconf 88' lang='lat' dir='ltr'>carcere,</span> <span class='ocrx_word' id='word_1_333' title='bbox 3314 1415 3499 1472; x_wconf 86' lang='lat' dir='ltr'>donec</span> <span class='ocrx_word' id='word_1_334' title='bbox 3527 1405 3663 1473; x_wconf 54' lang='lat' dir='ltr'>red;-</span> 
     </span>
    </p>
   </div>
   <div class='ocr_carea' id='block_1_45' title="bbox 2015 1505 3663 1578">
    <p class='ocr_par' dir='ltr' id='par_1_45' title="bbox 2015 1505 3663 1578">
     <span class='ocr_line' id='line_1_45' title="bbox 2015 1505 3663 1578; baseline -0.001 -15"><span class='ocrx_word' id='word_1_335' title='bbox 2015 1509 2226 1564; x_wconf 91' lang='lat' dir='ltr'>damus</span> <span class='ocrx_word' id='word_1_336' title='bbox 2244 1508 2648 1578; x_wconf 89' lang='lat' dir='ltr'>debitum,non</span> <span class='ocrx_word' id='word_1_337' title='bbox 2670 1520 2911 1578; x_wconf 88' lang='lat' dir='ltr'>possum</span> <span class='ocrx_word' id='word_1_338' title='bbox 2934 1505 3243 1560; x_wconf 86' lang='lat' dir='ltr'>manifeste</span> <span class='ocrx_word' id='word_1_339' title='bbox 3260 1506 3663 1576; x_wconf 82' lang='lat' dir='ltr'>pronuntiare.</span> 
     </span>
    </p>
   </div>
   <div class='ocr_carea' id='block_1_46' title="bbox 2012 1594 3683 1669">
    <p class='ocr_par' dir='ltr' id='par_1_46' title="bbox 2012 1594 3683 1669">
     <span class='ocr_line' id='line_1_46' title="bbox 2012 1594 3683 1669; baseline 0 -17"><span class='ocrx_word' id='word_1_340' title='bbox 2012 1600 2070 1654; x_wconf 87' lang='lat' dir='ltr'>Si</span> <span class='ocrx_word' id='word_1_341' title='bbox 2117 1598 2273 1653; x_wconf 89' lang='lat' dir='ltr'>enim</span> <span class='ocrx_word' id='word_1_342' title='bbox 2324 1598 2424 1669; x_wconf 90' lang='lat' dir='ltr'>qui</span> <span class='ocrx_word' id='word_1_343' title='bbox 2478 1613 2687 1668; x_wconf 90' lang='lat' dir='ltr'>parum</span> <span class='ocrx_word' id='word_1_344' title='bbox 2740 1596 2930 1661; x_wconf 88' lang='lat' dir='ltr'>debet,</span> <span class='ocrx_word' id='word_1_345' title='bbox 2982 1610 3097 1649; x_wconf 91' lang='lat' dir='ltr'>non</span> <span class='ocrx_word' id='word_1_346' title='bbox 3146 1594 3503 1665; x_wconf 79' lang='lat' dir='ltr'>egredietur,</span> <span class='ocrx_word' id='word_1_347' title='bbox 3546 1596 3683 1653; x_wconf 73' lang='lat' dir='ltr'>nisi</span> 
     </span>
    </p>
   </div>
   <div class='ocr_carea' id='block_1_47' title="bbox 2013 1683 3671 1756">
    <p class='ocr_par' dir='ltr' id='par_1_47' title="bbox 2013 1683 3671 1756">
     <span class='ocr_line' id='line_1_47' title="bbox 2013 1683 3671 1756; baseline -0.001 -13"><span class='ocrx_word' id='word_1_348' title='bbox 2013 1686 2271 1744; x_wconf 81' lang='lat' dir='ltr'>exsolvat</span> <span class='ocrx_word' id='word_1_349' title='bbox 2301 1688 2595 1741; x_wconf 90' lang='lat' dir='ltr'>minutum</span> <span class='ocrx_word' id='word_1_350' title='bbox 2629 1685 3015 1756; x_wconf 89' lang='lat' dir='ltr'>quadrantem</span> <span class='ocrx_word' id='word_1_351' title='bbox 3051 1698 3065 1738; x_wconf 89' lang='lat'><strong>:</strong></span> <span class='ocrx_word' id='word_1_352' title='bbox 3119 1684 3321 1754; x_wconf 89' lang='lat' dir='ltr'>utique</span> <span class='ocrx_word' id='word_1_353' title='bbox 3366 1683 3469 1755; x_wconf 72' lang='lat' dir='ltr'>qui</span> <span class='ocrx_word' id='word_1_354' title='bbox 3498 1689 3671 1742; x_wconf 76' lang='lat' dir='ltr'>tanta</span> 
     </span>
    </p>
   </div>
   <div class='ocr_carea' id='block_1_48' title="bbox 2013 1771 3667 1837">
    <p class='ocr_par' dir='ltr' id='par_1_48' title="bbox 2013 1771 3667 1837">
     <span class='ocr_line' id='line_1_48' title="bbox 2013 1771 3667 1837; baseline -0.001 -5"><span class='ocrx_word' id='word_1_355' title='bbox 2013 1776 2208 1832; x_wconf 91' lang='lat' dir='ltr'>debito</span> <span class='ocrx_word' id='word_1_356' title='bbox 2257 1775 2432 1830; x_wconf 85' lang='lat' dir='ltr'>fuerit</span> <span class='ocrx_word' id='word_1_357' title='bbox 2482 1773 2789 1837; x_wconf 83' lang='lat' dir='ltr'>obnoxius,</span> <span class='ocrx_word' id='word_1_358' title='bbox 2822 1771 3053 1828; x_wconf 85' lang='lat' dir='ltr'>inﬁnita</span> <span class='ocrx_word' id='word_1_359' title='bbox 3092 1772 3144 1827; x_wconf 91' lang='lat' dir='ltr'>ei</span> <span class='ocrx_word' id='word_1_360' title='bbox 3188 1772 3259 1826; x_wconf 88' lang='lat' dir='ltr'>ad</span> <span class='ocrx_word' id='word_1_361' title='bbox 3291 1772 3667 1830; x_wconf 61' lang='lat' dir='ltr'>reddendum</span> 
     </span>
    </p>
   </div>
   <div class='ocr_carea' id='block_1_49' title="bbox 2015 1861 3668 1934">
    <p class='ocr_par' dir='ltr' id='par_1_49' title="bbox 2015 1861 3668 1934">
     <span class='ocr_line' id='line_1_49' title="bbox 2015 1861 3668 1934; baseline -0.001 -13"><span class='ocrx_word' id='word_1_362' title='bbox 2015 1866 2277 1921; x_wconf 87' lang='lat' dir='ltr'>debitum</span> <span class='ocrx_word' id='word_1_363' title='bbox 2310 1863 2524 1919; x_wconf 79' lang='lat' dir='ltr'>saecula</span> <span class='ocrx_word' id='word_1_364' title='bbox 2552 1862 3040 1918; x_wconf 80' lang='lat' dir='ltr'>numerabantur.</span> <span class='ocrx_word' id='word_1_365' title='bbox 3068 1861 3434 1933; x_wconf 77' lang='lat' dir='ltr'>Quapropter</span> <span class='ocrx_word' id='word_1_366' title='bbox 3459 1862 3538 1934; x_wconf 79' lang='grc' dir='ltr'>(ιὸ)</span> <span class='ocrx_word' id='word_1_367' title='bbox 3569 1863 3668 1920; x_wconf 58' lang='grc' dir='ltr'>ἀεί</span> 
     </span>
    </p>
   </div>
   <div class='ocr_carea' id='block_1_50' title="bbox 2016 1950 3677 2026">
    <p class='ocr_par' dir='ltr' id='par_1_50' title="bbox 2016 1950 3677 2026">
     <span class='ocr_line' id='line_1_50' title="bbox 2016 1950 3677 2026; baseline -0.001 -16"><span class='ocrx_word' id='word_1_368' title='bbox 2016 1972 2152 2010; x_wconf 90' lang='lat' dir='ltr'>mus</span> <span class='ocrx_word' id='word_1_369' title='bbox 2204 1969 2468 2026; x_wconf 86' lang='lat' dir='ltr'>operam,</span> <span class='ocrx_word' id='word_1_370' title='bbox 2515 1958 2579 2007; x_wconf 89' lang='lat' dir='ltr'>ut</span> <span class='ocrx_word' id='word_1_371' title='bbox 2624 1952 2944 2007; x_wconf 83' lang='lat' dir='ltr'>liberemur</span> <span class='ocrx_word' id='word_1_372' title='bbox 2993 1952 3065 2006; x_wconf 89' lang='lat' dir='ltr'>ab</span> <span class='ocrx_word' id='word_1_373' title='bbox 3119 1950 3469 2022; x_wconf 85' lang='lat' dir='ltr'>adversario,</span> <span class='ocrx_word' id='word_1_374' title='bbox 3516 1951 3677 2008; x_wconf 58' lang='lat' dir='ltr'>dum</span> 
     </span>
    </p>
   </div>
   <div class='ocr_carea' id='block_1_51' title="bbox 2016 2038 3669 2112">
    <p class='ocr_par' dir='ltr' id='par_1_51' title="bbox 2016 2038 3669 2112">
     <span class='ocr_line' id='line_1_51' title="bbox 2016 2038 3669 2112; baseline 0 -15"><span class='ocrx_word' id='word_1_375' title='bbox 2016 2058 2226 2097; x_wconf 87' lang='lat' dir='ltr'>sumus</span> <span class='ocrx_word' id='word_1_376' title='bbox 2278 2042 2337 2097; x_wconf 91' lang='lat' dir='ltr'>in</span> <span class='ocrx_word' id='word_1_377' title='bbox 2389 2042 2501 2112; x_wconf 87' lang='lat' dir='ltr'>via,</span> <span class='ocrx_word' id='word_1_378' title='bbox 2533 2046 2593 2095; x_wconf 86' lang='lat' dir='ltr'>et</span> <span class='ocrx_word' id='word_1_379' title='bbox 2630 2042 2953 2112; x_wconf 87' lang='lat' dir='ltr'>jungamur</span> <span class='ocrx_word' id='word_1_380' title='bbox 2982 2038 3229 2095; x_wconf 88' lang='lat' dir='ltr'>Domino</span> <span class='ocrx_word' id='word_1_381' title='bbox 3258 2040 3417 2108; x_wconf 87' lang='lat' dir='ltr'>.lesu,</span> <span class='ocrx_word' id='word_1_382' title='bbox 3448 2040 3542 2099; x_wconf 78' lang='lat' dir='ltr'>cui</span> <span class='ocrx_word' id='word_1_383' title='bbox 3571 2046 3669 2097; x_wconf 84' lang='lat' dir='ltr'>est</span> 
     </span>
    </p>
   </div>
   <div class='ocr_carea' id='block_1_52' title="bbox 2016 2127 3657 2205">
    <p class='ocr_par' dir='ltr' id='par_1_52' title="bbox 2016 2127 3657 2205">
     <span class='ocr_line' id='line_1_52' title="bbox 2016 2127 3657 2205; baseline 0.001 -20"><span class='ocrx_word' id='word_1_384' title='bbox 2016 2132 2204 2205; x_wconf 82' lang='lat' dir='ltr'>gloria</span> <span class='ocrx_word' id='word_1_385' title='bbox 2245 2135 2303 2186; x_wconf 87' lang='lat' dir='ltr'>et</span> <span class='ocrx_word' id='word_1_386' title='bbox 2350 2130 2662 2202; x_wconf 86' lang='lat' dir='ltr'>imperium</span> <span class='ocrx_word' id='word_1_387' title='bbox 2705 2128 2768 2184; x_wconf 84' lang='lat' dir='ltr'>in</span> <span class='ocrx_word' id='word_1_388' title='bbox 2799 2128 3016 2183; x_wconf 66' lang='lat' dir='ltr'>secula</span> <span class='ocrx_word' id='word_1_389' title='bbox 3043 2127 3413 2184; x_wconf 67' lang='lat' dir='ltr'>saculorum.</span> <span class='ocrx_word' id='word_1_390' title='bbox 3449 2134 3657 2186; x_wconf 74' lang='lat' dir='ltr'>Amen.</span> 
     </span>
    </p>
   </div>
   <div class='ocr_carea' id='block_1_53' title="bbox 2381 2233 3294 2293">
    <p class='ocr_par' dir='ltr' id='par_1_53' title="bbox 2381 2233 3294 2293">
     <span class='ocr_line' id='line_1_53' title="bbox 2381 2233 3294 2293; baseline -0.002 0"><span class='ocrx_word' id='word_1_391' title='bbox 2381 2235 2672 2293; x_wconf 72' lang='lat'>859-80</span> <span class='ocrx_word' id='word_1_392' title='bbox 2710 2234 3010 2290; x_wconf 78' lang='lat' dir='ltr'>HOMILIA</span> <span class='ocrx_word' id='word_1_393' title='bbox 3050 2233 3294 2291; x_wconf 85' lang='lat' dir='ltr'>XXXVI.</span> 
     </span>
    </p>
   </div>
   <div class='ocr_carea' id='block_1_54' title="bbox 2015 2324 3665 2398">
    <p class='ocr_par' dir='ltr' id='par_1_54' title="bbox 2015 2324 3665 2398">
     <span class='ocr_line' id='line_1_54' title="bbox 2015 2324 3665 2398; baseline 0.001 -16"><span class='ocrx_word' id='word_1_394' title='bbox 2015 2327 2094 2383; x_wconf 86' lang='lat' dir='ltr'>De</span> <span class='ocrx_word' id='word_1_395' title='bbox 2135 2342 2193 2381; x_wconf 87' lang='lat' dir='ltr'>eo</span> <span class='ocrx_word' id='word_1_396' title='bbox 2240 2325 2382 2398; x_wconf 87' lang='lat' dir='ltr'>quod</span> <span class='ocrx_word' id='word_1_397' title='bbox 2426 2326 2689 2398; x_wconf 70' lang='lat' dir='ltr'>scriptun:</span> <span class='ocrx_word' id='word_1_398' title='bbox 2741 2327 2863 2380; x_wconf 89' lang='lat' dir='ltr'>est:</span> <span class='ocrx_word' id='word_1_399' title='bbox 2920 2346 2949 2373; x_wconf 87' lang='lat'>«</span> <span class='ocrx_word' id='word_1_400' title='bbox 2983 2324 3091 2393; x_wconf 87' lang='lat' dir='ltr'>Qui</span> <span class='ocrx_word' id='word_1_401' title='bbox 3133 2325 3369 2398; x_wconf 72' lang='lat' dir='ltr'>voluerit</span> <span class='ocrx_word' id='word_1_402' title='bbox 3405 2327 3665 2383; x_wconf 79' lang='lat' dir='ltr'>animam</span> 
     </span>
    </p>
   </div>
   <div class='ocr_carea' id='block_1_55' title="bbox 2086 2396 3679 2467">
    <p class='ocr_par' dir='ltr' id='par_1_55' title="bbox 2086 2396 3679 2467">
     <span class='ocr_line' id='line_1_55' title="bbox 2086 2396 3679 2467; baseline 0.001 -13"><span class='ocrx_word' id='word_1_403' title='bbox 2086 2396 2510 2461; x_wconf 46' lang='lat' dir='ltr'>suam&#39;salvare,</span> <span class='ocrx_word' id='word_1_404' title='bbox 2537 2396 2731 2467; x_wconf 70' lang='lat' dir='ltr'>perdet</span> <span class='ocrx_word' id='word_1_405' title='bbox 2774 2412 2917 2462; x_wconf 90' lang='lat' dir='ltr'>eam,</span> <span class='ocrx_word' id='word_1_406' title='bbox 2954 2417 2975 2445; x_wconf 75' lang='grc' dir='ltr'>ιι</span> <span class='ocrx_word' id='word_1_407' title='bbox 3032 2412 3200 2467; x_wconf 75' lang='lat' dir='ltr'>usque</span> <span class='ocrx_word' id='word_1_408' title='bbox 3233 2397 3305 2453; x_wconf 83' lang='lat' dir='ltr'>ad</span> <span class='ocrx_word' id='word_1_409' title='bbox 3330 2413 3465 2454; x_wconf 68' lang='lat' dir='ltr'>om</span> <span class='ocrx_word' id='word_1_410' title='bbox 3486 2399 3679 2455; x_wconf 61' lang='lat' dir='ltr'>tam</span> 
     </span>
    </p>
   </div>
   <div class='ocr_carea' id='block_1_56' title="bbox 2087 2468 3667 2542">
    <p class='ocr_par' dir='ltr' id='par_1_56' title="bbox 2087 2468 3667 2542">
     <span class='ocr_line' id='line_1_56' title="bbox 2087 2468 3667 2542; baseline 0.002 -18"><span class='ocrx_word' id='word_1_411' title='bbox 2087 2470 2185 2525; x_wconf 86' lang='lat' dir='ltr'>ubi</span> <span class='ocrx_word' id='word_1_412' title='bbox 2212 2472 2292 2525; x_wconf 89' lang='lat' dir='ltr'>ait</span> <span class='ocrx_word' id='word_1_413' title='bbox 2323 2488 2342 2523; x_wconf 88' lang='lat'><strong><em>:</em></strong></span> <span class='ocrx_word' id='word_1_414' title='bbox 2386 2490 2415 2518; x_wconf 84' lang='grc'>‹‹</span> <span class='ocrx_word' id='word_1_415' title='bbox 2447 2470 2692 2538; x_wconf 83' lang='lat' dir='ltr'>Regnum</span> <span class='ocrx_word' id='word_1_416' title='bbox 2723 2468 2827 2522; x_wconf 89' lang='lat' dir='ltr'>Dei</span> <span class='ocrx_word' id='word_1_417' title='bbox 2855 2469 3007 2529; x_wconf 86' lang='lat' dir='ltr'>intra</span> <span class='ocrx_word' id='word_1_418' title='bbox 3037 2483 3123 2523; x_wconf 90' lang='lat' dir='ltr'>vos</span> <span class='ocrx_word' id='word_1_419' title='bbox 3151 2476 3249 2527; x_wconf 81' lang='lat' dir='ltr'>est.</span> <span class='ocrx_word' id='word_1_420' title='bbox 3284 2491 3313 2519; x_wconf 85' lang='lat'>»</span> <span class='ocrx_word' id='word_1_421' title='bbox 3353 2472 3491 2542; x_wconf 75' lang='lat' dir='ltr'>Cap.</span> <span class='ocrx_word' id='word_1_422' title='bbox 3521 2487 3667 2527; x_wconf 73' lang='lat' dir='ltr'>xvm</span> 
     </span>
    </p>
   </div>
   <div class='ocr_carea' id='block_1_57' title="bbox 2091 2572 3663 2649">
    <p class='ocr_par' dir='ltr' id='par_1_57' title="bbox 2091 2572 3663 2649">
     <span class='ocr_line' id='line_1_57' title="bbox 2091 2572 3663 2649; baseline 0 -19"><span class='ocrx_word' id='word_1_423' title='bbox 2091 2577 2195 2644; x_wconf 86' lang='lat' dir='ltr'>Qui</span> <span class='ocrx_word' id='word_1_424' title='bbox 2221 2576 2514 2648; x_wconf 71' lang='lat' dir='ltr'>quaesierit,</span> <span class='ocrx_word' id='word_1_425' title='bbox 2543 2572 2757 2645; x_wconf 84' lang='lat' dir='ltr'>inquit,</span> <span class='ocrx_word' id='word_1_426' title='bbox 2785 2576 3036 2629; x_wconf 64' lang='lat' dir='ltr'>annnam</span> <span class='ocrx_word' id='word_1_427' title='bbox 3071 2590 3234 2630; x_wconf 87' lang='lat' dir='ltr'>suam</span> <span class='ocrx_word' id='word_1_428' title='bbox 3269 2577 3508 2646; x_wconf 72' lang='lat' dir='ltr'>salvere,</span> <span class='ocrx_word' id='word_1_429' title='bbox 3537 2592 3663 2649; x_wconf 74' lang='lat' dir='ltr'>per-</span> 
     </span>
    </p>
   </div>
   <div class='ocr_carea' id='block_1_58' title="bbox 2018 2662 3663 2735">
    <p class='ocr_par' dir='ltr' id='par_1_58' title="bbox 2018 2662 3663 2735">
     <span class='ocr_line' id='line_1_58' title="bbox 2018 2662 3663 2735; baseline 0.003 -17"><span class='ocrx_word' id='word_1_430' title='bbox 2018 2664 2106 2719; x_wconf 90' lang='lat' dir='ltr'>det</span> <span class='ocrx_word' id='word_1_431' title='bbox 2134 2681 2255 2719; x_wconf 86' lang='lat' dir='ltr'>eam</span> <span class='ocrx_word' id='word_1_432' title='bbox 2284 2682 2301 2717; x_wconf 93' lang='lat'><strong><em>:</em></strong></span> <span class='ocrx_word' id='word_1_433' title='bbox 2347 2672 2397 2719; x_wconf 85' lang='lat' dir='ltr'>et</span> <span class='ocrx_word' id='word_1_434' title='bbox 2440 2665 2537 2735; x_wconf 87' lang='lat' dir='ltr'>qui</span> <span class='ocrx_word' id='word_1_435' title='bbox 2563 2662 2865 2734; x_wconf 81' lang='lat' dir='ltr'>perdiderit</span> <span class='ocrx_word' id='word_1_436' title='bbox 2892 2678 3039 2729; x_wconf 86' lang='lat' dir='ltr'>eam,</span> <span class='ocrx_word' id='word_1_437' title='bbox 3073 2664 3311 2720; x_wconf 79' lang='lat' dir='ltr'>salvabit</span> <span class='ocrx_word' id='word_1_438' title='bbox 3341 2679 3482 2721; x_wconf 83' lang='lat' dir='ltr'>eum.</span> <span class='ocrx_word' id='word_1_439' title='bbox 3515 2670 3663 2723; x_wconf 63' lang='lat' dir='ltr'>lfuin-</span> 
     </span>
    </p>
   </div>
   <div class='ocr_carea' id='block_1_59' title="bbox 2017 2749 3665 2826">
    <p class='ocr_par' dir='ltr' id='par_1_59' title="bbox 2017 2749 3665 2826">
     <span class='ocr_line' id='line_1_59' title="bbox 2017 2749 3665 2826; baseline 0.002 -19"><span class='ocrx_word' id='word_1_440' title='bbox 2017 2757 2174 2824; x_wconf 86' lang='lat' dir='ltr'>tyres</span> <span class='ocrx_word' id='word_1_441' title='bbox 2204 2758 2474 2822; x_wconf 68' lang='lat' dir='ltr'>quaerunt</span> <span class='ocrx_word' id='word_1_442' title='bbox 2503 2750 2726 2805; x_wconf 79' lang='lat' dir='ltr'>salvere</span> <span class='ocrx_word' id='word_1_443' title='bbox 2772 2749 3032 2805; x_wconf 88' lang='lat' dir='ltr'>animam</span> <span class='ocrx_word' id='word_1_444' title='bbox 3078 2767 3251 2807; x_wconf 89' lang='lat' dir='ltr'>suam</span> <span class='ocrx_word' id='word_1_445' title='bbox 3286 2768 3299 2808; x_wconf 91' lang='lat'><strong>:</strong></span> <span class='ocrx_word' id='word_1_446' title='bbox 3356 2758 3665 2826; x_wconf 78' lang='lat' dir='ltr'>propterea</span> 
     </span>
    </p>
   </div>
   <div class='ocr_carea' id='block_1_60' title="bbox 2020 2838 3681 2912">
    <p class='ocr_par' dir='ltr' id='par_1_60' title="bbox 2020 2838 3681 2912">
     <span class='ocr_line' id='line_1_60' title="bbox 2020 2838 3681 2912; baseline 0.003 -18"><span class='ocrx_word' id='word_1_447' title='bbox 2020 2840 2289 2912; x_wconf 88' lang='lat' dir='ltr'>perdunt,</span> <span class='ocrx_word' id='word_1_448' title='bbox 2323 2844 2388 2894; x_wconf 91' lang='lat' dir='ltr'>ut</span> <span class='ocrx_word' id='word_1_449' title='bbox 2432 2838 2659 2894; x_wconf 87' lang='lat' dir='ltr'>salvent</span> <span class='ocrx_word' id='word_1_450' title='bbox 2706 2855 2857 2893; x_wconf 88' lang='lat' dir='ltr'>eam.</span> <span class='ocrx_word' id='word_1_451' title='bbox 2890 2838 2997 2904; x_wconf 87' lang='lat' dir='ltr'>Qui</span> <span class='ocrx_word' id='word_1_452' title='bbox 3039 2856 3173 2896; x_wconf 89' lang='lat' dir='ltr'>vero</span> <span class='ocrx_word' id='word_1_453' title='bbox 3203 2840 3410 2898; x_wconf 87' lang='lat' dir='ltr'>volunt</span> <span class='ocrx_word' id='word_1_454' title='bbox 3438 2842 3681 2899; x_wconf 61' lang='lat' dir='ltr'>salvare‘</span> 
     </span>
    </p>
   </div>
   <div class='ocr_carea' id='block_1_61' title="bbox 2018 2928 3679 3004">
    <p class='ocr_par' dir='ltr' id='par_1_61' title="bbox 2018 2928 3679 3004">
     <span class='ocr_line' id='line_1_61' title="bbox 2018 2928 3679 3004; baseline 0.003 -20"><span class='ocrx_word' id='word_1_455' title='bbox 2018 2929 2275 2985; x_wconf 88' lang='lat' dir='ltr'>animam</span> <span class='ocrx_word' id='word_1_456' title='bbox 2310 2945 2501 2995; x_wconf 83' lang='lat' dir='ltr'>suam,</span> <span class='ocrx_word' id='word_1_457' title='bbox 2537 2933 2600 2982; x_wconf 93' lang='lat' dir='ltr'>ut</span> <span class='ocrx_word' id='word_1_458' title='bbox 2649 2943 2762 2983; x_wconf 90' lang='lat' dir='ltr'>non</span> <span class='ocrx_word' id='word_1_459' title='bbox 2812 2928 3058 2999; x_wconf 87' lang='lat' dir='ltr'>perdant</span> <span class='ocrx_word' id='word_1_460' title='bbox 3088 2944 3241 2996; x_wconf 88' lang='lat' dir='ltr'>eam,</span> <span class='ocrx_word' id='word_1_461' title='bbox 3274 2929 3336 2987; x_wconf 84' lang='lat' dir='ltr'>hi</span> <span class='ocrx_word' id='word_1_462' title='bbox 3362 2935 3419 2986; x_wconf 88' lang='lat' dir='ltr'>et</span> <span class='ocrx_word' id='word_1_463' title='bbox 3445 2944 3679 3004; x_wconf 79' lang='lat' dir='ltr'>corpus‘</span> 
     </span>
    </p>
   </div>
   <div class='ocr_carea' id='block_1_62' title="bbox 2018 3017 3661 3093">
    <p class='ocr_par' dir='ltr' id='par_1_62' title="bbox 2018 3017 3661 3093">
     <span class='ocr_line' id='line_1_62' title="bbox 2018 3017 3661 3093; baseline 0.002 -19"><span class='ocrx_word' id='word_1_464' title='bbox 2018 3023 2090 3074; x_wconf 41' lang='lat' dir='ltr'>et.</span> <span class='ocrx_word' id='word_1_465' title='bbox 2125 3018 2383 3074; x_wconf 91' lang='lat' dir='ltr'>animam</span> <span class='ocrx_word' id='word_1_466' title='bbox 2637 3017 2892 3089; x_wconf 88' lang='lat' dir='ltr'>perdunt</span> <span class='ocrx_word' id='word_1_467' title='bbox 2938 3019 3155 3089; x_wconf 88' lang='lat' dir='ltr'>pariter</span> <span class='ocrx_word' id='word_1_468' title='bbox 3198 3019 3258 3074; x_wconf 89' lang='lat' dir='ltr'>in</span> <span class='ocrx_word' id='word_1_469' title='bbox 3308 3021 3661 3093; x_wconf 76' lang='lat' dir='ltr'>gehennam.</span> 
     </span>
    </p>
   </div>
   <div class='ocr_carea' id='block_1_63' title="bbox 2022 3107 3675 3184">
    <p class='ocr_par' dir='ltr' id='par_1_63' title="bbox 2022 3107 3675 3184">
     <span class='ocr_line' id='line_1_63' title="bbox 2022 3107 3675 3184; baseline 0.002 -20"><span class='ocrx_word' id='word_1_470' title='bbox 2022 3108 2380 3176; x_wconf 82' lang='lat' dir='ltr'>Quamobrem</span> <span class='ocrx_word' id='word_1_471' title='bbox 2408 3107 2577 3162; x_wconf 83' lang='lat' dir='ltr'>nolite</span> <span class='ocrx_word' id='word_1_472' title='bbox 2607 3108 2801 3162; x_wconf 83' lang='lat' dir='ltr'>timere</span> <span class='ocrx_word' id='word_1_473' title='bbox 2827 3121 2937 3171; x_wconf 86' lang='lat' dir='ltr'>eos,</span> <span class='ocrx_word' id='word_1_474' title='bbox 2960 3107 3059 3176; x_wconf 81' lang='lat' dir='ltr'>ait,</span> <span class='ocrx_word' id='word_1_475' title='bbox 3091 3109 3193 3178; x_wconf 81' lang='lat' dir='ltr'>qui</span> <span class='ocrx_word' id='word_1_476' title='bbox 3216 3114 3443 3181; x_wconf 85' lang='lat' dir='ltr'>possunt</span> <span class='ocrx_word' id='word_1_477' title='bbox 3466 3126 3675 3184; x_wconf 69' lang='grc' dir='ltr'>σον-μω</span> 
     </span>
    </p>
   </div>
   <div class='ocr_carea' id='block_1_64' title="bbox 264 3183 3673 3271">
    <p class='ocr_par' dir='ltr' id='par_1_64' title="bbox 264 3183 3673 3271">
     <span class='ocr_line' id='line_1_64' title="bbox 264 3183 3673 3271; baseline -0.001 -13"><span class='ocrx_word' id='word_1_478' title='bbox 264 3206 371 3269; x_wconf 88' lang='lat' dir='ltr'>est,</span> <span class='ocrx_word' id='word_1_479' title='bbox 404 3199 503 3271; x_wconf 91' lang='lat' dir='ltr'>qui</span> <span class='ocrx_word' id='word_1_480' title='bbox 535 3197 896 3253; x_wconf 89' lang='lat' dir='ltr'>debitoribus</span> <span class='ocrx_word' id='word_1_481' title='bbox 926 3214 1040 3251; x_wconf 89' lang='lat' dir='ltr'>non</span> <span class='ocrx_word' id='word_1_482' title='bbox 1081 3195 1433 3251; x_wconf 87' lang='lat' dir='ltr'>habentibus</span> <span class='ocrx_word' id='word_1_483' title='bbox 1485 3195 1639 3250; x_wconf 92' lang='lat' dir='ltr'>unde</span> <span class='ocrx_word' id='word_1_484' title='bbox 1688 3194 1904 3266; x_wconf 89' lang='lat' dir='ltr'>persol-</span> <span class='ocrx_word' id='word_1_485' title='bbox 1938 3183 1980 3250; x_wconf 90' lang='lat' dir='ltr'>C</span> <span class='ocrx_word' id='word_1_486' title='bbox 2018 3198 2275 3266; x_wconf 83' lang='lat' dir='ltr'>occidere,</span> <span class='ocrx_word' id='word_1_487' title='bbox 2305 3196 2397 3252; x_wconf 91' lang='lat' dir='ltr'>sed</span> <span class='ocrx_word' id='word_1_488' title='bbox 2443 3198 2629 3251; x_wconf 85' lang='lat' dir='ltr'>timete</span> <span class='ocrx_word' id='word_1_489' title='bbox 2673 3196 2847 3266; x_wconf 83' lang='lat' dir='ltr'>magis</span> <span class='ocrx_word' id='word_1_490' title='bbox 2892 3211 3018 3250; x_wconf 86' lang='lat' dir='ltr'>eum</span> <span class='ocrx_word' id='word_1_491' title='bbox 3063 3197 3159 3266; x_wconf 90' lang='lat' dir='ltr'>qui</span> <span class='ocrx_word' id='word_1_492' title='bbox 3201 3204 3372 3266; x_wconf 84' lang='lat' dir='ltr'>potest</span> <span class='ocrx_word' id='word_1_493' title='bbox 3414 3183 3673 3256; x_wconf 35' lang='lat' dir='ltr'>animum.</span> 
     </span>
    </p>
   </div>
   <div class='ocr_carea' id='block_1_65' title="bbox 263 3283 1905 3363">
    <p class='ocr_par' dir='ltr' id='par_1_65' title="bbox 263 3283 1905 3363">
     <span class='ocr_line' id='line_1_65' title="bbox 263 3283 1905 3363; baseline -0.005 -18"><span class='ocrx_word' id='word_1_494' title='bbox 263 3294 423 3360; x_wconf 90' lang='lat' dir='ltr'>vant,</span> <span class='ocrx_word' id='word_1_495' title='bbox 446 3291 637 3361; x_wconf 88' lang='lat' dir='ltr'>potest</span> <span class='ocrx_word' id='word_1_496' title='bbox 656 3285 988 3341; x_wconf 88' lang='lat' dir='ltr'>concedere.</span> <span class='ocrx_word' id='word_1_497' title='bbox 1012 3285 1265 3361; x_wconf 74' lang='lat' dir='ltr'>Accessit,</span> <span class='ocrx_word' id='word_1_498' title='bbox 1292 3284 1504 3363; x_wconf 78' lang='lat' dir='ltr'>inquit,</span> <span class='ocrx_word' id='word_1_499' title='bbox 1525 3283 1597 3338; x_wconf 88' lang='lat' dir='ltr'>ad</span> <span class='ocrx_word' id='word_1_500' title='bbox 1617 3299 1741 3339; x_wconf 85' lang='lat' dir='ltr'>eum</span> <span class='ocrx_word' id='word_1_501' title='bbox 1762 3299 1905 3359; x_wconf 82' lang='lat' dir='ltr'>unus</span> 
     </span>
    </p>
   </div>
   <div class='ocr_carea' id='block_1_66' title="bbox 263 3373 1908 3453">
    <p class='ocr_par' dir='ltr' id='par_1_66' title="bbox 263 3373 1908 3453">
     <span class='ocr_line' id='line_1_66' title="bbox 263 3373 1908 3453; baseline -0.005 -19"><span class='ocrx_word' id='word_1_502' title='bbox 263 3379 358 3453; x_wconf 72' lang='lat' dir='ltr'>qui</span> <span class='ocrx_word' id='word_1_503' title='bbox 394 3376 621 3435; x_wconf 78' lang='lat' dir='ltr'>debebat</span> <span class='ocrx_word' id='word_1_504' title='bbox 667 3376 986 3448; x_wconf 84' lang='lat' dir='ltr'>quingentos</span> <span class='ocrx_word' id='word_1_505' title='bbox 1027 3373 1312 3436; x_wconf 85' lang='lat' dir='ltr'>denarios,</span> <span class='ocrx_word' id='word_1_506' title='bbox 1344 3381 1395 3426; x_wconf 83' lang='lat' dir='ltr'>et</span> <span class='ocrx_word' id='word_1_507' title='bbox 1446 3374 1592 3426; x_wconf 83' lang='lat' dir='ltr'>alius</span> <span class='ocrx_word' id='word_1_508' title='bbox 1636 3375 1908 3443; x_wconf 79' lang='lat' dir='ltr'>quinqua-</span> 
     </span>
    </p>
   </div>
   <div class='ocr_carea' id='block_1_67' title="bbox 262 3460 1908 3540">
    <p class='ocr_par' dir='ltr' id='par_1_67' title="bbox 262 3460 1908 3540">
     <span class='ocr_line' id='line_1_67' title="bbox 262 3460 1908 3540; baseline -0.004 -17"><span class='ocrx_word' id='word_1_509' title='bbox 262 3471 423 3540; x_wconf 83' lang='lat' dir='ltr'>ginta</span> <span class='ocrx_word' id='word_1_510' title='bbox 450 3485 469 3521; x_wconf 90' lang='lat'><em>:</em></span> <span class='ocrx_word' id='word_1_511' title='bbox 517 3469 567 3521; x_wconf 89' lang='lat' dir='ltr'>et</span> <span class='ocrx_word' id='word_1_512' title='bbox 613 3481 738 3520; x_wconf 83' lang='lat' dir='ltr'>cum</span> <span class='ocrx_word' id='word_1_513' title='bbox 780 3479 889 3521; x_wconf 87' lang='lat' dir='ltr'>non</span> <span class='ocrx_word' id='word_1_514' title='bbox 920 3462 1181 3516; x_wconf 81' lang='lat' dir='ltr'>haberent</span> <span class='ocrx_word' id='word_1_515' title='bbox 1214 3460 1353 3515; x_wconf 85' lang='lat' dir='ltr'>unde</span> <span class='ocrx_word' id='word_1_516' title='bbox 1382 3460 1685 3529; x_wconf 82' lang='lat' dir='ltr'>redderent,</span> <span class='ocrx_word' id='word_1_517' title='bbox 1718 3464 1908 3517; x_wconf 86' lang='lat' dir='ltr'>ambo-</span> 
     </span>
    </p>
   </div>
   <div class='ocr_carea' id='block_1_68' title="bbox 265 3549 1909 3618">
    <p class='ocr_par' dir='ltr' id='par_1_68' title="bbox 265 3549 1909 3618">
     <span class='ocr_line' id='line_1_68' title="bbox 265 3549 1909 3618; baseline -0.004 -5"><span class='ocrx_word' id='word_1_518' title='bbox 265 3559 361 3613; x_wconf 78' lang='lat' dir='ltr'>b‘us</span> <span class='ocrx_word' id='word_1_519' title='bbox 391 3557 618 3611; x_wconf 89' lang='lat' dir='ltr'>donavit</span> <span class='ocrx_word' id='word_1_520' title='bbox 636 3554 701 3606; x_wconf 73' lang='lat'>7’.</span> <span class='ocrx_word' id='word_1_521' title='bbox 736 3553 841 3618; x_wconf 88' lang='lat' dir='ltr'>Qui</span> <span class='ocrx_word' id='word_1_522' title='bbox 876 3550 1111 3607; x_wconf 89' lang='lat' dir='ltr'>donavit</span> <span class='ocrx_word' id='word_1_523' title='bbox 1140 3549 1423 3605; x_wconf 90' lang='lat' dir='ltr'>Dominus</span> <span class='ocrx_word' id='word_1_524' title='bbox 1455 3556 1544 3605; x_wconf 89' lang='lat' dir='ltr'>est</span> <span class='ocrx_word' id='word_1_525' title='bbox 1574 3566 1587 3604; x_wconf 88' lang='lat'><strong>:</strong></span> <span class='ocrx_word' id='word_1_526' title='bbox 1640 3550 1748 3604; x_wconf 91' lang='lat' dir='ltr'>iste</span> <span class='ocrx_word' id='word_1_527' title='bbox 1778 3567 1909 3606; x_wconf 90' lang='lat' dir='ltr'>vero</span> 
     </span>
    </p>
   </div>
   <div class='ocr_carea' id='block_1_69' title="bbox 269 3638 1908 3718">
    <p class='ocr_par' dir='ltr' id='par_1_69' title="bbox 269 3638 1908 3718">
     <span class='ocr_line' id='line_1_69' title="bbox 269 3638 1908 3718; baseline -0.003 -18"><span class='ocrx_word' id='word_1_528' title='bbox 269 3647 369 3718; x_wconf 92' lang='lat' dir='ltr'>qui</span> <span class='ocrx_word' id='word_1_529' title='bbox 393 3649 626 3699; x_wconf 79' lang='lat' dir='ltr'>exactor</span> <span class='ocrx_word' id='word_1_530' title='bbox 651 3648 757 3708; x_wconf 88' lang='lat' dir='ltr'>est,</span> <span class='ocrx_word' id='word_1_531' title='bbox 781 3658 896 3697; x_wconf 92' lang='lat' dir='ltr'>non</span> <span class='ocrx_word' id='word_1_532' title='bbox 930 3646 1017 3696; x_wconf 89' lang='lat' dir='ltr'>est</span> <span class='ocrx_word' id='word_1_533' title='bbox 1047 3640 1344 3706; x_wconf 91' lang='lat' dir='ltr'>dominus,</span> <span class='ocrx_word' id='word_1_534' title='bbox 1369 3639 1469 3695; x_wconf 90' lang='lat' dir='ltr'>sed</span> <span class='ocrx_word' id='word_1_535' title='bbox 1502 3656 1534 3693; x_wconf 92' lang='lat' dir='ltr'>a</span> <span class='ocrx_word' id='word_1_536' title='bbox 1558 3638 1806 3695; x_wconf 89' lang='lat' dir='ltr'>Domino</span> <span class='ocrx_word' id='word_1_537' title='bbox 1837 3641 1908 3695; x_wconf 88' lang='lat' dir='ltr'>ad</span> 
     </span>
    </p>
   </div>
   <div class='ocr_carea' id='block_1_70' title="bbox 268 3728 1913 3806">
    <p class='ocr_par' dir='ltr' id='par_1_70' title="bbox 268 3728 1913 3806">
     <span class='ocr_line' id='line_1_70' title="bbox 268 3728 1913 3806; baseline -0.004 -15"><span class='ocrx_word' id='word_1_538' title='bbox 268 3733 553 3806; x_wconf 84' lang='lat' dir='ltr'>exigenda</span> <span class='ocrx_word' id='word_1_539' title='bbox 583 3731 778 3786; x_wconf 87' lang='lat' dir='ltr'>debita</span> <span class='ocrx_word' id='word_1_540' title='bbox 808 3729 1174 3802; x_wconf 65' lang='lat' dir='ltr'>praepositus.</span> <span class='ocrx_word' id='word_1_541' title='bbox 1206 3729 1331 3785; x_wconf 89' lang='lat' dir='ltr'>Non</span> <span class='ocrx_word' id='word_1_542' title='bbox 1375 3728 1537 3784; x_wconf 85' lang='lat' dir='ltr'>fuisti</span> <span class='ocrx_word' id='word_1_543' title='bbox 1585 3729 1800 3801; x_wconf 88' lang='lat' dir='ltr'>dignus</span> <span class='ocrx_word' id='word_1_544' title='bbox 1850 3736 1913 3784; x_wconf 89' lang='lat' dir='ltr'>ut</span> 
     </span>
    </p>
   </div>
   <div class='ocr_carea' id='block_1_71' title="bbox 265 3816 1909 3895">
    <p class='ocr_par' dir='ltr' id='par_1_71' title="bbox 265 3816 1909 3895">
     <span class='ocr_line' id='line_1_71' title="bbox 265 3816 1909 3895; baseline -0.004 -16"><span class='ocrx_word' id='word_1_545' title='bbox 265 3824 371 3879; x_wconf 89' lang='lat' dir='ltr'>tibi</span> <span class='ocrx_word' id='word_1_546' title='bbox 404 3820 729 3895; x_wconf 80' lang='lat' dir='ltr'>quingenti,</span> <span class='ocrx_word' id='word_1_547' title='bbox 762 3820 883 3874; x_wconf 89' lang='lat' dir='ltr'>sive</span> <span class='ocrx_word' id='word_1_548' title='bbox 914 3816 1342 3890; x_wconf 83' lang='lat' dir='ltr'>quinquaginta</span> <span class='ocrx_word' id='word_1_549' title='bbox 1370 3817 1591 3872; x_wconf 88' lang='lat' dir='ltr'>denarii</span> <span class='ocrx_word' id='word_1_550' title='bbox 1625 3819 1909 3873; x_wconf 89' lang='lat' dir='ltr'>donaren-</span> 
     </span>
    </p>
   </div>
   <div class='ocr_carea' id='block_1_72' title="bbox 266 3905 1914 3979">
    <p class='ocr_par' dir='ltr' id='par_1_72' title="bbox 266 3905 1914 3979">
     <span class='ocr_line' id='line_1_72' title="bbox 266 3905 1914 3979; baseline -0.005 -10"><span class='ocrx_word' id='word_1_551' title='bbox 266 3919 386 3979; x_wconf 88' lang='lat' dir='ltr'>tur,</span> <span class='ocrx_word' id='word_1_552' title='bbox 417 3927 520 3966; x_wconf 89' lang='lat' dir='ltr'>nec</span> <span class='ocrx_word' id='word_1_553' title='bbox 550 3908 754 3964; x_wconf 88' lang='lat' dir='ltr'>audire</span> <span class='ocrx_word' id='word_1_554' title='bbox 784 3907 1075 3976; x_wconf 86' lang='lat' dir='ltr'>meruisti,</span> <span class='ocrx_word' id='word_1_555' title='bbox 1109 3905 1369 3961; x_wconf 91' lang='lat' dir='ltr'>Dimissa</span> <span class='ocrx_word' id='word_1_556' title='bbox 1398 3910 1536 3961; x_wconf 87' lang='lat' dir='ltr'>sunt</span> <span class='ocrx_word' id='word_1_557' title='bbox 1564 3906 1666 3959; x_wconf 91' lang='lat' dir='ltr'>tibi</span> <span class='ocrx_word' id='word_1_558' title='bbox 1700 3906 1914 3961; x_wconf 91' lang='lat' dir='ltr'>delicta</span> 
     </span>
    </p>
   </div>
   <div class='ocr_carea' id='block_1_73' title="bbox 268 3994 1911 4067">
    <p class='ocr_par' dir='ltr' id='par_1_73' title="bbox 268 3994 1911 4067">
     <span class='ocr_line' id='line_1_73' title="bbox 268 3994 1911 4067; baseline -0.004 -9"><span class='ocrx_word' id='word_1_559' title='bbox 268 4008 416 4059; x_wconf 87' lang='lat' dir='ltr'>tua:</span> <span class='ocrx_word' id='word_1_560' title='bbox 469 3999 569 4056; x_wconf 84' lang='lat' dir='ltr'>sed</span> <span class='ocrx_word' id='word_1_561' title='bbox 624 3997 877 4054; x_wconf 86' lang='lat' dir='ltr'>mitteris</span> <span class='ocrx_word' id='word_1_562' title='bbox 934 3996 993 4050; x_wconf 91' lang='lat' dir='ltr'>in</span> <span class='ocrx_word' id='word_1_563' title='bbox 1051 4010 1363 4064; x_wconf 89' lang='lat' dir='ltr'>carcerem,</span> <span class='ocrx_word' id='word_1_564' title='bbox 1413 3999 1470 4050; x_wconf 89' lang='lat' dir='ltr'>et</span> <span class='ocrx_word' id='word_1_565' title='bbox 1526 3994 1605 4049; x_wconf 89' lang='lat' dir='ltr'>ibi</span> <span class='ocrx_word' id='word_1_566' title='bbox 1662 3996 1911 4067; x_wconf 87' lang='lat' dir='ltr'>exigeris</span> 
     </span>
    </p>
   </div>
   <div class='ocr_carea' id='block_1_74' title="bbox 269 4083 1910 4165">
    <p class='ocr_par' dir='ltr' id='par_1_74' title="bbox 269 4083 1910 4165">
     <span class='ocr_line' id='line_1_74' title="bbox 269 4083 1910 4165; baseline -0.007 -17"><span class='ocrx_word' id='word_1_567' title='bbox 269 4109 370 4165; x_wconf 89' lang='lat' dir='ltr'>per</span> <span class='ocrx_word' id='word_1_568' title='bbox 398 4089 657 4145; x_wconf 88' lang='lat' dir='ltr'>laborem</span> <span class='ocrx_word' id='word_1_569' title='bbox 708 4092 767 4141; x_wconf 89' lang='lat' dir='ltr'>et</span> <span class='ocrx_word' id='word_1_570' title='bbox 812 4101 1008 4157; x_wconf 89' lang='lat' dir='ltr'>opera,</span> <span class='ocrx_word' id='word_1_571' title='bbox 1042 4083 1162 4139; x_wconf 85' lang='lat' dir='ltr'>sive</span> <span class='ocrx_word' id='word_1_572' title='bbox 1206 4100 1306 4155; x_wconf 90' lang='lat' dir='ltr'>per</span> <span class='ocrx_word' id='word_1_573' title='bbox 1340 4099 1538 4155; x_wconf 80' lang='lat' dir='ltr'>pmnas</span> <span class='ocrx_word' id='word_1_574' title='bbox 1567 4088 1741 4154; x_wconf 87' lang='lat' dir='ltr'>atque</span> <span class='ocrx_word' id='word_1_575' title='bbox 1771 4100 1910 4155; x_wconf 90' lang='lat' dir='ltr'>sup-</span> 
     </span>
    </p>
   </div>
   <div class='ocr_carea' id='block_1_75' title="bbox 269 4172 1907 4254">
    <p class='ocr_par' dir='ltr' id='par_1_75' title="bbox 269 4172 1907 4254">
     <span class='ocr_line' id='line_1_75' title="bbox 269 4172 1907 4254; baseline -0.005 -18"><span class='ocrx_word' id='word_1_576' title='bbox 269 4179 467 4254; x_wconf 86' lang='lat' dir='ltr'>plicia,</span> <span class='ocrx_word' id='word_1_577' title='bbox 496 4184 554 4233; x_wconf 91' lang='lat' dir='ltr'>et</span> <span class='ocrx_word' id='word_1_578' title='bbox 595 4194 709 4233; x_wconf 92' lang='lat' dir='ltr'>non</span> <span class='ocrx_word' id='word_1_579' title='bbox 758 4176 893 4230; x_wconf 90' lang='lat' dir='ltr'>inde</span> <span class='ocrx_word' id='word_1_580' title='bbox 930 4174 1085 4229; x_wconf 85' lang='lat' dir='ltr'>exies</span> <span class='ocrx_word' id='word_1_581' title='bbox 1116 4172 1228 4227; x_wconf 82' lang='lat' dir='ltr'>nisi</span> <span class='ocrx_word' id='word_1_582' title='bbox 1262 4172 1585 4228; x_wconf 90' lang='lat' dir='ltr'>reddideris</span> <span class='ocrx_word' id='word_1_583' title='bbox 1615 4173 1907 4243; x_wconf 85' lang='lat' dir='ltr'>quadran-</span> 
     </span>
    </p>
   </div>
   <div class='ocr_carea' id='block_1_76' title="bbox 266 4261 1909 4335">
    <p class='ocr_par' dir='ltr' id='par_1_76' title="bbox 266 4261 1909 4335">
     <span class='ocr_line' id='line_1_76' title="bbox 266 4261 1909 4335; baseline -0.007 -9"><span class='ocrx_word' id='word_1_584' title='bbox 266 4278 409 4335; x_wconf 91' lang='lat' dir='ltr'>tem,</span> <span class='ocrx_word' id='word_1_585' title='bbox 460 4268 550 4323; x_wconf 89' lang='lat' dir='ltr'>vel</span> <span class='ocrx_word' id='word_1_586' title='bbox 598 4266 984 4321; x_wconf 88' lang='lat' dir='ltr'>novissimum</span> <span class='ocrx_word' id='word_1_587' title='bbox 1034 4262 1352 4328; x_wconf 88' lang='lat' dir='ltr'>minutum,</span> <span class='ocrx_word' id='word_1_588' title='bbox 1402 4262 1557 4333; x_wconf 93' lang='lat' dir='ltr'>quod</span> <span class='ocrx_word' id='word_1_589' title='bbox 1591 4264 1668 4334; x_wconf 85' lang='grc'>(5)</span> <span class='ocrx_word' id='word_1_590' title='bbox 1716 4261 1909 4317; x_wconf 61' lang='lat' dir='ltr'>Graece</span> 
     </span>
    </p>
   </div>
   <div class='ocr_carea' id='block_1_77' title="bbox 264 4350 1912 4426">
    <p class='ocr_par' dir='ltr' id='par_1_77' title="bbox 264 4350 1912 4426">
     <span class='ocr_line' id='line_1_77' title="bbox 264 4350 1912 4426; baseline -0.005 -10"><span class='ocrx_word' id='word_1_591' title='bbox 264 4358 421 4416; x_wconf 82' lang='lat' dir='ltr'>tende</span> <span class='ocrx_word' id='word_1_592' title='bbox 469 4356 580 4411; x_wconf 90' lang='lat' dir='ltr'>dici</span> <span class='ocrx_word' id='word_1_593' title='bbox 635 4358 846 4426; x_wconf 89' lang='lat' dir='ltr'>potest,</span> <span class='ocrx_word' id='word_1_594' title='bbox 888 4356 1127 4408; x_wconf 88' lang='lat' dir='ltr'>Peccata</span> <span class='ocrx_word' id='word_1_595' title='bbox 1173 4355 1366 4407; x_wconf 85' lang='lat' dir='ltr'>autem</span> <span class='ocrx_word' id='word_1_596' title='bbox 1417 4357 1619 4408; x_wconf 91' lang='lat' dir='ltr'>nostra</span> <span class='ocrx_word' id='word_1_597' title='bbox 1669 4350 1912 4423; x_wconf 80' lang='lat' dir='ltr'>pinguia</span> 
     </span>
    </p>
   </div>
   <div class='ocr_carea' id='block_1_78' title="bbox 2013 3283 3672 3361">
    <p class='ocr_par' dir='ltr' id='par_1_78' title="bbox 2013 3283 3672 3361">
     <span class='ocr_line' id='line_1_78' title="bbox 2013 3283 3672 3361; baseline 0.002 -19"><span class='ocrx_word' id='word_1_598' title='bbox 2013 3295 2063 3342; x_wconf 86' lang='lat' dir='ltr'>et</span> <span class='ocrx_word' id='word_1_599' title='bbox 2092 3302 2170 3341; x_wconf 68' lang='lat' dir='ltr'>co:</span> <span class='ocrx_word' id='word_1_600' title='bbox 2183 3302 2287 3357; x_wconf 84' lang='lat' dir='ltr'>pus</span> <span class='ocrx_word' id='word_1_601' title='bbox 2314 3285 2541 3357; x_wconf 85' lang='lat' dir='ltr'>perdere</span> <span class='ocrx_word' id='word_1_602' title='bbox 2571 3287 2632 3340; x_wconf 91' lang='lat' dir='ltr'>in</span> <span class='ocrx_word' id='word_1_603' title='bbox 2659 3283 3115 3356; x_wconf 75' lang='lat' dir='ltr'>gehennamﬂoc</span> <span class='ocrx_word' id='word_1_604' title='bbox 3153 3286 3223 3342; x_wconf 89' lang='lat' dir='ltr'>ad</span> <span class='ocrx_word' id='word_1_605' title='bbox 3270 3289 3672 3361; x_wconf 63' lang='lat' dir='ltr'>propositum,</span> 
     </span>
    </p>
   </div>
   <div class='ocr_carea' id='block_1_79' title="bbox 2013 3373 3673 3448">
    <p class='ocr_par' dir='ltr' id='par_1_79' title="bbox 2013 3373 3673 3448">
     <span class='ocr_line' id='line_1_79' title="bbox 2013 3373 3673 3448; baseline 0.004 -19"><span class='ocrx_word' id='word_1_606' title='bbox 2013 3377 2184 3448; x_wconf 83' lang='lat' dir='ltr'>juxta</span> <span class='ocrx_word' id='word_1_607' title='bbox 2212 3376 2364 3430; x_wconf 90' lang='lat' dir='ltr'>vires</span> <span class='ocrx_word' id='word_1_608' title='bbox 2398 3373 2613 3447; x_wconf 84' lang='lat' dir='ltr'>ingenii</span> <span class='ocrx_word' id='word_1_609' title='bbox 2644 3373 2830 3429; x_wconf 88' lang='lat' dir='ltr'>nostri</span> <span class='ocrx_word' id='word_1_610' title='bbox 2874 3375 3128 3430; x_wconf 88' lang='lat' dir='ltr'>breviter</span> <span class='ocrx_word' id='word_1_611' title='bbox 3155 3376 3498 3434; x_wconf 82' lang='lat' dir='ltr'>dixerimus.</span> <span class='ocrx_word' id='word_1_612' title='bbox 3530 3380 3673 3435; x_wconf 60' lang='grc' dir='ltr'>Αηέι·</span> 
     </span>
    </p>
   </div>
   <div class='ocr_carea' id='block_1_80' title="bbox 2017 3465 3665 3538">
    <p class='ocr_par' dir='ltr' id='par_1_80' title="bbox 2017 3465 3665 3538">
     <span class='ocr_line' id='line_1_80' title="bbox 2017 3465 3665 3538; baseline 0.002 -18"><span class='ocrx_word' id='word_1_613' title='bbox 2017 3467 2179 3520; x_wconf 80' lang='lat' dir='ltr'>malis</span> <span class='ocrx_word' id='word_1_614' title='bbox 2225 3474 2409 3519; x_wconf 80' lang='lat' dir='ltr'>autem</span> <span class='ocrx_word' id='word_1_615' title='bbox 2458 3480 2570 3519; x_wconf 88' lang='lat' dir='ltr'>non</span> <span class='ocrx_word' id='word_1_616' title='bbox 2622 3465 2816 3533; x_wconf 83' lang='lat' dir='ltr'>recipit</span> <span class='ocrx_word' id='word_1_617' title='bbox 2859 3479 2923 3517; x_wconf 86' lang='lat' dir='ltr'>ea</span> <span class='ocrx_word' id='word_1_618' title='bbox 2970 3480 3088 3535; x_wconf 68' lang='lat' dir='ltr'>quae</span> <span class='ocrx_word' id='word_1_619' title='bbox 3134 3470 3262 3520; x_wconf 87' lang='lat' dir='ltr'>sunt</span> <span class='ocrx_word' id='word_1_620' title='bbox 3308 3468 3665 3538; x_wconf 63' lang='lat' dir='ltr'>spiritus&quot;:</span> 
     </span>
    </p>
   </div>
   <div class='ocr_carea' id='block_1_81' title="bbox 2018 3552 3672 3630">
    <p class='ocr_par' dir='ltr' id='par_1_81' title="bbox 2018 3552 3672 3630">
     <span class='ocr_line' id='line_1_81' title="bbox 2018 3552 3672 3630; baseline 0.002 -22"><span class='ocrx_word' id='word_1_621' title='bbox 2018 3560 2077 3609; x_wconf 89' lang='lat' dir='ltr'>et</span> <span class='ocrx_word' id='word_1_622' title='bbox 2125 3553 2341 3608; x_wconf 89' lang='lat' dir='ltr'>idcirco</span> <span class='ocrx_word' id='word_1_623' title='bbox 2390 3552 2599 3607; x_wconf 85' lang='lat' dir='ltr'>salvari</span> <span class='ocrx_word' id='word_1_624' title='bbox 2650 3568 2764 3607; x_wconf 91' lang='lat' dir='ltr'>non</span> <span class='ocrx_word' id='word_1_625' title='bbox 2822 3556 3031 3624; x_wconf 87' lang='lat' dir='ltr'>potest.</span> <span class='ocrx_word' id='word_1_626' title='bbox 3091 3556 3409 3611; x_wconf 83' lang='lat' dir='ltr'>Seminatur</span> <span class='ocrx_word' id='word_1_627' title='bbox 3461 3572 3672 3630; x_wconf 61' lang='lat' dir='ltr'>corpus</span> 
     </span>
    </p>
   </div>
   <div class='ocr_carea' id='block_1_82' title="bbox 2019 3642 3672 3718">
    <p class='ocr_par' dir='ltr' id='par_1_82' title="bbox 2019 3642 3672 3718">
     <span class='ocr_line' id='line_1_82' title="bbox 2019 3642 3672 3718; baseline 0.002 -20"><span class='ocrx_word' id='word_1_628' title='bbox 2019 3643 2284 3708; x_wconf 89' lang='lat' dir='ltr'>animale,</span> <span class='ocrx_word' id='word_1_629' title='bbox 2324 3643 2502 3712; x_wconf 85' lang='lat' dir='ltr'>surgit</span> <span class='ocrx_word' id='word_1_630' title='bbox 2548 3657 2741 3712; x_wconf 81' lang='lat' dir='ltr'>corpus</span> <span class='ocrx_word' id='word_1_631' title='bbox 2788 3642 3045 3712; x_wconf 85' lang='lat' dir='ltr'>spiritale</span> <span class='ocrx_word' id='word_1_632' title='bbox 3072 3643 3139 3699; x_wconf 78' lang='grc'>⁷⁷.</span> <span class='ocrx_word' id='word_1_633' title='bbox 3192 3647 3370 3701; x_wconf 86' lang='lat' dir='ltr'>Porro</span> <span class='ocrx_word' id='word_1_634' title='bbox 3416 3645 3518 3718; x_wconf 84' lang='lat' dir='ltr'>qui</span> <span class='ocrx_word' id='word_1_635' title='bbox 3567 3646 3672 3702; x_wconf 64' lang='lat' dir='ltr'>adn</span> 
     </span>
    </p>
   </div>
   <div class='ocr_carea' id='block_1_83' title="bbox 2020 3730 3678 3807">
    <p class='ocr_par' dir='ltr' id='par_1_83' title="bbox 2020 3730 3678 3807">
     <span class='ocr_line' id='line_1_83' title="bbox 2020 3730 3678 3807; baseline -0.002 -20"><span class='ocrx_word' id='word_1_636' title='bbox 2020 3731 2197 3787; x_wconf 68' lang='lat' dir='ltr'>haeret</span> <span class='ocrx_word' id='word_1_637' title='bbox 2227 3730 2495 3797; x_wconf 89' lang='lat' dir='ltr'>Domino,</span> <span class='ocrx_word' id='word_1_638' title='bbox 2531 3730 2773 3802; x_wconf 90' lang='lat' dir='ltr'>spiritus</span> <span class='ocrx_word' id='word_1_639' title='bbox 2805 3747 2957 3786; x_wconf 91' lang='lat' dir='ltr'>unus</span> <span class='ocrx_word' id='word_1_640' title='bbox 2998 3732 3270 3788; x_wconf 80' lang='lat' dir='ltr'>efﬁcitur.</span> <span class='ocrx_word' id='word_1_641' title='bbox 3304 3734 3365 3789; x_wconf 79' lang='lat' dir='ltr'>Si</span> <span class='ocrx_word' id='word_1_642' title='bbox 3396 3750 3539 3807; x_wconf 87' lang='lat' dir='ltr'>ergo</span> <span class='ocrx_word' id='word_1_643' title='bbox 3563 3734 3678 3807; x_wconf 64' lang='lat' dir='ltr'>quit</span> 
     </span>
    </p>
   </div>
   <div class='ocr_carea' id='block_1_84' title="bbox 2020 3818 3674 3895">
    <p class='ocr_par' dir='ltr' id='par_1_84' title="bbox 2020 3818 3674 3895">
     <span class='ocr_line' id='line_1_84' title="bbox 2020 3818 3674 3895; baseline 0.002 -19"><span class='ocrx_word' id='word_1_644' title='bbox 2020 3820 2265 3876; x_wconf 91' lang='lat' dir='ltr'>Domino</span> <span class='ocrx_word' id='word_1_645' title='bbox 2296 3818 2623 3891; x_wconf 87' lang='lat' dir='ltr'>copulatur,</span> <span class='ocrx_word' id='word_1_646' title='bbox 2654 3835 2789 3874; x_wconf 91' lang='lat' dir='ltr'>cum</span> <span class='ocrx_word' id='word_1_647' title='bbox 2830 3820 3103 3876; x_wconf 88' lang='lat' dir='ltr'>animalis</span> <span class='ocrx_word' id='word_1_648' title='bbox 3144 3826 3302 3878; x_wconf 87' lang='lat' dir='ltr'>esset</span> <span class='ocrx_word' id='word_1_649' title='bbox 3349 3840 3451 3895; x_wconf 88' lang='lat' dir='ltr'>per</span> <span class='ocrx_word' id='word_1_650' title='bbox 3497 3823 3553 3879; x_wconf 90' lang='lat' dir='ltr'>id</span> <span class='ocrx_word' id='word_1_651' title='bbox 3603 3824 3674 3880; x_wconf 63' lang='lat' dir='ltr'>in:</span> 
     </span>
    </p>
   </div>
   <div class='ocr_carea' id='block_1_85' title="bbox 2020 3907 3674 3984">
    <p class='ocr_par' dir='ltr' id='par_1_85' title="bbox 2020 3907 3674 3984">
     <span class='ocr_line' id='line_1_85' title="bbox 2020 3907 3674 3984; baseline 0.002 -20"><span class='ocrx_word' id='word_1_652' title='bbox 2020 3907 2348 3981; x_wconf 87' lang='lat' dir='ltr'>spiritalem</span> <span class='ocrx_word' id='word_1_653' title='bbox 2377 3907 2641 3969; x_wconf 90' lang='lat' dir='ltr'>vertitur,</span> <span class='ocrx_word' id='word_1_654' title='bbox 2674 3911 2729 3962; x_wconf 90' lang='lat' dir='ltr'>et</span> <span class='ocrx_word' id='word_1_655' title='bbox 2763 3924 2916 3964; x_wconf 91' lang='lat' dir='ltr'>unus</span> <span class='ocrx_word' id='word_1_656' title='bbox 2945 3914 3035 3965; x_wconf 92' lang='lat' dir='ltr'>est</span> <span class='ocrx_word' id='word_1_657' title='bbox 3064 3910 3306 3982; x_wconf 90' lang='lat' dir='ltr'>spiritus</span> <span class='ocrx_word' id='word_1_658' title='bbox 3333 3928 3348 3967; x_wconf 90' lang='lat'><strong>:</strong></span> <span class='ocrx_word' id='word_1_659' title='bbox 3384 3928 3493 3968; x_wconf 87' lang='lat' dir='ltr'>nos</span> <span class='ocrx_word' id='word_1_660' title='bbox 3520 3928 3674 3984; x_wconf 74' lang='lat' dir='ltr'>quo~</span> 
     </span>
    </p>
   </div>
   <div class='ocr_carea' id='block_1_86' title="bbox 2021 3997 3675 4070">
    <p class='ocr_par' dir='ltr' id='par_1_86' title="bbox 2021 3997 3675 4070">
     <span class='ocr_line' id='line_1_86' title="bbox 2021 3997 3675 4070; baseline 0.004 -19"><span class='ocrx_word' id='word_1_661' title='bbox 2021 4014 2131 4070; x_wconf 89' lang='lat' dir='ltr'>que</span> <span class='ocrx_word' id='word_1_662' title='bbox 2181 3997 2495 4069; x_wconf 84' lang='lat' dir='ltr'>perdamus</span> <span class='ocrx_word' id='word_1_663' title='bbox 2542 3997 2798 4052; x_wconf 88' lang='lat' dir='ltr'>animam</span> <span class='ocrx_word' id='word_1_664' title='bbox 2852 4002 3134 4070; x_wconf 88' lang='lat' dir='ltr'>nostram,</span> <span class='ocrx_word' id='word_1_665' title='bbox 3186 4003 3252 4054; x_wconf 87' lang='lat' dir='ltr'>ut</span> <span class='ocrx_word' id='word_1_666' title='bbox 3301 4000 3675 4057; x_wconf 64' lang='lat' dir='ltr'>adharentes</span> 
     </span>
    </p>
   </div>
   <div class='ocr_carea' id='block_1_87' title="bbox 2020 4083 3671 4156">
    <p class='ocr_par' dir='ltr' id='par_1_87' title="bbox 2020 4083 3671 4156">
     <span class='ocr_line' id='line_1_87' title="bbox 2020 4083 3671 4156; baseline 0.003 -14"><span class='ocrx_word' id='word_1_667' title='bbox 2020 4087 2264 4142; x_wconf 90' lang='lat' dir='ltr'>Domino</span> <span class='ocrx_word' id='word_1_668' title='bbox 2295 4086 2354 4140; x_wconf 91' lang='lat' dir='ltr'>in</span> <span class='ocrx_word' id='word_1_669' title='bbox 2388 4101 2571 4140; x_wconf 92' lang='lat' dir='ltr'>unum</span> <span class='ocrx_word' id='word_1_670' title='bbox 2603 4083 2875 4156; x_wconf 90' lang='lat' dir='ltr'>spiritum</span> <span class='ocrx_word' id='word_1_671' title='bbox 2918 4089 3420 4145; x_wconf 76' lang='lat' dir='ltr'>transformamur.</span> <span class='ocrx_word' id='word_1_672' title='bbox 3453 4090 3561 4146; x_wconf 89' lang='lat' dir='ltr'>Sed</span> <span class='ocrx_word' id='word_1_673' title='bbox 3609 4096 3671 4147; x_wconf 64' lang='lat' dir='ltr'>se</span> 
     </span>
    </p>
   </div>
   <div class='ocr_carea' id='block_1_88' title="bbox 2018 4166 3669 4248">
    <p class='ocr_par' dir='ltr' id='par_1_88' title="bbox 2018 4166 3669 4248">
     <span class='ocr_line' id='line_1_88' title="bbox 2018 4166 3669 4248; baseline 0.002 -18"><span class='ocrx_word' id='word_1_674' title='bbox 2018 4176 2090 4230; x_wconf 90' lang='lat' dir='ltr'>de</span> <span class='ocrx_word' id='word_1_675' title='bbox 2120 4166 2297 4247; x_wconf 77' lang='lat' dir='ltr'>regno</span> <span class='ocrx_word' id='word_1_676' title='bbox 2332 4173 2425 4229; x_wconf 87' lang='lat' dir='ltr'>Dei</span> <span class='ocrx_word' id='word_1_677' title='bbox 2455 4174 2868 4246; x_wconf 86' lang='lat' dir='ltr'>interrogatus,</span> <span class='ocrx_word' id='word_1_678' title='bbox 2901 4177 3202 4248; x_wconf 88' lang='lat' dir='ltr'>respondit</span> <span class='ocrx_word' id='word_1_679' title='bbox 3230 4177 3494 4234; x_wconf 79' lang='lat' dir='ltr'>Salvator</span> <span class='ocrx_word' id='word_1_680' title='bbox 3520 4178 3669 4234; x_wconf 58' lang='lat' dir='ltr'>Phaw</span> 
     </span>
    </p>
   </div>
   <div class='ocr_carea' id='block_1_89' title="bbox 2019 4262 3677 4340">
    <p class='ocr_par' dir='ltr' id='par_1_89' title="bbox 2019 4262 3677 4340">
     <span class='ocr_line' id='line_1_89' title="bbox 2019 4262 3677 4340; baseline 0.004 -22"><span class='ocrx_word' id='word_1_681' title='bbox 2019 4264 2246 4320; x_wconf 83' lang='lat' dir='ltr'>risaeis:</span> <span class='ocrx_word' id='word_1_682' title='bbox 2303 4262 2528 4332; x_wconf 85' lang='lat' dir='ltr'>Quando</span> <span class='ocrx_word' id='word_1_683' title='bbox 2575 4265 2805 4335; x_wconf 85' lang='lat' dir='ltr'>venerit,</span> <span class='ocrx_word' id='word_1_684' title='bbox 2838 4263 3051 4336; x_wconf 89' lang='lat' dir='ltr'>inquit,</span> <span class='ocrx_word' id='word_1_685' title='bbox 3080 4283 3196 4321; x_wconf 88' lang='lat' dir='ltr'>non</span> <span class='ocrx_word' id='word_1_686' title='bbox 3245 4270 3391 4323; x_wconf 75' lang='lat' dir='ltr'>venit</span> <span class='ocrx_word' id='word_1_687' title='bbox 3439 4284 3677 4340; x_wconf 67' lang='lat' dir='ltr'>regnans</span> 
     </span>
    </p>
   </div>
   <div class='ocr_carea' id='block_1_90' title="bbox 2022 4352 3675 4428">
    <p class='ocr_par' dir='ltr' id='par_1_90' title="bbox 2022 4352 3675 4428">
     <span class='ocr_line' id='line_1_90' title="bbox 2022 4352 3675 4428; baseline 0.002 -18"><span class='ocrx_word' id='word_1_688' title='bbox 2022 4356 2124 4411; x_wconf 80' lang='lat' dir='ltr'>Dei</span> <span class='ocrx_word' id='word_1_689' title='bbox 2173 4369 2296 4408; x_wconf 87' lang='lat' dir='ltr'>cum</span> <span class='ocrx_word' id='word_1_690' title='bbox 2341 4352 2728 4415; x_wconf 82' lang='lat' dir='ltr'>observatione,</span> <span class='ocrx_word' id='word_1_691' title='bbox 2772 4367 2947 4424; x_wconf 87' lang='lat' dir='ltr'>neque</span> <span class='ocrx_word' id='word_1_692' title='bbox 2991 4353 3206 4419; x_wconf 79' lang='lat' dir='ltr'>dicunt,</span> <span class='ocrx_word' id='word_1_693' title='bbox 3250 4372 3368 4412; x_wconf 81' lang='lat' dir='ltr'>ecce</span> <span class='ocrx_word' id='word_1_694' title='bbox 3410 4355 3519 4428; x_wconf 85' lang='lat' dir='ltr'>hic,</span> <span class='ocrx_word' id='word_1_695' title='bbox 3571 4361 3675 4414; x_wconf 66' lang='lat' dir='ltr'>aut</span> 
     </span>
    </p>
   </div>
   <div class='ocr_carea' id='block_1_91' title="bbox 266 4441 3673 4514">
    <p class='ocr_par' dir='ltr' id='par_1_91' title="bbox 266 4441 3673 4514">
     <span class='ocr_line' id='line_1_91' title="bbox 266 4441 3673 4514; baseline -0.001 -9"><span class='ocrx_word' id='word_1_696' title='bbox 266 4453 427 4505; x_wconf 89' lang='lat' dir='ltr'>sunt.</span> <span class='ocrx_word' id='word_1_697' title='bbox 483 4444 771 4501; x_wconf 89' lang='lat' dir='ltr'>Scribitur</span> <span class='ocrx_word' id='word_1_698' title='bbox 816 4441 993 4497; x_wconf 87' lang='lat' dir='ltr'>enim.</span> <span class='ocrx_word' id='word_1_699' title='bbox 1044 4442 1414 4497; x_wconf 85' lang='lat' dir='ltr'>lncrassatum</span> <span class='ocrx_word' id='word_1_700' title='bbox 1463 4450 1539 4497; x_wconf 87' lang='lat' dir='ltr'>est</span> <span class='ocrx_word' id='word_1_701' title='bbox 1586 4456 1679 4496; x_wconf 86' lang='lat' dir='ltr'>cor</span> <span class='ocrx_word' id='word_1_702' title='bbox 1723 4442 1917 4514; x_wconf 84' lang='lat' dir='ltr'>populi</span> <span class='ocrx_word' id='word_1_703' title='bbox 1944 4447 1989 4513; x_wconf 85' lang='lat' dir='ltr'><strong>D</strong></span> <span class='ocrx_word' id='word_1_704' title='bbox 2021 4458 2137 4499; x_wconf 83' lang='lat' dir='ltr'>ecce</span> <span class='ocrx_word' id='word_1_705' title='bbox 2166 4444 2266 4498; x_wconf 91' lang='lat' dir='ltr'>ibi.</span> <span class='ocrx_word' id='word_1_706' title='bbox 2303 4441 2545 4512; x_wconf 73' lang='lat' dir='ltr'>Regnum</span> <span class='ocrx_word' id='word_1_707' title='bbox 2573 4442 2723 4497; x_wconf 88' lang='lat' dir='ltr'>enim</span> <span class='ocrx_word' id='word_1_708' title='bbox 2751 4443 2849 4497; x_wconf 88' lang='lat' dir='ltr'>Dei</span> <span class='ocrx_word' id='word_1_709' title='bbox 2877 4445 3029 4499; x_wconf 87' lang='lat' dir='ltr'>intra</span> <span class='ocrx_word' id='word_1_710' title='bbox 3069 4460 3164 4500; x_wconf 87' lang='lat' dir='ltr'>vos</span> <span class='ocrx_word' id='word_1_711' title='bbox 3190 4449 3287 4501; x_wconf 83' lang='lat' dir='ltr'>est.</span> <span class='ocrx_word' id='word_1_712' title='bbox 3321 4446 3446 4502; x_wconf 91' lang='lat' dir='ltr'>Non</span> <span class='ocrx_word' id='word_1_713' title='bbox 3477 4445 3673 4503; x_wconf 58' lang='lat' dir='ltr'>omnia</span> 
     </span>
    </p>
   </div>
   <div class='ocr_carea' id='block_1_92' title="bbox 331 4573 1909 4647">
    <p class='ocr_par' dir='ltr' id='par_1_92' title="bbox 331 4573 1909 4646">
     <span class='ocr_line' id='line_1_92' title="bbox 331 4573 1909 4646; baseline 0.001 -11"><span class='ocrx_word' id='word_1_714' title='bbox 331 4583 377 4618; x_wconf 71' lang='grc' dir='ltr'>⁸ο</span> <span class='ocrx_word' id='word_1_715' title='bbox 405 4580 606 4636; x_wconf 84' lang='lat' dir='ltr'>Matth.</span> <span class='ocrx_word' id='word_1_716' title='bbox 655 4593 785 4646; x_wconf 83' lang='lat' dir='ltr'>xxv,</span> <span class='ocrx_word' id='word_1_717' title='bbox 839 4577 924 4631; x_wconf 86' lang='grc'>15.</span> <span class='ocrx_word' id='word_1_718' title='bbox 1002 4576 1046 4609; x_wconf 70' lang='lat'>7°</span> <span class='ocrx_word' id='word_1_719' title='bbox 1075 4573 1212 4646; x_wconf 86' lang='lat' dir='ltr'>Cap.</span> <span class='ocrx_word' id='word_1_720' title='bbox 1263 4592 1348 4646; x_wconf 88' lang='grc' dir='ltr'>ιιι,</span> <span class='ocrx_word' id='word_1_721' title='bbox 1397 4592 1547 4632; x_wconf 83' lang='lat' dir='ltr'>vers.</span> <span class='ocrx_word' id='word_1_722' title='bbox 1602 4577 1685 4632; x_wconf 83' lang='lat' dir='ltr'>l2.</span> <span class='ocrx_word' id='word_1_723' title='bbox 1763 4579 1802 4614; x_wconf 76' lang='lat'>7&#39;</span> <span class='ocrx_word' id='word_1_724' title='bbox 1838 4580 1909 4636; x_wconf 85' lang='lat' dir='ltr'>Rc</span> 
     </span>
    </p>
   </div>
   <div class='ocr_carea' id='block_1_93' title="bbox 2024 4573 3667 4647">
    <p class='ocr_par' dir='ltr' id='par_1_93' title="bbox 2052 4576 3667 4647">
     <span class='ocr_line' id='line_1_93' title="bbox 2052 4576 3667 4647; baseline 0.002 -13"><span class='ocrx_word' id='word_1_725' title='bbox 2052 4595 2175 4647; x_wconf 85' lang='lat' dir='ltr'>xm,</span> <span class='ocrx_word' id='word_1_726' title='bbox 2226 4578 2281 4631; x_wconf 88' lang='lat'>7.</span> <span class='ocrx_word' id='word_1_727' title='bbox 2358 4576 2403 4611; x_wconf 72' lang='grc'>⁷³</span> <span class='ocrx_word' id='word_1_728' title='bbox 2434 4576 2569 4631; x_wconf 90' lang='lat' dir='ltr'>Luc.</span> <span class='ocrx_word' id='word_1_729' title='bbox 2623 4591 2721 4643; x_wconf 61' lang='grc' dir='ltr'>νει,</span> <span class='ocrx_word' id='word_1_730' title='bbox 2770 4576 2858 4647; x_wconf 80' lang='grc'>41,</span> <span class='ocrx_word' id='word_1_731' title='bbox 2916 4577 3004 4633; x_wconf 78' lang='grc'>42.</span> <span class='ocrx_word' id='word_1_732' title='bbox 3081 4576 3126 4613; x_wconf 75' lang='grc'><strong>⁷³</strong></span> <span class='ocrx_word' id='word_1_733' title='bbox 3158 4583 3283 4635; x_wconf 83' lang='lat' dir='ltr'>Act.</span> <span class='ocrx_word' id='word_1_734' title='bbox 3332 4596 3533 4647; x_wconf 77' lang='lat' dir='ltr'>xxvm,</span> <span class='ocrx_word' id='word_1_735' title='bbox 3572 4577 3667 4637; x_wconf 86' lang='lat'>27.</span> 
     </span>
    </p>
   </div>
   <div class='ocr_carea' id='block_1_94' title="bbox 264 4647 1426 4723">
    <p class='ocr_par' dir='ltr' id='par_1_94' title="bbox 264 4647 1426 4723">
     <span class='ocr_line' id='line_1_94' title="bbox 264 4647 1426 4723; baseline -0.008 -12"><span class='ocrx_word' id='word_1_736' title='bbox 264 4657 309 4692; x_wconf 74' lang='grc'>⁷⁸</span> <span class='ocrx_word' id='word_1_737' title='bbox 340 4653 547 4711; x_wconf 88' lang='lat' dir='ltr'>Matth.</span> <span class='ocrx_word' id='word_1_738' title='bbox 580 4668 637 4723; x_wconf 75' lang='grc' dir='ltr'>ν,</span> <span class='ocrx_word' id='word_1_739' title='bbox 667 4652 755 4706; x_wconf 81' lang='lat'>26.</span> <span class='ocrx_word' id='word_1_740' title='bbox 833 4649 878 4682; x_wconf 76' lang='grc'>⁷⁵</span> <span class='ocrx_word' id='word_1_741' title='bbox 906 4647 1109 4703; x_wconf 89' lang='lat' dir='ltr'>Matth.</span> <span class='ocrx_word' id='word_1_742' title='bbox 1145 4663 1307 4715; x_wconf 82' lang='lat' dir='ltr'>xvm,</span> <span class='ocrx_word' id='word_1_743' title='bbox 1336 4648 1426 4702; x_wconf 76' lang='grc'>24.</span> 
     </span>
    </p>
   </div>
   <div class='ocr_carea' id='block_1_95' title="bbox 338 4780 1913 4860">
    <p class='ocr_par' dir='ltr' id='par_1_95' title="bbox 338 4780 1913 4860">
     <span class='ocr_line' id='line_1_95' title="bbox 338 4780 1913 4860; baseline -0.001 -18"><span class='ocrx_word' id='word_1_744' title='bbox 338 4789 416 4860; x_wconf 77' lang='grc'>(4)</span> <span class='ocrx_word' id='word_1_745' title='bbox 447 4788 527 4842; x_wconf 85' lang='lat' dir='ltr'>Ex</span> <span class='ocrx_word' id='word_1_746' title='bbox 556 4785 666 4841; x_wconf 90' lang='lat' dir='ltr'>hoc</span> <span class='ocrx_word' id='word_1_747' title='bbox 695 4783 850 4860; x_wconf 83' lang='lat' dir='ltr'>item</span> <span class='ocrx_word' id='word_1_748' title='bbox 868 4780 994 4838; x_wconf 93' lang='lat' dir='ltr'>loco</span> <span class='ocrx_word' id='word_1_749' title='bbox 1025 4780 1096 4835; x_wconf 90' lang='lat' dir='ltr'>cl.</span> <span class='ocrx_word' id='word_1_750' title='bbox 1131 4780 1378 4860; x_wconf 72' lang='lat' dir='ltr'>unctius</span> <span class='ocrx_word' id='word_1_751' title='bbox 1411 4781 1913 4860; x_wconf 78' lang='lat' dir='ltr'>colligit,_putass_e</span> 
     </span>
    </p>
   </div>
   <div class='ocr_carea' id='block_1_96' title="bbox 267 4853 1910 4931">
    <p class='ocr_par' dir='ltr' id='par_1_96' title="bbox 267 4853 1910 4931">
     <span class='ocr_line' id='line_1_96' title="bbox 267 4853 1910 4931; baseline -0.002 -16"><span class='ocrx_word' id='word_1_752' title='bbox 267 4853 572 4931; x_wconf 74' lang='lat' dir='ltr'>Origenem</span> <span class='ocrx_word' id='word_1_753' title='bbox 587 4902 599 4925; x_wconf 91' lang='lat'>,</span> <span class='ocrx_word' id='word_1_754' title='bbox 618 4856 803 4929; x_wconf 78' lang='lat' dir='ltr'>pmnis</span> <span class='ocrx_word' id='word_1_755' title='bbox 818 4856 1232 4931; x_wconf 76' lang='lat' dir='ltr'>damnatorum</span> <span class='ocrx_word' id='word_1_756' title='bbox 1257 4853 1430 4931; x_wconf 72' lang='lat' dir='ltr'>tinem</span> <span class='ocrx_word' id='word_1_757' title='bbox 1454 4853 1529 4907; x_wconf 89' lang='lat' dir='ltr'>im</span> <span class='ocrx_word' id='word_1_758' title='bbox 1542 4853 1794 4931; x_wconf 67' lang='lat' dir='ltr'>positum</span> <span class='ocrx_word' id='word_1_759' title='bbox 1820 4857 1910 4921; x_wconf 89' lang='lat' dir='ltr'>iri,</span> 
     </span>
    </p>
   </div>
   <div class='ocr_carea' id='block_1_97' title="bbox 268 4924 1908 4995">
    <p class='ocr_par' dir='ltr' id='par_1_97' title="bbox 268 4924 1908 4995">
     <span class='ocr_line' id='line_1_97' title="bbox 268 4924 1908 4995; baseline -0.004 -7"><span class='ocrx_word' id='word_1_760' title='bbox 268 4938 327 4988; x_wconf 90' lang='lat' dir='ltr'>et</span> <span class='ocrx_word' id='word_1_761' title='bbox 354 4924 549 4986; x_wconf 57' lang='lat' dir='ltr'>o&#39;mnia</span> <span class='ocrx_word' id='word_1_762' title='bbox 582 4924 765 4983; x_wconf 77' lang='lat' dir='ltr'>unum</span> <span class='ocrx_word' id='word_1_763' title='bbox 815 4929 872 4981; x_wconf 86' lang='lat' dir='ltr'>in</span> <span class='ocrx_word' id='word_1_764' title='bbox 919 4932 1031 4981; x_wconf 80' lang='lat' dir='ltr'>Deo</span> <span class='ocrx_word' id='word_1_765' title='bbox 1060 4925 1294 4979; x_wconf 74' lang='lat' dir='ltr'>tandem</span> <span class='ocrx_word' id='word_1_766' title='bbox 1328 4924 1643 4995; x_wconf 89' lang='lat' dir='ltr'>aliquando</span> <span class='ocrx_word' id='word_1_767' title='bbox 1675 4927 1908 4995; x_wconf 83' lang='lat' dir='ltr'>futura;</span> 
     </span>
    </p>
   </div>
   <div class='ocr_carea' id='block_1_98' title="bbox 269 4996 1913 5074">
    <p class='ocr_par' dir='ltr' id='par_1_98' title="bbox 269 4996 1913 5074">
     <span class='ocr_line' id='line_1_98' title="bbox 269 4996 1913 5074; baseline -0.007 -15"><span class='ocrx_word' id='word_1_768' title='bbox 269 5002 647 5074; x_wconf 61' lang='lat' dir='ltr'>nequepdeo</span> <span class='ocrx_word' id='word_1_769' title='bbox 695 4998 841 5054; x_wconf 86' lang='lat' dir='ltr'>alias</span> <span class='ocrx_word' id='word_1_770' title='bbox 884 5014 1059 5069; x_wconf 90' lang='lat' dir='ltr'>quam</span> <span class='ocrx_word' id='word_1_771' title='bbox 1092 4996 1913 5074; x_wconf 35' lang='lat' dir='ltr'>purgatorias.pmn_asadmi—</span> 
     </span>
    </p>
   </div>
   <div class='ocr_carea' id='block_1_99' title="bbox 268 5066 1909 5141">
    <p class='ocr_par' dir='ltr' id='par_1_99' title="bbox 268 5066 1909 5141">
     <span class='ocr_line' id='line_1_99' title="bbox 268 5066 1909 5141; baseline -0.004 -9"><span class='ocrx_word' id='word_1_772' title='bbox 268 5066 438 5132; x_wconf 75' lang='lat' dir='ltr'>sisse.</span> <span class='ocrx_word' id='word_1_773' title='bbox 473 5072 608 5137; x_wconf 90' lang='lat' dir='ltr'>Nos,</span> <span class='ocrx_word' id='word_1_774' title='bbox 643 5066 981 5141; x_wconf 72' lang='lat' dir='ltr'>quanquam</span> <span class='ocrx_word' id='word_1_775' title='bbox 1030 5066 1111 5123; x_wconf 17' lang='lat' dir='ltr'>et?</span> <span class='ocrx_word' id='word_1_776' title='bbox 1136 5066 1316 5141; x_wconf 79' lang='lat' dir='ltr'>supra</span> <span class='ocrx_word' id='word_1_777' title='bbox 1359 5068 1429 5123; x_wconf 91' lang='lat' dir='ltr'>ad</span> <span class='ocrx_word' id='word_1_778' title='bbox 1471 5066 1652 5141; x_wconf 75' lang='lat' dir='ltr'>homil</span> <span class='ocrx_word' id='word_1_779' title='bbox 1684 5071 1754 5124; x_wconf 79' lang='grc'>24</span> <span class='ocrx_word' id='word_1_780' title='bbox 1788 5071 1909 5126; x_wconf 88' lang='lat' dir='ltr'>ani-</span> 
     </span>
    </p>
   </div>
   <div class='ocr_carea' id='block_1_100' title="bbox 269 5138 1911 5211">
    <p class='ocr_par' dir='ltr' id='par_1_100' title="bbox 269 5138 1911 5211">
     <span class='ocr_line' id='line_1_100' title="bbox 269 5138 1911 5211; baseline -0.002 -10"><span class='ocrx_word' id='word_1_781' title='bbox 269 5138 713 5207; x_wconf 75' lang='lat' dir='ltr'>rnadvertimus,</span> <span class='ocrx_word' id='word_1_782' title='bbox 738 5146 795 5195; x_wconf 91' lang='lat' dir='ltr'>et</span> <span class='ocrx_word' id='word_1_783' title='bbox 822 5138 953 5194; x_wconf 84' lang='lat' dir='ltr'>aliis</span> <span class='ocrx_word' id='word_1_784' title='bbox 974 5138 1379 5211; x_wconf 81' lang='lat' dir='ltr'>compluribus</span> <span class='ocrx_word' id='word_1_785' title='bbox 1398 5155 1467 5194; x_wconf 90' lang='lat' dir='ltr'>ex</span> <span class='ocrx_word' id='word_1_786' title='bbox 1494 5138 1635 5195; x_wconf 89' lang='lat' dir='ltr'>locis</span> <span class='ocrx_word' id='word_1_787' title='bbox 1668 5144 1911 5197; x_wconf 82' lang='lat' dir='ltr'>manife-</span> 
     </span>
    </p>
   </div>
   <div class='ocr_carea' id='block_1_101' title="bbox 269 5210 1914 5282">
    <p class='ocr_par' dir='ltr' id='par_1_101' title="bbox 269 5210 1914 5282">
     <span class='ocr_line' id='line_1_101' title="bbox 269 5210 1914 5282; baseline -0.002 -9"><span class='ocrx_word' id='word_1_788' title='bbox 269 5225 424 5274; x_wconf 89' lang='lat' dir='ltr'>stum</span> <span class='ocrx_word' id='word_1_789' title='bbox 459 5214 672 5271; x_wconf 90' lang='lat' dir='ltr'>erroris</span> <span class='ocrx_word' id='word_1_790' title='bbox 705 5217 1011 5267; x_wconf 86' lang='lat' dir='ltr'>teneamus</span> <span class='ocrx_word' id='word_1_791' title='bbox 1041 5210 1346 5282; x_wconf 87' lang='lat' dir='ltr'>Origenem</span> <span class='ocrx_word' id='word_1_792' title='bbox 1380 5212 1439 5265; x_wconf 93' lang='lat' dir='ltr'>in</span> <span class='ocrx_word' id='word_1_793' title='bbox 1480 5213 1799 5282; x_wconf 69' lang='lat' dir='ltr'>quaestione</span> <span class='ocrx_word' id='word_1_794' title='bbox 1842 5214 1914 5270; x_wconf 91' lang='lat' dir='ltr'>de</span> 
     </span>
    </p>
   </div>
   <div class='ocr_carea' id='block_1_102' title="bbox 268 5282 1911 5362">
    <p class='ocr_par' dir='ltr' id='par_1_102' title="bbox 268 5282 1911 5362">
     <span class='ocr_line' id='line_1_102' title="bbox 268 5282 1911 5362; baseline -0.002 -18"><span class='ocrx_word' id='word_1_795' title='bbox 268 5283 964 5362; x_wconf 67' lang='lat' dir='ltr'>pinnarumazternitate;</span> <span class='ocrx_word' id='word_1_796' title='bbox 997 5298 1114 5337; x_wconf 92' lang='lat' dir='ltr'>non</span> <span class='ocrx_word' id='word_1_797' title='bbox 1144 5289 1340 5362; x_wconf 77' lang='lat' dir='ltr'>tamen</span> <span class='ocrx_word' id='word_1_798' title='bbox 1374 5282 1529 5338; x_wconf 88' lang='lat' dir='ltr'>hunc</span> <span class='ocrx_word' id='word_1_799' title='bbox 1578 5285 1781 5362; x_wconf 76' lang='lat' dir='ltr'>eadem</span> <span class='ocrx_word' id='word_1_800' title='bbox 1824 5284 1911 5362; x_wconf 82' lang='lat' dir='ltr'>la-</span> 
     </span>
    </p>
   </div>
   <div class='ocr_carea' id='block_1_103' title="bbox 269 5354 1915 5428">
    <p class='ocr_par' dir='ltr' id='par_1_103' title="bbox 269 5354 1915 5428">
     <span class='ocr_line' id='line_1_103' title="bbox 269 5354 1915 5428; baseline -0.003 -11"><span class='ocrx_word' id='word_1_801' title='bbox 269 5354 475 5417; x_wconf 76' lang='lat' dir='ltr'>borare</span> <span class='ocrx_word' id='word_1_802' title='bbox 505 5356 679 5428; x_wconf 89' lang='lat' dir='ltr'>culpa</span> <span class='ocrx_word' id='word_1_803' title='bbox 707 5354 1514 5428; x_wconf 69' lang='lat' dir='ltr'>contextumexistimamus,</span> <span class='ocrx_word' id='word_1_804' title='bbox 1545 5356 1686 5425; x_wconf 91' lang='lat' dir='ltr'>quin</span> <span class='ocrx_word' id='word_1_805' title='bbox 1721 5357 1915 5428; x_wconf 88' lang='lat' dir='ltr'>potius</span> 
     </span>
    </p>
   </div>
   <div class='ocr_carea' id='block_1_104' title="bbox 269 5425 1913 5498">
    <p class='ocr_par' dir='ltr' id='par_1_104' title="bbox 269 5425 1913 5498">
     <span class='ocr_line' id='line_1_104' title="bbox 269 5425 1913 5498; baseline -0.004 -9"><span class='ocrx_word' id='word_1_806' title='bbox 269 5425 694 5489; x_wconf 49' lang='lat' dir='ltr'>econtrario&#39;ex</span> <span class='ocrx_word' id='word_1_807' title='bbox 724 5428 798 5482; x_wconf 90' lang='lat' dir='ltr'>iis</span> <span class='ocrx_word' id='word_1_808' title='bbox 835 5442 990 5480; x_wconf 89' lang='lat' dir='ltr'>unus</span> <span class='ocrx_word' id='word_1_809' title='bbox 1020 5425 1436 5498; x_wconf 76' lang='lat' dir='ltr'>viileatur,.qui</span> <span class='ocrx_word' id='word_1_810' title='bbox 1468 5425 1525 5479; x_wconf 87' lang='lat' dir='ltr'>in</span> <span class='ocrx_word' id='word_1_811' title='bbox 1559 5429 1688 5498; x_wconf 84' lang='lat' dir='ltr'>ejus</span> <span class='ocrx_word' id='word_1_812' title='bbox 1717 5425 1913 5483; x_wconf 79' lang='lat' dir='ltr'>delen-</span> 
     </span>
    </p>
   </div>
   <div class='ocr_carea' id='block_1_105' title="bbox 266 5499 1914 5571">
    <p class='ocr_par' dir='ltr' id='par_1_105' title="bbox 266 5499 1914 5571">
     <span class='ocr_line' id='line_1_105' title="bbox 266 5499 1914 5571; baseline -0.004 -10"><span class='ocrx_word' id='word_1_813' title='bbox 266 5504 494 5562; x_wconf 87' lang='lat' dir='ltr'>sionem</span> <span class='ocrx_word' id='word_1_814' title='bbox 528 5500 736 5561; x_wconf 87' lang='lat' dir='ltr'>adduci</span> <span class='ocrx_word' id='word_1_815' title='bbox 768 5503 1005 5571; x_wconf 90' lang='lat' dir='ltr'>queant.</span> <span class='ocrx_word' id='word_1_816' title='bbox 1030 5502 1203 5571; x_wconf 84' lang='lat' dir='ltr'>Certe</span> <span class='ocrx_word' id='word_1_817' title='bbox 1221 5513 1355 5571; x_wconf 82' lang='lat' dir='ltr'>cum</span> <span class='ocrx_word' id='word_1_818' title='bbox 1385 5502 1584 5570; x_wconf 88' lang='lat' dir='ltr'>posset</span> <span class='ocrx_word' id='word_1_819' title='bbox 1611 5499 1914 5555; x_wconf 90' lang='lat' dir='ltr'>commode</span> 
     </span>
    </p>
   </div>
   <div class='ocr_carea' id='block_1_106' title="bbox 264 5567 1915 5647">
    <p class='ocr_par' dir='ltr' id='par_1_106' title="bbox 264 5567 1915 5647">
     <span class='ocr_line' id='line_1_106' title="bbox 264 5567 1915 5647; baseline -0.004 -13"><span class='ocrx_word' id='word_1_820' title='bbox 264 5573 653 5647; x_wconf 76' lang='lat' dir='ltr'>Adamantius</span> <span class='ocrx_word' id='word_1_821' title='bbox 671 5567 1037 5647; x_wconf 79' lang='lat' dir='ltr'>propositam</span> <span class='ocrx_word' id='word_1_822' title='bbox 1050 5567 1464 5647; x_wconf 49' lang='lat' dir='ltr'>parabolam’in</span> <span class='ocrx_word' id='word_1_823' title='bbox 1483 5586 1659 5627; x_wconf 90' lang='lat' dir='ltr'>suum</span> <span class='ocrx_word' id='word_1_824' title='bbox 1673 5587 1915 5647; x_wconf 77' lang='lat' dir='ltr'>sensum</span> 
     </span>
    </p>
   </div>
   <div class='ocr_carea' id='block_1_107' title="bbox 264 5587 1916 5737">
    <p class='ocr_par' dir='ltr' id='par_1_107' title="bbox 264 5587 1916 5737">
     <span class='ocr_line' id='line_1_107' title="bbox 264 5587 1915 5701; baseline -0.004 -67"><span class='ocrx_word' id='word_1_825' title='bbox 264 5587 653 5635; x_wconf 78' lang='lat' dir='ltr'>Adamantius</span> <span class='ocrx_word' id='word_1_826' title='bbox 671 5587 1029 5647; x_wconf 79' lang='lat' dir='ltr'>propositam</span> <span class='ocrx_word' id='word_1_827' title='bbox 1050 5587 1390 5701; x_wconf 62' lang='lat' dir='ltr'>Earuooxam</span> <span class='ocrx_word' id='word_1_828' title='bbox 1405 5587 1464 5625; x_wconf 83' lang='lat' dir='ltr'>tn</span> <span class='ocrx_word' id='word_1_829' title='bbox 1483 5587 1659 5627; x_wconf 90' lang='lat' dir='ltr'>suum</span> <span class='ocrx_word' id='word_1_830' title='bbox 1673 5587 1915 5628; x_wconf 84' lang='lat' dir='ltr'>sensum</span> 
     </span>
     <span class='ocr_line' id='line_1_108' title="bbox 264 5640 1916 5737; baseline -0.007 -26"><span class='ocrx_word' id='word_1_831' title='bbox 264 5662 533 5737; x_wconf 84' lang='lat' dir='ltr'>perverse</span> <span class='ocrx_word' id='word_1_832' title='bbox 562 5645 926 5725; x_wconf 84' lang='lat' dir='ltr'>detorquere,</span> <span class='ocrx_word' id='word_1_833' title='bbox 953 5645 1047 5701; x_wconf 86' lang='lat' dir='ltr'>cat</span> <span class='ocrx_word' id='word_1_834' title='bbox 1090 5640 1239 5705; x_wconf 87' lang='lat' dir='ltr'>olioo</span> <span class='ocrx_word' id='word_1_835' title='bbox 1270 5640 1387 5701; x_wconf 78' lang='lat' dir='ltr'>fere</span> <span class='ocrx_word' id='word_1_836' title='bbox 1418 5657 1593 5703; x_wconf 81' lang='lat' dir='ltr'>sensu</span> <span class='ocrx_word' id='word_1_837' title='bbox 1624 5642 1916 5723; x_wconf 81' lang='lat' dir='ltr'>exposuit,</span> 
     </span>
    </p>
   </div>
   <div class='ocr_carea' id='block_1_108' title="bbox 1503 4648 2548 4720">
    <p class='ocr_par' dir='ltr' id='par_1_108' title="bbox 1503 4648 2548 4720">
     <span class='ocr_line' id='line_1_109' title="bbox 1503 4648 2548 4720; baseline -0.002 -17"><span class='ocrx_word' id='word_1_838' title='bbox 1503 4649 1547 4683; x_wconf 69' lang='lat'>7‘</span> <span class='ocrx_word' id='word_1_839' title='bbox 1578 4648 1597 4703; x_wconf 90' lang='grc' dir='ltr'><strong>Ι</strong></span> <span class='ocrx_word' id='word_1_840' title='bbox 1628 4653 1752 4705; x_wconf 88' lang='lat' dir='ltr'>Cor.</span> <span class='ocrx_word' id='word_1_841' title='bbox 1791 4668 1851 4720; x_wconf 90' lang='grc' dir='ltr'>ιι,</span> <span class='ocrx_word' id='word_1_842' title='bbox 1887 4652 1976 4708; x_wconf 85' lang='grc'><strong>14.</strong></span> <span class='ocrx_word' id='word_1_843' title='bbox 2051 4652 2092 4685; x_wconf 74' lang='grc'>’³⁷</span> <span class='ocrx_word' id='word_1_844' title='bbox 2124 4650 2144 4705; x_wconf 88' lang='grc' dir='ltr'><strong>Ι</strong></span> <span class='ocrx_word' id='word_1_845' title='bbox 2177 4649 2302 4705; x_wconf 88' lang='lat' dir='ltr'>Cor.</span> <span class='ocrx_word' id='word_1_846' title='bbox 2334 4665 2427 4716; x_wconf 86' lang='lat' dir='ltr'>xv,</span> <span class='ocrx_word' id='word_1_847' title='bbox 2460 4648 2548 4702; x_wconf 77' lang='grc'>44.</span> 
     </span>
    </p>
   </div>
   <div class='ocr_carea' id='block_1_109' title="bbox 2022 4781 3667 4866">
    <p class='ocr_par' dir='ltr' id='par_1_109' title="bbox 2022 4781 3667 4866">
     <span class='ocr_line' id='line_1_110' title="bbox 2022 4781 3667 4866; baseline 0.001 -26"><span class='ocrx_word' id='word_1_848' title='bbox 2022 4787 2147 4840; x_wconf 89' lang='lat' dir='ltr'>tum</span> <span class='ocrx_word' id='word_1_849' title='bbox 2180 4781 2645 4866; x_wconf 60' lang='lat' dir='ltr'>luculentissima</span> <span class='ocrx_word' id='word_1_850' title='bbox 2676 4781 3314 4866; x_wconf 65' lang='lat' dir='ltr'>deﬁnivit,_graviorum</span> <span class='ocrx_word' id='word_1_851' title='bbox 3346 4783 3667 4866; x_wconf 71' lang='lat' dir='ltr'>criminum</span> 
     </span>
    </p>
   </div>
   <div class='ocr_carea' id='block_1_110' title="bbox 2020 4854 3669 4928">
    <p class='ocr_par' dir='ltr' id='par_1_110' title="bbox 2020 4854 3669 4928">
     <span class='ocr_line' id='line_1_111' title="bbox 2020 4854 3669 4928; baseline 0.002 -18"><span class='ocrx_word' id='word_1_852' title='bbox 2020 4873 2148 4912; x_wconf 89' lang='lat' dir='ltr'>reos</span> <span class='ocrx_word' id='word_1_853' title='bbox 2176 4854 2405 4911; x_wconf 81' lang='lat' dir='ltr'>aeternis</span> <span class='ocrx_word' id='word_1_854' title='bbox 2427 4854 2780 4928; x_wconf 26' lang='lat' dir='ltr'>addi‘cendos</span> <span class='ocrx_word' id='word_1_855' title='bbox 2812 4854 3115 4928; x_wconf 85' lang='lat' dir='ltr'>suppliciis</span> <span class='ocrx_word' id='word_1_856' title='bbox 3144 4870 3277 4911; x_wconf 92' lang='lat' dir='ltr'>cum</span> <span class='ocrx_word' id='word_1_857' title='bbox 3308 4856 3388 4912; x_wconf 90' lang='lat' dir='ltr'>ait</span> <span class='ocrx_word' id='word_1_858' title='bbox 3412 4874 3425 4913; x_wconf 92' lang='lat'><strong>:</strong></span> <span class='ocrx_word' id='word_1_859' title='bbox 3458 4855 3520 4913; x_wconf 89' lang='lat' dir='ltr'>Si</span> <span class='ocrx_word' id='word_1_860' title='bbox 3545 4874 3669 4913; x_wconf 86' lang='lat' dir='ltr'>ma-</span> 
     </span>
    </p>
   </div>
   <div class='ocr_carea' id='block_1_111' title="bbox 2020 4924 3677 5000">
    <p class='ocr_par' dir='ltr' id='par_1_111' title="bbox 2020 4924 3677 5000">
     <span class='ocr_line' id='line_1_112' title="bbox 2020 4924 3677 5000; baseline 0.002 -18"><span class='ocrx_word' id='word_1_861' title='bbox 2020 4944 2186 4997; x_wconf 85' lang='lat' dir='ltr'>gnam</span> <span class='ocrx_word' id='word_1_862' title='bbox 2213 4927 2505 5000; x_wconf 81' lang='lat' dir='ltr'>pecuniam</span> <span class='ocrx_word' id='word_1_863' title='bbox 2527 4924 2905 5000; x_wconf 66' lang='lat' dir='ltr'>debuerintus,</span> <span class='ocrx_word' id='word_1_864' title='bbox 2930 4924 3084 4983; x_wconf 72' lang='lat' dir='ltr'>sicut</span> <span class='ocrx_word' id='word_1_865' title='bbox 3115 4928 3212 4983; x_wconf 85' lang='lat' dir='ltr'>ille</span> <span class='ocrx_word' id='word_1_866' title='bbox 3257 4931 3359 5000; x_wconf 84' lang='lat' dir='ltr'>qui</span> <span class='ocrx_word' id='word_1_867' title='bbox 3400 4929 3677 4985; x_wconf 78' lang='lat' dir='ltr'>scribitur</span> 
     </span>
    </p>
   </div>
   <div class='ocr_carea' id='block_1_112' title="bbox 2019 4996 3673 5070">
    <p class='ocr_par' dir='ltr' id='par_1_112' title="bbox 2019 4996 3673 5070">
     <span class='ocr_line' id='line_1_113' title="bbox 2019 4996 3673 5070; baseline 0.001 -15"><span class='ocrx_word' id='word_1_868' title='bbox 2019 4996 2224 5055; x_wconf 42' lang='lat' dir='ltr'>decem‘</span> <span class='ocrx_word' id='word_1_869' title='bbox 2246 4997 2433 5052; x_wconf 74' lang='lat' dir='ltr'>millia</span> <span class='ocrx_word' id='word_1_870' title='bbox 2461 4996 2672 5052; x_wconf 84' lang='lat' dir='ltr'>talenta</span> <span class='ocrx_word' id='word_1_871' title='bbox 2690 4999 2976 5070; x_wconf 71' lang='lat' dir='ltr'>debuisse,</span> <span class='ocrx_word' id='word_1_872' title='bbox 3008 5010 3213 5070; x_wconf 75' lang='lat' dir='ltr'>quanto</span> <span class='ocrx_word' id='word_1_873' title='bbox 3242 4996 3485 5070; x_wconf 74' lang='lat' dir='ltr'>tempore</span> <span class='ocrx_word' id='word_1_874' title='bbox 3510 5001 3673 5057; x_wconf 48' lang='lat' dir='ltr'>etans</span> 
     </span>
    </p>
   </div>
   <div class='ocr_carea' id='block_1_113' title="bbox 2020 5068 3669 5139">
    <p class='ocr_par' dir='ltr' id='par_1_113' title="bbox 2020 5068 3669 5139">
     <span class='ocr_line' id='line_1_114' title="bbox 2020 5068 3669 5139; baseline 0.001 -14"><span class='ocrx_word' id='word_1_875' title='bbox 2020 5070 2218 5125; x_wconf 87' lang='lat' dir='ltr'>damur</span> <span class='ocrx_word' id='word_1_876' title='bbox 2265 5070 2323 5124; x_wconf 86' lang='lat' dir='ltr'>in</span> <span class='ocrx_word' id='word_1_877' title='bbox 2376 5083 2612 5137; x_wconf 80' lang='lat' dir='ltr'>carcere,</span> <span class='ocrx_word' id='word_1_878' title='bbox 2669 5068 2837 5125; x_wconf 66' lang='lat' dir='ltr'>donec</span> <span class='ocrx_word' id='word_1_879' title='bbox 2890 5068 3181 5126; x_wconf 81' lang='lat' dir='ltr'>reddamus</span> <span class='ocrx_word' id='word_1_880' title='bbox 3232 5068 3498 5139; x_wconf 80' lang='lat' dir='ltr'>debitum,</span> <span class='ocrx_word' id='word_1_881' title='bbox 3557 5087 3669 5128; x_wconf 84' lang='lat' dir='ltr'>non</span> 
     </span>
    </p>
   </div>
   <div class='ocr_carea' id='block_1_114' title="bbox 2015 5140 3671 5216">
    <p class='ocr_par' dir='ltr' id='par_1_114' title="bbox 2015 5140 3671 5216">
     <span class='ocr_line' id='line_1_115' title="bbox 2015 5140 3671 5216; baseline 0.002 -20"><span class='ocrx_word' id='word_1_882' title='bbox 2015 5157 2259 5216; x_wconf 76' lang='lat' dir='ltr'>poss_um_</span> <span class='ocrx_word' id='word_1_883' title='bbox 2284 5140 2578 5216; x_wconf 77' lang='lat' dir='ltr'>manifeste</span> <span class='ocrx_word' id='word_1_884' title='bbox 2614 5143 3089 5216; x_wconf 85' lang='lat' dir='ltr'>pronuntiare.....</span> <span class='ocrx_word' id='word_1_885' title='bbox 3137 5143 3339 5216; x_wconf 69' lang='lat' dir='ltr'>utique</span> <span class='ocrx_word' id='word_1_886' title='bbox 3372 5144 3471 5216; x_wconf 82' lang='lat' dir='ltr'>qui</span> <span class='ocrx_word' id='word_1_887' title='bbox 3513 5144 3671 5216; x_wconf 79' lang='lat' dir='ltr'>tanta</span> 
     </span>
    </p>
   </div>
   <div class='ocr_carea' id='block_1_115' title="bbox 2021 5211 3669 5281">
    <p class='ocr_par' dir='ltr' id='par_1_115' title="bbox 2021 5211 3669 5281">
     <span class='ocr_line' id='line_1_116' title="bbox 2021 5211 3669 5281; baseline 0.002 -13"><span class='ocrx_word' id='word_1_888' title='bbox 2021 5211 2198 5268; x_wconf 85' lang='lat' dir='ltr'>debito</span> <span class='ocrx_word' id='word_1_889' title='bbox 2226 5212 2400 5281; x_wconf 76' lang='lat' dir='ltr'>furrit</span> <span class='ocrx_word' id='word_1_890' title='bbox 2430 5211 2716 5275; x_wconf 76' lang='lat' dir='ltr'>obnoxius,</span> <span class='ocrx_word' id='word_1_891' title='bbox 2751 5227 3001 5269; x_wconf 73' lang='lat' dir='ltr'>INFINITA</span> <span class='ocrx_word' id='word_1_892' title='bbox 3029 5216 3083 5270; x_wconf 89' lang='lat' dir='ltr'>ei</span> <span class='ocrx_word' id='word_1_893' title='bbox 3111 5214 3182 5269; x_wconf 92' lang='lat' dir='ltr'>ad</span> <span class='ocrx_word' id='word_1_894' title='bbox 3210 5211 3544 5271; x_wconf 73' lang='lat' dir='ltr'>reddendum</span> <span class='ocrx_word' id='word_1_895' title='bbox 3570 5214 3669 5271; x_wconf 61' lang='lat' dir='ltr'>deb</span> 
     </span>
    </p>
   </div>
   <div class='ocr_carea' id='block_1_116' title="bbox 2024 5281 2919 5339">
    <p class='ocr_par' dir='ltr' id='par_1_116' title="bbox 2024 5281 2919 5339">
     <span class='ocr_line' id='line_1_117' title="bbox 2024 5281 2919 5339; baseline 0 0"><span class='ocrx_word' id='word_1_896' title='bbox 2024 5285 2197 5339; x_wconf 69' lang='lat' dir='ltr'>(ritum</span> <span class='ocrx_word' id='word_1_897' title='bbox 2228 5281 2433 5338; x_wconf 56' lang='lat' dir='ltr'>sucula</span> <span class='ocrx_word' id='word_1_898' title='bbox 2462 5283 2919 5339; x_wconf 81' lang='lat' dir='ltr'>numerabantur.</span> 
     </span>
    </p>
   </div>
   <div class='ocr_carea' id='block_1_117' title="bbox 2094 5353 3669 5427">
    <p class='ocr_par' dir='ltr' id='par_1_117' title="bbox 2094 5353 3669 5427">
     <span class='ocr_line' id='line_1_118' title="bbox 2094 5353 3669 5427; baseline 0.004 -20"><span class='ocrx_word' id='word_1_899' title='bbox 2094 5354 2170 5426; x_wconf 84' lang='grc'>(5)</span> <span class='ocrx_word' id='word_1_900' title='bbox 2200 5353 2883 5427; x_wconf 16' lang='grc' dir='ltr'>Αᾱόὶῐιιωᾼὶιοομίμιοῳιθ</span> <span class='ocrx_word' id='word_1_901' title='bbox 2913 5372 3146 5412; x_wconf 82' lang='lat' dir='ltr'>comma</span> <span class='ocrx_word' id='word_1_902' title='bbox 3190 5362 3280 5413; x_wconf 82' lang='lat' dir='ltr'>est</span> <span class='ocrx_word' id='word_1_903' title='bbox 3331 5357 3437 5413; x_wconf 87' lang='lat' dir='ltr'>abs</span> <span class='ocrx_word' id='word_1_904' title='bbox 3468 5356 3669 5415; x_wconf 82' lang='lat' dir='ltr'>Hiero-</span> 
     </span>
    </p>
   </div>
   <div class='ocr_carea' id='block_1_118' title="bbox 2024 5421 3673 5554">
    <p class='ocr_par' dir='ltr' id='par_1_118' title="bbox 2024 5421 3673 5554">
     <span class='ocr_line' id='line_1_119' title="bbox 2024 5421 3673 5509; baseline 0.004 -28"><span class='ocrx_word' id='word_1_905' title='bbox 2024 5421 2219 5508; x_wconf 70' lang='lat' dir='ltr'>nymo,</span> <span class='ocrx_word' id='word_1_906' title='bbox 2255 5430 2317 5508; x_wconf 76' lang='lat' dir='ltr'>ut</span> <span class='ocrx_word' id='word_1_907' title='bbox 2350 5425 2504 5497; x_wconf 90' lang='lat' dir='ltr'>quod</span> <span class='ocrx_word' id='word_1_908' title='bbox 2536 5424 2597 5480; x_wconf 90' lang='lat' dir='ltr'>in</span> <span class='ocrx_word' id='word_1_909' title='bbox 2629 5421 2827 5509; x_wconf 53' lang='grc' dir='ltr'>λὲπτᾶν</span> <span class='ocrx_word' id='word_1_910' title='bbox 2865 5428 3021 5483; x_wconf 86' lang='lat' dir='ltr'>vocis</span> <span class='ocrx_word' id='word_1_911' title='bbox 3050 5428 3219 5484; x_wconf 49' lang='lat' dir='ltr'>varia&#39;</span> <span class='ocrx_word' id='word_1_912' title='bbox 3239 5428 3673 5500; x_wconf 78' lang='lat' dir='ltr'>signiﬁcatione</span> 
     </span>
     <span class='ocr_line' id='line_1_120' title="bbox 2024 5497 3452 5554; baseline 0.001 -1"><span class='ocrx_word' id='word_1_913' title='bbox 2024 5497 2177 5554; x_wconf 82' lang='lat' dir='ltr'>ludit</span> <span class='ocrx_word' id='word_1_914' title='bbox 2206 5499 2503 5554; x_wconf 69' lang='grc' dir='ltr'>Οιιαθιιθε.</span> <span class='ocrx_word' id='word_1_915' title='bbox 2540 5501 2778 5554; x_wconf 89' lang='lat' dir='ltr'>Latmus</span> <span class='ocrx_word' id='word_1_916' title='bbox 2806 5497 2987 5554; x_wconf 83' lang='lat' dir='ltr'>lector</span> <span class='ocrx_word' id='word_1_917' title='bbox 3016 5506 3452 5554; x_wconf 69' lang='lat' dir='ltr'>assenueretur.</span> 
     </span>
    </p>
   </div>
   <div class='ocr_carea' id='block_1_119' title="bbox 2050 5504 3674 5651">
    <p class='ocr_par' dir='ltr' id='par_1_119' title="bbox 2050 5504 3674 5651">
     <span class='ocr_line' id='line_1_121' title="bbox 2050 5504 3452 5582; baseline 0.003 -28"><span class='ocrx_word' id='word_1_918' title='bbox 2050 5504 2177 5554; x_wconf 87' lang='lat' dir='ltr'>udit</span> <span class='ocrx_word' id='word_1_919' title='bbox 2206 5504 2503 5582; x_wconf 75' lang='lat' dir='ltr'>Origenes,</span> <span class='ocrx_word' id='word_1_920' title='bbox 2540 5504 2778 5557; x_wconf 89' lang='lat' dir='ltr'>Latinus</span> <span class='ocrx_word' id='word_1_921' title='bbox 2809 5504 2987 5556; x_wconf 84' lang='lat' dir='ltr'>lector</span> <span class='ocrx_word' id='word_1_922' title='bbox 3016 5506 3452 5574; x_wconf 71' lang='lat' dir='ltr'>assequentur.</span> 
     </span>
     <span class='ocr_line' id='line_1_122' title="bbox 2096 5567 3674 5651; baseline 0.004 -25"><span class='ocrx_word' id='word_1_923' title='bbox 2096 5570 2171 5646; x_wconf 84' lang='lat'>(6)</span> <span class='ocrx_word' id='word_1_924' title='bbox 2201 5567 2423 5629; x_wconf 79' lang='lat' dir='ltr'>Vitiose</span> <span class='ocrx_word' id='word_1_925' title='bbox 2466 5567 2767 5647; x_wconf 83' lang='lat' dir='ltr'>legebatur</span> <span class='ocrx_word' id='word_1_926' title='bbox 2803 5577 2975 5630; x_wconf 85' lang='lat' dir='ltr'>antea</span> <span class='ocrx_word' id='word_1_927' title='bbox 3001 5570 3274 5649; x_wconf 64' lang='lat' dir='ltr'>dabamus,</span> <span class='ocrx_word' id='word_1_928' title='bbox 3306 5589 3436 5651; x_wconf 71' lang='grc' dir='ltr'>ρω-</span> <span class='ocrx_word' id='word_1_929' title='bbox 3457 5571 3674 5635; x_wconf 60' lang='lat' dir='ltr'>deum</span> 
     </span>
    </p>
   </div>
   <div class='ocr_carea' id='block_1_120' title="bbox 3553 297 3795 362">
    <p class='ocr_par' dir='ltr' id='par_1_120' title="bbox 3553 297 3795 362">
     <span class='ocr_line' id='line_1_123' title="bbox 3553 297 3795 362; baseline -0.004 0"><span class='ocrx_word' id='word_1_930' title='bbox 3553 297 3795 362; x_wconf 57' lang='grc' dir='ltr'>ωτι</span> 
     </span>
    </p>
   </div>
  </div>
