4058 6190
339 313 460 378 325

705 309 1203 374 TRANSLATIO
1249 311 1749 375 HOMILIARUM
1798 311 2163 374 ORIGENIS
2211 315 2288 373 IN
2334 313 2624 377 LUCAM.
2657 349 2734 358 —
2766 315 3034 378 IIOMIL.
3069 317 3397 381 XXXVIII.

3643 322 3760 384 396

340 447 452 502 bus
501 443 767 501 Salvator
816 444 978 514 dicit,
1025 460 1257 516 regnum
1306 447 1455 501 intra
1505 462 1595 500 vos
1641 450 1718 500 est
1761 464 1779 501 :
1811 445 1994 517 siqui-
2025 449 2075 513 Α
2112 463 2262 513 rum,
2305 450 2361 501 et
2392 446 2609 500 videbit
2642 451 2777 502 tunc
2810 448 3031 504 sedisse
3062 467 3238 522 super
3269 469 3372 507 nos
3420 469 3753 512 sermonem

340 537 473 592 dem
508 534 567 590 in
599 533 1007 606 peccatoribus
1039 549 1280 604 regnum
1308 535 1525 608 peccati
1553 542 1659 606 est,
1692 539 1748 590 et
1777 537 2000 606 absque

340 623 464 681 ulla
494 619 902 696 ambiguitate,
937 627 1039 678 aut
1071 639 1314 696 regnum
1350 624 1592 695 peccati,
1621 629 1722 679 aut
1753 641 1997 697 regnum

345 713 448 770 Dei
477 712 536 768 in
569 712 740 768 corde
773 717 972 767 nostro
1024 711 1271 784 imperat
1345 713 1505 768 Unde
1550 713 1667 768 sive
1700 731 1824 786 quae
1858 713 1996 768 faci-

347 820 502 869 mus,
554 802 673 857 sive
733 818 860 873 quas
905 800 1223 873 loquimur,
1291 802 1409 858 sive
1476 820 1602 874 quae
1652 805 1999 875 cogitamus,

349 891 814 964 contemplemur
845 891 1145 959 attentius,
1185 895 1241 946 et
1271 895 1411 946 tunc
1443 893 1768 947 videbimus
1800 897 2000 946 utrum

347 981 452 1040 Dei
496 980 808 1054 imperium
855 985 1058 1053 regnet
1105 980 1162 1035 in
1210 980 1400 1046 nobis,
1442 999 1513 1036 an
1546 981 1859 1053 imperium
1888 979 2001 1036 deli

353 1075 607 1128 ctorum.
635 1070 814 1135 Quam
835 1069 1231 1125 diversitatem
1256 1070 1447 1125 sciens
1469 1069 1801 1141 Apostolus.
1826 1083 2002 1141 quos-

357 1162 496 1216 dam
529 1164 876 1224 commonet,
908 1159 1110 1214 dicens
1172 1177 1184 1214 :
1237 1160 1354 1214 Non
1401 1168 1594 1232 regnet
1618 1163 1904 1230 peccatum
1946 1159 2006 1212 in

355 1249 584 1306 mortali
612 1257 776 1304 vestro
807 1263 1025 1320 corpore
1056 1248 1120 1302 ⁷⁸.
1154 1247 1211 1303 Si
1246 1249 1377 1320 quis
1417 1253 1683 1304 nostrum
1716 1247 2007 1302 desiderat

355 1354 604 1412 regnum
636 1336 758 1404 Dei,
812 1340 1088 1409 regnatur
1134 1338 1205 1392 ab
1255 1353 1341 1392 eo.
1377 1337 1434 1392 Si
1469 1337 1602 1408 quis
1633 1336 1883 1391 avaritiae
1916 1352 2006 1390 ar-

355 1427 493 1484 dore
523 1426 840 1491 cruciatur,
874 1430 1161 1499 regnatur
1193 1425 1262 1480 ab
1293 1426 1555 1481 avaritia.
1610 1426 1781 1480 Porro
1813 1425 1910 1497 qui
1948 1424 2007 1478 in

345 1515 638 1590 justitiam
689 1515 952 1588 reginam
996 1515 1475 1587 habet,regnatur
1503 1515 1573 1569 ab
1600 1531 1684 1569 ea.
1712 1513 1816 1577 Qui
1849 1529 2008 1568 vanas

357 1605 556 1682 gloriae
589 1605 870 1660 ambition
905 1603 1257 1672 sustollitur,
1310 1599 1512 1676 regnat
1543 1604 1592 1659 ei
1642 1620 1784 1658 aura
1826 1618 2010 1674 popu-

355 1695 519 1752 laris.
554 1693 663 1759 Qui
697 1697 920 1761 maeret,
947 1694 1042 1765 qui
1077 1692 1299 1765 aliquid
1329 1691 1799 1764 reformidat,qui
1832 1695 2010 1758 amat,

2110 535 2206 590 Dei
2244 539 2417 606 atque
2448 535 2755 602 rationem,
2790 538 3024 608 quando
3061 540 3217 595 venit
3251 542 3527 597 Dominus
3563 544 3759 613 Jesus,

2109 629 2164 680 et
2195 625 2462 696 praecepit
2493 625 2797 698 discipulis
2831 626 2953 682 suis
2985 632 3049 682 ut
3078 633 3281 683 euntes
3313 630 3601 686 solverent
3631 633 3755 704 pul-

2107 713 2232 768 lum
2267 715 2465 778 asinae,
2499 714 2595 785 qui
2630 714 2792 785 prius
2823 715 3049 770 vinctus
3084 717 3289 782 fuerat,
3334 724 3398 772 ut
3432 719 3574 775 liber
3601 723 3755 778 ince-

2112 801 2539 858 deret.Solutus
2571 803 2768 874 itaque
2799 803 2994 875 pullus
3025 807 3203 861 asinze
3237 807 3549 862 adducitur
3577 813 3646 864 ad
3671 814 3761 866 Je-

2115 908 2270 962 sum,
2303 893 2370 946 ad
2407 893 2576 961 cujus
2611 892 2958 948 solutionem
2995 895 3232 951 mittens
3264 896 3583 969 discipulos
3617 899 3763 954 dixi-

2114 984 2203 1036 rat
2236 997 2247 1036 :
2281 981 2341 1036 Si
2370 982 2487 1051 quis
2515 997 2605 1036 vos
2637 982 3051 1053 interrogaveril
3079 1000 3248 1055 quare
3277 987 3490 1040 solvitis
3519 991 3763 1055 pullum,

2113 1069 2280 1126 dicite
2317 1071 2371 1124 ei
2389 1071 2558 1143 ‘quia
2609 1070 2873 1124 Dominus
2930 1075 3297 1127 necessarium
3356 1076 3516 1129 illum
3570 1075 3757 1132 habet.

2117 1158 2280 1214 Multi
2311 1165 2469 1213 erant
2505 1158 2724 1214 domini
2783 1158 2960 1230 hujus
2996 1160 3136 1232 pulli
3169 1163 3244 1233 (8)
3277 1169 3592 1234 antequam
3633 1164 3765 1220 Sal-

2115 1251 2277 1302 vator
2333 1261 2468 1301 eum
2528 1245 2766 1301 haberet
2816 1249 3210 1304 necessarium
3270 1257 3579 1323 postquam
3631 1269 3765 1308 vero

2118 1335 2212 1391 ille
2244 1335 2414 1407 coepit
2443 1351 2570 1390 esse
2601 1336 2897 1403 dominus,
2932 1335 3129 1408 plures
3160 1339 3380 1394 domini
3412 1357 3538 1396 csse
3573 1358 3764 1396 cessa-

2112 1428 2341 1480 verunt.
2377 1423 2555 1480 Nemo
2587 1425 2740 1480 enim
2772 1430 2961 1496 potest
2993 1426 3106 1482 Deo
3147 1429 3360 1482 servire
3391 1435 3448 1484 et
3479 1446 3768 1485 mammo-

2122 1532 2227 1569 nae.
2263 1514 2504 1580 Quando
2561 1514 2796 1568 malitia:
2853 1514 3245 1587 servierimus,
3309 1517 3510 1572 multis
3562 1535 3771 1576 sumus

2123 1603 2500 1675 passionibus
2521 1602 2794 1674 vitiisque
2825 1604 3093 1675 subjecti.
3117 1605 3369 1674 Solvitur
3390 1623 3526 1679 ergo
3551 1607 3774 1678 pullus,

2124 1692 2262 1766 quia
2324 1692 2606 1747 Dominus
2658 1692 3055 1748 necessarium
3089 1709 3222 1750 cum
3256 1695 3450 1750 habet.
3488 1695 3600 1751 Vos
3631 1697 3774 1754 estis

363 1787 467 1859 qui
500 1785 810 1852 desiderat,
847 1785 1139 1856 imperant
1176 1783 1227 1838 ei
1272 1783 1526 1856 singula,
1578 1787 1749 1854 prout
1786 1787 2011 1853 pertur-
2050 1825 2094 1888 Β
2126 1781 2324 1854 pullus
2374 1781 2572 1848 asinar,
2625 1781 2764 1853 quid
2815 1783 2987 1836 vestri
3022 1783 3202 1838 Filius
3246 1784 3345 1839 Dei
3382 1786 3778 1842 necessarium

361 1874 701 1932 hationibus
749 1873 926 1930 variis
987 1873 1341 1946 possidetur.
1403 1874 1536 1938 Quae
1569 1871 1770 1927 omnia
1799 1885 2012 1942 cogno-

365 1969 618 2030 scentes,
666 1968 724 2020 et
775 1979 953 2034 quam
1003 1963 1196 2017 multa
1245 1963 1364 2017 sint
1407 1978 1620 2035 genera
1677 1974 2011 2032 regnorum,

364 2069 680 2127 surgamus
709 2067 1128 2125 precemurque
1171 2052 1376 2117 Deum,
1422 2056 1486 2105 ut
1531 2049 1755 2106 auferat
1784 2067 1817 2104 a
1847 2048 2016 2104 nobis

366 2160 614 2219 regnum
647 2142 894 2212 inimici,
941 2146 998 2197 et
1029 2142 1324 2214 possimus
1382 2141 1490 2196 sub
1551 2156 1728 2213 regno
1757 2156 1886 2195 esse
1916 2136 2014 2192 Dei

367 2232 812 2306 omnipotentis,
844 2230 902 2285 id
954 2234 1043 2286 est
1099 2231 1207 2286 sub
1260 2245 1436 2302 regno
1480 2228 1800 2300 sapientiae,
1837 2226 2016 2300 pacis,

359 2321 632 2396 justitiae,
657 2319 938 2387 veritatis,
964 2333 1089 2392 quae
1112 2326 1320 2374 cuncta
1343 2320 1401 2374 in
1429 2318 1728 2390 unigenito
1752 2317 1849 2372 Dei
1878 2315 2018 2372 Filio

366 2410 803 2483 intelliguntur,
836 2409 930 2465 cui
961 2413 1048 2465 est
1078 2408 1264 2482 gloria
1292 2412 1347 2464 et
1378 2407 1689 2480 imperium
1722 2423 1778 2460 1n
1814 2404 2022 2461 saecula

372 2499 748 2559 saeculorum.
781 2504 990 2555 Amen.

731 2623 878 2680 861
915 2624 1016 2680 02
1059 2621 1362 2678 [IOMILIA
1406 2621 1667 2677 XXXVII.

372 2717 454 2772 De
497 2731 557 2771 eo
604 2713 747 2786 quod
794 2731 827 2768 a
873 2713 1159 2838 discipiélis
1203 2712 1389 2783 pullus
1431 2713 1602 2766 asina:
1667 2711 1876 2766 solutus
1924 2714 2020 2764 est.

1095 2801 1188 2838 ιιι).
1222 2800 1335 2838 XIX.

1095 2801 1188 2855 ap.
1222 2800 1335 2838 x1x.

452 2913 688 2966 Lectum
721 2912 808 2965 est
838 2908 895 2963 in
928 2907 1238 2980 Evangelio
1270 2907 1592 2962 secundum
1625 2907 2024 2976 Lucam,quo-

381 3001 576 3066 modo,
605 3015 738 3054 cum
780 2998 1035 3052 venisset
1067 2996 1326 3051 Salvator
1356 2996 1716 3067 Bethphage,
1746 3000 1798 3049 et
1831 2993 2030 3048 Betha-

379 3090 539 3146 niam
558 3089 729 3160 juxta
751 3092 1006 3142 montem
1030 3085 1236 3140 Oliveti
1261 3084 1484 3140 miserit
1505 3084 1652 3138 duos
1674 3100 1704 3138 e
1725 3079 2031 3153 discipulis

381 3178 527 3245 suis,
553 3183 621 3232 ut
653 3174 940 3231 solverent
967 3173 1190 3246 pullum
1225 3174 1422 3239 asinae,
1448 3173 1546 3244 qui
1574 3173 1803 3226 vinctus
1833 3176 1955 3225 erat
1974 3173 2031 3225 et
2063 3198 2105 3264 ρ

381 3283 561 3340 super
575 3281 750 3336 quem
769 3262 966 3318 nullus
981 3263 1286 3318 hominum
1301 3261 1614 3333 aliquando
1627 3259 2033 3321 θεάσῃ-ιιι.ουοά

382 3355 617 3428 quidem
644 3353 789 3408 mihi
816 3352 1046 3407 videtur
1076 3351 1268 3422 magis
1303 3352 1373 3406 ad
1409 3351 1672 3406 altiorem
1707 3347 2034 3419 intelligen-

383 3445 735 3515 tiam,quam
769 3441 840 3496 ad
877 3439 1206 3512 simplicem
1242 3439 1546 3494 historiam
1578 3435 1884 3509 pertinere.
1918 3435 2040 3491 Asi-

388 3537 529 3600 nus";
557 3532 788 3587 vinctus
820 3533 962 3585 erat.
998 3527 1246 3582 Ubinam
1274 3527 1302 3582 ?
1348 3527 1556 3581 Contra
1603 3524 1939 3596 Bethphage
1983 3528 2040 3580 et

391 3621 755 3678 Bethaniam.
809 3618 850 3672 Ε
897 3619 1111 3688 qunbus
1159 3616 1438 3671 Bethania
1502 3615 1918 3685 interpretatur
1966 3613 2038 3682 (7)

390 3711 580 3768 domus
605 3707 943 3776 obedientiae,
991 3705 1324 3777 Bethphage
1378 3720 1530 3773 vero,
1562 3703 1748 3758 domus
1779 3703 2039 3757 maxilla-

393 3816 522 3856 rum
547 3817 560 3854 :
585 3794 966 3854 sacerdotalis
989 3795 1228 3866 quidam
1261 3794 1422 3850 locus
1451 3791 1724 3848 :maxillas
1756 3791 1913 3846 enim
1947 3808 2040 3845 sa-

399 3887 738 3946 cerdotibus
768 3886 1078 3953 dabantur,
1113 3884 1264 3938 sicut
1286 3883 1342 3937 in
1376 3883 1500 3954 lege
1523 3881 1870 3953 prmcipitur.
1899 3879 2041 3934 Illuc

397 3991 540 4048 ergo
573 3974 668 4028 ubi
700 3972 1043 4043 obedientia,
1071 3972 1166 4026 ubi
1195 3971 1354 4027 locus
1385 3969 1787 4026 sacerdotibus
1820 3968 2040 4023 manci-

403 4071 609 4139 patus,
642 4062 821 4118 mittit
849 4061 1112 4117 Salvator
1159 4059 1482 4132 discipulos
1535 4075 1693 4127 suos,
1727 4062 1792 4112 ut
1823 4056 2050 4112 solvant

395 4153 628 4230 pullum
659 4152 834 4209 asine
865 4169 1040 4223 super
1090 4167 1262 4222 quem
1317 4148 1514 4204 nullus
1567 4146 1876 4201 hominum
1936 4143 2043 4199 ali-

396 4243 631 4316 quando
663 4242 1094 4298 sederat.Porro
1129 4238 1268 4310 quid
1299 4237 1455 4292 aliud
1492 4252 1668 4306 super
1699 4233 1929 4290 asinum
1963 4248 2048 4288 se-

393 4333 529 4389 dere
561 4335 750 4403 potest
781 4329 1004 4400 absque
1029 4325 1312 4383 homine?
1342 4324 1484 4380 Volo
1520 4323 1822 4396 paulisper
1851 4338 2042 4377 exem-

395 4423 562 4495 plum
593 4435 845 4484 sumere,
879 4423 942 4473 ut
973 4417 1129 4490 quod
1164 4416 1430 4471 dicturus
1465 4431 1618 4480 sum,
1653 4413 1839 4484 possit
1870 4409 2044 4466 intel-

391 4511 517 4584 ligi.
544 4508 837 4581 Scriptum
879 4513 966 4563 est
995 4507 1052 4562 in
1087 4506 1238 4561 Isaia
1284 4506 1328 4540 πθ
1379 4520 1391 4559 :
1449 4505 1585 4560 Visio
1632 4499 2047 4574 quadrupedum

392 4603 456 4656 in
483 4599 842 4656 tribulatione
869 4601 920 4670 et
950 4597 1288 4668 angustia,et
1319 4592 1564 4664 reliqua,
1598 4607 1786 4663 usque
1809 4591 1879 4645 ad
1913 4605 2046 4644 eum

395 4689 591 4745 locum
645 4687 745 4742 ubi
777 4686 858 4741 ait
889 4703 901 4741 :
937 4688 1056 4741 Non
1086 4683 1385 4756 proderunt
1413 4685 1490 4739 eis
1536 4681 1748 4736 divitiae
1777 4678 2052 4749 aspidum.

398 4775 816 4848 Unusquisque
847 4779 1114 4829 nostrum
1157 4771 1481 4828 consideret
1511 4773 1764 4840 quantas
1799 4784 1937 4839 Opes
1964 4784 2053 4823 as-

395 4867 600 4939 pidum
624 4869 757 4920 ante
774 4861 1370 4937 portaverit,quantas
1394 4858 1626 4914 divitias
1650 4857 2056 4923 bestiarum,et

403 4955 698 5029 quomodo
760 4969 1063 5025 nunquam
1099 4948 1462 5006 rationabilis
1494 4947 1667 5003 homo
1710 4944 1925 5001 sederit
1955 4962 2053 5000 su-

400 5062 506 5120 per
535 5045 767 5102 asinum
804 5048 1091 5109 nostrum,
1120 5057 1233 5096 non
1267 5055 1459 5095 sermo
1489 5037 1692 5109 Moysi,
1725 5029 1837 5090 non
1872 5035 2051 5104 Isaiae,

400 5149 521 5190 non
551 5132 837 5200 Jeremite,
890 5147 994 5186 nec
1045 5130 1402 5200 reliquorum
1434 5126 1701 5182 omnium
1745 5123 2052 5197 propheta-

2126 1870 2344 1927 habet?
2377 1870 2514 1942 quid
2550 1887 2582 1926 a
2605 1870 2766 1925 vobis
2798 1872 3054 1942 expetit?
3080 1876 3269 1928 salute
3294 1878 3484 1928 vestra
3507 1892 3654 1946 npus
3684 1875 3780 1931 ha-

2125 1961 2240 2030 bet,
2296 1958 2581 2030 cupitvos
2630 1958 2770 2013 solvi
2821 1959 3067 2014 vinculis
3119 1968 3506 2032 peccatorum.
3564 1965 3778 2020 Deinde

2129 2049 2366 2104 mittunt
2397 2047 2671 2119 discipuli
2701 2053 2888 2102 vestes
2919 2065 3057 2103 suas
3087 2065 3262 2119 super
3308 2051 3561 2117 asinum,
3595 2057 3652 2106 et
3679 2068 3776 2107 se-

2126 2139 2261 2193 dere
2293 2137 2514 2192 faciunt
2533 2136 2910 2192 Salvatorem.
2935 2143 3263 2192 Assumunt
3294 2155 3621 2194 sermonem
3651 2140 3775 2207 Dei,

2129 2231 2186 2282 et
2215 2226 2527 2298 imponunt
2555 2242 2688 2280 eum
2721 2243 2900 2298 super
2944 2227 3170 2282 animas
3201 2228 3556 2284 auditorum.
3594 2228 3779 2284 Vesti-

2131 2317 2239 2371 bus
2270 2319 2583 2380 exuuntur,
2642 2315 3027 2370 substernunt
3056 2331 3154 2370 eas
3213 2316 3269 2371 in
3300 2316 3408 2371 via.
3459 2322 3644 2388 Super
3677 2334 3806 2372 nos-

2132 2408 2272 2461 sunt
2318 2404 2664 2458 vestimenta
2695 2404 3094 2474 apostolorum
3129 2422 3142 2460 :
3178 2422 3354 2477 opera
3383 2423 3583 2461 earum
3612 2407 3781 2473 bona,

2132 2497 2475 2550 ornamenta
2503 2499 2704 2549 nostra
2733 2499 2891 2560 sunt,
2924 2493 3126 2548 volunt
3156 2494 3400 2566 apostoli
3437 2495 3780 2551 indumenta

2134 2601 2241 2639 sua
2272 2583 2477 2638 calcari
2511 2601 2542 2638 a
2571 2583 2759 2638 nobis.
2795 2584 2863 2638 Et
2913 2599 3110 2638 revera
3149 2583 3374 2638 solutus
3408 2601 3441 2640 a
3470 2584 3777 2656 discipulis

2135 2673 2357 2738 asinus,
2391 2679 2447 2728 et
2478 2678 2716 2744 portans
2745 2673 2971 2738 Jesum,
3007 2673 3210 2728 incidit
3230 2689 3406 2744 super
3434 2674 3783 2728 vestimenta

2137 2762 2801 2835 apostolorum,quando
2837 2762 3158 2816 doctrinam
3206 2778 3406 2817 eorum
3442 2763 3705 2816 imitatur
3733 2769 3790 2817 ct

2136 2853 2336 2908 vitam.
2372 2853 2510 2915 Quis
2571 2855 2836 2905 nostrum
2870 2851 2950 2905 ita
2981 2851 3185 2906 beatus
3223 2855 3332 2919 est,
3368 2855 3431 2904 ut
3461 2851 3656 2905 sedeat
3687 2867 3788 2905 su-

2143 2959 2242 3013 per
2275 2941 2435 2995 illum
2464 2944 2637 2995 Jesus
2667 2940 2694 2993 ?
2725 2940 2829 3004 Qui
2877 2939 3139 3011 quandiu
3168 2939 3226 2992 in
3260 2944 3455 2993 monte
3490 2937 3619 3003 fuit,
3653 2954 3788 2993 cum

2141 3031 2265 3085 suis
2296 3028 2575 3100 apostolis
2607 3029 2946 3082 morabatur
2977 3045 2989 3082 :
3025 3028 3258 3098 quando
3289 3043 3421 3082 vero
3451 3025 3622 3098 coepit
3651 3026 3788 3081 vici-

2145 3137 2254 3175 nus
2289 3135 2417 3174 esse
2447 3116 2776 3184 descensui,
2809 3122 2934 3171 tum
2979 3115 3230 3170 occurrit
3259 3116 3308 3170 ei
3345 3116 3517 3171 turba
3545 3115 3788 3187 populo-

2179 3224 2294 3262 urn.
2331 3209 2384 3260 Si
2418 3223 2531 3260 non
2564 3205 2818 3260 venisset
2847 3205 2916 3259 ad
2943 3205 3312 3271 descensum,
3338 3221 3452 3259 non
3485 3203 3535 3258 ei
3567 3209 3794 3276 poterat

2147 3312 2444 3353 occurrere
2468 3293 2801 3349 multitudo.
2835 3293 3436 3365 Descendit,seditque
3467 3310 3644 3366 super
3667 3293 3792 3366 pul-

2148 3387 2267 3442 lum
2301 3386 2561 3448 asinae,et
2586 3388 2778 3438 omnis
2812 3383 3062 3455 populus
3085 3398 3221 3438 voce
3239 3399 3493 3438 consona
3517 3382 3793 3438 laudabat

2150 3477 2354 3531 Deum.
2388 3473 2548 3538 Quod
2584 3471 2852 3527 Pharisaei
2875 3472 3156 3540 videntes,
3199 3471 3467 3526 dicebant
3493 3471 3738 3526 Domino
3774 3489 3787 3527 :

2153 3568 2382 3635 Increpa
2437 3577 2542 3616 eos.
2597 3563 2821 3626 Quibus
2876 3559 2970 3614 ille
3021 3559 3321 3630 respondit
3369 3560 3431 3615 Si
3477 3563 3569 3614 isti
3609 3568 3795 3616 tacue-

2149 3657 2283 3725 rint,
2325 3652 2537 3724 lapides
2824 3650 3158 3704 clamabunt.
3203 3651 3444 3712 Quando
3479 3665 3582 3704 nos
3614 3649 3800 3721 loqui-

2152 3761 2304 3810 mur,
2339 3741 2560 3814 lapides
2590 3739 2765 3794 silent
2797 3756 2809 3794 :
2847 3739 3080 3811 quando
3121 3755 3226 3793 nos
3255 3743 3539 3808 tacemus,
3573 3737 3796 3810 lapides

2151 3834 2423 3889 clamant.
2459 3831 2653 3884 Potest
2707 3829 2864 3884 enim
2897 3827 3182 3883 Dominus
3213 3829 3282 3882 de
3312 3827 3607 3898 lapidibus
3664 3829 3792 3884 istis

2152 3921 2435 3978 suscitare
2467 3920 2616 3973 ﬁlios
2651 3917 2894 3972 Abrahae
2925 3918 2989 3971 ⁸ο.
3023 3919 3145 3982 Quo
3184 3922 3445 3988 tempore
3497 3934 3601 3971 nos
3642 3923 3798 3972 tace-

2154 4009 2378 4066 bimus‘?
2392 4009 2631 4074 Quando
2646 4006 3200 4062 reirixeritcharitas
3217 4007 3800 4075 multorum,quando

2152 4099 2296 4154 illud
2325 4099 2479 4170 quod
2513 4114 2547 4151 a
2601 4096 2896 4151 Salvatore
2950 4095 3323 4166 praedicatum
3357 4100 3466 4162 est,
3501 4095 3672 4148 fuerit
3700 4095 3806 4150 im-

2155 4188 2377 4260 pletum
2410 4204 2421 4240 :
2457 4190 2626 4240 Putas
2656 4186 2879 4241 veniens
2906 4185 3079 4238 Filius
3106 4185 3343 4238 hominis
3378 4184 3615 4238 inveniet
3642 4185 3804 4252 fidem

2153 4293 2318 4348 super
2348 4285 2552 4331 terram
2581 4276 2618 4308 ⁸³
2644 4274 2670 4327 ?
2700 4277 3009 4344 Propterea
3067 4272 3297 4326 Domini
3339 4272 3798 4328 misericordiam

2155 4362 2835 4438 deprecemur,nc,nobis
2867 4361 3215 4429 tacentibus,
3248 4362 3472 4434 lapides
3502 4361 3802 4418 clamitent

2157 4455 2256 4510 sed
2288 4454 2599 4526 loquamur
2627 4456 2685 4506 et
2713 4450 3024 4506 laudemus
3057 4456 3235 4507 Deum
3270 4453 3326 4507 in
3359 4453 3609 4519 Patre,et
3640 4451 3807 4518 Filio,

2082 4573 2125 4638 Β
2158 4549 2214 4599 et
2241 4543 2454 4615 Spiritu
2487 4546 2688 4596 sancto
2721 4559 2733 4596 :
2763 4541 2855 4596 cui
2878 4545 2966 4596 est
2989 4541 3174 4615 gloria
3195 4547 3249 4598 et
3275 4542 3586 4614 imperium
3612 4541 3671 4594 in
3703 4556 3806 4595 sae-

2163 4632 2295 4689 cula
2325 4631 2694 4688 saeculorum.
2732 4633 2928 4686 Amen.

2481 4721 2635 4777 363
2667 4721 2769 4775 64
2833 4720 3137 4775 IlOMlLIA
3194 4720 3488 4774 XXXVIII.

2167 4819 2241 4870 De
2265 4828 2324 4867 eo
2358 4811 2492 4884 quod
2547 4813 2808 4884 scriptum
2865 4813 2942 4864 est
3000 4828 3018 4862 :
3078 4833 3102 4884 ᾳ
3141 4810 3275 4863 Cum
3305 4819 3484 4864 autem
3515 4811 3808 4880 appropin-

2233 4882 2463 4955 quasset,
2499 4884 2634 4937 vidit
2657 4883 2954 4955 ciuitatem,
2987 4889 3036 4935 el
3065 4882 3214 4955 ﬂevit
3242 4897 3405 4950 super
3423 4897 3562 4943 eum,
3593 4905 3612 4928 ι
3641 4896 3811 4955 usque

2233 4952 2303 5011 ad
2330 4973 2453 5012 eum
2483 4957 2657 5010 locum
2689 4954 2782 5007 ubi
2810 4953 2888 5007 ait
2945 4970 2964 5005 :
3015 4972 3040 5002 (ι
3069 4953 3242 5022 Ejecit
3291 4968 3472 5006 omnes
3526 4952 3810 5008 vendentes

2233 5029 2530 5083 columbas.
2565 5043 2692 5098 cap.
2727 5041 2840 5079 xxx.

2165 5120 2297 5175 Cum
2354 5118 2839 5188 appmpinqunssel
2903 5114 3209 5170 Jerusalem
3284 5115 3544 5170 Dominus
3608 5117 3811 5182 noster,

477 5284 518 5320 ⁷⁸
567 5284 734 5341 Rom.
769 5299 845 5351 v1,
900 5284 984 5339 12.
1045 5283 1088 5317 "'9
1117 5283 1256 5354 Cap.
1289 5295 1420 5345 xxx,
1453 5294 1604 5335 vers.
1635 5278 1690 5332 5.
1754 5276 1798 5312 ⁸ο
1829 5276 1966 5331 Luc.
2003 5291 2088 5346 ιιι,
2127 5274 2180 5327 8.
2249 5272 2292 5306 ⁸¹
2328 5270 2464 5324 Luc.
2497 5282 2654 5332 xviii,
2687 5266 2740 5318 8.

477 5454 552 5528 (7)
583 5452 794 5528 Confer
821 5453 878 5508 S.
931 5450 1262 5524 Hieronymi
1294 5449 1473 5528 libros
1516 5447 1808 5528 li'ominum
1870 5445 2060 5528 Hebr.”

407 5516 626 5598 etque:
653 5525 726 5581 ad
760 5525 967 5581 harum
1001 5516 1207 5598 vocu'm
1248 5517 1637 5598 etymologiae
1659 5534 1764 5572 nos
1796 5516 2062 5598 animad-

399 5588 685 5656 vertimus
720 5612 733 5653 :
774 5613 888 5654 non
921 5595 1102 5654 semel
1156 5588 1730 5667 Bethphage'villam
1757 5588 2061 5646 sacerdota-

406 5671 552 5739 βαίη
575 5668 946 5734 maxillarum
973 5669 1411 5746 interpretatur.

2244 5443 2320 5512 (8)
2353 5437 2679 5495 Recolenda
2710 5436 2886 5512 hujus
2919 5435 3026 5492 loci
3064 5438 3506 5512 Ilieronymiana
3528 5436 3816 5512 expositio

2173 5514 2230 5569 in
2267 5509 2659 5585 Commenl._‘in
2693 5509 3036 5568 Meliboeam.
3087 5527 3212 5584 quaa
3246 5509 3452 5568 iisdem
3486 5509 3655 5585 plane
3687 5524 3821 5567 con-

2174 5586 2390 5644 texitur
2421 5581 2712 5640 sensibus.
