4058 6190
288 332 405 405 ΒὲἸ

1539 329 1604 394 S.
1650 324 1963 394 EUSEBII
2007 324 2452 392 HIERONYMI

3582 322 3701 392 328

290 476 479 532 videns
508 485 630 528 eam
659 464 807 541 ﬂevit
835 472 888 526 et
933 462 1079 525 dixit
1121 486 1139 523 :
1190 468 1251 523 Si
1296 481 1633 537 cognosceres
1666 469 1715 521 et
1764 473 1823 521 tu
1872 466 1931 519 in
1961 467 2017 533 Α
2045 464 2184 520 riosi
2216 463 2340 535 filii,
2376 466 2475 538 qui
2506 464 2901 522 substantiam
2935 476 3104 521 suam
3126 461 3351 536 accepit
3382 479 3416 518 a
3443 466 3627 536 patre,
3644 467 3706 520 et

295 566 384 620 die
415 566 517 618 ista
547 577 667 633 quae
696 560 767 616 ad
792 575 985 632 pacem
1011 566 1140 614 sunt
1168 557 1302 619 tibi;
1331 573 1479 611 nunc
1506 563 1688 611 autem
1716 554 1941 610 abscon-

293 654 412 709 dita
441 659 570 706 sunt
592 649 660 705 ab
688 649 862 705 oculis
891 649 1022 718 tuis,
1071 662 1332 719 quoniam
1382 646 1600 700 venient
1634 644 1753 699 dies
1779 659 1945 715 super

286 747 357 808 te,
390 743 443 795 et
463 737 904 795 circumdabant
931 740 981 791 te
1012 736 1229 790 inimici
1255 737 1341 791 tui
1368 734 1535 789 rallo.
1567 733 1943 787 Sacramenta

285 838 426 887 sunt
451 845 575 901 quas
635 814 931 892 dicuntur,
983 829 1040 879 et
1097 838 1425 895 speramus,
1473 821 1762 893 pandente
1803 825 1938 889 Deo,

279 920 505 992 aperire
563 932 735 989 posse
782 915 937 986 quod
980 912 1191 968 latitat.
1234 911 1498 966 Primum
1532 927 1668 982 ergo
1699 911 1771 964 de
1801 909 1938 964 ﬁetu

284 1011 415 1081 ejus
437 1006 749 1062 videndum
765 1003 1004 1059 .Omnes
1020 999 1420 1072 longitudines
1433 1016 1580 1072 quas
1601 999 1832 1054 locutus
1852 1001 1941 1052 est

282 1099 340 1152 in
374 1094 682 1167 Evangelio
713 1097 1024 1164 Jesus,suo
1057 1090 1255 1144 ﬁrmat
1274 1088 1559 1160 exemplo,
1583 1087 1812 1158 etquod
1843 1086 1939 1140 do-

284 1184 423 1256 cuit,
474 1200 576 1255 pro
624 1180 961 1238 testimonio
1014 1178 1242 1251 probat.
1290 1178 1466 1247 Beati,
1525 1175 1717 1247 inquit
1736 1176 1781 1209 ⁸²
1824 1177 1939 1230 mi-

279 1282 378 1332 tes.
412 1273 558 1329 Huic
588 1270 781 1328 simile
810 1275 899 1325 est
952 1270 1022 1324 de
1069 1267 1384 1339 semetipso
1439 1283 1451 1320 :
1509 1267 1707 1321 Discite
1735 1282 1769 1319 a
1825 1280 1934 1331 me,

282 1365 552 1437 quoniam
584 1363 738 1416 mitis
785 1376 904 1414 sum
933 1359 997 1414 ⁸³.
1042 1358 1198 1413 Beati
1238 1356 1459 1424 paciﬁci
1506 1355 1551 1389 3‘
1602 1371 1615 1408 :
1678 1359 1736 1409 et
1782 1353 1934 1409 alius

282 1454 364 1509 ita
394 1451 697 1524 paciﬁcus,
745 1454 810 1503 ut
838 1446 1120 1504 Dominus
1179 1461 1344 1499 meus
1375 1442 1677 1513 Jesus,qui
1707 1447 1797 1498 est
1826 1460 1935 1512 pax

286 1547 507 1607 nostra,
536 1539 636 1612 qui
666 1537 836 1594 solvit
864 1535 1254 1603 inimicitiam,
1288 1540 1344 1589 et
1374 1534 1429 1587 in
1465 1549 1572 1587 sua
1601 1548 1725 1586 eam
1761 1548 1934 1587 carne

282 1628 620 1686 destruxit?
650 1627 805 1681 Beati
824 1626 921 1696 qui
942 1624 1374 1696 persecutionem
1395 1623 1689 1692 patiuntur
1715 1623 1935 1691 propter

271 1719 557 1791 justitiam
613 1717 677 1770 ⁸⁵.
736 1714 917 1769 Nemo
976 1712 1056 1766 sic
1107 1709 1569 1783 persecutionem
1603 1724 1815 1780 passus
1843 1714 1932 1764 est

2054 554 2323 610 universa
2374 555 2625 627 perdidit
2670 553 2850 610 nimie
2905 554 3158 626 potando
3200 553 3264 607 ⁸⁸.
3297 552 3356 609 Si
3389 551 3522 624 quis
3568 569 3707 624 ergo

2051 641 2266 710 vendit,
2298 643 2548 711 eiicitur,
2609 642 2898 715 praecipue
2945 642 2991 698 si
3044 642 3331 698 vendebat
3376 640 3704 698 columbas.

2052 730 2240 794 Quare
2269 731 2415 786 alios
2446 749 2580 788 aves
2630 749 2744 787 non
2778 731 2975 803 posuit
3023 730 3136 786 nisi
3184 729 3485 786 columbas
3513 729 3543 785 ‘l
3593 731 3708 786 Hoc

2052 819 2264 875 animal
2306 820 2559 893 simplex
2607 826 2715 886 est,
2769 825 2826 876 et
2872 821 3171 876 decorum.
3203 819 3416 875 Vereor
3458 835 3531 875 ne
3560 823 3617 875 et
3645 818 3714 895 iu

2050 911 2219 965 nobis
2249 909 2454 964 vitium
2478 909 2652 965 istius
2678 909 2837 964 modi
2859 909 3351 981 deprehendatur.
3375 907 3434 963 Si
3462 908 3619 964 enim
3641 923 3711 966 ea

2049 1014 2176 1069 quae
2209 997 2353 1052 mihi
2373 1015 2406 1052 a
2431 1003 2636 1053 sancto
2667 997 2890 1070 Spiritu
2926 996 3178 1053 revelata
3207 1001 3431 1063 suut,et
3459 995 3706 1066 credita,

2049 1092 2114 1141 ut
2155 1088 2214 1141 in
2244 1087 2457 1159 vulgus
2486 1088 2774 1152 eﬂ‘errem,
2812 1086 2998 1158 pretio
3028 1086 3361 1155 vendidero,
3394 1093 3451 1142 et
3480 1086 3707 1158 absque

2048 1177 2313 1231 mercede
2346 1193 2459 1231 non
2493 1177 2912 1248 docuero,quid
2947 1175 3106 1232 aliud
3141 1176 3315 1246 facio,
3348 1175 3463 1232 nisi
3487 1174 3709 1232 colum-

2048 1264 2172 1331 bas,
2198 1264 2257 1319 id
2287 1270 2377 1320 est
2403 1265 2682 1336 Spiritum
2733 1270 2999 1320 sanctum
3049 1264 3288 1321 vendo?
3343 1263 3527 1327 Quem
3570 1279 3704 1320 cum

2044 1353 2378 1419 vendidero,
2408 1354 2608 1426 ejicior
2636 1355 2707 1409 de
2736 1354 2952 1426 templo
2981 1354 3099 1409 Dei.
3134 1354 3499 1426 Quapropter
3525 1368 3696 1426 roge-

2044 1460 2179 1498 mus
2203 1442 2606 1512 Dominum,ut
2625 1459 2828 1498 omnes
2856 1459 3102 1499 emanus
3137 1443 3330 1513 potius
3361 1458 3536 1513 quam
3570 1458 3703 1497 ven-

2043 1532 2274 1586 damus.
2309 1531 2367 1586 Si
2398 1531 2553 1587 enim
2587 1548 2702 1586 non
2734 1530 3620 1604 vendiderimus,cognoscimus
3646 1536 3706 1587 et

2041 1618 2429 1691 intelligimus
2452 1619 2702 1675 salutem
2736 1625 2994 1676 nostram
3020 1636 3033 1677 :
3065 1620 3327 1692 alioquin
3353 1618 3573 1675 inimici
3598 1619 3708 1675 cir-

2042 1708 2406 1764 cumdabunt
2457 1709 2673 1779 urbem,
2718 1714 3002 1764 nostram.
3056 1709 3217 1775 Quod
3271 1708 3319 1764 si
3371 1707 3551 1764 semel
3588 1724 3698 1765 nos

282 1802 855 1880 propterjustitiam,
884 1805 948 1855 ut
985 1800 1270 1855 Dominus
1296 1802 1491 1864 Jesus,
1525 1796 1623 1868 qui
1666 1813 1767 1868 pro
1798 1813 1929 1869 pec-
1962 1834 2010 1899 Β
2040 1797 2322 1853 exercitus
2353 1796 2581 1853 hostilis
2610 1797 3171 1870 cinxerit,lacrymas
3204 1797 3303 1853 Dei
3344 1815 3459 1853 non
3504 1813 3694 1855 mere-

283 1895 429 1951 catis
461 1893 680 1950 nostris
710 1891 1024 1950 crucifixus
1074 1894 1182 1944 est.
1230 1887 1444 1943 Omnes
1475 1886 1657 1958 igitur
1687 1887 1932 1941 beatitu-

281 1985 448 2041 dines
478 1982 538 2038 in
571 1980 885 2052 semetipso
918 1977 1202 2034 Dominus
1235 1976 1509 2033 ostendit.
1544 1975 1623 2030 Ad
1657 1991 1832 2059 quam
1865 1975 1939 2030 si-

283 2071 677 2129 militudinem
731 2067 905 2125 etiam
965 2066 1109 2122 illud
1143 2065 1296 2138 quod
1328 2064 1569 2132 dixerat,
1602 2064 1762 2119 Beati
1792 2065 1937 2119 ﬁen-

285 2169 363 2218 tes
382 2163 446 2226 ⁸⁸,
479 2161 605 2233 ipse
637 2157 810 2223 flevit,
844 2163 909 2212 ut
938 2156 1117 2227 hujus
1166 2170 1398 2226 quoque
1442 2153 1823 2209 beatitudinis
1842 2153 1935 2224 ja-

286 2256 440 2307 ceret
470 2249 869 2304 fundamenta.
929 2245 1112 2300 Flevit
1142 2248 1337 2298 autem
1369 2259 1547 2313 super
1582 2241 1930 2309 Jerusalem,

284 2342 491 2397 dicens
527 2356 540 2394 :
574 2337 634 2393 Si
688 2335 1019 2407 cognovisses
1048 2338 1100 2387 et
1139 2336 1198 2386 tu
1229 2334 1289 2386 in
1318 2331 1405 2386 die
1432 2333 1537 2386 ista
1566 2345 1691 2400 qua:
1727 2331 1797 2385 ad
1841 2348 1935 2401 pa-

279 2446 395 2484 cem
436 2437 565 2483 sunt
594 2425 715 2493 tibi,
749 2438 894 2477 nunc
924 2430 1104 2476 autem
1161 2419 1473 2475 abscondita
1507 2422 1634 2474 sunt
1659 2419 1727 2474 ab
1756 2421 1931 2475 oculis

279 2519 408 2587 tuis,
443 2520 500 2571 et
543 2513 789 2583 reliqua,
844 2526 1030 2582 usque
1081 2510 1152 2564 ad
1185 2524 1319 2563 eum
1354 2507 1544 2562 locum
1573 2506 1670 2562 ubi
1701 2508 1782 2562 ait
1816 2525 1828 2562 :
1856 2509 1930 2563 Eo

280 2607 424 2677 quod
455 2620 564 2659 non
614 2600 924 2671 cognoveris
974 2606 1182 2668 tempus
1233 2597 1564 2652 visilationis
1601 2600 1733 2652 tua.
1769 2596 1932 2652 Dicat

272 2694 493 2766 aliquis
527 2692 863 2746 auditorum
913 2704 925 2742 :
964 2686 1270 2741 Manifesta
1301 2690 1438 2740 sunt
1469 2701 1596 2755 qua:
1628 2685 1925 2757 dicuntur,

275 2789 332 2841 et
361 2798 532 2856 Opere
562 2778 855 2851 completa
885 2778 955 2833 de
977 2775 1323 2832 Jerusalem.
1344 2774 1742 2829 Circumdedit
1769 2773 1927 2829 enim

277 2888 408 2929 eam
441 2870 740 2926 Romanus
765 2866 1139 2932 exercitus,et
1159 2865 1230 2919 ad
1249 2862 1713 2918 internecionum
1739 2879 1927 2935 usque

275 2959 901 3031 vastavit,tempusquc
929 2954 1119 3009 veniet
1140 2954 1377 3025 quando
1406 2951 1555 3024 lapis
1583 2968 1757 3023 super
1786 2950 1926 3024 lapi-

277 3053 410 3107 dem
445 3065 560 3105 non
594 3046 960 3117 relinquetur
983 3059 1160 3115 super
1181 3058 1330 3098 eam.
1357 3042 1480 3098 Non
1506 3057 1653 3113 nego
1683 3046 1740 3095 et
1759 3039 1922 3095 illam

279 3140 516 3212 quidem
546 3135 870 3192 Jerusalem
903 3139 1138 3205 propter
1168 3131 1559 3187 habitatorum
1595 3128 1813 3186 scelera
1843 3130 1924 3185 fu.

2047 1886 2261 1942 bimur.
2295 1886 2618 1959 Surgamus
2649 1902 2785 1959 ergo
2811 1886 3157 1957 diluculo,et
3184 1887 3559 1943 Obsecremus
3590 1890 3692 1942 Do.

2048 1976 2369 2042 minum,ut
2390 1974 2596 2031 saltem
2620 1977 2803 2031 micas
2824 1993 2950 2048 qua:
2981 1977 3051 2032 de
3076 1992 3281 2031 mensa
3304 1976 3431 2047 ejus
3453 1977 3695 2042 cadunt,

2047 2067 2347 2121 comedere
2380 2065 2696 2136 possimus.
2731 2065 2978 2120 Miratur
3030 2065 3331 2138 Scriptura
3358 2066 3404 2100 ⁸⁸
3434 2065 3699 2137 reginam

2044 2155 2198 2210 Saba
2225 2154 2453 2209 venisse
2482 2154 2554 2209 ab
2599 2159 2859 2209 extremo
2907 2159 3074 2209 terra:
3114 2154 3317 2210 audire
3347 2154 3696 2226 sapientiam

2044 2243 2373 2299 Salomonis
2406 2260 2419 2299 :
2455 2260 2581 2314 qua:
2612 2258 2745 2297 cum
2776 2241 3019 2298 vidisset
3048 2242 3464 2315 prandium,et
3494 2242 3697 2314 supel-

2043 2330 2317 2400 lectilem,
2350 2337 2408 2387 et
2449 2331 2775 2387 ministeria
2805 2331 3017 2387 domus
3056 2333 3204 2402 ejus,
3256 2331 3584 2404 obstupuit,
3638 2335 3697 2388 et

2039 2426 2159 2477 tota
2188 2421 2249 2475 in
2283 2419 2563 2476 miraculo
2599 2420 2726 2474 fuit.
2776 2421 2892 2476 Nos
2923 2420 2971 2477 si
3013 2425 3209 2476 tantas
3241 2420 3474 2476 Domini
3506 2421 3693 2494 nostri

2040 2527 2200 2582 opes,
2240 2514 2465 2564 tantam
2506 2508 2793 2564 sermonis
2825 2507 3269 2581 supellectilem,
3300 2514 3356 2564 et
3386 2508 3691 2565 abundan-

2036 2600 2176 2654 tiam
2212 2598 2614 2654 doctrinarum
2643 2614 2756 2652 non
2778 2596 3029 2654 libenter
3049 2597 3537 2669 amplectimur,si
3568 2614 3685 2654 non

2037 2688 2398 2744 comedimus
2431 2702 2640 2758 panem
2673 2685 2880 2751 vitae,si
2903 2702 3014 2741 non
3048 2686 3324 2742 carnibus
3356 2686 3567 2742 Christi
3590 2703 3682 2743 ve-

2035 2778 2277 2843 scimur,
2301 2781 2357 2831 et
2384 2792 2587 2831 cruore
2623 2780 2929 2846 putamur;
2963 2775 3010 2831 si
3038 2776 3471 2832 contemnimus
3501 2776 3681 2849 dapes

2034 2865 2350 2921 Salvatoris
2384 2864 2742 2931 nostri,scire
2774 2864 3055 2919 debemus
3077 2865 3233 2937 quod
3265 2864 3476 2921 habeat
3507 2864 3681 2931 Deus,

2034 2961 2090 3011 et
2118 2954 2559 3027 benignitatem,
2593 2957 2650 3008 et
2679 2952 3068 3009 severitatem.
3098 2953 3138 3008 E
3171 2953 3387 3024 quibus
3418 2950 3688 3025 benigni-

2033 3048 2237 3112 tatem,
2268 3044 2397 3114 ejus
2448 3042 2637 3115 magis
2666 3057 2831 3097 orare
2860 3041 3163 3107 debemus,
3196 3041 3254 3096 in
3283 3042 3511 3097 Christo
3541 3040 3681 3097 Jesu

2034 3134 2280 3190 Domino
2312 3136 2509 3188 nostro
2543 3150 2555 3187 :
2590 3131 2682 3186 cui
2713 3135 2802 3186 est
2831 3129 3017 3203 gloria
3044 3136 3101 3187 et
3131 3130 3445 3203 imperium
3475 3130 3536 3187 in
3566 3146 3674 3187 saa-

283 3205 403 3284 i—sse
432 3227 817 3290 destructam,
849 3222 949 3276 sed
982 3237 1178 3292 quaero
1208 3221 1254 3275 si
1289 3227 1346 3275 et
1376 3220 1446 3275 ad
1479 3219 1629 3274 hanc
1658 3224 1920 3275 nostram
1953 3205 1996 3271 C
2034 3223 2160 3280 cula
2193 3220 2561 3277 seculorum.
2596 3222 2800 3275 Amen.

278 3313 606 3373 Jerusalem
656 3312 827 3368 ﬂetus
869 3311 978 3365 iste
1010 3309 1313 3381 pertineat.
1356 3309 1470 3364 Nos
1499 3310 1654 3364 enim
1716 3326 1924 3364 sumus

282 3404 606 3464 Jerusalem
630 3419 755 3474 quae
778 3397 1150 3469 deﬁetur,qui
1174 3398 1342 3452 nobis
1360 3398 1624 3451 videmur
1646 3398 1923 3452 intuitum

284 3498 499 3554 habere
554 3494 858 3563 majorem.
890 3488 1049 3552 Quod
1085 3487 1130 3542 si
1166 3492 1299 3559 post
1328 3486 1604 3558 mysteria
1643 3488 1921 3558 veritatis,

284 3593 418 3659 post
447 3596 775 3640 sermonem
810 3575 1259 3648 Evangelii,post
1286 3576 1611 3630 doctrinam
1636 3575 1924 3645 Ecclesiae,

280 3677 412 3748 post
441 3671 723 3727 visionem
757 3668 1259 3723 sacramentorum
1280 3665 1428 3736 ejus,
1453 3663 1666 3736 aliquis
1695 3682 1726 3720 e
1757 3666 1925 3723 nobis

276 3759 618 3837 peccaverit,
638 3755 932 3831 plangitur
960 3758 1135 3826 atque
1166 3753 1356 3809 ﬂetbr.
1388 3754 1568 3809 Nemo
1598 3754 1754 3809 enim
1786 3771 1923 3827 gen-

278 3852 402 3909 tilis
452 3850 643 3916 ﬂetur,
693 3846 794 3902 sed
828 3843 926 3899 ille
975 3843 1073 3915 qui
1131 3843 1241 3898 fuit
1287 3843 1358 3897 de
1387 3841 1733 3912 Jerusalem,
1767 3845 1923 3915 quod

278 3947 412 4016 post
443 3943 676 4013 peccata
702 3934 1072 3991 circumdant
1098 3948 1225 3987 eam
1254 3931 1813 3998 inimici,contrariae
1841 3933 1924 3988 vi-

280 4029 490 4087 delicet
522 4025 915 4090 fortitudines,
962 4022 1206 4093 spiritus
1239 4036 1487 4093 nequam
1521 4027 1578 4077 et
1605 4021 1928 4078 iinmittant

277 4121 339 4176 in
370 4117 614 4176 circuitu
647 4115 775 4187 ejus
825 4110 1067 4176 vallum,
1100 4115 1157 4166 et
1187 4110 1493 4166 obsideant
1520 4126 1669 4179 eam,
1702 4116 1756 4166 et
1778 4109 1925 4183 lapi-

278 4210 410 4265 dem
424 4204 873 4280 superlapidem
906 4217 1021 4255 non
1046 4198 1414 4271 relinquant:
1439 4199 1690 4254 maxime
1715 4200 1765 4255 si
1797 4205 1927 4271 post

277 4296 527 4354 multam
556 4290 999 4358 continentiam,
1027 4296 1161 4362 post
1180 4290 1405 4361 aliquot
1428 4305 1613 4343 annos
1643 4290 1927 4346 castitatis

277 4389 467 4443 victus
498 4384 632 4456 quis
663 4380 856 4450 fuerit,
891 4377 1426 4449 blandimentisque
1475 4378 1668 4433 carnis
1698 4377 1926 4435 illectus

276 4473 622 4550 patientiam
652 4468 1113 4544 pudicitiamque
1142 4466 1422 4523 amiserit.
1447 4466 1504 4523 Si
1539 4466 1719 4523 fueris
1752 4468 1928 4524 forni-

279 4562 729 4656 catus,lapidem
759 4574 936 4656 super
955 4556 1208 4656 lapidem
1241 4572 1355 4656 non
1388 4555 1719 4656 relinquent
1748 4574 1927 4630 super
1958 4591 2001 4656 Β

280 4662 357 4712 te.
386 4654 479 4710 Ait
507 4652 661 4708 enim
697 4649 756 4704 in
800 4646 912 4703 alio
964 4648 1085 4701 loco
1114 4646 1157 4679 ⁸⁷
1209 4663 1221 4699 :
1271 4648 1390 4701 Non
1419 4646 1744 4701 recordabar
1769 4651 1925 4718 prio-

278 4761 404 4801 rum
436 4743 777 4812 iustitiarum
804 4738 921 4810 ejus
952 4754 970 4791 :
1002 4738 1062 4791 in.
1088 4738 1300 4806 peccato
1327 4749 1443 4801 suo,
1476 4735 1532 4788 in
1565 4750 1669 4805 quo
1724 4736 1923 4806 depre-

281 4835 480 4891 hensus
516 4830 707 4903 fuerit,
740 4829 800 4882 in
831 4829 946 4898 ipso
968 4823 1234 4896 judicabo
1274 4838 1419 4877 eum.
1464 4828 1595 4877 Haec
1645 4828 1734 4878 est
1787 4840 1923 4897 ergo

280 4941 408 4997 quae
440 4920 687 4977 deﬂetur
712 4914 1062 4981 Jerusalem,
1096 4916 1228 4983 post
1267 4927 1394 4982 quae
1425 4909 1639 4966 dicitur
1670 4929 1682 4966 :
1714 4914 1924 4983 Ingres-

278 5028 371 5068 sus
400 5013 478 5067 est
531 5008 810 5079 templum.
867 5001 1016 5071 Quod
1054 5017 1181 5056 cum
1224 5001 1417 5068 fuisset
1436 5000 1732 5069 ingressus,
1766 5003 1924 5074 ejecit

280 5116 368 5158 eos
413 5099 511 5170 qui
549 5094 852 5151 vendebant
898 5089 1194 5146 columbas.
1242 5087 1366 5143 Non
1414 5088 1585 5159 ejecit
1613 5096 1920 5161 ementes;

281 5188 380 5261 qui
411 5185 823 5250 enim-emunt,
855 5184 913 5236 et
950 5179 1103 5252 quod
1152 5177 1401 5233 emerint
1430 5177 1751 5249 possident.
1787 5179 1922 5236 Illos

280 5275 452 5348 ejecit
480 5274 552 5329 de
574 5270 790 5343 templo
822 5268 1011 5325 Patris
1039 5268 1234 5335 Jesus,
1267 5266 1365 5338 qui
1400 5266 1655 5323 vendunt
1684 5273 1742 5324 et
1770 5270 1920 5340 abji-

279 5366 444 5422 ciunt
464 5361 619 5435 quod
652 5358 1062 5427 habuerant,in
1086 5356 1531 5412 similitudinem
1566 5357 1724 5413 illius
1753 5357 1920 5413 luxu-

349 5463 396 5499 δ’
451 5459 655 5518 Matth.
715 5475 769 5523 ν,
829 5458 859 5512 4
915 5457 961 5491 ⁸³
1017 5455 1220 5512 Matth.
1280 5472 1355 5519 x1,
1400 5455 1491 5509 29.
1568 5455 1613 5490 ⁸⁴
1642 5455 1844 5510 Matth.
1878 5473 1929 5525 v,

2075 5457 2119 5495 ⁸³
2167 5457 2308 5513 ibid.
2352 5457 2437 5511 10.
2515 5456 2559 5491 ⁸³

2387 3336 2675 3392 365-66
2734 3336 3030 3391 HOMILIA
3089 3335 3326 3394 XXXIX.

2034 3431 2108 3485 De
2135 3425 2905 3500 quaestioneSadducworum,
2962 3442 3129 3496 quam
3150 3433 3546 3500 proposuerant
3574 3426 3683 3482 Do-

2106 3497 2277 3564 mino,
2311 3499 2564 3552 mulieris
2610 3497 2727 3567 ejus
2774 3512 2899 3568 quae
2949 3497 3160 3568 septem
3191 3501 3338 3552 viros
3366 3499 3565 3553 habuit
3597 3502 3676 3564 ;et

2104 3588 2299 3698 Eunus
2326 3569 2394 3624 de
2411 3568 2647 3623 denario
2668 3584 2828 3638 quem
2853 3570 2963 3624 sibi
2982 3570 3233 3624 Salvator
3250 3570 3419 3640 jussit
3445 3570 3678 3625 Ostendi.

2146 3659 2239 3714 ap.
2270 3658 2362 3696 xx.

2106 3759 2205 3814 Est
2226 3755 2460 3813 haresis
2482 3756 2542 3811 in
2561 3755 2937 3828 Judaeis,quze
2957 3754 3171 3812 dicitur
3191 3756 3678 3813 Sadducaaorum:

2034 3847 2156 3903 haec
2188 3843 2670 3901 resurrectionem
2705 3848 3071 3900 mortuorum
3103 3850 3357 3917 negat,et
3378 3850 3543 3917 putat
3561 3846 3684 3902 ani-

2036 3952 2189 3991 mam
2226 3934 2460 3989 interire
2488 3950 2623 3988 cum
2655 3949 2912 4005 corpore,
2946 3950 3052 3988 nec
3083 3940 3214 4006 post
3252 3940 3498 3990 mortem
3530 3935 3684 3991 ultra

2034 4024 2339 4096 respirare.
2366 4023 2550 4094 Igitur
2578 4021 2957 4094 quaestionem
2991 4021 3238 4078 Domino
3270 4028 3680 4096 proponentes,

2034 4114 2489 4184 composuerunt
2538 4109 2796 4166 fabulam
2854 4110 3118 4166 mulieris
3146 4115 3369 4183 septem
3402 4113 3682 4182 virorum,

2037 4220 2165 4276 quae
2211 4208 2343 4274 post
2375 4200 2627 4272 primum
2659 4199 2848 4255 virum
2883 4201 2954 4255 ad
2984 4201 3453 4258 resuscitandum
3480 4219 3681 4260 semen

2036 4291 2249 4366 prioris
2277 4289 2525 4345 alterum
2552 4289 2783 4344 duxerit
2816 4305 2828 4344 :
2858 4305 2973 4361 quo
3005 4294 3258 4358 mortuo,
3276 4290 3514 4347 tertium
3545 4308 3684 4365 quo-

2035 4399 2170 4455 que,
2202 4386 2259 4436 et
2287 4394 2523 4434 rursum
2554 4383 3032 4450 quartum,atque
3060 4378 3119 4434 in
3154 4379 3310 4436 hunc
3341 4381 3579 4437 modum
3607 4381 3681 4437 ad

2036 4471 2351 4543 septimum
2384 4484 2571 4539 usque
2601 4473 2958 4540 pervenerat.
3020 4469 3307 4535 Quaeritur
3334 4486 3471 4542 ergo
3500 4470 3559 4525 in
3590 4487 3680 4526 re-

2033 4559 2391 4616 surrectione
2437 4560 2825 4626 mortuorum,
2875 4556 3006 4628 quis
3048 4574 3177 4613 eam
3227 4557 3339 4613 sibi
3374 4564 3432 4613 et
3456 4564 3682 4632 septem

2034 4648 2312 4704 fratribus
2345 4645 2423 4700 sit
2454 4644 2852 4699 vindicaturus
2884 4662 3141 4701 uxorem.
3176 4645 3292 4703 Hoc
3321 4652 3517 4704 autem
3547 4664 3681 4721 pro-

2032 4737 2228 4793 blema
2269 4733 2617 4790 insidiantes
2666 4733 2860 4789 verbis
2905 4733 3249 4805 Salvatoris,
3305 4752 3373 4791 eo
3421 4741 3683 4809 tempore

2032 4827 2481 4901 proposuerunt,
2534 4839 2648 4896 quo
2696 4838 2830 4877 eum
2853 4822 3117 4880 viderant
3160 4824 3232 4881 de
3259 4826 3687 4883 resurrectione

2032 4918 2237 4972 docere
2265 4912 2604 4986 discipulos.
2637 4911 2861 4977 Quibus
2891 4913 3248 4985 respondens
3276 4915 3541 4971 Salvator
3566 4915 3680 4972 ait:

2030 5007 2278 5074 Erratis,
2309 5004 2609 5058 nescientes
2636 5001 2968 5072 Scripturas,
3021 5018 3194 5074 neque
3239 5006 3495 5060 virtutem
3553 5004 3679 5061 Dei.

2032 5096 2096 5150 In
2134 5093 2530 5150 resurrectione
2558 5091 2707 5145 enim
2736 5098 3075 5147 mortuorum
3102 5108 3275 5164 neque
3300 5094 3522 5161 nubent,
3583 5109 3680 5149 ne-

2031 5200 2134 5256 que
2165 5184 2457 5244 nubentur,
2487 5178 2577 5235 sed
2606 5182 2766 5234 erunt
2791 5180 2935 5236 sicut
2963 5181 3148 5252 angeli
3177 5183 3237 5236 in
3266 5183 3417 5238 cretis
3445 5184 3509 5237 9°.
3569 5181 3681 5249 Qui

2030 5275 2201 5328 erunt
2239 5270 2390 5325 sicut
2438 5266 2650 5340 angeli,
2686 5267 2884 5339 utique
2913 5267 2989 5340 (9)
3017 5268 3209 5341 angeli
3236 5276 3427 5326 erunt.
3458 5269 3687 5325 Simul-

2031 5377 2143 5432 que
2172 5357 2699 5429 discendum,quod
2727 5355 2915 5427 angeli
2950 5357 3247 5414 connubia
3263 5375 3377 5414 non
3404 5358 3677 5415 habeant.

2630 5453 2771 5511 ibid.
2829 5456 2882 5510 5.
2949 5454 2992 5490 ⁸⁷
3068 5454 3271 5512 Ezech.
3347 5472 3510 5527 xvm,
3583 5455 3675 5513 24.

274 5533 319 5572 ⁸⁸
351 5540 487 5591 Luc.
510 5549 603 5599 xv,
639 5531 724 5586 13.
756 5530 801 5565 ⁸9
833 5528 905 5585 lII
936 5529 1076 5601 Reg.
1110 5544 1165 5596 x,
1193 5527 1301 5581 1-9.
1347 5528 1391 5561 ⁰⁰
1421 5526 1623 5582 Matth.
1656 5543 1795 5595 xxu,
1827 5528 1917 5601 29,
1958 5529 2047 5585 30.

345 5633 420 5705 (9)
451 5631 601 5697 Quin
632 5627 976 5705 econtraijo,
1021 5631 1085 5705 ut
1107 5641 1425 5705 _perq_uam
1484 5624 1734 5705 erudite.
1764 5631 1926 5705 notat

266 5697 659 5785 Hieronymus
687 5701 858 5782 epist.
884 5700 975 5772 75,
1009 5699 1080 5757 ad
1107 5697 1490 5770 Eheodoram,
1524 5715 1583 5755 n.
1613 5699 1672 5766 2,
1697 5697 1922 5770 Quando

2032 5626 2184 5685 dicit.
2255 5650 2283 5680 «
2338 5626 2518 5700 Neque
2578 5621 2805 5700 nubent,
2844 5640 3016 5700 neque
3050 5625 3353 5697 nubentur,
3390 5623 3485 5700 sed
3518 5628 3680 5700 erunt

2028 5701 2170 5761 sicut
2228 5695 2442 5775 augeti'
2468 5701 2532 5757 in
2584 5695 2757 5771 caelis,
2816 5720 2845 5750 ››
2897 5695 3007 5758 non
3045 5708 3249 5759 natura
3284 5695 3347 5760 et
3371 5697 3685 5767 substantia
