4058 6190
266 315 389 383 3.39

647 311 1151 375 TRANSLATIO
1192 312 1698 375 HOMILIARUM
1744 310 2113 373 ORIGENIS
2158 312 2238 371 IN
2282 314 2575 376 LUCAM.
2609 346 2687 357 —
2716 314 2987 377 HOMIL.
3032 316 3306 380 XXXIX.

3566 320 3688 381 330

268 446 374 515 Hic
399 458 536 501 vero
566 442 670 499 ubi
736 460 917 515 mors,
984 447 1041 500 et
1103 443 1341 516 nuptiae,
1397 447 1454 499 et
1506 442 1673 499 liberi
1719 458 1917 499 neces-
1945 444 3694 521 A‘vatoremdictumessesimpliciter:RedditequaesuntCzo

265 535 407 592 sarii
437 537 618 601 sunt;
670 532 811 604 illic,
864 532 963 588 ubi
1010 532 1444 600 immortalitas,
1498 549 1603 588 nec
1628 532 1918 605 .conjugio
2028 534 2193 600 saris,
2217 536 2446 600 Cmsari,
2469 534 2526 589 id
2557 537 2646 590 est
2671 534 2959 590 tributum
2992 532 3221 592 reddité
3247 539 3402 609 quod
3434 539 3683 596 debetis.

264 641 417 697 opus
449 627 557 691 est,
610 638 717 679 nec
767 622 924 677 ﬁliis.
974 623 1300 695 Proponam
1351 622 1496 677 mihi
1537 621 1916 693 quaestionem

263 713 434 768 valde
464 711 795 777 molestam,
828 716 885 767 et
914 728 1042 783 quae
1074 728 1188 766 non
1221 711 1392 767 facile
1410 710 1674 777 solvitur,
1698 727 1766 766 ex
1796 726 1922 782 per-

264 819 411 860 sona
434 817 661 868 eorum,
689 800 792 873 qui
824 799 1243 859 studiosissimi
1274 800 1710 872 Scripturarum
1757 802 1920 864 sunt,

264 896 325 948 et
352 891 447 947 die
477 907 543 946 ac
573 894 739 945 nocte
772 889 1136 944 meditantur
1163 888 1222 943 in
1255 889 1379 961 lege
1426 888 1658 945 Domini
1686 890 1754 943 ⁸1.
1790 887 1918 959 Ubi,

264 980 574 1053 inquiunt,
606 978 886 1050 scriptum
938 982 1028 1034 est
1078 978 1218 1050 quia
1264 993 1436 1049 neque
1486 979 1716 1048 nubent,
1746 993 1922 1048 neque

262 1067 599 1125 nubentur?
626 1068 767 1123 Tam
797 1070 982 1123 Vetus
1011 1083 1189 1138 quam
1223 1066 1450 1123 Novum
1479 1067 1922 1123 Testamentum

267 1157 559 1214 memoria
586 1172 652 1212 ac
682 1159 875 1212 mente
906 1155 1296 1230 perlustrans,
1332 1172 1630 1228 nusquam
1681 1155 1923 1211 memini

265 1247 389 1303 tale
417 1246 556 1320 quid
582 1244 855 1301 relatum.
889 1246 1053 1309 Quod
1087 1246 1136 1301 si
1170 1246 1315 1301 forte
1350 1262 1442 1300 me
1468 1245 1635 1316 fallit,
1668 1245 1766 1317 qui
1792 1245 1925 1317 plus

266 1335 431 1391 novit
450 1335 674 1390 doceat.
700 1333 973 1389 Libenter
993 1333 1153 1389 disco
1177 1334 1332 1406 quod
1360 1334 1576 1390 nescio.
1603 1334 1715 1390 Sed
1739 1350 1923 1406 quan-

266 1428 401 1480 tum
428 1439 534 1496 ego
565 1423 855 1494 existimo,
887 1439 993 1478 nec
1024 1423 1085 1478 in
1113 1423 1329 1490 Veteri,
1382 1439 1487 1479 nec
1539 1424 1597 1478 in
1648 1423 1806 1480 Novo
1832 1424 1925 1478 In-

270 1515 598 1570 strumento
628 1511 955 1584 quidquam
986 1511 1100 1567 tale
1133 1512 1399 1583 reperiet.
1434 1512 1639 1568 Omnis
1666 1528 1802 1584 ergo
1835 1529 1925 1569 eo-

269 1619 406 1657 rum
454 1617 612 1656 error
664 1602 734 1656 de
778 1600 1107 1673 prophetia,
1171 1617 1350 1672 quam
1399 1618 1516 1657 non
1567 1600 1922 1674 intelligunt,

270 1690 519 1746 lectione
545 1688 801 1745 surrexit
823 1705 836 1743 :
855 1705 903 1773 ⁸εδ
931 1688 1148 1761 quibus
1182 1688 1327 1744 illud
1356 1692 1444 1744 est
1475 1690 1535 1744 in
1565 1689 1714 1745 Isaia
1738 1707 1750 1744 :
1777 1690 1927 1745 Lecti

268 1781 384 1836 mei
410 1795 520 1835 non
540 1778 819 1878 habebunt
844 1778 1056 1878 liberos.
1085 1778 1147 1833 in
1171 1777 1615 1833 maledictionem
1653 1778 1715 1878 θξ.
1765 1778 1923 1878 Etnin
1953 1814 2001 1878 B

276 1867 726 1924 Deuteronomio
758 1866 818 1921 in
849 1866 1359 1922 benedictionibus
1389 1867 1470 1921 93:
1506 1866 1784 1922 Benedicti
1812 1865 1926 1938 ﬁlii

274 1959 419 2013 uteri
446 1959 548 2013 tui.
582 1957 654 2011 Et
696 1960 908 2028 putant
956 1956 1076 2011 haec
1127 1956 1325 2011 futura
1375 1956 1433 2011 in
1476 1956 1921 2025 resurrectione,

273 2063 389 2103 non
420 2044 816 2119 intelligentes
847 2043 1141 2117 spiritales
1171 2044 1608 2100 benedictiones
1638 2061 1765 2100 esse
1786 2061 1927 2117 pree-

275 2136 482 2192 dictas.
514 2133 734 2191 Paulus
765 2133 923 2189 enim
952 2150 1054 2189 vas
1084 2132 1408 2201 electionis,
1439 2149 1644 2189 omnes
1670 2133 1777 2189 has
1820 2134 1925 2191 be-

274 2224 656 2291 nedictiones,
688 2239 815 2294 quae
845 2226 1147 2294 ponuntur
1176 2222 1235 2276 in
1269 2222 1443 2293 Lege,
1477 2221 1821 2294 spiritaliter
1841 2223 1925 2277 in-

275 2317 630 2385 terpretans,
660 2314 718 2366 et
748 2311 940 2367 sciens
972 2327 1090 2366 non
1121 2326 1251 2366 esse
1282 2308 1569 2381 carnales,
1622 2311 1694 2365 ad
1736 2311 1924 2383 Ephe-

273 2402 392 2459 sios
421 2401 687 2473 loquitur
712 2401 803 2456 ⁹⁴ε
875 2400 1205 2456 Benedictus
1271 2400 1413 2455 Deus
1479 2408 1534 2454 et
1582 2401 1752 2471 Pater
1814 2401 1921 2456 Do-

270 2492 419 2547 mini
439 2491 617 2546 nostri
645 2491 773 2545 Jesu
799 2489 1035 2556 Christi,
1066 2490 1161 2559 qui
1192 2488 1474 2544 benedixit
1520 2503 1619 2543 nos
1669 2490 1731 2543 in
1770 2491 1928 2545 omni

273 2578 667 2636 benedictione
710 2578 981 2649 spiritali,
1036 2593 1159 2632 cum
1211 2594 1244 2631 a
1296 2577 1534 2632 mortuis
1576 2580 1926 2649 resurgentes

268 2674 552 2728 aeternam
579 2667 971 2724 beatitudinem
1030 2681 1503 2737 consequeremur.
1569 2666 1679 2721 Sed
1745 2672 1801 2722 et
1864 2667 1923 2721 in

270 2756 529 2814 Psalmis
557 2755 753 2813 simile
782 2755 924 2828 quid
973 2755 1349 2826 reperientes,
1400 2755 1606 2811 eodem
1647 2754 1928 2815 labuntur

271 2862 488 2903 errore.
547 2847 711 2916 Uxor,
762 2844 973 2916 inquit,
1025 2852 1121 2899 tua
1161 2844 1300 2899 sicut
1345 2845 1474 2899 vitis
1532 2844 1819 2899 abundans
1865 2848 1927 2900 in

272 2936 544 2991 lateribus
595 2934 787 2991 domus
842 2937 974 3005 tuae,
1033 2934 1149 3004 ﬁlii
1205 2934 1290 2988 tui
1344 2935 1487 2988 sicut
1542 2934 1771 2989 novellae
1827 2935 1928 2989 oli-

271 3041 477 3082 varum
504 3024 562 3080 in
592 3024 831 3079 circuitu
859 3037 1070 3079 mensae
1098 3030 1231 3089 tua,
1262 3038 1450 3094 usque
1473 3023 1545 3078 ad
1567 3039 1702 3078 eum
1729 3022 1923 3078 locum

2032 622 2172 685 Quis
2202 623 2358 678 enim
2386 610 2652 679 nostrum
2700 624 2770 678 de
2816 623 3054 680 tributis
3107 625 3424 682 reddendis
3472 627 3684 685 Caesari

2034 710 2426 767 contradicit?
2444 712 2627 767 Habet
2656 711 2838 784 igitur
2856 710 3019 769 locus
3039 713 3322 785 quiddam
3346 716 3578 787 mystici
3592 720 3679 773 at-

2034 815 2146 870 que
2168 800 2393 855 secreti.
2427 805 2561 855 Duae
2592 804 2731 856 sunt
2750 800 3038 874 imagines
3057 801 3337 872 hominis,
3361 820 3480 859 una
3500 800 3679 877 quam
3778 862 3787 868 ,

2033 889 2254 960 accepit
2285 906 2317 944 a
2345 889 2460 945 Deo
2493 890 2680 945 factus
2709 890 2770 944 in
2802 889 3107 963 principio,
3159 893 3315 966 sicut
3357 891 3417 948 in
3465 896 3674 952 Genesi

2035 977 2320 1049 scriptum
2353 980 2538 1034 est”:
2572 981 2741 1035 Juxta
2788 981 3088 1051 imaginem
3144 985 3196 1037 et
3249 980 3684 1041 similitudinem

2033 1066 2133 1121 Dei
2149 1083 2170 1127 ;
2202 1066 2384 1122 altera
2412 1067 2618 1131 choici,
2671 1067 2729 1122 id
2780 1062 2871 1123 eet
2919 1069 3155 1138 terreni,
3201 1074 3517 1143 postquam
3547 1090 3681 1146 pro-

2034 1159 2163 1227 pter
2183 1154 2637 1211 inobedientiam
2672 1160 2846 1228 atque
2877 1161 3180 1229 peccatum
3212 1158 3435 1231 ejectus
3466 1162 3537 1218 de
3577 1179 3679 1236 pa-

2034 1245 2228 1301 radiso
2246 1244 2573 1316 assumpsit
2592 1261 2743 1313 eam,
2767 1244 3051 1318 principis
3065 1246 3259 1303 saeculi
3273 1248 3453 1320 hujus
3466 1267 3682 1309 suasus

2033 1334 2342 1390 illecebris.
2378 1334 2540 1390 Sicut
2571 1334 2726 1389 enim
2758 1351 3041 1391 nummus
3071 1343 3244 1408 atque
3274 1338 3554 1397 denarius
3576 1341 3681 1398 ha-

2034 1424 2132 1479 bet
2162 1422 2477 1496 imaginem
2510 1424 2933 1496 imperatorum
2984 1425 3231 1494 mundi;
3283 1425 3365 1483 sic
3413 1428 3513 1500 qui
3543 1431 3684 1488 facit

2034 1529 2209 1585 opera
2226 1512 2850 1569 rectoristenebrarum
2866 1513 3108 1569 istarum
3120 1557 3134 1584 ,
3154 1519 3346 1588 portat
3360 1515 3682 1591 imaginem

2034 1601 2163 1672 ejus
2195 1602 2367 1672 cujus
2394 1601 2571 1656 habet
2592 1617 2768 1673 opera
2797 1616 2812 1667 ;
2843 1618 3019 1674 quam
3052 1605 3328 1676 praecepit
3354 1605 3528 1664 Jesus
3552 1624 3683 1666 esse

2034 1690 2388 1746 reddendam
2424 1694 2481 1745 et
2508 1686 2928 1760 projiciendam
2963 1692 3034 1746 de
3064 1692 3225 1747 vultu
3260 1698 3482 1768 nostro,
3515 1713 3683 1755 assu-

2036 1779 2427 1851 mendamque
2447 1778 2930 1851 eamimaginem,
2948 1781 3123 1851 juxta
3144 1797 3320 1853 quam
3341 1801 3376 1840 a
3395 1783 3680 1859 principio

2034 1868 2104 1923 ad
2138 1866 2589 1923 similitudinem
2618 1867 2720 1922 Dei
2750 1868 2969 1923 conditi
3000 1885 3231 1925 sumus.
3264 1876 3454 1945 Atque
3483 1874 3567 1931 ita
3591 1876 3679 1949 fit,

2033 1960 2099 2012 ut
2127 1974 2253 2028 quae
2286 1956 2526 2012 Censoris
2558 1961 2719 2022 sunt,
2751 1956 2980 2025 Caesari,
3032 1961 3089 2012 et
3136 1974 3267 2029 quae
3316 1960 3436 2031 Dei,
3470 1963 3680 2020 redda-

2034 2062 2167 2101 mus
2193 2045 2330 2101 Deo.
2384 2044 2672 2112 Ostendite,
2727 2044 2940 2117 inquit,
2995 2045 3136 2101 mihi
3180 2064 3516 2108 mummum.
3564 2057 3677 2110 Pro

2034 2150 2150 2206 quo
2181 2134 2240 2189 in
2270 2134 2538 2189 Matthan
2562 2136 2579 2167 ¹
2613 2133 2886 2189 scribitur
2915 2135 3212 2192 denarius.
3249 2138 3421 2206 Quem
3438 2156 3562 2196 cum
3589 2159 3680 2199 ac-

2033 2226 2277 2295 cepisset,
2310 2225 2429 2280 ait:
2462 2222 2627 2294 Cujus
2656 2223 3011 2293 scriptionem
3068 2223 3267 2280 habet?
3327 2228 3435 2295 Qui
3456 2244 3681 2302 respon-

2033 2313 2238 2383 dentes,
2265 2312 2563 2367 dixerunt:
2599 2310 2858 2368 Caesaris.
2897 2313 2985 2367 Ad
3014 2328 3146 2384 quos
3176 2331 3400 2372 rursum
3422 2334 3441 2372 :
3458 2319 3683 2378 Reddite

2033 2418 2176 2473 ergo,
2208 2401 2422 2473 inquit,
2454 2416 2575 2472 quae
2598 2409 2729 2456 sunt
2761 2400 2996 2457 Cwsaris
3029 2401 3260 2473 Caesari,
3305 2413 3360 2462 et
3400 2423 3520 2479 qum
3558 2418 3687 2467 sunt

2034 2493 2133 2547 Dei
2152 2493 2281 2547 Deo.
2306 2490 2564 2555 Quorum
2595 2490 3076 2562 consequentiam
3107 2497 3165 2548 et
3192 2494 3413 2552 Paulus
3450 2494 3685 2555 locutus

2035 2586 2142 2652 est,
2178 2581 2457 2636 diceus’:
2520 2579 2679 2635 Sicut
2722 2583 3074 2651 portavimus
3132 2584 3433 2655 imaginem
3481 2588 3681 2659 choici,

2032 2674 2309 2741 portemus
2337 2672 2388 2724 et
2418 2670 2723 2737 imaginem
2750 2668 3002 2724 calestis.
3032 2671 3195 2735 Quod
3221 2688 3358 2744 ergo
3390 2673 3473 2729 ait
3499 2691 3512 2730 :
3545 2677 3683 2732 Red-

2034 2758 2147 2813 dite
2175 2772 2299 2829 qum
2325 2760 2452 2811 sunt
2476 2756 2714 2814 Caesaris
2744 2756 2966 2825 Cwsari,
3023 2756 3132 2813 hoc
3180 2759 3356 2815 dicit:
3406 2764 3682 2834 Deponite

2036 2863 2348 2919 personam
2380 2845 2585 2914 choici,
2634 2844 2867 2915 abjicite
2904 2846 3226 2918 imaginem
3276 2852 3569 2907 terrenam
3616 2857 3683 2908 ut

2035 2935 2276 3007 possitis
2301 2933 2467 2990 vobis
2494 2949 2803 3005 personam
2835 2932 3085 2989 caelestis
3115 2933 3505 3008 imponentes,
3549 2941 3679 2997 red-

2034 3026 2171 3080 dere
2193 3040 2321 3094 qua:
2342 3027 2481 3078 sunt
2502 3022 2602 3077 Dei
2631 3023 2760 3077 Deo.
2786 3022 3013 3093 Repetit
3042 3039 3147 3078 nos
3177 3024 3352 3082 Deus.
3386 3027 3677 3092 Quidnam

276 3114 381 3169 ubi
411 3113 531 3168 ait:
579 3112 872 3169 Benedicat
899 3116 952 3168 te
1006 3113 1270 3168 Dominus
1318 3128 1387 3167 ea:
1444 3111 1594 3177 Sion,
1655 3115 1709 3167 et
1736 3111 1925 3167 videas
1963 3173 1997 3183 _
2036 3109 2294 3183 repetit?
2327 3110 2473 3183 Lege
2501 3113 2774 3181 Moysen:
2810 3112 2875 3165 Et
2902 3126 3052 3166 nunc
3100 3111 3233 3181 quid
3290 3114 3557 3171 Dominus
3585 3134 3679 3173 re-

276 3217 405 3275 qua?
470 3202 612 3257 bona
674 3204 802 3256 sunt
846 3201 1153 3257 Jerusalem
1177 3201 1221 3235 “5
1268 3201 1417 3271 Ergo
1477 3173 1610 3254 cum
1640 3199 1928 3257 instructa
1955 3173 1999 3240 C
2035 3173 2173 3274 petit
2203 3218 2236 3255 τι
2289 3173 2435 3255 ἰθθῖ
2473 3204 2529 3253 et
2579 3173 2808 3271 reliqua
2853 3214 2980 3270 quae
3032 3173 3380 3271 sequuntur.
3411 3203 3681 3264 Postulat

278 3289 818 3356 fueritJerusalem,
847 3294 905 3345 et
922 3290 1250 3345 instaurata
1270 3287 1329 3344 in
1353 3288 1665 3360 antiquum
1683 3293 1926 3360 statum,

279 3385 422 3437 tunc
449 3380 687 3436 visurus
716 3382 806 3435 est
834 3379 988 3434 bona
1016 3395 1143 3450 qua:
1165 3377 1466 3450 Scriptura
1487 3384 1928 3434 commemorat.

278 3470 390 3536 Qui
420 3467 761 3541 spiritaliter
790 3466 1130 3539 intelligunt
1151 3466 1501 3535 Jerusalem,
1532 3470 1589 3522 et
1617 3467 1689 3522 de
1718 3484 1787 3523 ea
1815 3467 1929 3523 dici

277 3557 479 3614 sciunt
507 3574 631 3628 quae
662 3556 914 3613 caelestis
943 3560 1052 3624 est,
1088 3573 1216 3628 qua:
1248 3573 1487 3612 sursum
1520 3560 1629 3624 est,
1684 3573 1812 3629 qum
1842 3562 1932 3613 est

275 3652 471 3702 mater
491 3652 690 3703 nostra
719 3647 764 3681 ⁹⁶
797 3663 811 3702 :
843 3645 1128 3701 videbunt
1177 3645 1332 3701 bona
1374 3644 1553 3712 illius,
1603 3646 1675 3701 de
1714 3646 1929 3717 quibus

272 3753 431 3809 saepe
462 3734 741 3806 diximus,
773 3739 832 3791 et
862 3734 922 3789 id
953 3734 1106 3806 quod
1142 3751 1300 3789 nunc
1349 3735 1420 3789 de
1470 3733 1698 3805 psalmo
1730 3735 1928 3807 posui-

277 3841 424 3882 mus
445 3826 523 3880 ":
578 3826 724 3881 Uxor
750 3829 843 3880 tua
872 3826 1017 3879 sicut
1071 3825 1201 3879 vitis
1255 3822 1548 3879 abundans
1578 3826 1637 3878 in
1668 3825 1930 3879 lateribus

274 3913 481 3969 domus
512 3921 626 3969 tua:
652 3913 758 3982 ﬁlii
785 3914 867 3968 tui
893 3914 1033 3968 sicut
1058 3912 1291 3969 novellae
1311 3912 1591 3967 olivarum
1614 3914 1674 3967 in
1691 3914 1931 3968 circuitu

268 4017 491 4059 mensae
506 4006 643 4059 tuae.
670 4004 802 4069 Quae
832 4002 1031 4058 omnia
1059 4000 1442 4074 corporaliter
1463 3999 1928 4073 intelligentibus

268 4091 632 4161 Sadducaeis,
665 4091 781 4165 (10)
812 4091 913 4163 qui
944 4094 1111 4146 erant
1138 4090 1327 4163 portio
1373 4088 1737 4157 Judaaorum,
1788 4090 1929 4146 dicit

269 4180 628 4237 Salvator“:
684 4180 919 4237 Nescitis
965 4180 1300 4252 Scripturas.
1333 4193 1509 4249 neque
1536 4180 1795 4235 virtutem
1811 4181 1925 4236 Dei.

270 4271 409 4326 Haec
439 4271 510 4326 de
539 4269 887 4342 quaestione,
921 4285 1099 4341 quam
1130 4267 1433 4325 Sadducaei
1459 4268 1700 4325 Domino
1724 4285 1929 4342 propo-

269 4362 546 4428 suerunt,
574 4358 819 4414 breviter
850 4358 1005 4413 dicta
1034 4358 1173 4412 sint.
1225 4361 1402 4412 Porro
1461 4357 1615 4427 quod
1668 4358 1779 4428 (ll)
1821 4359 1927 4412 ad-

262 4449 501 4519 jectum
533 4450 620 4502 est
659 4447 728 4503 de
778 4446 1031 4518 imagine
1078 4445 1323 4501 Caesaris
1369 4444 1545 4500 etiam
1593 4460 1774 4518 super
1822 4446 1929 4503 hoc

271 4536 562 4592 debemus
591 4551 777 4608 pauca
807 4535 1221 4608 perstringere.
1255 4534 1467 4589 Putant
1488 4533 1729 4605 quidam
1761 4535 1931 4591 aSal-

2038 3290 2220 3362 igitur
2246 3305 2281 3344 a
2308 3287 2476 3344 nobis
2508 3288 2683 3357 Deus,
2707 3292 2764 3343 et
2789 3287 3151 3359 deprecatur,
3176 3306 3293 3346 non
3315 3292 3456 3364 quia
3478 3311 3681 3351 neces-

2040 3380 2261 3436 sarium
2291 3377 2467 3433 habet
2497 3376 2744 3448 aliquid,
2777 3381 2841 3431 ut
2870 3377 2922 3431 ei
2951 3377 3282 3435 tribuamus
3309 3397 3322 3435 :
3348 3382 3610 3453 postulat
3628 3388 3688 3442 et

2041 3472 2354 3540 postquam
2371 3466 2422 3521 ei
2450 3465 2806 3533 dederimus,
2830 3465 3088 3537 idipsum
3104 3467 3393 3523 tribuatin
3408 3470 3683 3530 salutem.

2039 3557 2200 3620 Quod
2277 3561 2343 3612 ut
2416 3554 2787 3610 manifestius
2863 3555 2983 3621 ﬁat,
3060 3572 3274 3628 ponam
3348 3560 3688 3631 parabolam

2040 3662 2335 3703 mnarum.
2368 3645 2475 3709 Qui
2524 3660 2705 3699 unam
2755 3648 3059 3715 acceperat
3116 3662 3339 3713 mnam,
3389 3652 3448 3705 et
3476 3648 3691 3708 fecerat

2038 3735 2276 3802 decem;
2305 3739 2363 3789 et
2392 3732 2607 3788 obtulit
2637 3732 2898 3800 domino,
2929 3750 2964 3788 a
2991 3749 3107 3805 quo
3139 3734 3253 3789 sibi
3298 3738 3517 3794 credita
3546 3756 3687 3798 mna

2038 3826 2244 3895 fuerat,
2279 3822 2566 3894 acceperit
2590 3826 2647 3876 et
2676 3820 2850 3877 aliam
2873 3837 3050 3894 quam
3074 3828 3247 3879 antea
3268 3841 3383 3880 non
3406 3825 3681 3885 habebat.

2038 3912 2203 3969 Illius
2230 3912 2387 3968 enim
2418 3927 2641 3979 mnam,
2676 3911 2777 3982 qui
2828 3927 2943 3966 non
2994 3910 3483 3983 multiplicaverat
3525 3916 3681 3987 quod

2037 4002 2278 4074 accepit,
2305 4002 2477 4073 jubet
2506 4001 2783 4055 dominus
2815 4000 3051 4070 auferri,
3086 4005 3143 4054 et
3170 3999 3297 4055 dari
3327 4002 3378 4056 ei
3408 4002 3508 4073 qui
3535 4003 3683 4061 alias

2036 4093 2232 4148 habet.
2259 4091 2467 4156 Tollite,
2507 4088 2723 4159 inquit,
2767 4104 2975 4156 mnam,
3031 4095 3082 4142 et
3127 4088 3251 4143 date
3302 4091 3355 4143 ei
3393 4092 3489 4160 qui
3515 4091 3683 4150 habet

2035 4182 2219 4238 decem
2246 4196 2413 4235 mnas
2433 4180 2474 4231 ‘.
2511 4182 2703 4248 Atque
2735 4177 2792 4230 in
2822 4176 2979 4231 hunc
3011 4176 3251 4232 modum
3295 4193 3422 4250 quae
3455 4181 3682 4238 dederi-

2039 4288 2173 4326 mus
2194 4269 2332 4339 Deo,
2354 4265 2523 4322 nobis
2546 4283 2614 4321 ea
2633 4266 2763 4336 ipsa
2782 4262 3053 4321 restituet
3092 4281 3227 4320 cum
3268 4265 3360 4323 his
3391 4285 3518 4340 qua:
3549 4275 3685 4328 ante

2038 4377 2155 4416 non
2186 4358 2605 4412 habueramus.
2638 4352 2828 4425 Exigit
2858 4356 2915 4407 et
2939 4352 3201 4424 postulat
3229 4372 3264 4410 a
3312 4357 3481 4413 nobis
3511 4363 3685 4430 Deus,

2039 4452 2104 4503 ut
2130 4446 2342 4502 habeat
2371 4443 2741 4498 occasionem
2776 4441 3056 4509 donandi,
3090 4446 3155 4498 ut
3182 4442 3297 4515 ipsi
3335 4445 3558 4513 tribuat
3587 4449 3692 4519 qui

2038 4534 2310 4608 erogavit.
2345 4532 2538 4605 Ipsius
2567 4531 2724 4586 enim
2753 4531 2941 4602 gratia
2975 4531 3276 4603 duplicata
3302 4537 3392 4588 est
3436 4551 3595 4603 mna,
3629 4539 3690 4591 et

349 4653 391 4686 θί
426 4650 580 4724 Psal.
612 4668 654 4719 ι,
678 4654 734 4706 2.
776 4652 821 4686 ⁹²
850 4667 986 4724 οε,ρὶ
1020 4666 1147 4724 va,
1181 4666 1330 4705 vers.
1379 4650 1468 4724 23.
1520 4650 1567 4724 ξδὲ
1609 4654 1755 4724 Deut
1781 4668 1928 4708 xxvn

2039 4655 2086 4708 1,
2154 4652 2200 4685 θδ
2228 4666 2356 4721 cap.
2390 4666 2430 4717 ι,
2498 4646 2837 4724 versui-6.
2871 4644 3170 4724 _f""__Psal.
3240 4661 3459 4724 exavn,
3492 4650 3548 4724 δῖ,
3576 4648 3689 4724 ᾼὶ9.

276 4723 323 4758 κ
360 4722 479 4795 Gal.
546 4716 648 4795 ης
692 4724 786 4778 26.
854 4716 1383 4795 9"'Psalscxavu,
1428 4722 1481 4775 3.
1515 4721 1558 4756 93
1586 4722 1789 4777 Matth.
1829 4740 1967 4795 xm,
2006 4725 2097 4780 29.
2131 4724 2175 4758 99
2204 4716 2330 4794 cap.
2363 4716 2421 4786 I,
2449 4736 2597 4775 vers.
2638 4718 2728 4773 27.
2799 4721 2815 4752 ί
2870 4716 3073 4774 Matth.
3124 4732 3264 4788 xxn,
3319 4719 3405 4773 10.
3438 4719 3461 4753 ³
3506 4716 3539 4775 1⁷
3558 4721 3689 4777 Cor.

281 4768 505 4857 χνζῖό.
536 4768 567 4828 έ
585 4768 845 4864 ὕειῖιῗπ,
880 4768 1459 4861 12Ϊῖῖὶιῖὲἑίέζ⁷24ἶ

280 4923 571 4989 corporum
600 4910 841 4989 tollitur,
903 4909 1018 4989 sed.
1051 4909 1249 4989 gloria:
1298 4884 1624 4989 magnitudo
1659 4914 1937 4989 monstra:
1972 4925 2015 4989 ι)
2048 4909 2210 4989 Isaige
2236 4911 2425 4989 nxv‘et
2455 4901 3261 4989 psalmis-xxviitestimonia,
3296 4919 3423 4985 quae
3466 4905 3688 4989 laudat,

280 4984 396 5034 tur.
452 4980 633 5051 Neque
696 4982 850 5037 enim
904 4980 1175 5052 scriptum
1231 4982 1331 5050 est,
1365 4988 1529 5036 erunt
1594 4983 1802 5052 angeli,
1833 4982 1937 5037 sed

284 5073 313 5099 α
346 5053 491 5105 sicut
521 5051 744 5121 angeli;
773 5073 800 5103 υ
834 5052 934 5107 ubi
961 5051 1278 5107 similitudo
1330 5051 1697 5122 promittitur,
1728 5056 1938 5109 veritas

281 5122 606 5195 denegatur.
641 5125 911 5195 «Erunt,
975 5124 1177 5195 inquit,
1238 5125 1382 5177 sicut
1438 5124 1645 5192 angeli,
1684 5147 1703 5172 υ
1777 5125 1832 5181 id
1860 5134 1937 5181 est

282 5194 504 5248 similes
530 5194 890 5265 angelorum:
920 5194 1318 5265 ergo'homines
1352 5209 1462 5249 esse
1507 5210 1616 5249 non
1669 5195 1937 5252 desinent.

284 5267 577 5336 Caeterum
595 5264 801 5321 multis
821 5281 973 5336 saepe
986 5264 1137 5321 locis
1160 5266 1337 5320 hocce
1357 5264 1625 5336 Origenis
1642 5282 1941 5324 commen-

284 5281 577 5320 usaterum
595 5281 801 5321 mums
821 5282 897 5320 sae
943 5281 1008 5320 8|

279 5340 414 5390 tum
448 5335 506 5391 S.
543 5337 747 5392 doctor
774 5281 1009 5392 refellit.

355 5407 470 5488 ς1ρ)
500 5407 805 5488 Nonnulli_
827 5412 961 5480 post
975 5406 1289 5488 _Dal_laaum
1337 5407 1500 5488 visus
1547 5410 1637 5462 est
1666 5406 1944 5488 Origenes

278 5478 622 5535 existimare
653 5479 762 5535 hoc
792 5478 939 5544 loco,
973 5480 1323 5534 Sadducaaos
1346 5481 1517 5550 (quos
1539 5478 1791 5546 constat,
1818 5480 1946 5550 ipso

280 5551 637 5622 neutiquam
662 5550 966 5617 diffitente,
983 5550 1138 5606 solos
1150 5550 1361 5622 moysis
1376 5550 1556 5605 libros
1572 5549 1630 5622 in
1646 5549 1947 5605 sacrarum

278 5621 729 5695 Scripturarum
750 5621 1347 5695 censumiadmisis’se)
1372 5621 1671 5695 prophetis
1691 5637 1947 5695 quoque,

2048 4984 2119 5037 ab
2142 4982 2214 5035 iis
2233 4979 2411 5034 tradit
2427 4972 2802 5049 corporaliter
2823 4972 3136 5049 intellecta,
3153 4972 3335 5049 cujus
3346 4972 3690 5049 ignorantiai

2047 5070 2079 5108 a
2109 5051 2399 5107 Salvatore
2428 5045 2797 5104 accusantur.
2827 5045 3042 5099 Verum
3075 5045 3184 5100 etsi
3232 5045 3570 5106 dederimus
3608 5051 3693 5106 ita

2048 5125 2206 5179 hunc
2237 5119 2887 5191 superioricontextum
2918 5115 3155 5191 haerere,
3188 5122 3271 5191 ut,
3328 5135 3454 5189 quas
3491 5120 3696 5177 laudat

2049 5187 2351 5265 Origenes,
2383 5189 2675 5265 prophetae
2720 5204 2786 5243 ac
2836 5187 3080 5265 Davidis
3112 5188 3295 5265 _verba
3334 5187 3696 5265 perperama

2051 5258 2631 5337 Sad'duczsisﬁiceret
2652 5263 2909 5337 accepta,
2929 5275 3045 5337 non
3066 5258 3204 5337 hinc
3220 5258 3437 5337 tamen
3443 5258 3693 5337 colligas

2052 5336 2309 5392 sensisse
2338 5332 2507 5387 illum
2539 5347 2638 5386 eos
2663 5329 2843 5385 libros
2873 5347 2907 5385 a
2934 5330 3269 5386 Sadducaais
3298 5332 3358 5387 in
3402 5329 3697 5391 Canodém

2055 5408 2487 5479 Scripturarum
2521 5401 2756 5479 relatos.
2786 5401 2980 5479 Potuit
3028 5418 3165 5479 vero
3221 5402 3365 5479 illud
3415 5408 3699 5479 duntaxat

2056 5473 2695 5549 Deutsronomiixxvm
2743 5473 3169 5549 testimonium,
3213 5476 3369 5544 quod
3413 5477 3613 5549 utique
3642 5483 3702 5535 et

2056 5550 2355 5606 Sadducaai
2388 5546 2729 5617 reciperent,
2762 5547 3108 5616 respexisse.

2130 5616 2743 5697 (-1_1)Lectum’-antea
2797 5631 2943 5689 quae,
3003 5616 3313 5674 manifesto
3343 5634 3558 5695 errore,
3602 5637 3707 5697 pro

276 5691 619 5758 etPsalmis
629 5692 1194 5752 eamdemtribuisse
1208 5691 1638 5765 auctoritatem;
1656 5691 1950 5769 siquidem
2060 5691 2231 5769 quad,
2252 5696 2354 5751 aut
2383 5691 2533 5765 quia.

613 5821 887 5913 Pareat,
927 5819 1152 5905 XXVI,

3318 5820 3389 5896 lt
