4058 6190
234 386 353 451 333

1241 389 1754 452 COMMENTAR.‘
1792 387 1878 450 ἸΝ
1922 385 2170 450 EPIST.
2215 391 2317 450 AD
2363 392 2648 452 GALAT.

3529 404 3646 462 334
3739 366 3758 381 ’

233 519 700 578 Commentarios
731 535 867 577 sum
908 523 1164 579 secutus.
1200 521 1448 595 Scripsit
1491 523 1647 579 enim
1679 521 1778 578 ille
1805 521 1894 577 vir
1920 523 1973 589 Α
2005 520 2140 590 sita,
2173 525 2228 578 et
2258 522 2456 579 omnia
2484 523 2583 580 illa
2613 540 2743 596 quae
2771 524 2830 582 in
2851 525 3004 598 typis
3027 529 3091 586 et
3117 528 3476 601 imaginibus
3506 548 3648 605 pra:-

231 611 292 666 in
323 609 646 684 Epistolam
699 610 866 666 Pauli
898 611 970 666 ad
1019 609 1276 678 Galatas,
1307 611 1566 684 quinque
1613 611 1883 685 proprie1

229 700 552 771 volumina,
585 705 642 756 et
670 699 968 756 decimum
1001 699 1361 757 Stromatum
1395 718 1637 758 suorum
1666 701 1884 756 librum

231 790 582 846 commatico
613 806 793 862 super
820 789 1232 862 explanatione
1261 791 1391 863 ejus
1425 807 1695 847 sermone
1723 807 1885 846 com-

231 876 411 950 plevit
470 895 482 933 :
537 879 846 934 Tractatus
905 895 1138 950 quoque
1197 879 1407 946 varios,
1472 885 1528 935 et
1581 881 1882 951 Excerpta,

230 983 360 1039 quae
387 965 479 1023 vel
528 965 654 1024 sola
699 967 928 1038 possint
968 967 1076 1039 [ΑΙ.
1112 970 1373 1040 possent]
1405 969 1692 1041 sufﬁcere,
1725 985 1884 1024 com-

227 1056 451 1128 posuit.
507 1057 886 1112 Praetermitto
943 1056 1279 1129 Didymum,
1323 1058 1612 1114 videntem
1661 1074 1883 1128 meum,

228 1149 292 1200 et
349 1144 733 1200 Laodicenum
789 1143 1231 1217 (Apollinarem)
1263 1147 1334 1202 de
1385 1146 1642 1202 Ecclesia
1699 1163 1885 1217 nuper

227 1247 557 1306 egressum,
590 1237 647 1290 et
671 1233 1067 1290 Alexandrum
1102 1239 1356 1291 veterem
1388 1234 1746 1302 haereticum,
1770 1235 1883 1290 Eu-

225 1321 462 1378 sebium
512 1337 743 1394 quoque
789 1323 1163 1390 Emesenum,
1196 1328 1252 1379 et
1284 1324 1657 1380 Theodorum
1708 1323 1883 1379 Hera-

226 1410 474 1479 cleoten,
509 1411 612 1483 qui
642 1415 699 1467 et
742 1411 855 1484 ipsi
885 1411 1201 1469 nonnullos
1250 1430 1427 1485 super
1473 1413 1595 1469 haec
1625 1429 1686 1469 re
1715 1414 1882 1469 Com-

225 1499 608 1557 mentariolos
630 1500 737 1574 [AL
763 1501 1250 1573 Commentarios]
1281 1501 1662 1575 reliquerunt.
1687 1503 1730 1558 E
1759 1501 1884 1573 qui-

224 1590 341 1647 bus
384 1590 430 1646 si
461 1589 546 1646 vel
597 1606 786 1663 pauca
833 1591 1226 1664 decerperem,
1260 1592 1423 1647 ﬁeret
1470 1591 1693 1663 aliquid
1724 1592 1880 1662 quod

226 1695 348 1734 non
378 1679 614 1752 penitus
661 1683 1152 1737 contemneretur.
1183 1682 1384 1754 Itaque
1430 1685 1495 1737 ut
1535 1679 1883 1752 simpliciter

226 1767 432 1839 fatear,
465 1766 579 1840 legi
625 1767 747 1824 haec
776 1768 993 1837 omnia,
1025 1772 1082 1825 et
1112 1769 1170 1824 in
1202 1773 1394 1825 mente
1444 1785 1575 1826 mea
1625 1768 1880 1841 plurima

225 1872 597 1925 eoacervans,
654 1857 836 1914 accito
895 1857 1143 1926 notario,
1195 1857 1284 1913 vel
1341 1875 1491 1924 mea,
1541 1857 1630 1915 vel
1688 1857 1880 1915 aliena

225 1945 461 2016 dictavi,
493 1962 602 2002 nec
646 1946 890 2018 ordinis,
922 1963 1030 2002 nec
1065 1947 1376 2003 verborum
1424 1947 1741 2015 interdum,
1774 1963 1880 2004 nec

226 2051 509 2093 sensuum
542 2035 889 2092 memoriam
910 2036 932 2070 ²
971 2039 1287 2092 retentans.
1319 2036 1352 2092 J
1360 2050 1454 2092 am
1485 2035 1719 2092 Domini
1749 2040 1878 2092 tan-

224 2128 351 2181 tum
381 2123 794 2182 misericordiae
833 2129 943 2193 est,
977 2140 1048 2180 ne
1080 2141 1182 2197 per
1227 2125 1584 2199 imperitiam
1614 2129 1875 2182 nostram

225 2213 297 2268 ab
329 2212 460 2270 aliis
490 2213 640 2270 bene
669 2213 832 2270 dicta
860 2213 1212 2285 dispereant,
1244 2220 1301 2270 et
1331 2231 1446 2271 non
1487 2213 1757 2287 placeant
1787 2215 1876 2272 in-

224 2307 316 2358 ter
335 2309 667 2369 extraneos,
691 2320 817 2374 quae
839 2302 1070 2374 placent
1089 2302 1243 2359 inter
1263 2319 1421 2361 suos.
1445 2307 1878 2375 Argumentum

219 2391 434 2463 itaque
482 2391 748 2464 Epistola
808 2391 987 2464 hujus
1043 2391 1295 2449 breviter
1353 2391 1877 2464 comprehendens,

224 2479 352 2536 haec
403 2480 742 2553 praefatione
797 2495 1139 2538 commoneo
1160 2483 1201 2552 ³,
1234 2485 1299 2538 ut
1355 2481 1553 2538 sciatis
1611 2481 1877 2537 eamdem

224 2584 354 2626 esse
385 2569 695 2626 materiam
717 2574 775 2627 et
794 2569 1063 2644 Epistolas
1089 2570 1253 2628 Pauli
1281 2572 1354 2627 ad
1385 2571 1638 2640 Galalas,
1663 2574 1720 2627 et
1751 2588 1878 2643 quae

229 2658 300 2712 ad
352 2662 648 2715 Romanos
695 2659 914 2732 scripta
969 2664 1074 2716 est.
1109 2661 1220 2716 Sed
1279 2661 1387 2716 hoc
1441 2660 1670 2716 differre
1726 2660 1881 2716 inter

224 2749 556 2816 utramque,
592 2749 746 2819 quod
779 2748 838 2802 in
872 2747 972 2803 illa
1015 2747 1205 2804 altiori
1249 2765 1426 2805 sensu
1457 2754 1515 2806 et
1543 2749 1880 2822 profundio-

223 2834 392 2900 ribus
421 2852 567 2891 usus
609 2839 699 2893 est
726 2837 1108 2909 argumentis,
1141 2837 1236 2894 hic
1267 2840 1436 2910 quasi
1467 2839 1538 2895 ad
1587 2855 1685 2896 eos
1733 2839 1876 2894 scri-

226 2925 396 2995 bene,
418 2925 501 2981 de
539 2925 756 2996 quibus
801 2926 862 2981 in
911 2927 1408 2998 consequentibus
1457 2928 1537 2984 ait
1569 2943 1581 2983 :
1618 2928 1657 2984 0
1688 2929 1876 2984 insen-

220 3015 335 3070 sati
366 3013 585 3072 Galatae
635 3015 849 3084 (Galat.
883 3032 970 3084 III,
1005 3014 1090 3087 1)!
1123 3019 1191 3071 Et
1221 3033 1234 3072 :
1269 3015 1358 3072 Sic
1384 3018 1706 3088 insipientes
1752 3019 1879 3073 estis

223 3103 382 3172 (ibid.
409 3103 488 3172 3),
510 3102 613 3160 tali
639 3119 703 3160 se
725 3120 996 3160 sermone
1025 3105 1364 3162 moderatus
1386 3109 1495 3175 est,
1511 3107 1666 3178 quod
1698 3105 1880 3161 incre-

222 3197 392 3264 paret
422 3192 617 3265 potius
646 3209 826 3265 quam
857 3193 1118 3262 doceret;
1151 3198 1208 3250 et
1237 3210 1411 3266 quem
1445 3199 1684 3267 possent
1715 3193 1877 3251 stulti

1996 615 2318 683 cesserunt,
2376 614 2434 668 id
2484 617 2592 683 est,
2642 615 2826 671 otium
2870 615 3129 685 Sabbati,
3181 618 3645 679 circumcisionis

1994 699 2295 772 injuriam,
2321 701 2712 759 Kalendarum
2743 709 2800 760 et
2830 705 3012 761 trium
3044 722 3148 779 per
3177 722 3396 763 annum
3428 710 3642 769 solem-

1995 788 2245 845 nitatum
2278 806 2572 859 recursus,
2605 792 3118 865 scrupulositatem
3150 796 3437 865 ciborum,
3459 803 3516 855 et
3544 818 3645 873 per

1994 878 2120 933 dies
2168 877 2434 951 singulos
2488 879 2718 936 lavacra
2766 881 2978 937 iterum
3028 884 3404 954 sordidanda,
3456 887 3642 944 3'71-

1995 965 2148 1023 372
2179 966 2368 1038 gratia
2410 967 2706 1042 Evangelii
2756 972 3107 1045 subrepente
3145 989 3427 1047 cessasse,
3461 992 3640 1050 quam

1994 1071 2110 1111 non
2134 1056 2376 1128 sanguis
2397 1057 2791 1127 victimarum,
2816 1062 2918 1118 sed
2940 1062 3085 1119 fides
3116 1065 3324 1121 animae
3351 1067 3641 1124 credentis

1992 1143 2280 1217 impleret.
2313 1145 2530 1201 Verum
2581 1147 2720 1203 alibi
2771 1165 2873 1220 pro
2922 1155 3106 1222 parte,
3153 1157 3211 1208 et
3261 1159 3327 1210 ut
3374 1172 3436 1212 se
3484 1155 3642 1212 aliud

1993 1233 2186 1306 agenti
2216 1233 2338 1290 haec
2368 1235 2613 1306 quaestio
2635 1237 2944 1310 obtulerat,
2969 1256 3037 1295 ex
3065 1240 3244 1297 latere
3275 1243 3642 1316 disputatum

1993 1327 2100 1391 est,
2151 1326 2207 1378 et
2254 1339 2401 1395 pene
2457 1325 2853 1396 perstrictum.
2889 1329 2952 1383 In
3009 1329 3103 1384 his
3162 1336 3358 1388 autem
3389 1333 3639 1405 duabus,

1994 1414 2058 1465 ut
2087 1410 2224 1477 dixi,
2261 1411 2557 1484 Epistolis,
2591 1414 3224 1493 specialiterantiquae
3269 1420 3417 1493 legis
3448 1439 3641 1479 cessa-

1992 1499 2093 1567 tio,
2126 1504 2184 1556 et
2221 1516 2378 1557 novae
2428 1501 2781 1558 introductio
2813 1505 3162 1562 continetur.
3197 1507 3307 1563 Sed
3359 1511 3430 1566 ad
3463 1510 3639 1568 Gala-

1989 1591 2081 1645 tas
2112 1587 2222 1646 hoc
2273 1590 2574 1662 proprium
2607 1591 2802 1662 habet,
2836 1594 2988 1665 quod
3023 1612 3140 1651 non
3171 1596 3374 1652 scribit
3417 1599 3489 1654 ad
3539 1616 3637 1656 eos

1991 1677 2089 1748 qui
2121 1693 2188 1733 ex
2217 1678 2436 1735 Judaeis
2475 1679 2535 1735 in
2581 1680 2878 1738 Christum
2925 1685 3312 1756 crediderant,
3344 1691 3401 1742 et
3446 1692 3636 1760 pater-

1989 1781 2096 1822 nas
2151 1769 2439 1838 putabant
2485 1771 2862 1827 caeremonias
2915 1773 3312 1831 observandas
3353 1791 3367 1832 :
3419 1779 3520 1833 sed
3564 1779 3636 1834 ad

1989 1870 2088 1910 eos
2120 1855 2219 1927 qui
2269 1873 2337 1912 ex
2375 1857 2648 1929 gentibus
2693 1860 2871 1916 ﬁdem
2927 1861 3222 1935 Evangelii
3280 1872 3634 1939 receperant,

1988 1946 2046 1999 et
2076 1960 2313 2001 rursum
2354 1951 2507 2003 retro
2548 1947 2720 2019 lapsi,
2753 1952 3141 2021 quorumdam
3173 1954 3405 2009 fuerant
3435 1959 3633 2012 aucto-

1988 2032 2157 2090 ritate
2187 2034 2469 2106 deterriti,
2503 2039 2890 2094 asserentium
2925 2040 3155 2096 Petrum
3189 2057 3421 2113 quoque
3452 2046 3509 2098 et
3534 2047 3632 2099 Ja-

1988 2122 2230 2190 cobum,
2287 2127 2343 2178 et
2392 2128 2543 2180 totas
2612 2125 2825 2182 Judaeze
2882 2127 3192 2196 Ecclesias,
3252 2130 3633 2204 Evangelium
3705 2139 3712 2144 '

1986 2211 2202 2268 Christi
2240 2228 2372 2268 cum
2430 2213 2555 2285 lege
2602 2215 2778 2271 veteri
2837 2217 3164 2274 miscuisse.
3199 2218 3400 2291 Ipsum
3457 2222 3634 2278 etiam

1987 2299 2232 2356 Paulum
2283 2301 2440 2357 aliud
2489 2303 2546 2358 in
2577 2303 2781 2360 Judaea
2829 2305 3038 2374 facere,
3089 2305 3248 2363 aliud
3298 2309 3634 2367 nationibus

1987 2390 2307 2462 paaedicare
2340 2408 2352 2446 :
2389 2396 2447 2448 et
2490 2393 2709 2450 frustra
2753 2409 2853 2450 eos
2881 2395 2941 2450 in
2972 2395 3328 2454 Cruciﬁxum
3378 2399 3632 2466 credere,

1988 2479 2038 2534 si
2096 2478 2154 2534 id
2214 2479 2631 2553 negligendum
2689 2485 2964 2554 putarent
3017 2487 3174 2556 quod
3235 2487 3635 2559 apostolorum

1985 2567 2280 2640 principes
2330 2571 2762 2627 observarent“.
2797 2573 3186 2637 Quamobrem
3219 2574 3301 2632 ita
3348 2581 3515 2633 caute
3545 2576 3636 2632 in-

1987 2660 2074 2713 ter
2104 2661 2421 2731 utrumque
2451 2665 2508 2715 et
2550 2661 2782 2716 medius
2828 2663 3064 2731 incedit,
3094 2667 3159 2720 ut
3205 2679 3310 2721 nec
3340 2666 3636 2740 Evangelii

1986 2747 2196 2819 prodat
2251 2747 2520 2820 gratiam,
2562 2765 2804 2821 pressus
2861 2752 3116 2823 pondere
3175 2757 3232 2808 et
3287 2755 3636 2811 auctoritate

1986 2836 2299 2908 majorum,
2324 2853 2429 2892 nec
2467 2838 2906 2910 precessoribus
2954 2839 3125 2896 faciat
3153 2839 3454 2911 injuriam,
3489 2843 3632 2898 dum

1985 2930 2244 2982 assertor
2271 2930 2362 2981 est
2392 2927 2593 2997 gratiae
2635 2926 2867 2999 oblique
2914 2944 3047 2985 vero
3079 2932 3136 2985 et
3165 2930 3334 2999 quasi
3383 2947 3488 3002 per
3533 2948 3635 2986 cu-

1987 3012 2214 3069 niculos
2248 3013 2494 3069 latenter
2546 3014 2824 3070 incedens
2856 3031 2869 3070 :
2905 3019 2968 3070 ut
2997 3016 3102 3087 [Αι.
3137 3018 3213 3087 et]
3261 3021 3498 3074 Petrum
3529 3019 3632 3074 do-

1986 3107 2112 3160 ceat
2136 3119 2238 3174 pro
2270 3102 2586 3158 commissa
2610 3102 2721 3158 sibi
2748 3103 3213 3160 circumcisionis
3232 3105 3400 3177 plebe
3424 3107 3632 3177 facere,

1986 3209 2059 3249 ne
2107 3193 2177 3247 ab
2227 3191 2467 3262 antiquo
2516 3195 2754 3263 repente
2793 3191 3021 3248 vivendi
3061 3209 3221 3250 more
3278 3195 3631 3269 deseiscens,

220 3279 569 3354 intelligere,
595 3286 661 3338 ut
691 3298 1036 3340 communes
1057 3283 1398 3354 sententias,
1423 3282 1722 3340 communi
1753 3299 1876 3339 ora-
1905 3268 1948 3336 C
1987 3282 2046 3337 in
2079 3296 2312 3337 crucem
2343 3280 2734 3337 scandalizata
2773 3298 2889 3337 non
2941 3282 3218 3350 crederet,
3253 3286 3310 3338 et
3337 3283 3448 3339 sibi
3480 3268 3633 3357 prae?

223 3369 383 3426 tione
429 3371 687 3438 vestiret,
720 3376 776 3427 et
806 3388 955 3448 quos
986 3372 1132 3428 ratio
1163 3374 1411 3429 suadere
1457 3389 1574 3429 non
1624 3375 1869 3446 poterat,

1980 3371 2270 3426 dicatione
2322 3369 2589 3442 gentium
2637 3369 2876 3437 credita,
2920 3373 3195 3442 aequum6
3238 3387 3368 3428 esse
3418 3373 3476 3428 id
3526 3390 3630 3446 pro

219 3463 518 3515 revocaret
544 3459 880 3516 auctoritas.
914 3459 1124 3518 Nullus
1167 3461 1405 3534 quidem
1450 3461 1713 3534 Apostoli
1746 3477 1872 3518 ser-
1979 3461 2219 3516 veritate
2259 3459 2588 3528 defendere,
2639 3460 2789 3530 quod
2840 3458 2993 3515 alius
3041 3476 3144 3532 pro
3193 3461 3631 3533 dispensatione

217 3563 317 3604 mo
356 3551 467 3619 est,
497 3547 586 3604 vel
631 3565 735 3622 per
783 3548 1126 3622 Epistolam,
1157 3549 1246 3607 vel
1288 3551 1612 3624 praesentis,
1647 3552 1707 3607 in
1756 3567 1871 3623 quo

216 3653 338 3695 non
377 3635 646 3694 laboret‘
695 3639 898 3694 docere
953 3640 1207 3714 antiqua:
1268 3639 1413 3713 legis
1470 3657 1648 3697 onera
1693 3641 1870 3714 depo-

292 3763 310 3835 ξ
345 3763 532 3835 {antea
561 3767 702 3834 erat,
733 3766 980 3835 propria,
1013 3764 1211 3821 minus
1242 3770 1413 3822 recte.

291 3833 314 3868 ²
347 3833 410 3888 In
447 3832 695 3890 laudata
713 3832 1207 3909 adfingustinum
1251 3837 1424 3909 epist.
1455 3837 1694 3893 brevius
1724 3855 1736 3892 :
1772 3837 1876 3892 Nec

217 3920 487 3975 sensuum
514 3921 740 3962 memor.
780 3908 901 3963 Jam
952 3908 1172 3964 Domini
1213 3908 1604 3966 misericordia
1632 3912 1729 3975 est,
1761 3912 1872 3963 etc.

291 3976 316 4009 ³
347 3974 535 4052 Palat.
569 3993 677 4052 ms.
711 3976 804 4052 h_oc
848 3981 1182 4052 praefatio-ne
1217 3996 1563 4042 commoneo;
1615 3985 1672 4035 et
1715 3974 1874 4047 mox,

217 4047 518 4124 materiam
545 4047 796 4124 egigtolae
823 4047 1046 4124 absque
1075 4061 1125 4107 et
1159 4052 1385 4124 copula.

287 4065 518 4103 uenam
545 4065 796 4175 eguerat:
823 4065 1046 4123 ansque
1075 4065 1125 4107 et
1159 4065 1385 4124 copula.

287 4120 312 4152 ⁸
346 4118 516 4205 Idem,
563 4191 574 4205 _
611 4119 746 4205 alat.
800 4122 998 4205 codex,
1045 4138 1220 4205 sermo
1271 4128 1366 4205 est,
1399 4123 1482 4205 vel
1531 4122 1878 4205 epistola,“in

215 4205 324 4266 quo
352 4205 467 4246 non
497 4191 722 4266 laboret,
766 4197 900 4262 etc.,
945 4195 1250 4266 expunctis
1281 4191 1602 4266 interjectis
1632 4192 1875 4264 voculis,

217 4261 304 4316 vel
334 4269 386 4316 et
425 4261 739 4333 praesentia.

294 4333 316 4365 ⁸
347 4337 534 4458 Penes
566 4334 872 4391 Babanum
897 4336 1109 4392 minori
1137 4353 1404 4403 numero,
1425 4338 1676 4410 princeps
1707 4336 1882 4392 obser-

297 4421 359 4458 re
377 4442 402 4458 -.

216 4420 402 4459 varet.

305 4476 330 4508 ⁸
362 4473 616 4532 Palatio.
645 4493 778 4546 ms.,
812 4491 1035 4550 (equum
1081 4481 1218 4536 esset
1259 4495 1362 4550 pro
1410 4480 1647 4537 veritate
1692 4479 1882 4550 defen-

229 4553 376 4616 dere,
411 4551 523 4602 etc.

301 4604 470 4705 ill-ur
498 4618 839 4705 Bataneotels
880 4622 952 4678 ab
1001 4621 1360 4705 Hieronymo.
1379 4621 1734 4705 Porphyrius
1773 4604 1882 4705 ‘apf
1916 4639 1963 4705 Β

275 4691 507 4766 elletur,
538 4690 640 4745 diu
673 4691 1048 4766 multumque
1087 4699 1178 4750 est
1207 4690 1364 4766 quod
1396 4690 1621 4766 certant
1649 4690 1882 4748 eruditi.

273 4762 502 4836 lerique
533 4767 728 4836 autem
770 4764 828 4818 in
873 4762 1001 4820 eam
1051 4762 1388 4821 concessere
1434 4764 1791 4836 opinionem,
1825 4767 1890 4818 ut

231 4833 585 4891 vocabulum
619 4833 812 4904 ipsum
853 4837 1068 4892 cubare
1100 4837 1158 4893 in
1191 4837 1403 4892 mendo
1448 4833 1712 4891 arbitrati
1746 4835 1886 4904 sint,

234 4911 292 4964 et
325 4921 433 4978 pro
462 4921 566 4980 suo
588 4906 841 4980 quisque
875 4907 1106 4980 ingenio
1127 4907 1887 4980 contenderinaemendare,

232 4976 608 5050 Sirmondus,
644 4976 823 5050 epist.
866 4976 1120 5050 quadam
1171 4980 1243 5035 ad
1293 4976 1890 5050 Holstenium,@ala-

235 5047 920 5122 veniri-,vrescribendum
968 5050 1234 5121 conjecit,
1269 5051 1440 5120 cujus
1476 5050 1635 5106 verbi
1662 5047 1891 5122 signiﬁ-

236 5124 431 5194 catus,
461 5119 519 5172 id
547 5121 666 5194 _est,_
703 5120 934 5194 ardelio,
980 5119 1299 5194 per'versus,
1342 5119 1647 5194 eﬁeclatus,
1678 5119 1893 5194 hisque

236 5189 480 5265 similia,
513 5190 585 5245 ab
618 5191 746 5265 ejus
790 5189 1126 5265 philosophi
1148 5189 1421 5265 moribus
1471 5211 1606 5265 non;
1639 5189 1889 5265 abludit.

235 5262 648 5336 Minimevero
697 5262 994 5336 Holstenio
1029 5262 1158 5336 ‘ipsi
1213 5267 1568 5336 conjectura
1594 5263 1714 5319 haec
1744 5263 1892 5336 _pla-

232 5333 380 5408 cuit,
407 5332 510 5408 qui
533 5331 743 5408 maluit
775 5331 1095 5408 βιαθάνατοξ
1130 5331 1352 5408 reponi,
1376 5335 1531 5407 quod
1555 5334 1613 5408 in
1636 5331 1894 5406 antiquis

233 5405 429 5478 libris,
475 5405 869 5478 Riothanioles,
915 5408 1034 5464 sive
1080 5405 1444 5478 Betlianiotca
1473 5405 1894 5478 scriptumi’re-

229 5473 476 5559 perarit:
505 5473 619 5557 Hoc
653 5492 886 5559 quoque
906 5478 1255 5559 vocabulum
1281 5473 1895 5559 Porphyrldquadmt,

228 5546 706 5620 impioihomini,
741 5546 808 5604 et'
842 5551 933 5606 cui
967 5549 1218 5606 violenta
1249 5546 1434 5606 morte
1478 5546 1598 5606 vita
1639 5546 1896 5618 eripere-

227 5617 358 5701 t_ur',
402 5617 782 5701 dignissimo.
832 5621 979 5678 Aliis
1024 5620 1464 5701 placetAnatale
1520 5621 1648 5701 ejus
1705 5617 1897 5701 solum

1981 3547 2308 3605 simularet.
2339 3547 2501 3612 Quod
2540 3563 2914 3620 nequaquam
2962 3547 3297 3622 intelligens
3346 3553 3629 3607 Bataneo-

1981 3643 2069 3694 tes
2089 3638 2108 3672 ⁷
2141 3642 2198 3693 et
2226 3635 2542 3692 sceleratus
2575 3635 2676 3692 ille
2717 3636 3095 3709 Porphyrius,
3122 3637 3182 3692 in
3213 3637 3404 3710 primo
3434 3639 3629 3711 operis

1976 3762 2270 3819 coloniam
2306 3778 2319 3816 :
2354 3777 2534 3834 quare
2565 3765 2621 3817 et
2662 3761 2892 3818 civitate
2933 3762 3185 3818 donatus
3217 3779 3250 3818 a
3277 3762 3464 3834 Tyriis
3491 3764 3630 3820 Por-

1984 3835 2227 3908 phyrius
2259 3834 2450 3908 fuerit,
2476 3835 2952 3908 quandoquidem
2986 3835 3226 3908 Tyrium
3259 3834 3430 3908 vulgo
3462 3836 3635 3891 exsti-

1983 3905 2126 3988 tisse
2157 3922 2291 3960 eum
2321 3906 2564 3986 tradunt
2584 3905 2905 3988 Eun‘apius‘,
2925 3910 2981 3988 et
3013 3905 3220 3988 Plotini
3247 3905 3400 3972 Vitd,
3423 3923 3551 3977 cap.

1990 3977 2244 4048 Denique
2276 3977 2484 4048 rvisum
2533 3981 2624 4032 est
2672 3977 2823 4044 aliis,
2866 3978 3230 4048 Bataneotem
3285 3992 3386 4046 per
3437 3977 3637 4048 convi-

1987 4046 2308 4112 cium—diei,
2333 4049 2490 4118 quod
2521 4051 2825 4104 taurorum
2859 4048 3047 4103 instar
3053 4046 3414 4173 ἓατανεωτῶν
3445 4047 3658 4119 petul-_

1988 4137 2054 4173 co
2086 4136 2232 4173 ausu
2265 4119 2323 4173 in
2369 4119 2666 4173 Christum
2716 4120 2962 4173 eiusaue
3011 4121 3044 4173 fi
3093 4135 3185 4173 em
3234 4118 3635 4173 insurrexerit.

1988 4137 2054 4176 eo
2086 4136 2232 4176 ausu
2265 4119 2323 4174 in
2369 4119 2666 4175 Christum
2716 4120 2962 4191 ejusque
3011 4118 3185 4173 fidem
3234 4118 3635 4191 insurrexerit.

1987 4195 2176 4263 Atque
2205 4207 2310 4263 ego
2332 4191 2627 4262 equidem,
2651 4199 2714 4246 ut
2744 4189 2947 4263 sedulo
2977 4191 3192 4263 dicam,
3221 4190 3452 4263 duabus
3477 4189 3640 4263 hisce

1990 4260 2338 4333 conjectu'ris
2370 4260 2429 4316 in
2469 4279 2648 4317 unam
2688 4262 2933 4332 junctis,
2965 4261 3194 4333 sibique
3237 4260 3484 4333 invicem
3517 4261 3642 4317 suf-

1990 4332 2358 4405 fragantibus
2391 4332 2667 4388 libentius
2694 4333 2987 4405 accedam.
3011 4332 3209 4405 Neque
3239 4332 3395 4405 enim
3428 4333 3642 4405 adduci

1991 4402 2264 4477 pos—sum,
2317 4409 2381 4458 ut
2441 4409 2640 4474 putem
2689 4402 2812 4477 vitii
2861 4402 3084 4477 aliquid
3109 4402 3414 4477 _‘vocabulo
3466 4403 3644 4477 inole-

1991 4473 2171 4548 visse,
2189 4473 2661 4548 _corruptumque
2693 4473 3000 4548 librarium
3033 4473 3204 4547 culpa
3237 4491 3470 4548 nomen.
3494 4476 3642 4548 Nam

1993 4553 2052 4605 et
2080 4565 2115 4603 a
2143 4546 2578 4618 Chrysostomo,
2628 4551 2786 4601 hom.
2819 4548 2854 4601 6
2880 4546 2942 4602 in
2974 4547 2995 4601 Ι
3027 4548 3098 4602 ad
3131 4546 3388 4618 Corinth.
3417 4546 3642 4618 Episto-

1993 4619 2133 4685 lam,
2168 4621 2223 4673 et
2264 4617 2335 4673 ab
2381 4618 2682 4674 Anastasio
2727 4618 2951 4674 Sinaita
2979 4618 3037 4673 in
3069 4618 3299 4686 Hodego,
3332 4617 3432 4671 ubi
3469 4617 3647 4672 Seve-

1997 4691 2224 4762 rianum
2251 4691 2428 4762 quasi
2452 4705 2665 4744 novum
2691 4689 3074 4762 Porphyrium
3099 4687 3460 4762 perstringit,
3491 4687 3648 4762 βατᾳ-

2001 4761 2204 4830 νεώτης
2245 4758 2614 4833 appellatur;
2649 4765 2706 4816 et
2752 4758 2819 4814 si
2853 4758 3117 4833 quidem_
3149 4759 3292 4814 velis
3351 4758 3527 4813 falsos
3589 4759 3649 4833 in

1998 4833 2220 4890 exotica
2248 4830 2385 4888 voce
2434 4832 2817 4888 describenda
2867 4830 3100 4886 Latinos
3149 4845 3539 4884 amanuenses
3588 4830 3649 4883 in

1998 4906 2370 4976 Hieronymo,
2407 4904 2665 4976 idipsum
2696 4908 2752 4959 et
2791 4904 2861 4958 de
2907 4902 3236 4976 vernaculis
3285 4901 3499 4956 Graecis
3548 4917 3654 4976 pu-

1999 4981 2125 5032 tare
2177 4972 2414 5032 necesse
2461 4972 2678 5032 habeas
2718 4989 2895 5046 penes
2926 4974 3427 5046 Cbrysostomumi
3456 4977 3512 5046 et
3560 4972 3654 5026 Sl-

2002 5048 2244 5111 naitam,
2279 5048 2433 5119 quod
2483 5047 2553 5101 ab
2606 5043 2763 5119 omni
2821 5043 3081 5100 veritatis
3141 5043 3331 5119 specie
3382 5044 3656 5119 abhorret

2003 5119 2261 5174 immane
2295 5115 2626 5189 'quantum.
2677 5116 2789 5189 _Sic_
2830 5120 3024 5171 autem
3084 5115 3374 5183 existimo,
3417 5115 3654 5189 quando

2004 5189 2202 5262 patria:
2235 5185 2446 5262 nomen
2491 5189 2550 5262 in
2582 5185 2958 5262 maledictum
3009 5192 3392 5259 contorquere
3423 5185 3524 5256 per
3566 5187 3657 5262 ip-

2006 5258 2255 5317 siusmet
2294 5259 2450 5315 vocis
2496 5259 2891 5332 significatum
2946 5258 3004 5313 in
3056 5258 3330 5332 promptu
3381 5263 3524 5332 erat,
3577 5259 3660 5332 ita.

2008 5334 2404 5396 Batoneotem,
2429 5328 2576 5402 cum
2595 5331 2665 5385 ab
2697 5328 3074 5402 Hieronymo,
3096 5328 3328 5386 tum'ab
3358 5329 3492 5385 aliis
3524 5328 3662 5402 scri-

2007 5403 2274 5477 ptoribus
2331 5401 2689 5477 appellatum
2742 5401 3148 5477 Porphyrium,
3200 5405 3265 5457 ut
3312 5402 3498 5477 magis
3549 5401 3661 5477 im-

2007 5472 2170 5548 pium
2194 5472 2606 5548 atque—effreno
2626 5472 2885 5548 hominis
2907 5472 3206 5548 ingenium
3228 5474 3661 5548 exprobrarent.

2006 5543 2154 5627 Huic
2188 5543 2304 5627 fere
2335 5543 2828 5627 geminum-illud
2879 5543 2997 5627 est,
3021 5546 3182 5627 quod
3227 5543 3398 5627 epist.
3432 5543 3502 5599 ad
3550 5543 3664 5627 ειετ

2006 5616 2505 5690 siphonte-m,'133,
2539 5621 2736 5690 noster
2781 5616 3116 5690 Evagrium
3145 5616 3453 5690 Ponticum
3500 5618 3669 5690 vocat

229 5685 550 5766 denotari._
579 5690 895 5766 Bataneam
954 5685 1181 5766 scilicet
1213 5693 1420 5766 ‘Syriae
1463 5685 1768 5766 oppidum,
1828 5690 1900 5766 de
2009 5685 2497 5766 Hyperiboritam,
2528 5689 2685 5764 quod
2720 5693 2828 5760 est,
2862 5685 3038 5762 super
3079 5688 3324 5746 Iberitas
3355 5685 3667 5763 populares

229 5779 364 5845 quo
392 5759 728 5839 Stephanus
777 5762 1013 5842 Byzant.
1063 5759 1346 5841 loquitur,
1376 5759 1682 5843 Tyriorum
1733 5759 1901 5822 facile
2010 5759 2150 5821 suos
2181 5761 2426 5821 malum.
