4058 6190
373 369 490 432 335
1620 375 1684 433 S.
1733 373 2048 435 EUSEBll
2093 373 2540 434 HIERONYMI
3671 377 3786 439 336

374 501 465 558 sui
515 500 825 557 adversum
874 519 980 558 nos
1029 502 1198 574 libro,
1233 503 1468 559 Petrum
1512 522 1546 559 a
1584 504 1764 560 Paulo
1808 504 2018 575 objecit
2045 507 2102 572 Α
2133 506 2304 574 rent].
2340 506 2472 568 Quae
2504 507 2739 576 quidem
2781 509 2838 561 et
2876 523 3052 574 nunc,
3089 508 3396 563 orantibus
3427 509 3610 581 vobis,
3645 510 3788 565 levi-

374 605 502 645 esse
532 590 975 662 reprehensum,
1013 593 1165 663 quod
1211 610 1325 647 non
1373 598 1527 648 recto
1558 594 1703 665 pede
1734 593 2026 648 incederet
2132 599 2220 649 ter
2251 611 2365 665 quo
2397 612 2574 649 sensu
2628 596 2745 650 sint
2792 595 2969 664 dicta,
3003 597 3423 669 contingimus,
3455 603 3512 654 et
3557 599 3618 654 in
3661 600 3785 655 suis

379 679 451 734 ad
481 680 999 753 evangelizandum
1035 699 1047 736 :
1081 681 1279 738 volens
1311 687 1367 738 et
1413 682 1498 738 illi
1547 682 1839 738 maculam
1873 699 2024 738 erro-
2131 683 2272 738 locis
2304 684 2534 754 plenius
2573 701 2978 756 exsequemur.
3011 686 3122 741 Sed
3154 687 3281 757 jam
3313 691 3549 759 tempus
3581 693 3690 756 est,
3726 694 3786 746 ut

294 781 296 783 ’
374 768 459 824 ris
499 768 753 837 inurere,
787 776 844 828 et
889 771 1026 827 huic
1074 773 1466 844 procacitatis,
1498 776 1556 827 et
1605 772 1664 826 in
1714 788 2023 827 commune
2131 772 2320 844 ipsius
2362 773 2621 845 Apostoli
2670 776 2848 830 verba
2902 779 3211 846 ponentes,
3263 776 3497 850 singula
3545 795 3784 851 quazque

373 855 497 913 ﬁcti
525 859 819 931 dogmatis
859 877 1132 918 accusare
1177 861 1572 931 mendacium,
1605 861 1748 916 dum
1779 861 1932 916 inter
1962 878 2025 917 se
2134 863 2484 932 pandemus.

293 943 299 946 ’
372 944 767 1006 Ecclesiarum
820 950 1116 1022 principes
1174 950 1504 1022 discrepent
1553 949 1678 1019 [Αἰ.
1729 950 2022 1022 discrepa-

1566 1250 1978 1336 LIBER
2064 1249 2612 1337 PRIMUS.

444 1507 602 1580 (Cap.
646 1508 688 1564 Ι.
730 1537 799 1548 --
829 1507 989 1565 Vere.
1018 1508 1094 1579 1.)
1144 1509 1297 1563 373
1350 1531 1378 1558 «
1431 1507 1644 1562 Paulus
1703 1506 2024 1578 apostolus,
2140 1508 2317 1578 nique
2347 1508 2603 1579 Moysen,
2637 1508 2730 1563 cui
2762 1508 2977 1564 dicitur
3011 1527 3024 1568 :
3057 1510 3122 1565 Et
3145 1525 3238 1581 ego
3265 1511 3428 1567 mitto
3459 1519 3510 1567 te
3536 1513 3606 1568 ad
3643 1513 3792 1570 Pha-

375 1613 491 1653 non
526 1599 596 1653 ab
642 1597 1003 1665 hominibus,
1057 1614 1245 1668 neque
1277 1614 1379 1668 per
1427 1598 1758 1664 hominem;
1792 1598 1892 1652 sed
1925 1613 2034 1668 per
2136 1613 2359 1652 manem
2407 1597 2596 1669 (Exod.
2645 1615 2732 1666 1n,
2781 1599 2896 1669 10);
2946 1603 3003 1654 et
3049 1599 3174 1670 ipse
3223 1601 3619 1673 respondeat:
3651 1605 3787 1660 Pro-

372 1685 924 1754 Jesum'Christum,
958 1690 1015 1742 et
1062 1687 1244 1742 Deum
1282 1687 1534 1758 Patrem,
1571 1687 1671 1759 qui
1721 1686 2025 1742 suscitavit
2135 1687 2260 1742 vide
2301 1688 2477 1741 alium
2525 1703 2684 1758 quem
2733 1689 2920 1743 mittas
2952 1688 3117 1760 (Ibid.
3151 1690 3269 1759 tl);
3323 1695 3380 1745 et
3429 1691 3662 1754 Isaiam.
3697 1693 3789 1749 cui

377 1793 514 1832 eum
546 1793 581 1832 a
611 1777 880 1832 mortuis.
904 1796 931 1829 η
967 1777 1092 1831 Non
1125 1777 1392 1848 superbe,
1427 1781 1492 1831 ut
1522 1777 1760 1848 quidam
1794 1780 2023 1848 putant,
2057 1777 2104 1842 B
2136 1774 2398 1846 loquitur
2427 1777 2582 1832 Deus
2617 1793 2630 1831 ε
2668 1777 2834 1845 Quem
2864 1779 3087 1833 mittam
3135 1786 3188 1834 et
3233 1781 3355 1850 quis
3389 1780 3495 1835 ibit
3521 1781 3597 1836 ad
3619 1798 3792 1854 popu-

377 1867 498 1923 sed
558 1866 903 1936 necessarie,
951 1882 1138 1938 neque
1190 1867 1260 1921 ab
1309 1865 1670 1934 hominibus,
1704 1883 1895 1938 neque
1944 1883 2046 1938 per
2154 1866 2268 1918 lum
2315 1867 2481 1919 istum
2527 1865 2653 1936 (Isa.
2696 1883 2771 1934 v1,
2804 1866 2898 1936 8)?
2945 1882 3072 1922 esse
3113 1872 3170 1921 et
3218 1867 3511 1938 apostolos
3558 1875 3616 1925 et
3663 1888 3792 1944 pro-

384 1954 711 2022 hominem,
744 1971 807 2011 se
848 1955 1199 2028 Apostolum
1253 1972 1382 2011 esse
1439 1955 1739 2027 proponit;
1790 1956 1890 2010 sed
1942 1972 2043 2026 per
2151 1954 2376 2026 phetas.
2399 1955 2561 2009 Unde
2592 1959 2647 2009 et
2669 1971 2774 2010 nos
2807 1972 3124 2026 possumus
3155 1956 3480 2030 intelligere
3507 1958 3793 2017 Joannem

376 2043 583 2101 Jesum
614 2043 936 2115 Christum,
951 2048 1008 2100 et
1038 2050 1220 2100 Deum
1245 2049 1499 2114 Patrem,
1525 2048 1590 2099 ut
1621 2062 1718 2100 eos
1750 2045 1851 2116 qui
1881 2049 2038 2099 Pau—

382 2132 509 2188 lum
554 2137 719 2188 extra
749 2133 1056 2189 duodecim
1091 2134 1387 2205 apostolos
1417 2133 1796 2202 ventilabant,
1831 2139 1888 2189 et
1934 2150 2036 2189 ne-

381 2223 500 2280 scio
531 2224 686 2279 unde
716 2223 909 2278 subito
953 2223 1310 2295 prorupisse,
1332 2222 1420 2278 vel
1452 2241 1484 2278 a
1516 2224 1841 2294 majoribus
1872 2223 2033 2279 ordi-

377 2318 585 2369 natum
625 2312 1034 2378 astruebant‘,
1079 2312 1189 2366 hac
1235 2311 1578 2366 auctoritate
1627 2314 2032 2383 confunderet,

391 2404 590 2459 Potest
619 2405 814 2457 autem
846 2405 904 2456 et
944 2400 1177 2472 oblique
1226 2402 1286 2455 in
1333 2402 1570 2456 Petrum
1603 2406 1659 2456 et
1687 2404 1746 2456 in
1800 2407 2035 2461 caeteros

385 2491 608 2547 dictum
639 2490 843 2562 accipi,
862 2490 1016 2560 quod
1043 2507 1158 2544 non
1181 2491 1252 2544 ab
1275 2489 1554 2560 apostolis
1577 2491 1626 2545 ei
1650 2491 1726 2545 sit
1746 2491 2029 2547 traditum

380 2578 784 2653 Evangelium,
817 2580 916 2634 sed
956 2579 1026 2632 ab
1057 2577 1184 2648 ipso
1212 2579 1353 2634 Jcsu
1386 2579 1634 2646 Christo,
1663 2581 1760 2650 qui
1794 2585 1851 2634 et
1901 2581 2032 2637 illos

375 2668 668 2742 apostolos
699 2666 970 2739 elegerat.
995 2667 1112 2723 Hoc
1140 2673 1335 2723 autem
1367 2673 1554 2723 totum
1587 2669 1714 2724 ideo
1748 2687 2034 2740 prmpara-

381 2764 498 2828 tur,
534 2764 599 2814 ut
630 2773 803 2814 nemo
835 2755 946 2812 sibi
975 2762 1175 2812 contra
1213 2757 1359 2829 legis
1390 2774 1565 2812 onera
1594 2775 1696 2828 pro
1729 2759 2030 2830 Evangelii

381 2848 570 2920 gratia
599 2846 945 2920 disputanti,
980 2845 1168 2918 possit
1197 2863 1516 2918 opponere;
1553 2849 1652 2902 sed
1690 2849 1890 2904 Petrus
1923 2848 2031 2904 hoc

382 2937 549 3004 dixit,
582 2937 684 2992 sed
723 2934 972 3008 apostoli
1021 2936 1130 2990 hoc
1179 2940 1535 3004 statuerunt,
1571 2938 1671 2991 sed
1715 2955 2028 3008 praecesso-

381 3043 475 3083 res
507 3026 593 3082 tui
623 3025 781 3082 aliud
814 3026 1206 3081 decreverunt.
1233 3025 1394 3088 Quod
1427 3025 1662 3096 quidem
1694 3026 1753 3080 in
1785 3043 2029 3097 sequen-

381 3115 570 3184 tibus,
631 3131 788 3169 nunc
845 3115 1013 3185 quasi
1069 3114 1292 3169 occulto
1351 3131 1618 3170 sermone
1676 3115 2030 3198 praeludens,

382 3201 758 3259 manifestius
786 3201 950 3267 facit;
994 3202 1134 3255 dum
1186 3202 1257 3256 ab
1308 3201 1390 3256 eis
1445 3203 1543 3273 qui
1573 3202 1844 3257 videntur
1899 3220 2027 3260 esse

381 3291 625 3365 aliquid,
655 3289 802 3346 nihil
841 3289 900 3343 in
945 3305 1007 3344 se
1054 3288 1334 3344 collatum
1365 3292 1557 3356 refert,
1590 3296 1647 3345 et
1695 3291 1808 3363 ipsi
1863 3293 2026 3349 Petro

377 3382 438 3438 in
469 3381 678 3437 faciem
721 3377 1004 3436 restitisse
1034 3395 1097 3434 se
1145 3378 1366 3445 scribit,
1400 3378 1564 3433 nulla
1593 3397 1655 3434 se
1685 3381 1884 3436 dicens
1926 3399 2023 3437 ne-

375 3471 648 3528 cessitate
675 3467 1068 3539 compulsum,
1102 3471 1169 3521 ut
1200 3466 1490 3539 hypocrisi
1534 3469 1764 3522 cederet
1798 3470 2023 3526 Judan-

373 3576 528 3616 rum.
551 3558 714 3623 Quod
744 3557 794 3612 si
823 3557 1199 3612 temerarium
1231 3556 1588 3628 quibusdam
1610 3557 1860 3627 videtur,
1885 3575 2018 3614 eum

373 3652 577 3706 contra
632 3645 946 3720 apostolos,
979 3645 1246 3717 quamvis
1305 3645 1550 3713 occulte,
1595 3645 1883 3716 locutum;
1918 3650 2018 3720 qui

369 3735 830 3810 Hierosolymam
878 3735 1095 3790 idcirco
1145 3735 1460 3807 perrexerit
1504 3736 1608 3804 [Αἰ.
1644 3742 2058 3815 perrexerant

369 3830 437 3882 ut
466 3843 600 3882 cum
648 3825 731 3882 eis
775 3825 1064 3881 conferret
1094 3824 1495 3896 Evangelium,
1529 3841 1601 3880 ne
1649 3825 1792 3881 forte
1822 3826 1880 3882 in
1914 3844 2015 3882 va-

369 3932 546 3973 cuum
573 3919 853 3986 curreret,
886 3917 988 3969 aut
1015 3913 1391 3979 cucurrisset,
1424 3912 1524 3968 illo
1567 3914 2013 3987 intelligentiam

363 4005 812 4062 transferamus.
851 4004 1040 4073 Usque
1080 4002 1251 4058 hodie
1281 4019 1315 4057 a
1344 4002 1735 4074 patriarchis’
1779 4005 2013 4060 Judaeo-

365 4111 499 4151 rum
530 4091 828 4167 apostolos
855 4092 1030 4162 mitti,
1065 4109 1098 4146 a
1126 4090 1343 4162 quibus
1373 4092 1548 4146 etiam
1581 4096 1721 4147 tunc
1751 4110 1879 4148 reor
1909 4096 2013 4150 Ga-

365 4183 516 4239 latas
572 4183 918 4255 depravatos
974 4179 1163 4253 legem
1230 4181 1534 4235 observare
1591 4182 1863 4252 coepisse,
1923 4183 2010 4238 vel

364 4274 518 4327 certe
547 4270 692 4326 alios
721 4271 791 4326 de
818 4269 1036 4325 Judaeis
1065 4269 1438 4324 credentibus
1471 4269 1528 4323 in
1557 4269 1854 4326 Christum
1887 4288 2010 4343 per-

363 4358 582 4415 rexisse
629 4357 935 4426 Galatiam,
969 4359 1069 4430 qui
1119 4364 1445 4415 assererent
1491 4358 1726 4414 Petrum
1775 4377 2008 4432 quoque

361 4446 760 4520 apostolorum
805 4448 1151 4520 principem,
1193 4453 1249 4503 et
1295 4449 1574 4504 Jacobum
1627 4450 1863 4505 fratrem
1896 4450 2006 4505 Do-

2150 2059 2382 2114 quoque
2447 2043 2763 2115 Baptistam
2823 2048 2880 2099 et
2941 2045 3286 2116 prophetam
3347 2051 3404 2102 et
3463 2048 3792 2120 apostolum

2149 2131 2583 2203 appellandum,
2617 2133 2908 2204 siquidem
2958 2133 3038 2188 ait
3088 2135 3430 2206 Scriptura:
3463 2137 3589 2193 Fuit
3639 2139 3793 2195 homo

2145 2221 2344 2276 missus
2375 2239 2404 2275 (ι
2436 2224 2561 2290 Deo,
2610 2224 2703 2276 cui
2747 2237 2947 2276 nomen
2992 2231 3112 2278 erat
3157 2225 3393 2280 Joannes
3426 2226 3605 2298 (Joan.
3638 2245 3677 2295 ι,
3711 2229 3788 2299 6).

2147 2310 2213 2364 Et
2240 2310 2300 2365 in
2333 2311 2590 2382 Epistola
2620 2312 2691 2365 ad
2724 2311 2995 2366 Hebraeos
3015 2316 3320 2384 propterea
3343 2314 3589 2371 Paulum
3622 2316 3793 2374 solita

2143 2399 2564 2455 consuetudine
2596 2416 2701 2454 nec
2732 2416 2942 2455 nomen
2977 2417 3172 2470 suum,
3207 2418 3312 2457 nec
3344 2404 3593 2476 apostoli
3623 2421 3788 2461 voca-

2143 2488 2350 2542 bulum
2399 2488 2805 2560 praeposuisse,
2855 2488 2992 2560 quia
3038 2490 3110 2546 de
3155 2490 3380 2547 Christo
3429 2498 3556 2549 erat
3603 2495 3788 2550 dictu-

2143 2594 2244 2632 rus
2268 2595 2279 2631 :
2316 2581 2594 2632 Habentes
2623 2594 2755 2650 ergo
2780 2579 3089 2650 principem
3116 2579 3469 2648 sacerdotem,
3503 2587 3555 2637 et
3583 2592 3790 2656 aposto-

2143 2667 2259 2720 lum
2304 2669 2658 2737 confessionis
2713 2674 2908 2722 nostrw
2963 2671 3150 2722 Jesum
3197 2669 3381 2740 (Hebr.
3415 2672 3624 2744 111,1);
3683 2689 3790 2729 neo

2142 2755 2322 2810 fuisse
2347 2772 2694 2828 congruum,
2729 2760 2793 2810 ut
2822 2755 2922 2810 ubi
2952 2756 3219 2813 Christus
3251 2759 3555 2829 apostolus
3586 2761 3783 2818 dicen-

2141 2844 2253 2898 dus
2306 2849 2448 2911 erat,
2490 2845 2569 2898 ibi
2618 2844 2795 2899 etiam
2846 2844 3061 2900 Paulus
3105 2846 3404 2917 apostolus
3453 2855 3788 2921 poneretur.
3871 2849 3886 2854 ’

2139 2933 2401 2996 Quatuor
2438 2939 2632 2988 autem
2663 2948 2878 3004 genera
2926 2933 3326 3005 apostolorum
3375 2942 3538 2994 sunt.
3574 2937 3788 3008 Unum,

2141 3023 2292 3093 quod
2343 3038 2532 3093 neque
2581 3022 2652 3077 ab
2701 3021 3040 3078 hominibus
3069 3026 3178 3094 est,
3213 3041 3402 3096 neque
3446 3042 3548 3098 per
3596 3027 3791 3084 homi-

2147 3127 2302 3178 nem,
2332 3111 2431 3165 sed
2463 3126 2565 3181 per
2599 3110 2803 3165 Jesum
2846 3109 3165 3182 Christum,
3199 3117 3257 3166 et
3304 3113 3489 3169 Deum
3521 3116 3786 3186 Patrem;

2146 3198 2326 3270 aliud,
2359 3200 2514 3270 quod
2548 3216 2580 3253 a
2615 3201 2724 3254 Deo
2773 3199 3010 3269 quidem
3039 3205 3150 3266 est,
3183 3201 3284 3256 sed
3318 3218 3422 3273 per
3450 3202 3787 3273 hominem;

2135 3289 2395 3356 tertium,
2430 3289 2585 3360 quod
2636 3288 2707 3343 ab
2759 3287 3017 3354 homine,
3050 3284 3168 3344 non
3217 3307 3251 3345 a
3301 3292 3444 3360 Deo;
3479 3299 3781 3364 quartum,

2135 3379 2289 3449 quod
2350 3394 2537 3448 neque
2585 3395 2618 3432 a
2666 3382 2803 3444 Deo,
2836 3393 3023 3448 neque
3075 3393 3178 3450 per
3234 3379 3555 3451 hominem,
3596 3399 3785 3455 neque

2133 3468 2203 3522 ab
2235 3467 2494 3531 homine,
2529 3467 2629 3522 sed
2660 3484 2695 3522 a
2725 3467 3062 3538 semetipso.
3095 3466 3174 3523 De
3206 3470 3396 3539 primo
3425 3486 3638 3542 genere
3672 3489 3782 3545 po-

2130 3559 2243 3609 test
2272 3571 2400 3610 esse
2431 3555 2609 3610 Isaias
2651 3555 2779 3625 (Isa.
2817 3571 2896 3620 v1,
2928 3556 2984 3625 8)
3014 3556 3321 3627 caeterique
3369 3559 3691 3630 prophetis,
3721 3565 3782 3617 et

2130 3644 2255 3715 ipse
2281 3643 2583 3715 apostolus
2633 3642 2866 3712 Paulus,
2900 3643 3002 3714 qui
3050 3659 3241 3715 neque
3290 3646 3362 3701 ab
3406 3645 3780 3719 hominibus,

2128 3749 2316 3804 neque
2368 3749 2470 3804 per
2516 3732 2839 3797 hominem,
2871 3733 2974 3794 sed
3005 3749 3039 3788 a
3080 3737 3193 3790 Deo
3227 3734 3392 3791 Patre
3442 3741 3500 3792 et
3547 3737 3779 3796 Christo

2127 3822 2345 3877 missus
2378 3826 2484 3877 est.
2514 3822 2595 3877 De
2643 3821 2921 3888 secundo,
2969 3822 3142 3877 Jesus
3192 3821 3354 3879 ﬁlius
3401 3824 3576 3894 Nave,
3612 3829 3779 3899 quia

2124 3916 2240 3967 Deo
2298 3911 2534 3984 quidem
2591 3915 2680 3966 est
2729 3909 3029 3982 apostolus
3086 3913 3468 3982 constitutus,
3512 3917 3614 3972 sed
3673 3933 3780 3989 per

2121 4001 2443 4069 hominem,
2487 4001 2722 4072 Moysen
2771 4001 2952 4071 (Deut.
3002 4018 3192 4072 xxxrv,
3237 4003 3316 4070 9).
3367 4003 3632 4059 Tertium
3674 4021 3777 4078 ge-

2122 4107 2233 4145 nus
2285 4095 2393 4160 est,
2445 4107 2579 4145 cum
2635 4089 2945 4145 hominum
3002 4091 3151 4147 375
3215 4090 3406 4146 favore
3461 4097 3517 4147 et
3575 4079 3775 4150 studio

2121 4179 2335 4249 aliquis
2365 4179 2689 4233 ordinatur.
2725 4178 2796 4233 Ut
2838 4195 2995 4234 nunc
3025 4180 3294 4235 videmus
3324 4179 3613 4251 plurimos
3655 4199 3776 4238 non

2119 4268 2217 4323 Dei
2243 4268 2493 4338 judicio,
2526 4268 2624 4323 sed
2664 4268 2963 4339 redempto
2995 4269 3188 4324 favore
3217 4267 3375 4342 vulgi
3405 4269 3466 4324 in
3501 4272 3776 4328 sacerdo-

2117 4357 2265 4412 tium
2306 4356 2632 4429 subrogari.
2665 4357 2952 4420 Quartum
2993 4362 3082 4412 est
3123 4358 3772 4431 pseudoprophetarum

2117 4451 2173 4502 et
2212 4445 2854 4518 pseudoapostolorum,
2905 4446 2975 4501 de
3021 4447 3237 4518 quibus
3285 4447 3603 4518 Apostolus
3639 4467 3654 4505 :
3688 4451 3771 4505 ls-

357 4517 524 4609 mini,
565 4535 711 4609 legis
758 4517 1141 4592 caeremonias
1183 4537 1494 4592 custodire.
1541 4538 1624 4592 Ad
1676 4539 2004 4594 distinctio-
2035 4517 2082 4582 D
2115 4517 2394 4606 (iusmodi,
2424 4535 2634 4606 inquit,
2662 4517 3123 4607 pseudoapostoli,
3151 4517 3392 4608 operarii
3429 4539 3768 4611 iniquitatis,

354 4642 489 4683 nem
522 4626 719 4698 itaque
749 4642 953 4682 eorum
1002 4625 1104 4696 qui
1154 4624 1470 4679 mittuntur
1521 4631 1592 4680 ab
1641 4627 2000 4696 hominibus,

351 4719 410 4770 et
441 4714 554 4785 sui,
589 4715 744 4771 374
775 4715 874 4787 qui
903 4714 980 4768 sit
1009 4713 1230 4767 missus
1262 4729 1295 4767 a
1323 4713 1572 4781 Christo,
1599 4714 1712 4769 tale
1744 4718 2000 4788 sumpsit

350 4801 652 4858 exordium
705 4819 717 4856 :
765 4800 977 4856 Paulus
1033 4800 1326 4870 apostolus,
1370 4816 1485 4855 non
1536 4802 1609 4856 ab
1664 4803 1996 4872 hominibus,

347 4906 522 4962 neque
573 4906 674 4963 per
723 4889 1019 4944 hominem.
1074 4886 1388 4959 Apostolus
1448 4897 1662 4956 autem,
1719 4892 1826 4947 hoc
1885 4901 1994 4965 est,

346 4980 568 5046 missus,
600 4979 975 5035 Hebreorum
1027 4977 1258 5050 proprie
1307 4977 1652 5033 vocabulum
1699 4986 1806 5048 est,
1839 4984 1993 5054 quod

347 5065 502 5123 Silas
557 5067 665 5137 [AL
717 5067 877 5139 Silai]
936 5084 1168 5140 quoque
1225 5071 1414 5136 sonat,
1477 5066 1570 5122 cui
1627 5086 1660 5124 a
1711 5071 1994 5129 mittendo

345 5157 504 5212 missi
560 5172 772 5212 nomen
843 5156 1186 5229 impositum
1245 5161 1333 5213 est
1389 5157 1521 5228 (Aet.
1583 5175 1672 5227 xv,
1731 5161 1821 5231 2.2,
1876 5162 1989 5232 27).

342 5243 525 5300 Aiunt
581 5244 804 5300 Hebraei
865 5246 1014 5301 inter
1067 5247 1226 5316 ipsos
1279 5263 1512 5317 quoque
1569 5248 1902 5320 pr0phetas,
1936 5257 1993 5306 et

343 5337 579 5388 sanctos
607 5334 763 5389 viros
800 5350 927 5389 esse
981 5335 1288 5404 quosdam,
1317 5335 1415 5405 qui
1476 5340 1531 5390 et
1589 5338 1879 5409 propheta:
1936 5346 1991 5396 et

340 5421 590 5494 apostoli
621 5423 758 5492 sint,
793 5423 936 5478 alios
965 5439 1096 5478 vero
1145 5424 1243 5494 qui
1277 5428 1501 5479 tantum
1533 5426 1842 5497 prophetae.
1881 5433 1984 5484 Ue-

410 5547 719 5620 ‘AVerbum
751 5548 1089 5614 astruebant,
1123 5552 1180 5602 et
1209 5549 1380 5619 paulo
1413 5550 1678 5620 inferius,
1711 5568 1770 5606 se
1797 5555 1991 5610 scribit

334 5619 396 5680 in
426 5618 673 5676 Palatin.
708 5621 836 5677 cod.
871 5618 1299 5676 desiderantUr.

405 5691 539 5754 ’ΒΘ
581 5691 919 5758 Judaaorum
973 5708 1077 5770 per
1123 5693 1233 5750 hoc
1289 5695 1558 5767 tempore
1612 5695 1985 5772 patriarchis,

2115 4625 2568 4696 transﬁgurantes
2592 4641 2648 4680 se
2671 4627 2732 4679 in
2762 4625 3025 4696 apostolos
3056 4625 3262 4681 Christi
3281 4626 3353 4697 (ll
3377 4627 3506 4681 Cor.
3535 4642 3615 4697 x1,
3650 4628 3765 4700 13),

2112 4715 2213 4786 qui
2240 4715 2445 4769 dicunt
2477 4731 2490 4768 :
2522 4716 2655 4768 Haec
2701 4712 2839 4768 dicit
2870 4713 3188 4780 Dominus;
3225 4718 3282 4769 et
3326 4713 3613 4770 Dominus
3645 4732 3767 4772 non

2110 4804 2272 4860 misit
2323 4819 2438 4859 cos.
2502 4806 2717 4858 Verum
2778 4819 2894 4857 non
2953 4803 3088 4858 talis
3159 4802 3459 4874 apostolus
3517 4803 3766 4872 Paulus,

2108 4894 2206 4965 qui
2239 4908 2427 4964 neque
2449 4893 2520 4947 ab
2553 4889 2915 4960 hominibus,
2950 4907 3137 4963 neque
3169 4906 3273 4962 per
3301 4890 3623 4964 hominem,
3658 4893 3768 4949 sed

2105 5002 2140 5040 a
2167 4989 2278 5039 Deo
2309 4984 2476 5037 Patre
2523 4998 2624 5052 per
2660 4981 2863 5036 Jesum
2913 4980 3213 5036 Christum
3267 4979 3488 5036 missus
3537 4987 3646 5038 est.
3678 4982 3770 5039 Ex

2105 5089 2220 5143 quo
2279 5071 2654 5143 approbatur,
2705 5070 2942 5126 Ebionis
2990 5075 3047 5125 et
3093 5068 3326 5126 Photini
3382 5069 3559 5126 etiam
3617 5070 3763 5127 hinc

2102 5161 2340 5216 hazresis
2388 5161 2774 5227 retundenda,
2808 5161 2963 5230 quod
3017 5158 3303 5215 Dominus
3335 5164 3535 5214 noster
3579 5158 3766 5216 Jesu's

2101 5250 2390 5317 Christus,
2425 5255 2577 5304 Deus
2607 5251 2685 5305 sit
2719 5268 2730 5304 :
2769 5249 2909 5303 dum
2951 5247 3266 5320 Apostolus
3296 5247 3436 5319 quia
3463 5265 3497 5302 a
3525 5247 3764 5306 Christo

2100 5340 2170 5394 ad
2205 5339 2674 5410 praedicationem
2724 5339 3020 5410 Evangelii
3072 5338 3289 5394 missus
3339 5341 3449 5406 est,
3483 5342 3662 5409 negat
3689 5353 3764 5394 se

2100 5429 2349 5485 missum
2382 5445 2510 5484 esse
2549 5430 2621 5484 ab
2663 5427 2920 5482 homine.
2956 5428 3294 5498 Subrepunt
3345 5425 3456 5481 hoc
3484 5424 3610 5482 loco
3643 5440 3764 5481 ce-

2099 5561 2274 5626 atque
2318 5553 2598 5626 apostolis
2645 5552 2970 5608 luculenter
3016 5553 3076 5608 P.
3111 5550 3463 5610 Baccbinius
3509 5551 3762 5612 disserit

2096 5624 2245 5683 libro
2274 5626 2339 5683 de
2357 5624 2741 5682 ’Ecelesiastic.
2778 5626 3066 5702 Metropol.
