4058 6190
285 378 406 448 331

1000 384 1517 454 COMMENTAR.
1562 391 1643 454 IN
1684 386 1933 454 EPIST.
1982 384 2087 450 AD
2130 382 2414 449 GALA'I‘.
2458 378 2611 445 LIB.
2654 380 2703 457 Ι,
2748 376 2922 443 CAP.
2966 376 3018 441 Ι.

3594 370 3716 440 338

292 527 431 585 tere
459 530 739 604 haereseS,
773 551 904 609 qua:
928 536 1244 610 putativam
1270 540 1487 598 Christi
1547 558 1780 599 carnem
1828 543 1950 598 vin-
1980 526 2035 595 Α
2065 537 2360 609 Epistolis,
2395 539 2498 595 Dei
2519 537 2711 596 Patris
2741 541 2799 595 et
2820 534 3049 597 Domini
3080 535 3265 595 nostri
3312 537 3453 598 Jesu
3484 507 3716 599 Christi

292 627 586 697 dicentes,
620 628 811 684 Deum
846 629 1014 685 aiunt
1043 631 1339 687 Christum
1389 650 1536 701 esse,
1592 651 1705 689 non
1755 634 1948 689 homi-

289 734 450 774 nem.
483 721 720 774 Necnon
753 722 811 774 et
865 736 1017 774 nova
1062 719 1321 787 haeresis,
1392 739 1517 787 quae
1578 722 1944 778 dimidiatam

286 807 507 865 Christi
538 808 751 864 asserit
778 809 1310 880 dispensationem.
1344 814 1531 884 Atque
1568 813 1651 869 ita
1677 812 1946 869 Ecclesia

286 899 440 955 ﬁdes
488 898 644 954 inter
687 901 853 954 tanta
898 898 1181 956 falsorum
1232 901 1577 972 dogmatum
1639 903 1948 971 naufragia

288 987 637 1055 constituta,
688 988 737 1044 si
794 988 1095 1045 Christum
1140 991 1392 1047 fateatur
1458 992 1565 1061 [Αι.
1647 994 1946 1065 fateretur]

287 1077 624 1143 hominem,
655 1078 834 1134 Ebion
864 1079 1277 1152 Photinusqua
1296 1083 1661 1154 subrepunt:
1686 1083 1736 1140 si
1761 1085 1945 1140 Deum

283 1184 426 1227 esse
455 1168 834 1225 contenderit.
868 1168 1246 1239 Manichaeus,
1298 1176 1357 1227 et
1399 1173 1683 1239 Marcion,
1731 1174 1942 1230 novelli

286 1257 590 1331 dogmatis
619 1261 822 1314 auctor
848 1260 890 1323 ¹,
919 1259 1229 1316 ebulliunt.
1261 1266 1326 1317 In
1379 1279 1695 1319 commune
1749 1264 1948 1332 itaque

284 1347 560 1416 audiant,
592 1347 889 1404 Christum
920 1353 978 1405 et
1007 1350 1197 1406 Deum
1230 1367 1359 1408 esse
1388 1355 1446 1407 et
1473 1352 1795 1409 hominem.
1819 1354 1945 1409 Non

285 1437 447 1509 quod
469 1435 623 1492 alius
642 1437 800 1493 Deus
853 1438 951 1508 sit,
984 1441 1042 1495 et
1077 1438 1230 1495 alius
1259 1439 1473 1497 homo:
1509 1442 1610 1496 sed
1642 1442 1741 1513 qui
1790 1443 1946 1498 Deus

287 1542 524 1598 semper
542 1529 692 1591 erat,
723 1526 903 1583 homo
932 1527 1004 1583 ob
1050 1532 1317 1585 nostram
1375 1530 1627 1586 salutem
1675 1548 1805 1587 esse
1851 1532 1945 1586 di-

286 1618 506 1687 gnatus
533 1618 646 1670 est.
675 1614 991 1672 Sciendum
1038 1635 1271 1690 quoque
1328 1620 1387 1674 in
1436 1621 1748 1676 Marcionis
1790 1626 1944 1692 Apo-

282 1702 488 1760 stolo'
526 1720 644 1760 non
700 1720 829 1761 esse
871 1705 1179 1778 scriptum,
1237 1711 1290 1763 et
1335 1725 1435 1779 per
1480 1711 1651 1764 Deum
1700 1712 1941 1775 Patrem,

284 1791 540 1849 volentis
569 1808 858 1865 exponere
887 1794 1186 1851 Christum
1218 1813 1334 1853 non
1362 1815 1395 1853 a
1423 1799 1539 1854 Deo
1595 1802 1788 1864 Patre,
1841 1800 1940 1855 sed

2057 630 2306 701 gratiam
2338 630 2523 702 ponit,
2560 634 2617 685 et
2648 646 2871 701 pacem.
2897 646 2998 702 per
3027 645 3175 701 quas
3207 629 3429 702 absque
3456 646 3702 703 operum

2056 720 2286 789 merito,
2327 724 2385 776 et
2430 724 2665 791 peccata
2710 720 2880 776 nobis
2919 735 3199 776 concessa
3245 722 3384 775 sunt
3429 720 3701 793 pristina,

2055 814 2113 865 et
2142 827 2252 881 pax
2282 810 2511 866 indulta
2551 814 2683 881 post
2736 809 2962 865 veniam
2997 825 3010 865 :
3062 809 3165 865 sed
3212 810 3531 881 prudenter
3569 811 3700 880 jam

2056 915 2293 955 causam
2352 899 2472 971 agit
2529 900 2841 955 adversum
2895 915 2995 954 eos
3052 898 3152 971 qui
3200 899 3433 955 fuerant
3479 917 3515 956 a
3569 897 3703 972 lege

2054 989 2353 1061 praeventi,
2385 993 2442 1045 et
2471 989 2757 1061 putabant
2784 1004 2847 1044 se
2866 1005 3039 1061 posse
3077 1006 3147 1045 ex
3174 989 3449 1061 operibus
3471 988 3704 1061 justiﬁ-

2055 1079 2193 1143 cari,
2226 1084 2291 1135 ut
2323 1078 2539 1134 scirent
2570 1096 2632 1135 se
2661 1078 2854 1135 salvos
2875 1078 3087 1151 gratia,
3119 1077 3180 1134 in
3210 1095 3278 1135 eo
3326 1095 3703 1151 perseverare

2055 1169 2265 1226 debere
2287 1170 2442 1242 quod
2471 1173 2782 1241 caeperant.

2127 1258 2312 1330 (Vers.
2345 1259 2423 1330 4.)
2444 1282 2473 1309 ‹‹
2505 1258 2615 1323 Qui
2645 1259 2807 1315 dedit
2845 1259 3229 1331 semetipsum
3275 1275 3381 1330 pro
3436 1260 3697 1331 peccatis

2056 1348 2293 1411 nostris,
2323 1352 2407 1404 ut-
2419 1347 2667 1419 eriperet
2696 1365 2802 1404 nos
2832 1349 2904 1404 de
2960 1347 3232 1421 praesenti
3280 1347 3490 1405 saeculo
3521 1348 3701 1417 malo,

2054 1439 2379 1494 secundum
2436 1437 2796 1494 voluntatem
2848 1438 2949 1493 Dei
2995 1442 3054 1493 et
3093 1437 3287 1494 Patris
3336 1438 3545 1505 nostri,
3602 1437 3700 1494 cui

2054 1532 2145 1583 est
2174 1527 2361 1599 gloria
2402 1527 2461 1582 in
2512 1527 2724 1583 saecula
2770 1527 3139 1584 saeculorum.
3184 1528 3442 1583 Amen.»
3493 1527 3699 1600 Neque

2055 1616 2238 1673 Filius
2270 1620 2331 1672 se
2363 1617 2522 1674 dedit
2551 1634 2655 1689 pro
2685 1618 2940 1689 peccatis
2968 1616 3187 1674 nostris
3241 1618 3465 1689 absque
3490 1614 3699 1672 volun-

2052 1710 2170 1761 tate
2202 1707 2407 1770 Patris,
2438 1724 2626 1777 neque
2658 1708 2825 1762 Pater
2854 1707 3099 1763 tradidit
3149 1706 3363 1763 Filium
3394 1706 3520 1762 sine
3561 1705 3695 1762 Filii

2051 1796 2385 1852 voluntate:
2420 1798 2522 1851 sed
2550 1798 2671 1852 haec
2702 1802 2791 1853 est
2817 1796 3091 1853 voluntas
3143 1795 3294 1865 Filli,
3334 1795 3698 1853 voluntatem

284 1898 394 1953 per
422 1883 807 1954 semetipsum
840 1885 1214 1952 suscitatum,
1246 1891 1313 1943 ut
1363 1892 1451 1943 est
1498 1888 1679 1944 illud:
1742 1890 1946 1947 Solvite
1974 1903 2021 1968 Β
2054 1887 2244 1941 Patris
2289 1886 2553 1957 implere,
2613 1890 2680 1941 ut
2720 1886 2846 1957 ipse
2881 1886 3144 1957 loquitur
3188 1886 3250 1941 in
3307 1886 3575 1957 psalmo:
3638 1885 3704 1944 Ut

286 1972 553 2041 templum
581 1972 701 2040 hoc,
731 1983 787 2029 et
813 1990 909 2043 ego
939 1977 1001 2029 in
1045 1976 1237 2032 triduo
1272 1978 1538 2033 suscitabo
1576 1979 1719 2033 illud
1766 1980 1942 2041 (Joan.

283 2077 352 2125 ιι,
377 2060 486 2132 19).
514 2061 751 2118 Necnon
782 2066 841 2119 et
870 2063 1039 2120 alibi:
1073 2065 1239 2121 Nemo
1284 2067 1434 2121 tollit
1475 2068 1723 2121 animam
1769 2084 1949 2123 meam

295 2167 335 2207 α
360 2166 487 2217 me;
514 2152 611 2208 sed
637 2169 735 2221 ego
752 2169 892 2224 pono
940 2170 1062 2209 eam
1088 2171 1127 2209 a
1162 2156 1389 2226 meipso.
1424 2158 1744 2213 Potestatem
1777 2159 1947 2214 habeo

286 2240 532 2312 ponendi
568 2258 691 2298 eam
733 2250 787 2299 et
838 2260 1059 2299 rursum
1105 2249 1431 2316 potestatem
1480 2246 1646 2303 habeo
1697 2249 1950 2304 sumendi

292 2330 461 2385 illam
486 2333 666 2397 (Joan.
688 2349 748 2401 x,
781 2334 891 2405 18).

366 2421 559 2491 (Vers.
591 2421 670 2490 2.)
702 2444 730 2472 ‹‹
761 2425 827 2476 Et
859 2423 960 2494 qui
998 2439 1230 2479 mecum
1283 2428 1425 2480 sunt
1464 2439 1671 2481 omnes
1717 2427 1946 2498 fratres,

290 2508 580 2565 Ecclesiis
609 2510 1045 2585 [ALEcclesiaa]
1105 2511 1415 2569 Galatiae.»
1470 2516 1533 2571 In
1595 2514 1724 2572 aliis
1781 2517 1949 2588 Epis-

290 2597 452 2664 tolis,
484 2598 822 2664 Sosthenes,
853 2604 911 2657 et
955 2602 1249 2672 Silvanus,
1299 2603 1595 2660 interdum
1650 2609 1709 2660 et
1754 2605 1949 2661 Timo-

293 2687 473 2744 theus
501 2688 563 2743 in
594 2690 828 2746 exordio
884 2696 1360 2763 praponuntur:
1414 2694 1473 2749 in
1526 2695 1637 2750 hac
1693 2698 1946 2762 tantum,

294 2777 437 2848 quia
466 2779 798 2834 necessaria
826 2784 951 2835 erat
988 2782 1309 2838 auctoritas
1356 2783 1772 2854 plurimorum,
1822 2802 1947 2840 om-

296 2865 462 2922 nium
496 2866 745 2923 fratrum
779 2885 991 2925 nomen
1042 2872 1389 2926 assumitur.
1423 2871 1529 2935 Qui
1562 2877 1620 2927 et
1667 2872 1779 2943 ipsi
1830 2874 1947 2929 for-

296 2955 451 3012 sitan
505 2972 573 3011 ex
617 2956 1065 3015 circumcisione
1121 2964 1307 3029 erant,
1365 2966 1423 3017 et
1472 2980 1507 3017 a
1548 2963 1764 3019 Calatis
1830 2980 1947 3018 non

299 3043 457 3101 876
494 3047 855 3117 contemptui
916 3048 1300 3106 ducebantur.
1352 3050 1680 3107 Plurimum
1730 3052 1949 3124 quippe

298 3133 438 3189 facit
468 3135 537 3189 ad
570 3135 855 3206 populum
877 3138 1307 3209 corrigendum,
1338 3142 1661 3196 multorum
1722 3142 1779 3196 in
1830 3160 1949 3198 una

299 3224 686 3280 resententia
741 3229 918 3297 atque
973 3244 1318 3285 consensus.
1358 3231 1520 3295 Quod
1579 3233 1775 3285 autem
1835 3231 1941 3297 ait,

296 3311 557 3368 Ecclesiis
605 3285 872 3371 Galatiae:
938 3319 995 3371 et
1048 3316 1160 3373 hoc
1233 3285 1557 3373 notandum
1636 3319 1773 3389 quia
1851 3285 2022 3373 hicC

297 3403 534 3457 tantum
574 3403 928 3474 generaliter
957 3422 1073 3461 non
1101 3407 1173 3462 ad
1198 3423 1379 3462 unam
1411 3407 1728 3463 Ecclesiam
1776 3407 1951 3464 unius

300 3490 489 3555 urbis,
523 3493 623 3547 sed
658 3494 728 3548 ad
784 3494 970 3551 totius
1013 3496 1321 3566 provinciae
1368 3497 1587 3553 scribat
1642 3496 1948 3561 Ecclesias,

300 3584 363 3636 et
413 3580 705 3639 Ecclesiae
760 3587 948 3651 vocet,
1011 3602 1159 3651 quas
1218 3590 1421 3657 postea
1485 3605 1679 3643 errore
1746 3591 1954 3657 arguat

299 3669 669 3741 depravatae.
700 3676 782 3727 Ex
814 3690 930 3739 quo
977 3676 1340 3731 noscendum
1399 3677 1709 3748 dupliciter
1755 3678 1953 3733 Eccle-

300 3758 460 3814 siam
492 3775 663 3831 posse
684 3760 823 3829 dici,
856 3767 911 3818 et
933 3779 1059 3819 eam
1093 3781 1219 3836 quae
1250 3783 1366 3821 non
1413 3766 1627 3822 habeat
1660 3767 1952 3823 maculam

300 3851 411 3904 aut
466 3865 698 3919 rugam.
759 3855 817 3906 et
868 3867 1003 3909 vere
1057 3870 1270 3926 corpus
1327 3855 1538 3911 Christi
1570 3856 1665 3921 sit,
1722 3861 1780 3911 et
1826 3872 1955 3912 eam

302 3953 440 4009 quae
475 3936 537 3990 in
567 3936 781 3995 Christi
810 3941 1048 3998 nomine
1078 3944 1301 4014 absque
1330 3943 1521 4016 plenis
1565 3944 1956 4016 perfectisque

299 4024 635 4082 virtutibus
673 4034 1060 4103 congregetur
1107 4032 1325 4101 (Ephes.
1379 4051 1432 4101 v,
1482 4034 1595 4104 27).
1656 4034 1957 4097 Quomodo

303 4112 605 4186 sapientes
621 4116 908 4174 bifariam
940 4125 1379 4193 nuncupantur,
1420 4126 1540 4178 tam
1572 4122 1633 4177 hi
1672 4124 1773 4194 qui
1820 4126 1960 4178 sunt

303 4202 496 4276 plena:
524 4204 912 4279 perfectaeque
937 4210 1196 4277 virtutis,
1219 4228 1396 4283 quam
1428 4211 1511 4267 illi
1536 4212 1956 4284 quiincipiunt,

302 4291 454 4350 etin
497 4294 765 4366 profectu
823 4297 997 4367 positi
1050 4304 1206 4355 sunt.
1266 4300 1347 4355 De
1379 4285 1665 4371 perfectis
1713 4301 1954 4357 dicitur:

298 4382 520 4438 littam
546 4384 608 4437 in
634 4400 725 4439 vos
751 4387 1028 4457 sapientes
1058 4388 1211 4458 (Luc.
1254 4405 1334 4456 χι,
1381 4389 1491 4460 l19).
1545 4394 1623 4443 De
1679 4389 1959 4459 insipien-

297 4470 507 4526 tibus:
540 4472 717 4543 Argue
743 4477 1067 4546 sapientem,
1100 4482 1152 4533 et
1180 4478 1373 4547 diliget
1430 4487 1482 4534 te
1528 4479 1713 4550 (Prov.
1765 4497 1840 4545 rx,
1879 4479 1957 4550 8).

304 4559 420 4626 Qui
478 4559 636 4616 enim
693 4563 876 4636 plena:
956 4571 1494 4638 consummataeque
1560 4568 1793 4623 virtutis
1850 4572 1957 4635 est,

2055 1979 2288 2047 [acerem
2314 1977 2649 2032 voluntatem
2695 1983 2866 2040 tuam,
2918 1976 3063 2030 Deus
3106 1990 3279 2039 meus,
3323 1974 3477 2029 volui
3523 1974 3699 2043 (Psal.

2055 2084 2245 2134 XXXIX,
2274 2066 2350 2135 9).
2386 2066 2553 2121 Dedit
2608 2080 2669 2120 se
2729 2068 2923 2119 autem
2975 2063 3179 2130 Filius,
3228 2066 3295 2118 ut
3342 2060 3701 2128 iniustitiam

2058 2171 2186 2227 ques
2215 2159 2340 2210 erat
2390 2155 2448 2209 in
2482 2154 2671 2221 nobis,
2698 2153 2933 2221 justitia
2961 2153 3088 2224 ipse
3124 2151 3506 2208 subverteret.
3542 2151 3700 2207 877

2056 2244 2320 2300 Tradidit
2349 2260 2411 2300 se
2442 2243 2749 2316 sapientia,
2781 2248 2847 2299 ut
2872 2242 3273 2313 insipientiam
3317 2244 3701 2314 expugnaret.

2056 2335 2344 2390 Sanctitas
2388 2338 2446 2389 et
2501 2333 2781 2389 fortitudo
2838 2349 2901 2389 se
2956 2332 3189 2398 obtulit,
3240 2334 3307 2387 ut
3354 2329 3702 2402 spurcitiam

2058 2425 2587 2495 inﬁrmitatemque
2633 2423 2850 2480 deleret
2890 2423 2934 2477 ³.
2980 2424 3171 2494 Atque
3216 2421 3299 2477 ita
3340 2437 3458 2477 non
3508 2419 3702 2477 solum

2056 2514 2115 2571 in
2147 2515 2347 2569 futuro
2379 2513 2590 2569 saeculo
2612 2514 2783 2583 juxta
2813 2512 3168 2585 promissam
3208 2527 3372 2581 spem
3411 2526 3531 2583 qua
3574 2523 3705 2566 cre-

2059 2605 2277 2671 dimus,
2327 2604 2428 2659 sed
2479 2603 2656 2659 etiam
2705 2603 2801 2658 hic
2860 2604 2931 2658 de
2989 2600 3259 2674 praesenti
3314 2600 3527 2657 saeculo
3594 2616 3704 2657 nos

2056 2693 2360 2759 liberavit;
2394 2694 2533 2748 dum
2554 2691 2903 2749 commortui
2926 2691 3181 2756 Christo,
3203 2690 3707 2763 tran‘sfiguramur

2056 2783 2116 2838 in
2150 2783 2461 2838 novitatem
2494 2798 2725 2847 sensus,
2752 2786 2809 2837 et
2839 2798 2954 2837 non
2978 2797 3186 2837 sumus
3217 2781 3290 2836 de
3317 2779 3429 2836 hoc
3458 2779 3702 2848 mundo,

2058 2890 2093 2928 a
2134 2889 2249 2943 quo
2306 2872 2513 2928 merito
2566 2888 2671 2927 nec
2720 2887 3009 2926 amamur.
3060 2866 3349 2935 Quaeritur
3410 2867 3704 2939 quomodo

2057 2978 2314 3033 praesens
2345 2960 2625 3016 sazculum
2659 2959 2879 3015 malum
2903 2960 3127 3014 dictum
3143 2958 3237 3013 sit.
3262 2956 3464 3013 Solent
3483 2955 3702 3027 quippe

2056 3050 2310 3106 haretici
2340 3050 2479 3105 hinc
2508 3065 2713 3120 capere
2742 3048 3095 3113 occasiones,
3128 3049 3193 3101 ut
3222 3045 3406 3103 alium
3462 3044 3614 3101 lucis
3643 3047 3703 3101 et

2058 3139 2238 3195 futuri
2298 3138 2517 3202 saeculi,
2576 3137 2756 3194 alium
2822 3137 3196 3193 tenebrarum
3251 3137 3309 3191 et
3392 3133 3701 3207 prmeentis
3776 3144 3779 3147 ‘

2057 3232 2325 3284 asserant
2344 3227 2724 3284 conditorem.
2756 3227 2872 3282 Nos
2904 3229 3100 3281 autem
3131 3224 3405 3291 dicimus,
3437 3239 3556 3279 non
3577 3226 3703 3279 tam

2062 3317 2341 3373 saeculum
2374 3318 2592 3388 ipsum,
2628 3317 2780 3387 quod
2804 3315 2896 3370 die
2928 3332 2994 3369 ac
3020 3316 3209 3381 nocte,
3233 3313 3406 3369 annis
3436 3311 3621 3368 currit
3648 3314 3707 3367 et

2061 3406 2386 3473 mensibus,
2420 3404 2697 3476 appellari
2730 3404 2975 3470 malum,
3026 3419 3205 3474 quam
3251 3399 3586 3473 ὁμωνύμως,
3636 3415 3708 3456 ea

2062 3514 2188 3568 quae
2220 3497 2277 3550 in
2339 3496 2552 3551 saeculo
2600 3496 2781 3550 fiant:
2834 3494 3125 3564 quomodo
3172 3492 3443 3548 sufﬁcere
3493 3489 3709 3546 dicitur

2062 3586 2179 3641 diei
2236 3584 2465 3640 malitia
2515 3601 2622 3638 sua
2669 3583 2882 3648 (Matth.
2942 3599 3017 3651 v1,
3066 3582 3195 3653 34);
3243 3584 3301 3637 et
3344 3579 3472 3636 dies
3526 3578 3709 3635 Jacob

2065 3673 2280 3729 modici
2314 3689 2441 3729 esse
2474 3672 2814 3728 scribuntur
2842 3675 2899 3727 et
2932 3670 3171 3742 pessimi
3206 3670 3359 3739 (Gen.
3404 3686 3578 3736 xnvu,
3626 3667 3707 3740 9).

2062 3764 2188 3818 Non
2221 3779 2336 3832 quo
2368 3761 2623 3832 spatium
2678 3760 2981 3832 temporis,
3043 3759 3104 3814 in
3154 3775 3270 3830 quo
3323 3757 3467 3814 vixit
3506 3756 3706 3813 Jacob.

2064 3851 2287 3907 malum
2318 3850 2512 3915 fuerit,
2547 3851 2648 3906 sed
2681 3866 2795 3921 quo
2826 3865 2895 3905 ea
2924 3865 3052 3920 quae
3083 3846 3388 3912 sustinuit,
3418 3862 3524 3919 per
3548 3844 3713 3901 varia

2064 3958 2198 3997 eum
2230 3939 2598 3995 exercuerint
2626 3941 3009 3995 tentamenta.
3042 3936 3304 4007 Denique
3333 3952 3400 3991 eo
3446 3938 3711 4006 tempore

2066 4046 2182 4101 quo
2214 4028 2310 4083 ille
2340 4045 2445 4100 pro
2467 4027 2819 4099 conjugibus
2850 4025 3158 4097 serviebat,
3211 4028 3272 4080 et
3311 4022 3515 4079 multis
3570 4036 3709 4077 oon-

2068 4118 2402 4183 ilictabatur
2438 4116 2729 4189 angustiis
2773 4117 2927 4187 (Gen.
2984 4131 3137 4185 xxrx,
3198 4115 3265 4168 18
3315 4113 3508 4184 seqq.).
3554 4110 3710 4165 Esau

2066 4207 2125 4262 in
2156 4208 2357 4278 requie
2386 4211 2509 4261 erat
2538 4206 2689 4273 (Gen.
2721 4224 2898 4269 xxxn,
2932 4206 3000 4258 18
3017 4204 3210 4274 seqq),
3242 4205 3416 4272 atque
3444 4199 3528 4255 ita
3553 4197 3713 4254 idem

2067 4296 2347 4367 temporis
2378 4295 2660 4367 spatium,
2693 4294 2792 4349 alii
2824 4296 3066 4362 bonum,
3126 4289 3227 4347 alii
3274 4289 3498 4347 malum
3556 4286 3709 4355 fuit;

2066 4401 2172 4440 nec
2204 4385 2490 4454 scriptum
2523 4387 2677 4439 esset
2705 4383 2765 4437 in
2790 4381 3141 4438 Ecclesiaste
3164 4398 3178 4438 :
3200 4383 3279 4437 Ne
3319 4380 3528 4437 dixeris
3582 4378 3717 4450 quia

2067 4474 2180 4530 dies
2232 4475 2345 4529 mei
2370 4475 2585 4543 priores
2614 4471 2724 4543 [ΑΙ.
2754 4470 2980 4543 pejores]
3010 4480 3173 4527 erant
3212 4472 3340 4527 boni
3381 4485 3543 4541 super
3588 4468 3717 4523 istos

2072 4563 2267 4635 (Eccle.
2290 4580 2391 4627 vn,
2426 4562 2535 4633 11),
2569 4561 2683 4617 nisi
2710 4563 2781 4617 ad
2814 4561 3130 4617 discrimen
3199 4558 3510 4615 malorum.
3555 4555 3720 4613 Unde

301 4650 674 4720 correptione
706 4669 823 4709 non
874 4650 1119 4728 indiget.
1170 4658 1346 4713 Juxta
1395 4657 1552 4712 hunc
1597 4673 1837 4712 sensum
1890 4657 1961 4712 de
1994 4659 2041 4723 D
2073 4652 2330 4708 Joannes
2363 4650 2471 4707 ait:
2506 4650 2738 4706 Mundus
2768 4652 2949 4706 omnis
2975 4652 3037 4705 in
3084 4650 3332 4716 maligno
3376 4646 3585 4718 positus
3637 4644 3717 4698 est

309 4738 539 4795 caeteris
587 4757 823 4812 quoque
859 4743 1180 4801 virtutibus
1254 4744 1745 4817 intelligendum:
1809 4745 1964 4815 quod

309 4824 543 4881 scilicet
590 4827 763 4884 fortis
811 4834 870 4886 et
937 4833 1220 4903 prudens,
1275 4833 1430 4904 pius,
1478 4838 1675 4889 castus
1740 4834 1963 4904 justus,

311 4917 377 4970 et
405 4917 764 4987 temperans,
799 4918 1097 4977 interdum
1149 4920 1338 4995 plene,
1389 4921 1685 4977 interdum
1729 4920 1968 4977 abusive

312 5002 701 5075 accipiantur.

386 5093 579 5163 (Vere.
638 5095 721 5167 3.)
777 5098 1025 5153 «Gratia
1074 5098 1258 5167 vobis,
1311 5103 1369 5154 et
1415 5115 1527 5170 pax
1555 5117 1590 5155 a
1619 5101 1732 5154 Deo
1782 5100 1968 5167 Patre,

311 5180 641 5239 etDomino
669 5187 873 5257 nostro
901 5186 1042 5243 Jesu
1067 5186 1371 5244 Christo.»
1404 5188 1531 5244 Non
1561 5193 1629 5244 ut
1656 5188 1717 5244 in
1748 5186 1969 5245 caeteris

298 5466 303 5467 κ
393 5431 414 5506 ξ
439 5430 989 5506 ρυο-ιῃεξεῇᾳδθηι
1008 5433 1329 5506 plurimum
1357 5451 1602 5491 numero
1630 5438 1896 5492 auctores.

390 5502 416 5537 ²
445 5501 510 5558 In
542 5502 675 5559 aliis
703 5502 892 5571 libris,
919 5501 1241 5571 Apostolico.
1284 5507 1355 5562 Et
1401 5524 1559 5571 vero,
1609 5507 1832 5562 caeteris
1884 5524 1971 5563 re-

315 5573 584 5649 pudiatis
632 5576 910 5632 omnibus
955 5573 1271 5649 Scriptura:
1314 5578 1499 5646 libris,
1548 5579 1699 5634 duos
1737 5582 1967 5633 tantum

315 5644 450 5722 suis
480 5648 992 5722 commendaverat
1019 5644 1296 5722 Marcion,
1327 5644 1577 5722 quorum
1611 5649 1754 5706 aller
1800 5650 1971 5705 Evan-

312 5716 533 5793 gelium
554 5724 680 5774 erat
708 5724 901 5793 Lucae,
920 5720 1069 5793 alter
1098 5716 1452 5793 Apostolicus,
1502 5722 1623 5778 sive
1670 5723 1972 5793 Apostolus,

317 5788 683 5870 Quogecem
706 5791 906 5870 _Pauli_
963 5788 1242 5870 Epistolas
1281 5788 1456 5870 variis
1487 5810 1613 5870 asc
1658 5788 1978 5870 interpoles-

322 5859 595 5923 tionibus
625 5862 964 5926 deformata
993 5859 1464 5926 continebantur.
1493 5865 1795 5925 Videndus
1814 5859 1978 5923 'Ter-

2077 4742 2125 4811 (I
2148 4743 2306 4798 Joan.
2341 4758 2393 4807 v,
2439 4740 2546 4807 19).
2572 4740 2697 4795 Non
2730 4740 2880 4809 quod
2916 4738 3175 4793 mundus
3204 4736 3331 4807 ipse
3377 4733 3456 4789 sit
3501 4731 3718 4800 malus,

2078 4831 2177 4886 sed
2231 4830 2387 4901 quod
2438 4828 2598 4884 mala
2654 4829 2713 4883 in
2764 4828 2985 4883 mundo
3034 4825 3181 4880 ﬁant
3226 4824 3298 4879 ab
3350 4819 3717 4886 hominibus,

2074 4919 2462 4976 Manducemus
2517 4928 2569 4974 et
2621 4919 2893 4981 bibamus,
2966 4914 3319 4978 dicentibus,
3396 4926 3519 4968 cras
3572 4910 3724 4966 enim

2078 5011 2379 5065 morimur
2409 5010 2536 5080 (Isa.
2558 5025 2697 5075 xxu,
2733 5009 2842 5075 13).
2873 5005 2945 5059 Et
2989 5004 3115 5076 ipse
3170 4999 3522 5074 Apostolus:
3566 4997 3722 5055 878

2078 5099 2436 5164 Redimentes,
2488 5097 2699 5168 inquit,
2754 5098 2985 5164 tempus,
3036 5094 3170 5164 quia
3217 5090 3334 5147 dies
3396 5088 3537 5146 mali
3592 5086 3726 5144 sunt

2081 5187 2299 5259 (Ephes.
2332 5203 2387 5253 v,
2423 5187 2533 5256 16).
2569 5184 2936 5240 lnfamantur
2963 5185 3022 5238 et
3070 5180 3280 5250 saltus,
3308 5196 3445 5237 cum
3492 5175 3727 5235 latroci-

2086 5432 2391 5501 tullianus,
2425 5429 2526 5485 lib.
2560 5447 2575 5483 ι
2618 5430 2821 5485 contra
2876 5426 3033 5482 hunc
3072 5425 3546 5501 haeresiarcham.
3599 5439 3730 5501 cap.

2089 5495 2453 5609 1,et’1‘i)b.iv,
2490 5518 2617 5573 cap.
2650 5502 2705 5570 4,
2742 5515 2847 5555 nec
2895 5516 3014 5555 non
3064 5499 3123 5555 S.
3181 5497 3569 5570 Epiphanius,
3618 5495 3736 5550 hae-

2186 5578 2196 5586 '
2236 5578 2253 5609 Ι

2086 5578 2552 5701 ΓθξιΑιῐῗΟνῘῐῙῚΠΒ
2584 5642 2719 5697 hinc
2762 5642 3027 5706 verbum,
3078 5642 3375 5709 inscitiam,
3427 5638 3589 5709 quod
3635 5653 3739 5694 va-

2087 5719 2278 5787 cabat,
2339 5721 2396 5772 et
2447 5714 2631 5769 nostri
2692 5730 2835 5768 mss.
2914 5713 3157 5787 ipseque
3236 5711 3379 5787 olim
3450 5710 3737 5787 Rabanus

2086 5780 2453 5865 ignorarunt.
2496 5787 2835 5865 Mox__unus
2890 5780 3165 5855 Palatin.,
3215 5783 3384 5855 juxta
3437 5780 3731 5853 promissa,

2089 5858 2331 5937 spesque,
2360 5876 2494 5934 quas
2509 5858 2806 5918 credimus.
