4058 6190
338 320 454 386 εκί

1048 321 1564 387 COMMENTAR.
1609 324 1688 385 IN
1733 322 1982 388 EPIST.
2027 319 2132 382 AD
2175 318 2452 384 GALAT.
2501 319 2648 382 LIB.
2692 321 2742 394 Ι,
2788 318 2958 382 CAP.
3002 318 3051 380 Ῑ.

3639 320 3756 382 342

339 451 665 513 Ecclesium
695 454 851 512 879
885 453 1192 528 Dominus,
1215 474 1402 530 usque
1431 458 1502 513 ad
1527 457 1796 531 quintam
1818 462 1876 514 et
1905 457 1998 512 de-
2025 457 2082 524 Α
2111 458 2296 525 (Vers.
2331 455 2386 523 6,
2447 454 2547 526 7.).
2577 475 2606 504 «
2665 454 2864 520 Miror,
2925 454 3080 526 quod
3135 458 3258 512 tam
3313 453 3426 513 cito
3459 455 3474 492 ¹
3507 457 3754 516 transfe-

344 545 562 601 cimam
593 543 1056 617 generationem,
1089 549 1146 602 et
1176 563 1364 619 usque
1416 546 1475 602 in
1508 547 1825 603 saeculum:
1859 546 2004 610 Quia

345 632 542 689 omnis
571 633 720 688 dura
749 633 1010 690 conditio
1062 634 1292 692 Jubilaei
1342 637 1677 693 solvebatur
1724 637 1999 692 adventu.

343 721 593 788 Quidam
625 722 834 778 dicunt
881 725 1153 780 eumdem
1205 742 1333 782 esse
1381 743 1623 782 sensum
1672 726 1732 782 in
1772 724 2003 781 saeculis

341 809 715 879 seculorum,
750 828 925 884 quem
980 814 1038 869 in
1087 814 1307 870 sanctis
1355 821 1714 883 sanctorum,
1747 815 1808 870 in
1838 813 2002 870 caelis

339 899 643 973 caelorum,
676 900 736 958 in
784 901 1063 976 operibus
1112 919 1372 976 operum,
1421 904 1482 959 in
1529 903 1780 960 Canticis
1811 904 2000 960 canti-

339 1003 549 1045 corum
576 1005 592 1045 :
624 993 683 1046 et
714 1006 890 1062 quam
923 990 1145 1048 habent
1196 992 1586 1049 differentiam
1615 993 1741 1050 coeli
1773 993 1846 1048 ad
1877 1009 1996 1062 eos,

339 1093 600 1150 quorum
670 1078 794 1135 caeli
847 1084 1008 1149 sunt,
1066 1085 1125 1136 et
1191 1087 1413 1152 sancta,
1473 1100 1602 1154 quze
1659 1086 1998 1140 sanctorum

337 1168 778 1240 comparatione
823 1173 966 1226 sunt
1009 1170 1324 1242 sanctiora,
1371 1176 1429 1228 et
1475 1189 1670 1244 opera,
1703 1189 1831 1244 quae
1861 1187 1996 1243 ope-

337 1272 477 1313 rum
527 1256 863 1330 prelatione
917 1259 1164 1316 meliora
1222 1265 1383 1330 sunt,
1443 1265 1501 1317 et
1554 1262 1814 1329 Cantica,
1870 1277 1996 1332 quae

333 1345 494 1402 inter
520 1346 754 1404 Cantica
785 1349 1056 1406 universa
1075 1349 1453 1422 praecellunt:
1483 1352 1751 1407 eamdem
1783 1349 1996 1406 habere

333 1437 394 1490 et
418 1433 724 1508 suculam,
776 1453 904 1510 quae
954 1437 1303 1495 saeculorum
1355 1438 1665 1496 collatione
1712 1443 1853 1495 sunt
1882 1455 1992 1495 saa-

334 1522 488 1578 cula.
522 1523 786 1582 Prusens
833 1525 1032 1600 itaque
1079 1525 1363 1584 saeculum
1410 1527 1494 1584 ita
1544 1529 1895 1599 edisserunt,
1929 1532 1995 1583 ut

333 1611 534 1668 dicunt
562 1630 632 1670 ex
661 1630 728 1672 eo
778 1619 1038 1688 tempore
1069 1615 1216 1673 illud
1264 1633 1394 1674 esse
1433 1619 1890 1685 numerandum,
1923 1635 1992 1674 ex

335 1717 452 1774 quo
482 1702 694 1760 calum
725 1708 783 1761 et
812 1708 969 1762 terra
996 1710 1137 1763 sunt
1165 1707 1418 1778 condita,
1452 1711 1509 1763 et
1540 1723 1773 1765 currere
1802 1725 1990 1780 usque

335 1790 409 1898 ad
440 1794 1010 1898 consummationem
1041 1795 1270 1868 mundi,
1303 1812 1419 1869 quo
1458 1795 1728 1898 Christus
1748 1797 1986 1898 judica-
2017 1832 2066 1898 B

330 1882 502 1936 turus
549 1886 640 1938 est
687 1884 907 1940 omnia.
968 1883 1259 1942 Revocant
1313 1901 1547 1958 quoque
1595 1885 1768 1954 ultra,
1819 1890 1877 1943 et
1926 1886 1986 1942 in

332 1972 494 2032 880
523 1971 719 2046 priora
764 1977 1111 2046 promovent
1157 1974 1431 2048 gradum,
1484 1975 1556 2032 de
1595 1975 1902 2046 praeteritis
1931 1979 1989 2032 et

333 2061 550 2120 futuris
579 2059 813 2118 saeculis
844 2061 1234 2135 disputantes,
1281 2063 1434 2120 bona
1463 2080 1536 2120 an
1561 2063 1718 2120 mala
1748 2063 1987 2133 fuerint,

331 2168 435 2210 seu
466 2151 667 2207 futura
713 2149 872 2206 sint:
933 2154 991 2207 et
1044 2151 1104 2208 in
1165 2155 1287 2210 tam
1345 2153 1666 2226 profundas
1717 2153 1988 2211 incidunt

331 2241 710 2316 quastiones,
743 2245 812 2312 ut
839 2239 1022 2298 libros
1052 2257 1286 2314 quoque
1332 2246 1390 2299 et
1428 2243 1660 2300 inﬁnita
1686 2243 1988 2300 volumina

327 2347 515 2404 super
571 2330 678 2386 hac
734 2330 1081 2388 dissertione
1133 2330 1521 2388 condiderint.
1576 2333 1739 2398 Quod
1787 2337 1985 2389 autem

325 2419 618 2495 prologus
647 2417 832 2486 Pauli,
874 2420 1046 2476 Ausa
1105 2421 1278 2492 (Rom.
1313 2438 1354 2488 ι,
1401 2422 1476 2477 25
1503 2429 1556 2478 et
1595 2423 1845 2494 passim),
1877 2423 1986 2479 He-

321 2510 486 2566 brao
536 2522 806 2565 sermone
852 2507 1258 2566 concluditur:
1309 2525 1470 2567 AMEN
1515 2510 1705 2588 (112st),
1737 2513 1988 2583 Septua-

323 2598 494 2672 ginta
542 2595 990 2666 transtnlerunt,
1040 2597 1278 2671 γένοιτο,
1331 2599 1392 2654 id
1439 2602 1548 2667 est,
1598 2600 1740 2670 ﬁat;
1776 2600 1990 2673 Aquila

321 2685 764 2758 πεπιστωμένος,
816 2701 942 2742 vere
999 2686 1122 2743 sive
1167 2687 1426 2758 ﬁdeliter.
1486 2689 1650 2755 Quod
1699 2689 1874 2745 etiam
1926 2689 1987 2746 in

321 2773 639 2848 Evangelio
694 2791 730 2830 a
809 2773 1108 2832 Salvatore
1183 2792 1417 2849 semper
1473 2778 1820 2846 assumitur,
1882 2795 1990 2835 sua

321 2881 429 2938 per
459 2880 621 2922 mn
663 2863 842 2921 verba
887 2865 1157 2922 ﬁrmante
1200 2865 1410 2938 (Matth,
1442 2883 1496 2937 v,
1548 2867 1614 2922 18
1658 2872 1710 2923 et
1732 2869 1986 2941 passim).

321 2993 455 3047 tota
496 2989 710 3046 erroris
758 2989 986 3045 occasio
1038 2989 1167 3047 fuit.
1229 2990 1433 3047 Peccat
1473 3007 1607 3048 vero
1676 2993 1991 3049 manifesta

331 3061 664 3136 scribarum
725 3061 1070 3136 trajectione
1125 3064 1531 3136 movendaque
1586 3063 1710 3120 loco
1767 3069 1874 3133 est,
1931 3069 1990 3120 et

327 3133 511 3208 priori
543 3133 945 3208 subnectenda
993 3134 1257 3207 exemplo
1292 3133 1452 3208 ante'
1487 3139 1604 3192 tres
1636 3137 1754 3191 fere
1784 3152 1989 3193 versus

2113 543 2310 601 rimini
2341 545 2412 600 ab
2471 561 2536 600 eo
2587 544 2688 616 qui
2744 561 2848 600 vos
2877 543 3101 600 vocavit
3158 545 3216 600 in
3265 546 3515 618 gratiam
3546 547 3764 605 Christi

2109 633 2249 690 Jesu
2282 634 2339 688 in
2373 633 2530 688 aliud
2563 633 2941 706 Evangelium
2971 634 3126 705 quod
3158 650 3273 690 non
3311 639 3401 691 est
3429 636 3613 706 aliud,
3646 637 3760 694 nisi

2112 723 2160 778 si
2195 727 2334 779 sunt
2362 723 2544 793 aliqui
2594 724 2696 795 qui
2734 740 2838 779 vos
2885 723 3255 795 conturbant,
3289 728 3346 779 et
3389 723 3592 782 volunt
3620 743 3761 784 con-

2109 817 2331 869 vertere
2363 811 2737 884 Evangelium
2790 813 3024 868 Christi.
3059 835 3088 863 »
3137 813 3396 869 Verbum
3425 815 3757 873 translatio-

2110 901 2202 957 nis
2235 902 2293 956 in
2344 901 2552 956 Genesi
2601 901 2860 974 primum
2908 901 3158 974 legimus
3205 902 3356 974 (Gen.
3404 919 3462 972 v,
3514 905 3626 976 24),
3655 905 3759 962 ubi

2107 991 2291 1047 Enoch
2344 990 2636 1046 transtulit
2689 991 2850 1060 Deus,
2880 999 2931 1048 et
2985 1007 3096 1048 non
3145 992 3550 1049 inveniebatur.
3597 994 3668 1051 Et
3699 995 3758 1052 in

2108 1081 2442 1153 Regnorum
2497 1085 2701 1152 postea
2755 1079 2923 1136 libris
2982 1082 3080 1153 (III
3134 1083 3258 1153 Reg.
3319 1100 3435 1151 xvr,
3490 1083 3582 1150 25,
3640 1084 3756 1155 26),

2109 1171 2344 1242 quando
2373 1169 2570 1226 Achab
2601 1187 2635 1226 a
2681 1169 2843 1226 cultu
2891 1170 2992 1226 Dei
3032 1171 3179 1226 381
3217 1172 3289 1227 ad
3337 1171 3630 1230 idolorum
3660 1190 3756 1231 ve-

2106 1258 2470 1314 nerationem
2500 1258 2803 1315 transtulit
2843 1275 2988 1314 uxor
3033 1277 3142 1316 sua
3169 1259 3400 1316 Jezabel
3450 1265 3518 1317 ut
3545 1261 3758 1322 faceret

2097 1347 2270 1418 juxta
2299 1347 2497 1404 omnia
2526 1363 2654 1419 quae
2694 1349 2829 1404 fecit
2874 1349 3268 1418 Amorrhsaus,
3321 1364 3496 1422 quem
3527 1350 3754 1422 disper-

2103 1435 2254 1493 didit
2280 1436 2567 1494 Dominus
2597 1454 2632 1492 a
2661 1437 2804 1494 facie
2833 1435 3090 1493 ﬁliorum
3140 1437 3338 1494 Israel.
3370 1438 3481 1494 Sed
3512 1454 3646 1495 cum
3677 1438 3757 1495 sit

2103 1531 2350 1599 utraque
2381 1526 2708 1597 translatio,
2757 1527 2856 1583 illa
2907 1527 3009 1584 Dei
3064 1531 3174 1596 est,
3223 1527 3345 1584 haec
3374 1526 3611 1586 diaboli.
3644 1527 3754 1594 Qui

2099 1616 2451 1672 transfertur
2481 1634 2515 1672 a
2543 1616 2681 1685 Deo,
2715 1633 2831 1672 non
2871 1616 3164 1673 invenitur
3193 1617 3266 1673 ab
3297 1616 3555 1674 inimicis
3585 1616 3748 1675 suis:

2099 1721 2206 1760 nec
2237 1705 2288 1761 ei
2320 1710 2509 1777 potest
2548 1706 2858 1763 insidiator
2905 1707 3204 1779 obrepere.
3261 1707 3376 1762 Hoc
3423 1705 3640 1780 quippe
3668 1706 3750 1763 si-

2097 1793 2376 1868 gniﬁcare
2431 1796 2656 1852 aestimo
2711 1801 2765 1852 et
2817 1813 2926 1853 non
2984 1798 3389 1853 inveniebatur.
3449 1795 3559 1863 Qui
3614 1812 3750 1853 vero

2096 1884 2449 1940 transfertur
2504 1902 2538 1940 a
2594 1884 2857 1956 Diabolo,
2915 1885 2975 1940 in
3030 1886 3140 1941 hoc
3195 1886 3546 1941 transfertur
3591 1885 3750 1956 quod

2041 2036 2048 2041 I
2095 1973 2325 2030 videtur
2354 1991 2503 2044 esse,
2536 1975 2639 2031 sed
2669 1991 2785 2032 non
2817 1979 2924 2032 est.
2953 1975 3255 2048 Sapientes
3286 1990 3520 2048 quoque
3549 1975 3748 2032 seaculi

2095 2077 2194 2119 eos
2242 2063 2344 2134 qui
2400 2064 2471 2118 de
2527 2064 2797 2136 dogmate
2853 2065 3292 2122 transferuntur
3346 2067 3418 2122 ad
3461 2067 3675 2138 dogma
3702 2065 3746 2134 ί,

2096 2152 2386 2208 translatos
2441 2156 2668 2218 vocant,
2729 2157 2794 2208 ut
2864 2153 3178 2226 Dionysius
3231 2154 3328 2211 ille
3388 2155 3580 2228 (cujus
3638 2157 3751 2214 fuit

2095 2246 2232 2298 ante
2261 2241 2570 2310 sententia,
2622 2241 2882 2299 dolorem
2930 2259 3047 2300 non
3095 2260 3224 2301 esse
3274 2244 3536 2303 malum:
3589 2250 3748 2319 post-

2097 2347 2274 2403 quam
2305 2348 2586 2404 opressus
2631 2331 3068 2390 calamitatibus
3115 2338 3172 2390 et
3201 2334 3399 2392 dolore
3427 2334 3746 2408 cruciatus,

2096 2420 2270 2492 ccepit
2300 2421 2595 2477 afﬁrmare
2615 2422 2773 2494 quod
2795 2421 2960 2479 dolor
2979 2427 3135 2480 esset
3157 2439 3461 2480 summum
3481 2424 3750 2482 omnium

2098 2508 2408 2582 malorum)
2442 2511 2514 2566 ab
2561 2510 2656 2567 his
2704 2510 3032 2584 appellatus
3080 2517 3170 2569 est
3200 2514 3600 2586 Transpositus,
3631 2513 3752 2571 sive

2098 2599 2432 2668 Transtatus,
2465 2600 2620 2672 quod
2653 2600 2876 2657 scilicet
2905 2618 2939 2657 a
2977 2600 3156 2674 priori
3187 2602 3419 2660 decreto
3450 2603 3748 2672 recedens,

2098 2688 2154 2744 in
2187 2687 2546 2744 contrarium
2597 2689 2919 2746 recidisset.
2966 2691 3217 2748 Miratur
3258 2691 3457 2765 itaque
3483 2690 3703 2749 Paulus
3733 2706 3749 2748 :

2098 2777 2356 2850 primum
2390 2777 2544 2849 quod
2574 2778 2842 2834 translati
2875 2784 3014 2836 sunt
3037 2781 3111 2836 ab
3131 2780 3430 2854 Evangelii
3459 2780 3748 2852 libertate,

2097 2866 2157 2922 in
2188 2865 2464 2939 legalium
2497 2883 2741 2939 operum
2771 2869 3134 2925 servitutem.
3192 2870 3410 2926 Deinde
3439 2870 3597 2942 quod
3626 2873 3748 2925 tam

2099 3008 2270 3064 omne
2322 2991 2444 3064 hac
2500 2991 2751 3046 destruit
2783 2993 2867 3064 in
2925 2992 3037 3048 ﬁne
3094 2993 3378 3064 clausula,
3429 3008 3748 3064 secumque

2098 3063 2225 3146 ipso
2256 3063 2410 3146 cogit
2465 3078 2726 3146 pugnare
2783 3062 3229 3146 Hieronymum,
3282 3062 3745 3146 qui_ltloabitas,

2098 3135 2272 3206 atque
2309 3135 2676 3218 {immanitas
2707 3150 2922 3218 ‘usque'
2950 3135 3053 3218 ad“
3068 3135 3350 3218 quintam.
3369 3139 3428 3191 et
3445 3135 3747 3218 decimam

331 3205 472 3278 post
498 3205 826 3280 verbm-hoc
869 3208 972 3280 est
1007 3205 1180 3277 usque
1230 3207 1305 3280 ad
1328 3223 1538 3280 annum
1593 3209 1986 3280 quinquagesi-
2019 3207 2063 3274 C
2100 3205 2532 3280 generationem
2583 3206 2654 3260 ab
2707 3205 2966 3280 Ecclesia
3003 3205 3481 3280 _Dei_pr_oh_iberi,
3510 3223 3750 3280 eosque

326 3276 503 3332 nium.
536 3276 1123 3359 Equidem-hujusce
1166 3276 1986 3359 restitutionis_:ﬁdej'ussores

330 3364 518 3423 manu
546 3346 768 3404 exarati
824 3346 993 3423 libri,
1031 3353 1133 3404 aut
1187 3348 1437 3423 vulgati
1465 3349 1610 3405 nulli
1644 3346 1964 3422 suppetunt

325 3421 402 3501 iis
432 3425 632 3501 tamen
663 3398 1031 3501 argumentis
1080 3398 1323 3476 certamo
1353 3398 1811 3501 evincemusfiit
1839 3398 1987 3478 nihil

326 3492 407 3565 sit
435 3490 964 3565 dubii__reliquum,
1008 3508 1193 3564 eaque
1241 3509 1358 3548 una
1408 3493 1564 3548 nulli‘
1603 3493 1858 3565 amplius
1889 3511 1984 3550 ca-

324 3562 570 3619 lumnias
599 3561 956 3635 Hieronymi
985 3561 1176 3619 textus
1230 3565 1518 3620 obnoxius
1568 3566 1648 3620 sit
1678 3561 1839 3621 nulla
1870 3566 1987 3620 im-

326 3638 632 3708 posternm
671 3633 1023 3708 defensione
1078 3635 1357 3708 indigeat.
1421 3637 1521 3692 Est
1577 3642 1773 3692 autem
1826 3641 1883 3708 et
1925 3637 1980 3692 id

327 3704 534 3780 genus
549 3704 644 3760 hic
671 3705 786 3762 loci
816 3706 1143 3780 scribarum
1175 3704 1397 3780 lapsus,
1447 3709 1604 3780 quod
1636 3709 1694 3763 in
1727 3707 1985 3780 antiquis

329 3776 632 3849 codicibus
680 3777 903 3849 passim
953 3776 1251 3847 usuvenit,
1294 3780 1436 3834 dum
1463 3776 1574 3834 'vel
1623 3781 1696 3834 ab
1725 3776 1980 3846 auctore,

328 3853 398 3904 ut
457 3848 846 3922 Hieronymus
915 3850 1016 3917 ait,
1076 3852 1134 3922 in
1193 3851 1367 3906 latere
1420 3851 1702 3922 descripta,
1763 3851 1857 3922 vel
1913 3853 1984 3906 ab

329 3919 797 3977 amanuensibus
844 3921 1241 3993 praetermissa
1283 3922 1459 3978 verba
1503 3919 1686 3994 latque
1739 3923 1810 3977 ad
1851 3921 1984 3994 libri

329 4007 500 4048 oram
531 3995 823 4064 a_nnotata,
871 3994 1247 4064 postmodum
1296 3993 1446 4064 alius
1497 3993 1556 4048 in
1594 3993 1826 4048 textum
1854 3993 1983 4049 illa-

327 4068 503 4136 turus
555 4061 924 4136 imprudens
959 4080 1074 4119 non
1147 4081 1254 4120 suo
1309 4063 1435 4120 loco
1496 4065 1712 4136 posuit.
1763 4064 1982 4136 (Verum

325 4133 1035 4207 hmclfacile’evidentiora
1081 4141 1428 4207 argumenta
1475 4133 1634 4191 sunt.
1681 4135 1876 4191 Primo
1911 4137 1982 4192 ad

323 4205 608 4267 Moabitas
647 4205 1412 4281 atqus_Ammonit_as,_qui
1461 4224 1533 4263 ex
1576 4207 1780 4281 Judma
1808 4213 1982 4280 gente

324 4285 676 4351 nouerant,
730 4277 890 4334 nullo
936 4279 1110 4334 modo
1157 4277 1448 4351 Juhilaaus
1484 4277 1837 4351 pertinebat,
1877 4296 1981 4336 nec

324 4348 684 4423 pertinuisse
730 4366 996 4423 unquam
1053 4351 1282 4423 potuit:
1339 4348 1646 4423 stulteque,
1687 4351 1980 4423 adcepe-

322 4419 530 4504 ricppe
556 4419 658 4504 illa
683 4421 754 4504 ad
776 4419 1024 4504 populos
1053 4419 1356 4504 referatur,
1381 4419 1583 4504 quinab
1613 4422 1686 4504 iis
1716 4419 1981 4504 moribus

323 4490 726 4566 abhorrebant
776 4490 1040 4566 immane
1105 4490 1416 4566 quantum:
1477 4493 1810 4566 Econtrario
1869 4493 1977 4550 He-

2101 3276 2352 3349 singulis
2403 3276 2834 3349 quinquaginta
2857 3277 3048 3349 annis
3080 3276 3310 3334 admitti
3340 3277 3570 3334 dixerit.
3601 3276 3749 3335 Puto

2097 3348 2396 3422 intelligis,
2423 3348 2543 3404 non
2595 3348 2714 3422 haec
2761 3366 2794 3403 a
2843 3348 2903 3422 S.
2960 3355 3200 3405 Uoctore
3250 3349 3427 3422 scribi
3465 3349 3748 3422 potuisse,

2097 3421 2238 3493 quin
2273 3419 2453 3476 fuisse
2483 3420 2749 3493 omnino
2802 3420 2992 3493 abieo
3033 3422 3209 3476 verba
3264 3421 3366 3477 illa
3420 3419 3621 3493 priori,
3654 3419 3750 3477 cui

2096 3492 2314 3574 optime
2333 3492 2497 3574 quad
2508 3496 2655 3561 rant,
2670 3492 2951 3574 exemplo
2974 3493 3338 3574 .subjuncta.
3371 3493 3530 3574 Lege
3548 3492 3750 3566 itaque

2096 3562 2268 3620 sedes
2294 3562 2518 3638 et’me_o_
2564 3562 2817 3638 periculo
2869 3563 2940 3618 ad
2973 3562 3130 3618 hunc
3179 3565 3422 3638 modum
3452 3562 3750 3638 integrnm

2097 3639 2360 3690 textum:
2401 3658 2420 3683 α
2457 3634 2541 3689 Ob
2591 3634 3030 3708 hanchcausam
3080 3639 3138 3690 et
3185 3635 3285 3708 ille
3318 3634 3612 3708 Hebraeus,
3646 3634 3750 3708 qui

2094 3712 2331 3778 propter
2360 3721 2600 3760 uxorem
2631 3710 2687 3761 et
2718 3705 3164 3778 liberos,amans
3195 3707 3501 3763 dominum
3521 3705 3748 3778 suum;

2096 3777 2236 3859 aure
2292 3782 2553 3859 pertusa,
2638 3777 2873 3859 servitio
2948 3779 3320 3859 subiugatur,
3381 3777 3598 3859 servire
3648 3780 3748 3850 ju-

2093 3850 2266 3932 betur
2292 3848 2351 3903 in
2383 3848 2659 3930 saeculum
2693 3850 2894 3930 (Exod,
2924 3866 3040 3919 xxx,
3061 3848 3390 3932 ’5,'6),.hoc
3419 3854 3527 3932 est,
3559 3848 3749 3932 usque

2095 3921 2166 3976 ad
2225 3937 2474 3993 annum_
2506 3920 3131 3993 quinquagesimum:
3162 3920 3303 3992 quia
3359 3920 3553 3993 omnis
3599 3920 3751 3993 dura

2095 3936 2166 3976 aa
2227 3937 2447 3976 annum
2509 3936 3106 4044 qumquagesnmum:
3162 3938 3303 3992 quia
3359 3937 3553 3976 omnis
3599 3936 3746 3978 aurs

2094 3991 2346 4048 ccnditio
2394 3991 2614 4046 Jubiaei
2667 3993 3000 4048 solvebatur
3047 3993 3316 4047 adventu.
3368 3991 3436 4046 Et
3484 3992 3746 4047 Moabitae

2091 4068 2149 4120 et
2177 4063 2670 4135 Ammonitaanon
2702 4063 3114 4135 ingrediuntur
3143 4061 3459 4135 Ecclesium
3492 4061 3748 4132 Domini,

2092 4152 2283 4207 usque
2332 4136 2401 4207 ad
2454 4134 2720 4207 quintam
2771 4133 2828 4189 et
2875 4134 3142 4190 decinam
3191 4133 3647 4207 generationem,
3679 4138 3750 4207 et

2091 4204 2280 4278 usque
2329 4206 2389 4261 in
2451 4204 2728 4262 seculum
2787 4209 2975 4274 (Deut.
3035 4204 3217 4271 mn,—
3247 4206 3328 4278 β).
3380 4204 3633 4278 Quidam
3659 4204 3749 4261 di-

2089 4275 2250 4347 cunt,
2284 4278 2558 4333 eumdem
2585 4294 2714 4350 esse
2749 4292 3012 4350 sensum,
3048 4299 3076 4325 ››
3108 4280 3215 4350 etc.
3246 4275 3486 4350 Manum
3519 4279 3590 4333 ab
3619 4275 3749 4350 ipso

2089 4350 2385 4430 religando
2417 4353 2574 4430 textu
2598 4347 3015 4430 abstinuimus,
3050 4348 3204 4430 quod
3229 4347 3393 4404 nulla
3405 4352 3517 4430 aut
3537 4347 3750 4430 veteris

2091 4419 2249 4485 libri,
2285 4424 2387 4474 aut
2432 4419 2570 4492 boni
2611 4419 2910 4492 scriptoris
2959 4419 3276 4492 auctoritas
3324 4419 3604 4492 suffragio
3634 4421 3738 4477 sit.

2085 4496 2368 4547 Caeterum
2417 4491 2688 4546 restituta
2741 4491 2813 4546 ad
2861 4490 3019 4546 hunc
3070 4491 3313 4562 modum
3368 4490 3632 4562 lectione,
3690 4495 3749 4550 Β.

321 4565 579 4643 braum,
604 4567 668 4643 et
676 4565 924 4643 proprie
953 4561 1388 4643 manumissum
1406 4569 1658 4643 spectat,
1689 4565 1789 4643 qui
1823 4569 1978 4643 certo
2015 4578 2061 4643 D
2093 4562 2568 4643 qu_oque_l)_o_qtor
2615 4562 2686 4643 ab
2729 4563 2908 4643 omni.
2941 4579 3184 4643 prorsus
3232 4561 3532 4643 calumnia
3558 4561 3750 4643 vindi-

329 4633 574 4708 consilio
631 4633 963 4692 libertatem
1017 4653 1210 4708 suam,
1249 4633 1602 4708 abjudi'cans
1643 4633 1726 4692 ’ob
1788 4633 2057 4692 uxoris"
2095 4633 2594 4708 catur_Nihi_lque
2644 4635 2770 4708 jam
2830 4633 3073 4690 interest

326 4705 710 4779 ﬁliorumque
756 4725 1037 4777 amorem,
1089 4713 1155 4766 ut
1198 4705 1381 4764 habes
1428 4707 1610 4763 Exodi
1655 4723 1774 4773 xxx,
1823 4709 1880 4775 5,
1926 4709 1984 4774 6,

327 4793 471 4834 aure
516 4779 812 4851 perforata
866 4781 1102 4847 servire,
1156 4780 1401 4851 jubetur
1458 4783 1519 4835 in
1547 4780 1830 4851 saeculum,
1877 4779 1989 4835 hoc

330 4853 444 4919 est,
475 4849 894 4924 abAJubilaaum
944 4868 1135 4924 usque
1160 4849 1303 4924 'sive
1351 4867 1529 4924 prope
1579 4849 1988 4924 fueritisuan-

329 4936 473 4988 nus,
529 4920 646 4978 sive
705 4923 959 4979 multum
1036 4920 1307 4979 abfuerit.
1352 4920 1652 4978 _Se_cundo
1708 4921 1992 4977 Jubilaaus

331 4991 843 5078 quinquagesimo.
881 5010 1114 5078 quoque
1163 5011 1316 5050 anno
1365 4995 1722 5078 recurrebat,
1777 5010 1992 5078 oppor-

328 5067 595 5122 tuneque
611 5065 847 5122 Hebraei
879 5065 1035 5122 servi
1059 5068 1270 5122 duram
1303 5067 1694 5122 conditionem
1720 5082 1827 5120 suo
1858 5065 1994 5121 dici-

328 5139 430 5210 tur
459 5137 712 5210 adventu
764 5137 1008 5205 solvere,
1059 5154 1311 5210 quorum
1366 5143 1430 5194 ut
1479 5137 1829 5210 longissima
1873 5154 1993 5210 ser-

329 5207 495 5264 vitus
548 5207 1107 5282 quinquagesimum
1167 5227 1389 5266 annum
1437 5207 1714 5282 superare
1761 5225 1831 5265 ex
1871 5209 1998 5280 lege

338 5294 459 5335 non
487 5281 758 5352 poterat:
807 5281 1199 5338 Moabitarum
1248 5297 1383 5337 vero
1432 5281 1606 5352 atque
1635 5281 1997 5336 Ammonita-

329 5367 463 5426 rum
495 5357 713 5408 eratet
758 5353 893 5426 post
941 5353 1231 5426 decimam
1280 5353 1712 5426 generationem
1758 5358 1813 5408 et
1842 5369 2000 5426 sem-

334 5423 642 5497 piternum
677 5423 1010 5497 repudium.
1061 5425 1254 5497 Tertio
1287 5423 1564 5497 demum,
1620 5440 1734 5494 quo
1763 5425 2000 5497 tandem

329 5495 508 5570 modo
577 5495 1133 5570 _Hie_ronymianam
1172 5495 1685 5570 'dissertationem_
1748 5495 2002 5570 accipias

329 5566 590 5640 (etiamsi
613 5565 976 5625 reclamante
998 5569 1323 5640 Scriptura,
1350 5572 1548 5640 reique
1571 5565 1832 5640 veritate,
1855 5565 1999 5640 velis

330 5637 646 5712 deﬁnitum
701 5641 810 5712 hoc
853 5656 1090 5712 quoque
1130 5637 1334 5696 'altero
1393 5637 1657 5711 exemplo
1723 5639 1999 5712 spatium

328 5708 544 5785 indici,
566 5708 1206 5785 longissimum—tamen
1230 5712 1488 5785 fatearis,
1507 5708 1739 5785 et‘quod
1763 5708 2000 5766 Omnino

333 5754 2004 5860 ὲῖιῐῖἶϊἁίἶιῖὄ”ἱιῖ‹ἱὶἰῖειῖ‹ἷὸἷιῖρῖιίἷὶζ”ῥῑᾈῖοἷῖιῖιῐὶῐῶἒᾷ

3171 4649 3408 4701 uaarere,
3463 4633 3514 4689 si
3544 4633 3748 4689 eadem

2097 4707 2174 4764 sit
2203 4710 2258 4761 et
2287 4705 2346 4760 in
2379 4702 2622 4777 reliquis
2643 4702 2956 4777 Scriptura:
2986 4702 3260 4762 omnibus
3285 4704 3430 4760 locis
3455 4702 3663 4777 regula
3684 4704 3747 4759 in

2101 4779 2440 4851 plene,aut
2472 4776 2641 4833 secus
2683 4776 2789 4851 pro
2831 4777 2988 4851 vario
3039 4777 3375 4851 signiﬁcatu
3417 4776 3579 4841 elam,
3609 4791 3750 4851 voce

2100 4845 2504 4915 describenda,
2538 4845 2812 4904 cum'hoc
2843 4847 2986 4904 satis
3035 4845 3266 4902 ab'unde
3306 4845 3404 4914 sit,
3438 4847 3748 4918 proposita;

2100 4921 2445 4985 defensioni,
2478 4921 2527 4976 si
2561 4938 2686 4992 quae
2717 4921 2831 4974 duo
2863 4919 3126 4992 exempla
3171 4920 3228 4973 in
3261 4933 3383 4992 rem
3416 4934 3584 4992 suam
3616 4918 3748 4992 Hie-

2102 5009 2382 5065 ronymus
2411 4989 2632 5060 laudat,
2665 4993 2748 5047 ita
2775 4991 3097 5065 verissime,
3123 4989 3621 5065 quemadmodum
3652 4989 3751 5046 ille

2106 5061 2426 5131 constituit,
2461 5081 2522 5119 se
2554 5065 2766 5119 habere
2797 5061 3415 5119 demonstraverimus.

2177 5138 2191 5170 ¹
2227 5140 2350 5190 Duo
2400 5153 2545 5191 mss.
2597 5139 2653 5190 et
2697 5138 2863 5189 vetus
2902 5133 3113 5206 editio,
3145 5133 3305 5206 quod
3340 5135 3420 5190 sic
3469 5140 3578 5206 tam
3626 5134 3751 5201 cito,

2106 5211 2239 5274 etc.,
2275 5206 2370 5261 hic
2400 5211 2578 5276 atque
2608 5205 2780 5274 infra,
2815 5205 2914 5260 ubi
2950 5205 3112 5262 locus
3139 5203 3248 5262 iste
3277 5203 3538 5262 tecurrit.

2176 5279 2198 5312 ³
2226 5273 2429 5348 Antea
2466 5273 2610 5344 erat,
2667 5273 3071 5348 ad’dogmata,
3131 5277 3330 5332 minus
3377 5279 3532 5332 recte
3574 5273 3757 5348 Greci

2109 5347 2568 5419 Μετατιθεμένους
2623 5353 2833 5405 vocant
2867 5347 2996 5421 ’qui
3075 5347 3758 5421 prioremusententiam

2110 5418 2422 5494 retractant
2444 5436 2458 5474 :
2493 5421 2732 5494 ipseque
2765 5418 3094 5494 Dionysius,
3111 5436 3292 5494 quem
3306 5418 3756 5494 _Hieron,‘ride_t,

2111 5494 2262 5565 quod
2317 5485 2600 5565 primum
2630 5485 2876 5565 Zénonis
2910 5485 3152 5547 'Cittiei'
3182 5491 3433 5565 auditor,
3485 5485 3759 5565 a'Stoicis

2112 5560 2633 5637 postea—defecerit
2680 5565 2749 5619 ad
2798 5563 3161 5637 Cyrenaicos.
3191 5562 3608 5637 yenOéaevoc,
3651 5560 3756 5616 Me-

2113 5632 2888 5707 tathemenusrcognoment'o
2937 5635 3140 5691 audiit.
3189 5635 3334 5690 Vide
3387 5632 3755 5707 Athenaeum,

2113 5707 2217 5763 lib.
2251 5724 2304 5776 x,
2340 5707 2439 5762 ubi
2469 5704 2625 5764 haud
2659 5708 2805 5764 bene
2835 5707 3204 5780 Μεταθέμενος
3230 5708 3516 5780 interpres
3545 5704 3755 5770 reddit,

2115 5781 2580 5852 transpositorem,
2639 5797 2744 5852 pro
2820 5776 3174 5850 translatum,
3248 5781 3314 5834 ut
3368 5776 3757 5847 Hieronymus
