4058 6190
256 305 376 370 343

1510 309 1577 372 S.
1622 308 1935 374 EUSEBII
1978 306 2426 372 HIERONYMI

3554 288 3695 364 344'

258 442 375 501 cito
404 432 711 497 translati:
747 438 886 512 quia
909 456 1027 497 non
1065 440 1332 513 ejusdem
1362 445 1562 499 reatus
1592 448 1682 498 est
1708 447 1907 499 trans-
1936 443 1991 509 Α
2019 446 2077 497 et
2106 440 2249 498 illud
2272 457 2547 515 congrue,
2571 441 2726 515 quod
2747 437 3152 496 translationis
3171 435 3417 493 verbum
3433 434 3671 495 Galatia

260 520 400 590 ferri
431 531 502 586 ab
535 528 729 602 aliquo
779 529 1097 586 difﬁculter
1128 533 1169 598 ¹,
1218 535 1277 587 et
1321 532 1435 588 cito
1475 532 1816 601 transferri;
1850 535 1918 587 ut

260 619 321 675 in
350 610 627 692 martyrio
657 634 775 675 non
801 618 1005 675 eadem
1036 637 1207 693 poena
1237 620 1530 692 plectitur,
1563 622 1661 693 qui
1692 622 1916 693 absque

262 707 675 767 colluctatione
706 711 763 763 et
807 710 1115 765 tormentis
1165 711 1363 785 statim
1410 710 1680 782 prosiluit
1709 711 1781 766 ad
1814 727 1913 766 ne-

262 797 547 872 gandum,
609 802 667 853 et
721 796 819 853 ille
875 797 976 869 qui
1051 798 1203 854 inter
1263 799 1564 870 equuleus,
1626 797 1913 868 ﬁdiculas,

263 889 554 960 ignesque
585 884 892 957 distortus,
934 886 1275 958 compulsus
1321 893 1410 943 est
1438 889 1593 960 quod
1624 890 1914 955 credebat,

266 990 501 1047 negare.
543 974 764 1030 Recens
813 974 1005 1030 adhuc
1052 980 1177 1030 erat
1223 976 1518 1048 Evangelii
1566 976 1914 1049 praedicatio,

266 1080 388 1121 non
420 1063 642 1137 grande
672 1068 907 1136 tempus
936 1063 995 1118 in
1028 1063 1241 1133 medio,
1274 1081 1388 1136 quo
1411 1065 1644 1122 Galatas
1674 1066 1939 1139 Aposto-~

265 1152 362 1209 lus
412 1153 485 1209 ab
543 1151 718 1209 idolis
774 1153 846 1208 ab
905 1152 1202 1209 Christum
1263 1155 1619 1211 traduxerat.
1676 1156 1921 1211 Miratur

267 1241 467 1317 itaque
524 1241 814 1313 quomodo
871 1245 991 1296 tam
1050 1241 1162 1298 cito
1221 1245 1568 1299 recesserint
1606 1246 1677 1300 ab
1725 1261 1813 1314 eo,
1847 1246 1919 1301 ad

269 1331 440 1403 cujus
472 1347 687 1387 nomen
735 1331 961 1388 dudum
992 1331 1126 1386 facti
1175 1332 1406 1387 fuerant
1435 1332 1770 1390 Cl'ristiani.
1803 1335 1920 1390 Ha-

266 1420 367 1476 bet
412 1423 609 1476 autem
658 1423 715 1475 et
743 1419 908 1476 locus
954 1419 1081 1492 ipse
1122 1414 1443 1493 ὺπέρϐατον,
1497 1423 1652 1495 quod
1702 1422 1785 1478 ita
1813 1440 1920 1479 suo

269 1507 474 1565 ordine
501 1506 616 1580 legi
648 1511 857 1580 potest.
911 1507 1088 1563 Miror
1122 1510 1276 1580 quod
1318 1510 1407 1580 (Al
1450 1510 1633 1567 adidit
1662 1511 1767 1582 sic)
1798 1515 1921 1567 tam

269 1598 384 1655 clto
412 1596 838 1653 transferimini
868 1613 903 1652 a
946 1596 1173 1653 Christo
1220 1598 1386 1667 Jesu,
1420 1599 1521 1670 qui
1570 1616 1672 1655 vos
1699 1599 1924 1656 vocavit

267 1686 332 1743 in
389 1685 662 1759 gratiam,
717 1685 952 1741 dicens:
1002 1688 1116 1741 Non
1174 1689 1304 1743 veni
1349 1704 1539 1744 vocare
1574 1691 1775 1761 justas,
1828 1690 1924 1745 sed

263 1784 586 1849 peccatores
633 1775 705 1830 ad
753 1774 1156 1846 pcenitentiam
1215 1776 1400 1847 (Marc.
1454 1795 1514 1832 Π.
1568 1779 1677 1850 17).
1722 1778 1922 1834 Gratia

270 1865 490 1937 quippe
514 1862 658 1920 salvi
686 1864 824 1920 facti
854 1866 1083 1936 Sumus,
1116 1869 1175 1921 et
1204 1882 1321 1921 non
1355 1883 1459 1939 per
1487 1866 1673 1940 legem
1704 1868 1915 1939 (Ephes.

270 1970 337 2021 II,
366 1953 444 2025 8),
477 1951 772 2009 Translati
799 1957 1019 2019 autem,
1051 1954 1263 2025 inquit,
1287 1955 1429 2009 estis
1458 1955 1519 2009 in
1550 1955 1707 2011 aliud
1742 1958 1923 2012 Evan-

272 2041 517 2115 gelium,
549 2042 705 2114 quod
737 2058 851 2098 non
886 2046 975 2098 est
1012 2042 1171 2098 aliud
1202 2061 1215 2097 :
1246 2042 1385 2115 quia
1415 2061 1587 2100 omne
1626 2047 1782 2117 quod
1816 2045 1920 2101 fal-

271 2148 407 2188 sum
438 2135 548 2198 est,
582 2148 699 2187 non
732 2130 1024 2201 subsistit,
1043 2136 1100 2188 et
1129 2133 1285 2204 quod
1299 2132 1530 2189 veritati
1562 2136 1919 2191 contrarium

270 2223 381 2288 est,
413 2220 568 2276 382
622 2235 740 2275 non
797 2224 907 2288 est,
970 2225 1037 2275 ut
1084 2220 1269 2277 illud:
1323 2227 1403 2278 Ne
1447 2224 1635 2279 tradas
1672 2225 1921 2294 Domine,

269 2314 546 2382 sceptrum
570 2317 750 2365 tuum
796 2309 881 2363 his
928 2312 1024 2379 qui
1068 2326 1181 2365 non
1224 2313 1352 2365 sunt
1386 2312 1619 2382 (Esther.
1662 2330 1775 2380 xxv,
1812 2314 1919 2384 11).

272 2398 345 2455 Et
372 2414 441 2455 ea
470 2414 595 2468 qua:
628 2415 743 2454 non
776 2403 962 2468 erant,
992 2398 1221 2454 vocavit
1249 2403 1422 2469 Deus,
1455 2405 1522 2455 ut
1554 2400 1767 2456 faceret
1795 2418 1924 2456 esse

272 2485 432 2559 quod
484 2491 600 2540 non
658 2489 784 2541 erat
839 2485 880 2540 ².
942 2484 1001 2539 Si
1033 2488 1229 2541 autem
1288 2485 1398 2541 hoc
1454 2486 1525 2541 de
1582 2486 1675 2541 his
1734 2487 1923 2558 quiin

271 2573 546 2630 eumdem
577 2573 892 2629 credebant
938 2572 1145 2640 Deum,
1195 2578 1254 2629 et
1302 2575 1538 2630 easdem
1592 2576 1924 2646 Scripturas

271 2661 588 2732 habebant,
650 2661 884 2733 dicitur,
945 2663 1101 2734 quod
1159 2662 1427 2718 translati
1487 2664 1607 2719 sint
1654 2664 1715 2719 in
1764 2663 1923 2720 aliud

271 2750 674 2823 Evangelium,
716 2750 873 2823 quod
922 2767 1039 2806 non
1094 2755 1185 2806 est
1226 2751 1626 2825 Evangelium,
1679 2753 1821 2824 quid
1853 2754 1923 2809 de

267 2839 559 2897 Marcione
590 2844 675 2907 _et
730 2838 953 2895 caeteris
1027 2839 1340 2907 haereticis,
1410 2842 1512 2913 qui
1563 2842 1922 2898 conditorem

270 2932 581 3001 respuunt,
611 2933 669 2985 et
697 2928 936 2985 alterius
968 2928 1068 2984 Dei
1108 2928 1407 2985 Christum
1438 2930 1741 3002 simulant,
1769 2931 1922 2986 aesti-

272 3034 434 3075 mare
481 3017 813 3075 debemus?
864 3017 973 3082 Qui
1021 3033 1137 3073 non
1188 3017 1664 3091 interpretatione
1691 3019 1839 3092 legis
1868 3025 1926 3075 et

270 3106 500 3176 litteris,
532 3106 621 3163 vel
651 3123 850 3179 pugna
891 3105 1084 3161 carnis
1133 3110 1191 3162 et
1219 3107 1463 3178 spiritus
1512 3108 1789 3164 labuntur
1815 3110 1838 3143 ³
1867 3113 1925 3164 et

2022 536 2354 605 coaptatum
2399 537 2526 588 est:
2587 531 2859 589 Galatia‘
2916 529 3074 586 enim
3133 527 3555 584 translationem
3609 526 3671 583 in

2024 626 2225 677 nostra
2253 621 2455 693 lingua
2485 624 2675 677 sonat.

2094 709 2277 779 (Vers.
2337 711 2394 778 8,
2447 711 2588 779 9.)«
2650 710 2761 765 Sed
2791 708 2929 764 licet
2986 723 3115 779 nos,
3168 709 3270 762 aut
3327 705 3574 779 angelus
3605 704 3676 761 de

2024 797 2166 854 coelo
2196 798 2547 872 evangelizet
2592 798 2779 866 vobis,
2836 800 3044 870 praeter
3091 811 3269 868 quam
3311 793 3469 867 quod
3498 811 3675 851 evan-

2025 887 2400 961 gelizavimus
2426 887 2609 956 vobis,
2635 886 2948 942 anathema
2968 887 3064 941 sit.
3089 884 3253 940 Sicut
3274 884 3676 956 praediximus,

2026 980 2084 1032 et
2114 994 2269 1033 nunc
2293 977 2506 1033 iterum
2532 976 2700 1032 dico:
2735 976 2785 1031 si
2830 975 2959 1045 quis
2999 974 3165 1030 vobis
3197 971 3676 1046 evangelizaverit

2026 1070 2235 1139 praeter
2258 1066 2316 1121 id
2347 1066 2501 1137 quod
2560 1065 2887 1137 accepistis,
2938 1062 3253 1119 anathema
3281 1062 3377 1119 sit.
3415 1083 3445 1112 »ι
3477 1064 3675 1118 Potest

2028 1159 2086 1211 et
2115 1153 2486 1228 hyperbolice
2513 1154 2739 1210 dictum
2766 1153 2973 1226 accipi,
3026 1168 3142 1207 non
3173 1168 3289 1223 quo
3314 1154 3417 1207 aut
3444 1155 3677 1223 aposto-

2028 1243 2144 1312 lus,
2177 1248 2280 1300 aut
2309 1244 2553 1316 angelus
2595 1241 2763 1298 aliter
2809 1241 3105 1314 potuerint
3152 1239 3466 1313 primdicare
3498 1256 3676 1311 quam

2030 1333 2212 1389 semel
2261 1332 2563 1388 dixerant:
2598 1332 2701 1387 sed
2749 1330 2980 1387 etiamsi
3026 1330 3138 1386 hoc
3187 1333 3388 1402 posset
3435 1327 3581 1399 ﬁeri,
3613 1332 3679 1384 ut

2029 1424 2087 1477 et
2115 1421 2358 1493 apostoli
2392 1426 2449 1477 et
2477 1419 2669 1493 angeli
2716 1422 3123 1476 mutarentur:
3173 1421 3373 1474 tamen
3403 1433 3519 1473 non
3550 1433 3679 1473 esse

2030 1511 2135 1581 (Al.
2168 1511 2343 1582 esset)
2372 1511 2445 1566 ab
2474 1526 2540 1566 eo
2569 1510 2726 1581 quod
2777 1507 2957 1565 semel
3007 1511 3312 1580 acceptum
3345 1505 3553 1575 fuerat,
3586 1522 3681 1563 re-

2030 1599 2397 1656 cedendum:
2439 1599 2694 1654 maxime
2732 1613 2866 1653 cum
2909 1597 3035 1669 ipse
3081 1594 3384 1668 apostolus
3433 1595 3493 1650 in
3523 1594 3679 1652 888

2030 1686 2142 1743 alio
2193 1687 2318 1743 loco
2367 1688 2709 1743 ﬁrmitatem
2756 1687 2891 1742 fidei
2941 1702 3063 1742 suae
3105 1684 3396 1754 ostendat,
3438 1683 3678 1740 dicens:

2029 1776 2151 1832 Scio
2201 1777 2335 1849 quia
2386 1792 2560 1848 neque
2611 1791 2776 1844 mors,
2827 1790 3004 1848 neque
3058 1776 3192 1842 vita,
3241 1788 3415 1844 neque
3462 1772 3680 1843 angeli,

2028 1881 2202 1937 neque
2244 1866 2612 1937 principatus,
2659 1880 2833 1936 neque
2864 1864 3187 1935 praesentia,
3239 1877 3415 1935 neque
3462 1864 3680 1928 futura,

2025 1969 2201 2026 neque
2272 1953 2559 2024 fortitudo,
2634 1968 2811 2026 neque
2876 1952 3126 2023 altitudo,
3200 1967 3380 2023 neque
3450 1952 3681 2022 profun-

2028 2044 2180 2110 dum,
2236 2059 2411 2114 neque
2465 2044 2582 2098 alia
2637 2049 2906 2108 creatura,
2950 2042 3149 2112 poterit
3202 2056 3299 2096 nos
3345 2054 3606 2111 separare
3642 2055 3683 2094 α

2029 2132 2319 2188 dilectione
2348 2133 2447 2188 Dei
2475 2149 2597 2204 qum
2628 2140 2707 2188 est
2730 2132 2793 2187 in
2836 2130 3046 2187 Christo
3082 2131 3212 2186 Iesu
3238 2130 3470 2185 Domino
3496 2135 3685 2184 nostro

2032 2222 2206 2292 (Rom.
2266 2238 2389 2287 vui,
2450 2222 2540 2289 37,
2586 2220 2698 2292 39).
2764 2221 3070 2276 Veritatem
3113 2218 3258 2289 dico,
3310 2233 3422 2275 non
3450 2225 3688 2273 mentior

2033 2311 2402 2366 testimonium
2431 2308 2574 2364 mihi
2611 2307 2933 2381 perhibente
2976 2308 3315 2365 conscientia
3356 2322 3480 2362 mea
3509 2307 3685 2377 (Rom.

2033 2416 2110 2470 1x,
2146 2399 2219 2469 1).
2254 2399 2385 2454 Haec
2416 2398 2636 2470 quippe
2689 2398 2846 2453 dicta
2876 2413 2991 2452 non
3043 2402 3185 2452 sunt
3213 2396 3343 2467 ejus
3373 2393 3474 2468 qui
3506 2393 3689 2466 possit

2035 2504 2069 2543 a
2117 2487 2332 2542 Christi
2365 2488 2479 2542 ﬁde
2535 2491 2594 2542 et
2639 2485 2947 2542 dileCtione
2997 2484 3314 2557 aliquando
3364 2483 3684 2540 discedere.

2034 2576 2141 2642 Qui
2172 2579 2368 2632 autem
2410 2575 2617 2631 nolunt
2660 2574 2772 2627 καθ’
2825 2574 3038 2628 ὑπθεσιν
3070 2574 3091 2609 ⁶
3119 2573 3229 2630 hoc
3278 2572 3504 2628 dictum
3533 2588 3686 2644 esse,

2034 2665 2136 2721 sed
2157 2681 2324 2720 vere:
2359 2665 2514 2737 quod
2563 2663 2784 2720 scilicet
2833 2663 3064 2736 possint
3110 2666 3168 2718 et
3215 2660 3463 2735 apostoli
3493 2665 3553 2718 et
3583 2678 3686 2718 an-

2034 2752 2147 2826 geli
2179 2753 2250 2808 ad
2309 2754 2507 2824 pejora
2555 2752 2834 2820 converti,
2886 2750 3034 2807 illud
3082 2754 3406 2824 opponunt,
3439 2750 3598 2823 quod
3625 2754 3686 2806 et
3724 2784 3728 2787 -

2032 2841 2159 2914 ipse
2188 2840 2405 2897 Paulus
2435 2841 2632 2898 scierit
2661 2857 2832 2913 posse
2862 2857 2925 2897 se
2944 2839 3084 2908 labi,
3117 2840 3166 2896 si
3197 2840 3436 2913 segnius
3466 2843 3686 2912 ageret,

2035 2931 2273 2986 dicens:
2303 2931 2550 3002 Subjicio
2596 2935 2785 2985 autem
2831 2945 3032 2999 corpus
3078 2945 3281 2997 meum,
3332 2932 3383 2984 et
3429 2929 3491 2983 in
3517 2927 3685 2984 servi-

2033 3022 2204 3074 tutem
2262 3019 2464 3091 redigo,
2497 3035 2568 3074 ne
2612 3020 2742 3075 aliis
2764 3018 3090 3090 prmdicans,
3140 3019 3258 3089 ipse
3299 3018 3566 3089 reprobus
3594 3018 3688 3072 in-

2260 3090 2268 3105 δ

2039 3109 2236 3164 veniar
2264 3108 2308 3178 (ι
2334 3110 2458 3165 Cor.
2492 3126 2569 3174 ιχ,
2616 3108 2729 3179 27).
2763 3107 3015 3180 Angelos
3069 3123 3301 3179 quoque
3338 3123 3470 3163 esse
3497 3108 3687 3162 muta-

271 3197 577 3265 corruunt,
609 3176 711 3250 sed
738 3176 835 3249 vde
889 3197 1009 3249 toto
1066 3176 1332 3251 Ecclesiae
1382 3198 1518 3267 jure
1564 3197 1923 3253 discordant.
1960 3176 2004 3243 (ἶ
2043 3195 2211 3265 biles,
2247 3176 2347 3268 qui
2379 3214 2494 3253 non
2526 3176 2885 3252 servaverint
2908 3176 3300 3269 principatum
3339 3212 3555 3264 suum;
3587 3194 3689 3250 sed

270 3280 520 3338 Pulchre
549 3285 744 3337 autem
793 3281 911 3337 ait:
944 3283 1076 3338 Nisi
1121 3288 1251 3337 sunt
1294 3284 1492 3356 aliqui,
1545 3289 1642 3356 qui
1687 3303 1776 3342 vos
1804 3303 1930 3342 con-

277 3370 519 3437 turbent,
573 3378 626 3427 et
679 3370 870 3426 volunt
924 3379 1233 3426 convertere
1282 3374 1658 3442 Evangelium
1707 3375 1929 3430 Christi.

274 3457 516 3526 Volunt,
548 3458 764 3530 inquit,
815 3458 1191 3532 Evangelium
1239 3459 1453 3515 Christi
1502 3465 1750 3528 mutare,
1790 3479 1933 3518 con-

275 3550 522 3615 vertere,
554 3547 812 3613 turbare,
870 3548 970 3603 sed
1022 3564 1135 3604 non
1175 3548 1390 3605 valent.
1442 3549 1589 3615 Quia
1618 3549 1797 3622 hujus
1830 3568 1933 3606 na-

283 3639 430 3692 turae
461 3638 571 3704 est,
623 3639 688 3691 ut
717 3653 834 3692 non
883 3637 1070 3710 possit
1115 3635 1272 3693 aliud
1319 3654 1468 3709 esse,
1524 3655 1703 3709 quam
1732 3655 1934 3696 verum

286 3728 376 3781 est
421 3725 464 3781 ‘.
522 3723 725 3781 Omnis
778 3725 878 3798 qui
935 3725 1317 3799 Evangelium
1366 3726 1477 3783 alio
1522 3728 1939 3800 interpretatur

287 3813 502 3886 spiritu
550 3818 608 3869 et
667 3819 862 3871 mente
911 3831 1090 3886 quam
1149 3815 1433 3887 scriptum
1482 3820 1591 3887 est,
1637 3819 1937 3875 credentes

288 3903 509 3975 turbat,
541 3907 600 3960 et
629 3902 911 3959 convertit
937 3902 1317 3975 Evangelium
1340 3903 1575 3977 Christi,
1607 3910 1672 3961 ut
1693 3907 1749 3962 id
1781 3908 1936 3980 quod

287 3993 350 4048 in
366 3992 512 4050 facie
528 3998 638 4061 est,
659 3996 793 4065 post
805 3996 1036 4064 tergum
1051 3991 1245 4058 faciat,
1265 3996 1322 4048 et
1332 4008 1399 4048 ea
1415 4009 1543 4064 quae
1561 3998 1694 4066 post
1707 3998 1937 4066 tergum

287 4087 449 4151 sunt,
479 4085 666 4138 vertat
692 4080 751 4136 in
782 4080 1012 4135 faciem.
1046 4079 1105 4135 Si
1137 4079 1271 4151 quis
1302 4084 1533 4137 tantum
1563 4082 1819 4138 litteram
1850 4101 1940 4140 se-

289 4170 511 4242 quitur,
528 4168 851 4242 posteriora
867 4172 1031 4240 ponit
1047 4168 1107 4223 in
1124 4168 1350 4225 faciem.
1374 4169 1433 4224 Si
1450 4171 1583 4242 quis
1602 4172 1939 4229 Judzeorum

287 4256 871 4330 interpretationibus
892 4256 1230 4330 acquiescit,
1254 4262 1388 4331 post
1409 4264 1641 4334 tergum
1673 4262 1855 4317 mittit
1875 4279 1944 4318 ea

290 4363 418 4420 quas
438 4362 507 4404 ex
529 4350 742 4402 natura
767 4361 875 4402 sua
894 4346 956 4402 in
982 4346 1190 4404 faciem
1212 4349 1504 4406 constitua
1524 4355 1682 4406 sunt.
1708 4352 1943 4408 Necnon

289 4508 518 4602 vertit,_
544 4523 683 4602 sive_
717 4532 1008 4582 mutatum.
1069 4525 1252 4581 Multa
1306 4528 1376 4583 de
1433 4527 1541 4584 hoc
1595 4528 1942 4602 philosopho

288 4597 470 4655 tradit
496 4596 781 4653 Laertius.

366 4672 384 4705 ι
410 4673 596 4726 Penes
628 4668 956 4742 Habacum,
1011 4672 1069 4742 et
1108 4670 1439 4742 difﬁcultate
1476 4672 1794 4742 transferri,
1833 4671 1944 4726 mi-

294 4757 410 4798 nus
438 4742 606 4811 bene,
638 4740 812 4797 sicuti
841 4748 897 4796 et
938 4739 1110 4813 paulo
1159 4739 1309 4812 post,
1342 4740 1442 4795 ubi
1471 4739 1708 4812 faculas,
1740 4759 1843 4814 pro
1872 4745 1945 4814 ﬁ-

290 4811 506 4868 diculas
534 4812 692 4868 legit.

329 4828 506 4869 acutas
538 4828 692 4870 ιθεη.

363 4829 440 4868 cut
538 4829 551 4868 ι
628 4829 692 4868 1t.

363 4829 634 4955 ξΡιξυΙὲῗ.
670 4901 807 4952 ms.,
839 4886 898 4939 ut
926 4885 1131 4955 faceret
1157 4898 1221 4938 ea
1262 4898 1377 4937 esse
1404 4898 1530 4955 quae
1556 4900 1667 4939 non
1694 4892 1871 4955 erant.

360 4947 383 4982 ⁸
416 4956 595 5011 Penes
646 4947 992 5026 Victoriam,
1050 4956 1111 5010 in
1154 4947 1625 5027 interpretatione
1679 4954 1834 5027 legis,
1894 4964 1945 5011 et

294 5023 503 5098 litterae
524 5042 737 5097 pugna,
768 5027 855 5081 vel
883 5023 1112 5098 spiritus
1145 5023 1427 5097 labuntur,
1461 5031 1570 5082 etc.

359 5097 382 5169 ἕ
412 5097 648 5169 Βεαιὶιιε
682 5097 927 5153 fortasse
957 5097 1204 5167 Raban.,
1258 5114 1423 5169 quam
1450 5097 1595 5169 quod
1622 5113 1812 5154 verum
1840 5108 1941 5153 est.

360 5168 382 5202 ⁵
408 5168 618 5241 Utique
639 5169 811 5241 juxta
839 5173 997 5241 (tunc
1034 5169 1218 5241 Avulgo
1262 5168 1527 5239 receptas
1570 5170 1703 5224 libri
1744 5169 1941 5225 Nomi-

289 5255 433 5295 num
465 5239 921 5312 et'etymologias
942 5256 1009 5312 ex
1031 5239 1052 5295 Ι
1073 5241 1146 5295 ad
1170 5240 1430 5296 Corinth.
1455 5242 1736 5298 Caeterum
1772 5258 1947 5296 nemo

291 5327 409 5367 non
442 5310 641 5383 sentit,
677 5310 954 5383 Galatiam
984 5311 1247 5383 Graecum
1266 5328 1394 5367 esse
1423 5313 1790 5378 vocabulum,
1825 5331 1941 5367 non

290 5382 899 5456 Hebraeum,nihilque
930 5399 1138 5456 sonare
1180 5382 1335 5456 aliud
1392 5401 1569 5456 quam
1601 5384 1940 5456 Galatarum

288 5450 610 5526 regionem,
640 5450 893 5526 quorum
940 5453 1045 5526 ἀπὸ
1091 5456 1186 5506 τοῦ
1218 5450 1512 5526 γάλακὲος,
1563 5475 1595 5511 α
1645 5457 1800 5523 lacte,
1834 5455 1941 5509 du-

290 5525 446 5599 citur
491 5525 860 5599 etymologia.
894 5525 1126 5599 Gallos,
1178 5525 1318 5599 sive,
1370 5532 1443 5599 ut
1512 5526 1723 5599 Livius
1754 5531 1938 5599 vocat,

290 5595 1035 5672 Gallo-Griecosftrajecta
1086 5598 1468 5672 Graeciasub
1527 5615 1660 5672 rege
1702 5596 1942 5672 Seleuco

287 5666 591 5727 Nicanore.
623 5668 823 5725 Asiam
855 5666 1108 5730 invasos,
1142 5684 1175 5723 a
1228 5666 1432 5741 lacteo,
1466 5666 1655 5727 colore
1681 5668 1940 5741 corporis

290 5742 526 5800 sortitos
573 5742 683 5799 hoc
728 5757 941 5802 nomen
990 5757 1119 5800 esse
1167 5741 1321 5812 apud
1372 5740 1619 5814 Graecos,
1673 5740 1938 5800 omnium

2040 3284 2437 3358 relinquentes
2454 3286 2757 3358 proprium
2774 3284 3161 3356 domicilium,
3179 3285 3239 3340 in
3249 3283 3476 3356 judicio
3496 3283 3691 3357 magni

2042 3374 2157 3429 dici
2189 3374 2437 3430 vinculis
2466 3375 2697 3431 aeternis
2727 3375 2837 3430 sub
2868 3373 3119 3446 caligine
3163 3379 3533 3431 reservantur
3570 3375 3689 3447 (lu-

2042 3462 2149 3531 das,
2180 3463 2256 3534 6).
2291 3462 2392 3518 Dei
2424 3462 2607 3518 solius
2657 3466 2927 3518 naturam
2976 3478 3107 3518 esse
3135 3461 3587 3532 immutabilem,
3620 3462 3694 3517 de

2044 3567 2160 3622 quo
2220 3550 2531 3606 scribitur:
2584 3552 2655 3605 Tu
2706 3568 2827 3606 vero
2876 3552 2991 3623 ipse
3040 3566 3095 3606 es
3122 3551 3299 3620 (Psal.
3349 3567 3425 3618 cx,
3453 3551 3569 3621 28).
3620 3550 3697 3606 Et

2043 3639 2170 3712 ipse
2199 3639 2270 3695 de
2301 3656 2400 3697 se:
2432 3644 2547 3713 Ego
2578 3641 2717 3696 Deus
2747 3642 2939 3705 vester,
2991 3644 3046 3695 et
3074 3656 3182 3696 non
3212 3641 3394 3695 mutor
3422 3638 3690 3709 (Malach.

2045 3744 2129 3784 ιιι.
2164 3730 2237 3798 6).
2273 3728 2563 3785 Cecidisse
2612 3728 2943 3797 luciferum,
2995 3728 3099 3800 qui
3146 3744 3318 3784 mane
3357 3728 3691 3796 oriebatur;

2045 3821 2103 3872 et
2133 3833 2267 3871 eum
2300 3816 2400 3888 qui
2431 3816 2702 3873 mittebat
2730 3816 3029 3888 quondam
3055 3818 3125 3872 ad
3155 3832 3361 3872 omnes
3380 3820 3602 3888 gentes,
3632 3815 3693 3870 in

2045 3909 2200 3960 terra
2229 3921 2357 3962 esse
2386 3907 2408 3939 ⁷
2455 3906 2795 3962 contritum.
2848 3904 3154 3979 Eleganter
3200 3906 3260 3960 in
3308 3905 3419 3960 hoc
3456 3904 3581 3960 loco
3609 3903 3700 3959 vir

2047 3994 2427 4050 doctissimus
2484 3994 2898 4066 Tertullianus,
2930 3995 3211 4050 adversus
3259 3992 3583 4067 Appellem,
3639 3996 3697 4049 et

2048 4084 2174 4154 ejus
2204 4084 2485 4156 virginem
2516 4083 2942 4153 Philumenem,
2972 4100 3152 4155 quam
3183 4082 3427 4155 angelus
3456 4082 3697 4154 quidam

2050 4169 2322 4226 diabolici
2371 4172 2617 4244 spiritus
2665 4176 2724 4227 et
2770 4188 3078 4244 perversus
3129 4170 3491 4243 impleverat,
3541 4170 3700 4225 hunc

2051 4264 2207 4314 esset
2236 4259 2440 4315 scribit
2468 4258 2762 4333 angelum,
2788 4261 2881 4317 cui
2915 4258 3099 4316 multo
3122 4264 3440 4331 antequam
3468 4256 3703 4331 Apelles

2051 4352 2405 4416 nasceretur,
2439 4347 2692 4420 Spiritus
2731 4348 2918 4405 sancti
2963 4347 3236 4405 vaticinio
3283 4347 3361 4403 sit
3390 4345 3705 4403 anathema

1972 4548 2020 4612 D
2052 4507 2453 4609 receptissima
2463 4529 2870 4612 sententiaest.
2884 4525 3279 4612 Conferpaulo
3292 4524 3675 4612 postulteram
3685 4565 3699 4593 ,

2054 4595 2280 4672 sive'in
2324 4600 2650 4672 secundum
2700 4600 2916 4672 librum
2959 4595 3357 4672 prtefationem
3397 4601 3454 4652 Β.
3488 4595 3700 4672 Patris.

2124 4670 2145 4703 θ
2174 4673 2284 4742 Pro
2332 4671 2526 4737 verbo,
2575 4667 2980 4742 xaG'fmoﬁsc'w;
3013 4670 3166 4741 quod
3198 4686 3355 4742 nunc
3401 4667 3702 4742 e_C_ister_-

2056 4740 2233 4811 ciensi
2260 4759 2378 4811 ms.
2422 4742 2689 4811 restituo,
2721 4742 2866 4798 falso
2914 4738 3199 4798 hactenus
3226 4740 3492 4797 obtenuit
3518 4738 3702 4811 istud,

2056 4808 2472 4886 ὑπξρδολικιῶς.
2510 4808 2721 4886 Fraudi
2769 4814 2878 4886 fuit
2907 4812 3276 4885 antiquariis,
3309 4812 3467 4884 quod
3500 4809 3704 4883 paucis

2055 4883 2267 4957 abhinc
2316 4885 2737 4957 versibushac
2791 4883 3171 4957 Hieronymus
3217 4883 3355 4957 voce
3398 4899 3542 4938 usus
3572 4886 3701 4957 est:

2052 4956 2233 5029 Potest
2265 4961 2312 5029 et
2344 4956 2692 5029 hyperbolice
2730 4957 2941 5012 dictum
2986 4952 3195 5029 accipi,"
3225 4960 3288 5010 ut
3322 4954 3491 5029 hanc
3515 4970 3585 5009 ex
3613 4952 3704 5007 in-

2053 5026 2222 5098 genio
2254 5026 2428 5082 facile
2466 5028 2911 5095 substituerent,
2961 5026 3122 5084 nullo
3173 5028 3289 5082 fere
3320 5026 3461 5083 boni
3491 5040 3704 5098 sensus

2053 5094 2380 5170 dispendio.
2413 5099 2628 5154 Verum
2660 5104 2716 5156 et
2746 5094 2930 5155 multo
2953 5099 3291 5155 concinnior
3318 5098 3391 5154 ad
3423 5098 3481 5155 S.
3515 5094 3705 5170 Patris

2054 5166 2330 5244 mentem,
2363 5186 2697 5244 eaqueuna
2716 5187 2996 5244 germana
3017 5175 3129 5239 est,
3158 5166 3702 5244 quam_repon_i_m_us

2053 5240 2242 5316 lectio,
2300 5238 2413 5294 καδ¹
2449 5237 2749 5316 initiae-tv:
2809 5237 3725 5316 quanquam:_‘et___in_syllabis.

2052 5313 2230 5382 probe
2260 5314 2644 5385 assequendis
2675 5309 2735 5369 in
2768 5309 2877 5370 ms.
2912 5309 3100 5370 multo
3133 5310 3464 5385 difﬁcilior:
3495 5309 3705 5385 scribi-

2050 5381 2150 5438 tur
2178 5384 2337 5439 enim
2393 5381 2510 5441 uno
2568 5389 2767 5442 tenore
2811 5386 2913 5455 sic,
2965 5383 3446 5439 KABI‘IIOOECin.
3494 5381 3703 5439 Sciunt

2054 5472 2223 5527 porro
2253 5473 2457 5513 omnes
2486 5458 2624 5528 quid
2658 5459 2735 5513 sit
2784 5453 2905 5511 m8"
2929 5455 3200 5528 ὑπόθεσιν,
3264 5455 3385 5511 sive
3431 5470 3534 5527 per
3566 5468 3696 5524 sup-

2045 5528 2397 5599 positionem,
2429 5532 2486 5584 et
2503 5527 2622 5583 non
2642 5533 2924 5600 tanquam
2955 5527 3341 5585 constitutum
3361 5530 3466 5584 aut
3492 5540 3697 5582 verum

2048 5597 2267 5655 aliquid
2298 5599 2722 5655 pronuntiaret.

2048 5615 2267 5656 allQUla
2298 5615 2722 5656 pronuntiaret.

2119 5616 2267 5671 .qUIO
2298 5616 2722 5673 pronuntiaret.

2119 5671 2137 5704 ⁷
2170 5670 2350 5744 Palat.
2412 5687 2550 5739 ms.,
2604 5672 2702 5743 qui
2751 5673 3022 5742 mittebat,
3081 5670 3359 5744 quondam
3401 5668 3474 5727 ad
3510 5669 3698 5740 gentes

2043 5742 2369 5801 scandalum
2399 5745 2462 5801 in
2488 5742 2640 5803 terra
2657 5760 2792 5818 esse,
2824 5748 2935 5804 etc.
