4058 6190
345 349 460 414 345
483 402 489 408 .

1050 351 1565 416 COMMENTAR.
1609 345 1688 413 IN
1733 349 1984 413 EPIST.
2028 347 2130 411 AD
2176 347 2454 412 GALAT.
2499 350 2652 414 LIB.
2695 347 2746 426 I,
2790 349 2961 415 CAP.
3004 350 3054 415 Ῑ.

3636 347 3756 415 346

347 502 446 560 per
471 480 820 557 Apostolum
866 483 1298 556 prophetatum.
1351 485 1526 540 Porro
1569 481 1826 560 ἀνάϐεμα,
1872 499 1998 538 ver-
2029 482 2084 549 Α
2115 482 2351 555 querela
2381 487 2513 538 ante
2542 483 2601 539 in
2633 484 2758 558 lege
2785 488 3050 540 versatus
3079 486 3187 552 est,
3219 487 3276 541 et
3293 487 3524 542 tantum
3546 484 3756 544 habuit

345 576 487 631 bum
519 573 754 646 prolirie
796 574 1133 630 Judaaorum
1166 584 1272 640 est,
1325 579 1382 629 et
1429 574 1684 646 positum
1715 575 1820 634 (Al.
1868 590 1998 643 pro-

344 665 565 737 prium)
611 669 732 718 tam
783 663 842 718 in
889 664 1027 719 Jesu
1060 664 1211 718 Nave
1241 664 1370 734 (Jos.
1417 681 1493 730 vr,
1547 663 1658 733 17),
1711 679 1886 734 quam
1937 662 1994 716 in

344 753 616 810 Numeris
648 752 834 820 (Num.
879 770 994 822 xxx,
1039 752 1115 823 3),
1157 753 1390 824 quando
1443 753 1640 808 omnia
1678 770 1803 824 qua
1831 755 1997 806 erant

342 842 403 898 in
433 841 664 898 Jericho
695 847 753 897 et
782 841 1230 897 Madianitarum
1264 842 1632 898 detestationi
1663 847 1719 896 et
1749 840 1995 896 anathe-

345 933 488 987 mati
533 930 805 986 habenda
833 930 1120 986 Dominus
1173 931 1501 1002 imperavit.
1561 931 1996 1002 Interrogemus

343 1037 444 1077 eos
477 1021 580 1092 qui
609 1007 902 1075 Christum
933 1025 991 1076 et
1039 1020 1370 1091 apostolum
1424 1020 1687 1085 Paulum,
1730 1019 1866 1075 boni
1898 1019 1994 1074 Dei

343 1114 403 1166 et
434 1126 625 1181 usque
656 1110 725 1164 ad
756 1109 896 1164 illud
933 1115 1170 1182 tempus
1200 1111 1472 1182 ignorati,
1495 1109 1583 1165 vel
1615 1110 1802 1165 filium
1835 1126 1992 1165 asse-

344 1203 490 1254 runt
516 1215 662 1267 esse,
694 1197 782 1253 vel
812 1215 1067 1265 servum,
1101 1199 1202 1271 qui
1232 1198 1577 1254 maledicere
1608 1199 1848 1270 nesciat,
1889 1215 1994 1253 nec

341 1287 568 1344 noverit
625 1286 877 1359 aliquem
954 1288 1397 1343 condemnare:
1476 1289 1768 1359 quomodo
1839 1304 1996 1343 nunc

339 1377 664 1449 Apostolus
693 1378 844 1448 ejus,
873 1377 1048 1433 verbo
1078 1377 1441 1443 Judmorum,
1472 1379 1529 1432 id
1563 1383 1672 1444 est,
1706 1378 1992 1433 Creatoris

342 1467 498 1522 384
547 1471 766 1536 utatur,
789 1470 846 1521 et
892 1467 1079 1538 perire
1109 1467 1194 1522 vel
1241 1466 1513 1539 angelum
1545 1466 1632 1521 vel
1662 1465 1990 1537 apostolum

336 1555 500 1625 velit,
547 1571 681 1611 cum
728 1555 855 1627 ipse
915 1573 1031 1612 non
1080 1555 1263 1611 soleat
1313 1555 1538 1611 ulcisci.
1589 1556 1751 1620 Quod
1795 1559 1986 1610 autem

341 1644 590 1711 addidit,
647 1644 786 1700 sicut
834 1646 1228 1716 praediximus,
1287 1655 1339 1701 et
1398 1663 1543 1701 nunc
1599 1648 1795 1701 iterum
1845 1645 1986 1714 dico,

342 1735 597 1791 ostendit
628 1750 691 1789 se
721 1738 779 1789 et
829 1734 887 1788 in
935 1735 1220 1807 principio
1275 1735 1383 1790 hoc
1430 1736 1626 1806 ipsum
1666 1739 1986 1801 caventem,

2108 572 2167 627 in
2227 574 2516 645 majorum
2577 575 2935 630 caeremoniis
2991 575 3214 630 ardoris
3271 581 3328 634 et.
3384 577 3540 634 ﬁdei.
3590 580 3655 632 ut
3691 575 3751 633 in

2109 661 2389 733 Stephani
2419 680 2557 718 nece
2589 663 2875 736 particeps
2904 663 3079 718 fuerit
3108 664 3215 736 [Αἱ.
3264 649 3444 734 ﬁeret]
3485 667 3616 737 (Act.
3652 683 3748 732 vn,

2105 752 2220 821 57,)
2251 757 2308 806 et
2353 757 2695 808 Damascum
2755 753 3069 825 perrexerit
3119 753 3190 808 ad
3239 769 3358 817 eos,
3401 753 3499 825 qui
3551 771 3585 809 a
3626 753 3753 828 lege

2107 839 2486 908 desciverant,
2519 841 2856 897 vinciendos
2896 843 3031 912 (Act.
3073 860 3150 909 Ix,
3181 843 3256 914 2).
3289 843 3396 897 Sed
3439 845 3752 914 postquam

2104 926 2163 982 in
2223 946 2323 983 vas
2376 929 2675 986 electionis
2733 932 2801 986 de
2861 937 3229 1002 persecutore
3286 930 3610 988 translatus
3667 937 3755 988 est

2104 1019 2266 1084 (Ibid.
2302 1020 2409 1091 l5),
2463 1025 2520 1074 et
2549 1021 2722 1092 ccepit
2751 1022 3062 1092 praedicare
3107 1022 3300 1088 ﬁdem,
3349 1038 3524 1094 quam
3566 1037 3754 1092 quon-

2105 1109 2239 1163 dam
2273 1116 2724 1181 expugnaverat,
2749 1111 2920 1182 coepit
2937 1111 3156 1182 pariter
3175 1110 3484 1183 displicere
3511 1110 3751 1179 Judmis,

2106 1197 2319 1268 quibus
2345 1204 2479 1254 ante
2533 1199 2846 1270 placuerat.
2904 1202 3016 1255 lloc
3073 1205 3163 1255 est
3219 1216 3354 1272 ergo
3414 1201 3568 1272 quod
3620 1200 3749 1256 ait:

2104 1287 2400 1359 Numquid
2459 1305 2652 1360 quaero
2700 1288 2916 1344 Judazis
2968 1289 3214 1361 placere,
3272 1290 3487 1361 quibus
3544 1288 3753 1362 displi-

2103 1378 2304 1444 cendo,
2339 1379 2454 1433 Deo
2487 1378 2722 1450 placui?
2769 1379 2826 1434 Si
2859 1379 3015 1434 enim
3063 1378 3182 1434 illis
3213 1377 3523 1451 placerem,
3558 1379 3751 1436 adhuc

2101 1467 2316 1522 Christi
2347 1484 2552 1522 servus
2600 1485 2714 1524 non
2765 1485 2974 1524 essem.
3025 1469 3359 1525 Assererem
3408 1468 3626 1540 quippe
3666 1468 3748 1524 le-

2100 1573 2255 1628 gem,
2276 1561 2333 1612 et
2358 1557 2649 1629 Evangelii
2672 1558 2920 1628 gratiam
2953 1560 3335 1614 destruerem.
3360 1557 3525 1612 Nunc
3551 1561 3747 1613 autem

2101 1651 2405 1718 prOpterea
2437 1663 2540 1702 nec
2571 1646 2628 1701 in
2653 1646 3087 1703 simulationem
3109 1647 3345 1719 quidem
3373 1646 3746 1702 observanda

2099 1735 2268 1808 Legis
2302 1736 2593 1792 adducor:
2631 1736 2769 1808 quia
2818 1755 2932 1792 non
2966 1737 3119 1808 quod
3151 1738 3256 1809 [Αἰ.
3290 1751 3484 1810 ᾳυωτο
3541 1742 3598 1794 et
3631 1737 3746 1794 Deo

342 1823 723 1879 denuntiasse
762 1824 1074 1880 anathema
1131 1825 1214 1880 eis
1258 1825 1354 1896 qui
1407 1824 1573 1880 aliter
1621 1824 1986 1897 praedicaturi
2016 1854 2066 1920 Β
2099 1824 2326 1897 placere
2357 1826 2573 1897 pariter
2599 1833 2656 1881 et
2683 1826 2899 1882 Judaeis
2932 1845 2945 1893 ;
2994 1827 3208 1897 quibus
3259 1827 3594 1899 quicunque
3625 1825 3746 1898 pla-

340 1918 526 1982 erant,
550 1917 606 1969 et
650 1930 806 1969 nunc
857 1917 1168 1986 postquam
1210 1913 1589 1986 praedicatum
1621 1918 1729 1979 est,
1762 1913 1819 1968 id
1855 1930 1988 1968 ana—

339 2003 540 2058 thema
577 2003 887 2058 decernere
927 2005 1081 2074 quod
1114 2007 1246 2059 ante
1277 2004 1645 2075 praedixerat.
1676 2007 1990 2074 Propterea

340 2097 538 2149 autem
571 2097 626 2148 et
655 2092 791 2159 sibi,
820 2109 994 2162 quem
1039 2092 1196 2148 aliud
1254 2093 1312 2147 in
1360 2094 1566 2149 Judaza
1592 2094 1798 2159 facere,
1829 2092 1986 2148 aliud

340 2182 547 2238 docere
577 2181 635 2236 in
667 2182 942 2253 gentibus
973 2182 1457 2249 criminabantur,
1490 2187 1546 2238 et
1575 2183 1780 2255 angelo
1811 2200 1985 2255 quem

339 2272 624 2342 majorem
657 2269 832 2326 etiam
865 2273 1314 2342 praecessoribus
1358 2273 1483 2328 suis
1532 2272 1813 2345 apostolis
1860 2289 1987 2328 esse

335 2358 669 2429 constabat,
703 2359 1014 2415 anathema
1063 2359 1460 2415 denuntiavit:
1512 2366 1578 2415 ut
1624 2378 1741 2416 non
1772 2377 1987 2434 magna

334 2446 498 2503 Petri
529 2452 585 2501 et
605 2447 843 2503 Joannis
873 2453 1178 2521 putaretur
1205 2449 1542 2518 auctoritas,
1574 2467 1707 2505 cum
1739 2467 1844 2505 nec
1876 2451 1984 2506 sibi

332 2534 540 2591 liceret
585 2536 684 2607 qui
741 2554 838 2592 eos
885 2543 1020 2593 ante
1068 2539 1360 2606 docuerat,
1414 2557 1516 2594 nec
1567 2540 1772 2611 angelo
1821 2540 1989 2596 aliter

334 2625 672 2697 pradicare,
722 2643 900 2698 quam
955 2627 1136 2684 semel
1185 2629 1528 2684 didicerant.
1585 2631 1657 2685 Se
1704 2630 1900 2702 itaque
1932 2635 1989 2686 et

334 2712 611 2785 angelum
670 2715 1018 2771 nominatim
1069 2719 1303 2788 posuit:
1379 2718 1523 2774 alios
1579 2735 1714 2774 vero
1764 2721 1987 2792 absque

334 2802 595 2874 nomine,
625 2806 692 2859 Si
717 2807 843 2875 quis
869 2805 1079 2878 inquit,
1134 2808 1282 2863 vobis
1310 2809 1798 2880 evangeliaaverit,
1833 2814 1897 2863 ut
1926 2809 1985 2864 in

334 2892 593 2964 generali
625 2895 930 2960 vocabulo,
961 2911 1068 2951 nec
1108 2898 1558 2968 praecessoribus
1591 2900 1804 2955 faceret
1832 2898 1983 2968 inju-

335 2980 488 3036 riam
516 2999 529 3048 ;
562 2988 616 3036 et
645 2986 842 3039 tamen
871 2985 1110 3041 nomina
1129 3001 1330 3041 eorum
1358 2985 1606 3042 latenter
1635 2988 1982 3043 ostenderet.

410 3069 596 3141 (Vers.
633 3073 744 3140 10.)
775 3096 802 3123 ‹‹
837 3074 1006 3130 Modo
1055 3074 1212 3130 enim
1262 3075 1600 3131 hominibus
1651 3077 1866 3133 suadeo
1911 3094 1984 3132 an

334 3160 504 3216 Deo?
551 3166 654 3218 aut
702 3180 900 3236 quaero
951 3163 1291 3220 hominibus
1347 3163 1622 3236 placere?
1680 3166 1739 3222 Si
1793 3167 1984 3222 adhuc

334 3249 679 3307 hominibus
725 3251 1036 3322 placerem,
1087 3252 1299 3308 Christi
1329 3271 1530 3310 servus
1556 3272 1677 3325 non
1709 3271 1919 3310 essem.
1955 3275 1983 3304 »

334 3339 464 3394 Non
491 3344 766 3412 putemus
797 3342 870 3396 ab
917 3342 1187 3413 Apostolo
1215 3360 1324 3399 nos
1364 3345 1576 3409 doceri,
1624 3350 1688 3399 ut
1726 3344 1988 3416 exemplo

336 3444 447 3483 suo
478 3428 784 3485 hominum
827 3430 1052 3501 judicia
1107 3437 1575 3505 contemnamus,
1628 3434 1726 3506 qui
1777 3433 1836 3488 in
1877 3433 1990 3490 alio

336 3515 466 3572 loco
495 3518 738 3573 dixerit:
773 3518 1010 3575 Scientes
1048 3536 1174 3592 ergo
1223 3523 1470 3577 timorem
1522 3525 1762 3593 Domini,
1815 3524 1989 3578 homi-

335 3607 503 3662 nibus
549 3608 882 3664 suademus:
935 3611 1039 3665 Deo
1119 3618 1303 3666 autem
1354 3613 1639 3682 manifesti
1687 3629 1877 3668 sumus
1926 3615 1996 3680 (II

340 3696 465 3752 Cor.
500 3712 549 3762 ν,
602 3698 685 3768 11)
714 3714 735 3760 ;
785 3703 843 3753 et
897 3697 1081 3754 illud:
1131 3700 1262 3756 Sine
1312 3702 1610 3772 offensione
1659 3706 1839 3771 estote,
1897 3703 1994 3757 Ju-

337 3784 500 3854 daeis,
528 3792 584 3842 et
611 3788 895 3860 gentibus,
928 3796 980 3842 et
1009 3789 1268 3846 Ecclesiae
1298 3792 1394 3846 Dei
1418 3809 1436 3844 :
1487 3793 1628 3846 sicut
1655 3800 1707 3846 et
1753 3807 1846 3862 ego
1875 3807 1993 3846 om-

337 3877 506 3931 nibus
560 3893 662 3959 per
710 3878 897 3932 omnia
941 3877 1148 3948 placeo,
1200 3895 1306 3934 non
1377 3895 1631 3950 quaerens
1663 3879 1802 3952 quod
1859 3881 2000 3942 mihi

337 3968 489 4021 utile
525 3969 620 4033 est,
669 3967 761 4022 sed
803 3967 944 4038 quod
989 3967 1207 4036 multis,
1249 3973 1309 4023 ut
1359 3970 1646 4024 soluentur
1695 3972 1742 4042 (ι
1785 3972 1904 4025 Cor.
1935 3989 1994 4038 κ,

337 4055 432 4121 32,
460 4054 573 4126 33).
610 4055 720 4110 Sed
752 4055 800 4111 si
859 4055 983 4111 ﬁeri
1034 4061 1242 4129 potest,
1289 4062 1354 4112 ut
1401 4059 1620 4129 pariter
1661 4060 1776 4114 Deo
1803 4064 1860 4115 et
1887 4060 1992 4116 ho-

338 4143 600 4200 minibus
635 4143 993 4216 placeamus,
1029 4146 1380 4218 placendum
1411 4151 1500 4202 est
1545 4152 1601 4202 et
1629 4148 1992 4206 hominibus.

339 4233 441 4289 Sin
483 4237 681 4288 autem
727 4233 896 4289 aliter
943 4251 1057 4290 non
1104 4235 1405 4307 placemus
1461 4236 1824 4307 hominibus,
1880 4239 1993 4295 nisi

336 4321 453 4378 Deo
503 4321 944 4394 displiceamus,
1019 4329 1131 4381 Deo
1175 4325 1365 4398 magis
1419 4342 1596 4397 quam
1652 4327 1993 4384 hominibus

333 4409 569 4483 placere
600 4411 906 4469 debemus.
938 4412 1212 4486 Alioquin
1245 4418 1301 4469 et
1330 4414 1454 4486 ipse
1485 4414 1678 4482 infert,
1711 4432 1816 4470 cur
1861 4434 1992 4473 om-

333 4499 521 4555 nibus
551 4515 657 4570 per
681 4501 873 4557 omnia
918 4501 1179 4575 placeat:
1213 4504 1332 4559 Non
1373 4518 1643 4574 quaerens,
1694 4504 1966 4577 inquiens

2098 1918 2204 1984 cet,
2257 1920 2370 1970 Deo
2414 1914 2701 1986 displicet.
2756 1917 2954 1987 Ipsum
3024 1932 3255 1988 quoque
3310 1916 3575 1982 verbum,
3625 1933 3749 1971 sua-

2097 2003 2241 2070 dere,
2276 2004 2346 2059 de
2391 2003 2648 2059 humano
2679 2021 2790 2059 usu
2841 2009 3144 2076 sumptum
3196 2009 3307 2071 est,
3357 2020 3490 2059 cum
3523 2004 3658 2074 quis
3687 2004 3746 2058 id

2098 2093 2253 2166 quod
2291 2094 2416 2165 ipse
2456 2093 2650 2160 habet,
2699 2097 2779 2148 et.
2803 2091 2981 2148 semel
3031 2092 3283 2158 imbibit,
3317 2092 3492 2148 etiam
3522 2091 3745 2149 caeteris

2098 2188 2341 2238 conatur
2381 2183 2658 2248 inserere,
2692 2186 2758 2236 ut
2783 2182 2842 2237 in
2878 2181 3150 2254 plurimis
3193 2181 3627 2253 Scripturarum
3656 2180 3745 2237 lo-

2097 2272 2181 2327 cis
2209 2270 2438 2344 iegitur,
2469 2289 2538 2326 ex
2567 2271 2783 2343 quibus
2816 2271 2958 2326 illud
3003 2275 3091 2327 est
3118 2287 3130 2326 :
3190 2272 3392 2326 Suasio
3421 2287 3532 2328 non
3573 2280 3746 2328 estea:

2095 2377 2158 2416 eo
2187 2362 2285 2432 qui
2310 2363 2519 2416 vocavit
2546 2377 2637 2416 vos
2685 2360 2884 2433 (Galat.
2917 2378 2972 2424 v,
3021 2363 3098 2428 8).
3137 2364 3370 2416 Necnon
3401 2360 3453 2416 ei
3497 2359 3558 2414 in
3588 2359 3741 2416 Acti-

2097 2451 2209 2506 bus
2237 2450 2633 2522 apostolorum
2661 2467 2672 2506 :
2727 2453 3004 2506 Venerunt
3032 2467 3158 2521 ergo
3207 2450 3276 2505 ad
3302 2466 3430 2505 eum
3474 2449 3656 2506 1αάιεὶ
3683 2451 3742 2505 in

2097 2539 2394 2612 hospitium
2443 2540 2627 2595 multi:
2681 2540 2874 2610 quibus
2942 2539 3266 2612 exponebat,
3315 2543 3626 2595 contestans
3665 2541 3745 2595 eis

2096 2645 2324 2700 regnum
2390 2631 2491 2685 Dei
2513 2631 2555 2698 ³,
2613 2631 2952 2701 suadensque
3011 2631 3090 2685 eis
3158 2629 3222 2684 de
3273 2634 3427 2693 Jesu,
3484 2645 3554 2685 ea:
3610 2630 3747 2702 Lege

2095 2718 2267 2790 Moysi
2299 2727 2349 2774 et
2398 2720 2676 2790 Prophetis
2722 2736 2890 2790 usque
2934 2718 3005 2774 ad
3046 2735 3334 2791 vesperum
3378 2719 3511 2789 (Act.
3545 2735 3744 2783 xxvm,

2093 2809 2208 2877 23).
2261 2809 2376 2863 Hoc
2417 2813 2612 2863 autem
2661 2811 2848 2863 totum
2908 2808 3058 2873 ideo,
3108 2807 3247 2879 quia
3293 2806 3743 2862 disseminatum

2097 2897 2201 2969 (At.
2237 2897 2627 2967 diffamatum]
2660 2897 2729 2951 de
2759 2913 2825 2951 eo
2858 2896 3069 2961 fuerat,
3101 2896 3322 2951 occulte
3353 2895 3516 2950 illum
3549 2898 3742 2950 custo-

2095 2986 2219 3041 dire
2249 2985 2459 3058 legem,
2493 2990 2548 3041 et
2579 2986 2636 3040 in
2667 2984 3082 3057 Hierosolymis
3113 3001 3245 3040 cum
3279 2984 3369 3039 his
3403 2984 3502 3054 qui
3545 2981 3743 3054 judai-

2093 3075 2322 3141 zabant,
2355 3075 2714 3131 consortium
2745 3073 3073 3129 miscuisse.

2168 3163 2474 3234 (Vers.1t,
2526 3163 2634 3233 12.)
2681 3183 2702 3211 α
2735 3163 2949 3217 Notum
2997 3161 3154 3218 enim
3203 3161 3368 3217 vobis
3410 3161 3578 3228 facio,
3624 3161 3742 3215 fra-

2098 3255 2239 3318 tres,
2288 3251 2665 3324 Evangelium
2716 3252 2871 3322 quod
2922 3250 3382 3324 evangelizatum
3414 3254 3505 3306 est
3543 3266 3578 3305 a
3609 3265 3740 3305 me:

2101 3341 2232 3413 quia
2286 3358 2400 3396 non
2459 3345 2548 3396 est
2604 3341 2926 3396 secundum
2965 3340 3287 3407 hominem,
3341 3355 3532 3412 neque
3587 3338 3744 3394 enim

2100 3447 2206 3502 ego
2236 3431 2307 3485 ab
2341 3430 2574 3485 homine
2623 3429 2819 3502 accepi
2848 3428 3014 3500 illud,
3047 3445 3234 3501 neque
3265 3428 3477 3497 didici;
3511 3428 3611 3484 sed
3645 3443 3750 3499 per

2103 3518 2511 3575 revelationem
2541 3520 2679 3575 Jesu
2719 3518 2950 3574 Christi.
2990 3542 3009 3567 ι»
3081 3519 3149 3573 Et
3180 3517 3288 3573 hoc
3335 3517 3459 3573 loco
3509 3515 3747 3572 Ebionis

2103 3613 2160 3664 et
2188 3609 2418 3664 Photini
2451 3611 2664 3681 dogma
2698 3609 3036 3676 conteritur,
3080 3608 3237 3680 quod
3287 3613 3438 3662 Deus
3470 3606 3548 3662 sit
3585 3604 3747 3660 Chri-

2105 3703 2254 3764 stus,
2287 3703 2346 3753 et
2374 3714 2489 3753 non
2534 3702 2761 3752 tantum
2811 3697 3007 3752 homo.
3057 3696 3117 3752 Si
3165 3695 3321 3751 enim
3371 3692 3750 3766 Evangelium

2106 3785 2268 3841 Pauli
2318 3803 2432 3842 non
2463 3791 2550 3841 est
2596 3787 2920 3842 secundum
2967 3785 3289 3850 hominem,
3323 3799 3513 3856 neque
3544 3784 3614 3840 ab
3647 3783 3748 3838 ho-

2106 3875 2263 3930 mine
2293 3876 2515 3947 accepit
2544 3874 2820 3946 illud,aut
2849 3874 3072 3942 didicit,
3090 3874 3187 3930 sed
3209 3890 3310 3945 per
3338 3872 3749 3928 revelationem

2103 3963 2242 4020 Jesu
2283 3965 2536 4032 Christi;
2583 3965 2736 4020 386
2786 3981 2902 4020 non
2951 3969 3040 4020 est
3093 3963 3295 4033 utique
3345 3962 3520 4017 homo
3575 3959 3751 4015 Jesus

2106 4053 2394 4120 Christus,
2428 4054 2527 4126 qui
2560 4054 2736 4110 Paulo
2771 4052 3145 4125 Evangelium
3183 4048 3477 4107 revelavlt.
3508 4048 3672 4113 Quod
3703 4047 3749 4102 si

2106 4161 2222 4199 non
2252 4148 2340 4199 est
2388 4144 2584 4211 homo,
2634 4147 3060 4215 consequenter
3107 4146 3260 4196 Deus
3306 4143 3412 4194 est.
3462 4137 3590 4194 Non
3633 4153 3748 4208 quo

2104 4233 2403 4288 hominem
2435 4250 2716 4304 negemus
2765 4235 3178 4302 assumptum;
3216 4228 3317 4283 sed
3351 4243 3466 4299 quo
3513 4229 3747 4281 tantum

2104 4322 2400 4378 hominem
2435 4338 2772 4377 renuamus.
2816 4318 3103 4385 Quaeritur
3144 4323 3344 4373 utrum
3378 4315 3558 4372 totius
3589 4314 3748 4370 orbis

2101 4412 2368 4467 Ecclesiae
2399 4411 2502 4466 Dei
2543 4409 2873 4481 acceperint
2899 4407 3298 4480 Evangelium,
3331 4423 3406 4462 an
3453 4403 3749 4461 hominis:

2103 4505 2316 4574 quotus
2363 4500 2516 4555 enim
2567 4500 2819 4572 quisque
2862 4502 3128 4554 nostrum
3179 4514 3282 4570 per
3335 4495 3747 4552 revelationem

334 4588 481 4661 quod
508 4589 654 4644 mihi
680 4591 816 4646 utile
861 4599 958 4657 est,
1008 4590 1100 4646 sed
1146 4591 1288 4663 quod
1320 4593 1531 4660 multis,
1574 4601 1635 4648 ut
1678 4595 1980 4653 solventur.
2013 4578 2060 4649 D
2093 4589 2307 4647 Christi
2336 4590 2561 4656 didicit,
2613 4594 2670 4644 et
2717 4606 2831 4644 non
2883 4587 3119 4644 homine
3152 4585 3503 4659 pradicante
3534 4598 3746 4654 cogno-

336 4677 447 4741 Qui
475 4682 672 4734 autem
721 4695 790 4734 ex
839 4696 907 4735 ea
935 4679 1238 4752 charitate,
1271 4697 1395 4752 qua
1429 4699 1543 4737 non
1576 4683 1823 4753 quaerit1
1857 4701 1984 4755 quae
2099 4680 2226 4735 vit?
2255 4681 2337 4735 Ad
2371 4680 2523 4752 quod
2558 4677 3064 4750 respondebimus,
3097 4691 3196 4731 eos
3235 4675 3334 4746 qui
3375 4677 3625 4745 possunt
3653 4671 3749 4725 di-

337 4783 449 4822 sua
477 4771 635 4835 sunt,
669 4769 771 4825 sed
803 4785 931 4840 quae
972 4769 1161 4826 aliena
1191 4775 1346 4838 sunt,
1397 4770 1586 4843 placet
1615 4771 1890 4829 omnibus
1923 4781 1992 4831 ut
2099 4786 2264 4826 cere:
2307 4771 2391 4825 An
2435 4771 2870 4841 experimentum
2906 4769 3026 4832 eius
3079 4765 3351 4837 quantis,
3404 4764 3501 4834 qui
3554 4763 3614 4817 in
3661 4776 3749 4817 me

335 4854 669 4913 salventur:
718 4858 920 4930 utique
959 4859 1074 4915 Deo
1132 4859 1389 4932 primum
1436 4860 1642 4932 placet,
1695 4862 1785 4916 cui
1829 4861 1987 4918 salus
2097 4860 2344 4930 loquitur
2389 4859 2634 4914 Christus
2687 4858 2754 4929 (Il
2787 4857 2907 4913 Cor.
2942 4872 3064 4922 xm,
3107 4854 3186 4909 3?
3239 4854 3335 4909 Et:
3392 4853 3516 4909 Vivo
3565 4853 3749 4906 autem

333 4943 645 5002 hominum
678 4963 828 5002 curae
859 4953 966 5004 est.
996 4947 1180 5004 Habet
1214 4953 1408 5004 autem
1440 4954 1496 5004 et
1536 4950 1800 5017 verbum,
1834 4952 2010 5022 quod
2086 4949 2209 5019 jam
2238 4966 2346 5003 non
2378 4965 2490 5020 ego,
2520 4950 2654 5004 vivit
2702 4955 2889 5003 autem
2931 4948 2990 5000 in
3036 4960 3123 4999 me
3153 4943 3398 4998 Christus
3446 4940 3648 5014 (Galat.
3681 4957 3746 5006 ιι,

333 5033 488 5090 885
533 5034 628 5090 hic
677 5036 1008 5108 specialiter
1051 5037 1315 5093 additum
1363 5041 1473 5105 est,
1518 5038 1693 5105 modo,
1725 5038 1813 5094 vel
1865 5040 1987 5112 pla-

333 5123 587 5179 cendum
620 5141 748 5182 esse
796 5143 901 5198 pro
949 5130 1210 5198 tempore
1255 5127 1616 5200 hominibus,
1667 5128 1755 5184 vel
1788 5129 1990 5201 displi-

332 5213 587 5269 cendum
621 5232 634 5270 :
670 5220 735 5270 ut
767 5215 872 5287 qui
906 5217 1078 5272 modo
1107 5233 1222 5272 non
1250 5215 1438 5288 placet
1466 5223 1699 5289 propter
1727 5223 1986 5291 Evange-

329 5299 392 5356 lii
422 5303 754 5371 veritatem,
788 5303 1070 5375 placuerit
1096 5306 1394 5376 quondam
1427 5306 1500 5360 ob
1523 5306 1771 5362 salutem
1804 5307 1984 5379 pluri-

329 5406 586 5446 morum.
622 5391 932 5449 Placuerat
961 5392 1173 5450 Paulus
1205 5394 1521 5467 aliquando
1561 5395 1801 5464 Judaeis,
1849 5413 1984 5452 cum

330 5479 640 5538 aemulator
682 5481 938 5539 existens
983 5488 1362 5555 paternarum
1413 5483 1818 5554 traditionum,
1859 5485 1985 5540 sine

412 5625 426 5658 ¹
455 5625 788 5700 Pala_t_ms.,
820 5643 890 5684 ex
915 5645 980 5685 ea
1009 5629 1283 5685 charitate
1321 5645 1434 5685 non
1461 5629 1680 5700 qumrit,
1715 5632 1823 5682 etc.
1857 5628 1987 5685 Mox

325 5695 393 5756 in
429 5712 550 5756 uno
579 5697 974 5774 Cisterciensi,
998 5702 1180 5774 placet
1227 5695 1534 5759 hominibus
1580 5709 1641 5758 ut
1666 5695 1986 5760 solventur.

2095 5038 2208 5110 20),
2243 5055 2357 5094 non
2388 5043 2509 5093 tam
2530 5039 2689 5110 ipsos
2712 5038 2938 5102 docere,
2964 5050 3141 5105 quam
3163 5033 3222 5087 in
3248 5030 3394 5103 ipsis
3423 5028 3748 5100 Deum,qui

2097 5128 2169 5183 ad
2219 5131 2454 5183 sanctos
2501 5127 2810 5198 loquatur:
2863 5129 2976 5193 Ego
3013 5123 3158 5189 dixi,
3207 5122 3290 5177 dii
3337 5122 3485 5187 estis,
3540 5124 3592 5177 et
3645 5119 3748 5174 ﬁlii

2098 5218 2312 5274 Excelsi
2341 5232 2526 5271 omnes
2556 5215 2725 5272 (Psal.
2778 5231 2962 5280 LXXXI,
2994 5213 3049 5280 6)
3097 5216 3154 5268 et
3201 5210 3400 5268 statim
3440 5211 3513 5266 de
3537 5224 3748 5282 pecca-

2095 5307 2358 5363 toribus:
2413 5307 2510 5360 Vos
2558 5309 2737 5360 autem
2767 5312 2827 5359 ut
2872 5303 3117 5359 homines
3145 5300 3481 5369 moriemini,
3541 5307 3592 5355 et
3619 5301 3748 5360 tan.

2094 5414 2268 5469 quam
2316 5411 2458 5450 unus
2505 5393 2568 5450 de
2611 5393 2952 5465 principibus
2999 5392 3205 5447 cadetis
3253 5388 3411 5461 (Ibid.
3469 5388 3547 5460 7).
3600 5391 3745 5442 Cum

2095 5487 2272 5559 igitur
2298 5484 2510 5540 Paulus
2542 5481 2803 5554 loquitur
2851 5486 2908 5536 et
2941 5481 3162 5548 Petrus,
3197 5478 3297 5550 qui
3329 5493 3443 5533 non
3476 5475 3744 5532 moriun-

2161 5630 2184 5663 ¹
2217 5629 2340 5685 Duo
2372 5644 2541 5693 mss.,
2570 5628 2876 5683 contestans
2905 5640 2993 5682 eos
3020 5625 3086 5681 de
3113 5637 3283 5693 regno
3315 5621 3430 5678 Dei.
