4058 6190
269 322 391 387 3"
1525 332 1591 395 S.
1624 330 1920 397 ‘EUSEBI

2032 330 2444 399 [IERONYMI
3574 332 3693 397 348

273 462 372 515 tur
398 463 464 514 ut
493 458 767 517 homines
798 476 989 536 neque
1017 468 1083 520 ut
1112 482 1269 524 unus
1300 466 1371 525 de
1402 469 1769 542 prinoiqibus
1798 485 1925 525 cor-
1954 468 2010 536 Α
2040 468 2099 523 in
2142 468 2287 526 facie
2340 470 2535 542 (Exod.
2584 486 2775 539 χχχιν,
2828 467 2940 541 33).
2996 468 3145 524 Ante
3203 480 3401 523 arcam
3456 481 3693 540 quoque

276 552 473 618 ruunt,
509 548 646 604 deos
677 565 778 625 eos
807 566 956 619 esse,
990 555 1368 613 manifestum
1417 562 1524 615 est.
1569 560 1675 625 Qui
1724 561 1919 615 autem
2030 559 2389 616 Testamenti
2444 559 2639 616 velum
2702 573 3034 631 oppansum
3094 560 3219 613 erat
3277 555 3474 627 (Exod.
3530 573 3685 625 xxv1,

275 635 355 690 dii
386 640 543 703 sunt,
577 638 817 694 tradunt
847 641 945 696 Dei
995 643 1391 716 Evangelium,
1434 652 1491 703 et
1518 664 1631 703 non
1663 647 1921 703 hominis
2031 649 2120 716 31,
2154 650 2279 718 32);
2317 649 2471 722 quod
2505 666 2639 705 cum
2671 649 2880 704 fuisset
2920 646 3248 715 reductum,
3300 661 3367 701 ea
3398 661 3527 717 quas
3557 651 3692 702 ante

276 725 528 781 Marcion
577 731 633 782 et
663 728 947 786 Basilides
990 736 1046 787 et
1089 738 1305 789 caeteras
1353 735 1749 792 haariticorum
1788 754 1922 809 pss-

271 818 383 881 tes,
412 831 527 870 non
559 816 776 873 habent
807 820 901 874 Dei
941 821 1316 895 Evangelium
1347 842 1360 892 ;
1393 826 1531 896 quia
1562 842 1675 881 non
1706 826 1923 882 habent

272 903 557 976 Spiritum
589 912 881 976 sanctum,
914 910 1040 965 sine
1070 928 1185 983 quo
1215 912 1541 970 humanum
1573 916 1637 970 ﬁt
1667 916 1920 988 Evange-

273 991 440 1071 lium,
476 997 631 1066 quod
663 997 918 1053 docetur.
954 999 1068 1054 Nec
1116 1006 1391 1073 putemus
1421 1004 1479 1058 in
1529 1006 1723 1061 verbis
1766 1004 1918 1060 Scri-

274 1087 582 1154 pturarum
636 1102 765 1141 esse
816 1087 1216 1161 Evangelium,
1267 1094 1365 1148 sed
1418 1094 1476 1148 in
1525 1109 1741 1149 sensu:
1806 1111 1919 1149 non

278 1170 337 1227 in
370 1174 696 1245 superﬁcie,
729 1176 830 1231 sed
862 1176 921 1232 in
973 1178 1268 1247 medulla;
1324 1198 1438 1237 non
1490 1183 1549 1238 in
1582 1200 1919 1239 sermonum

275 1261 452 1330 foliis,
486 1264 585 1319 sed
618 1264 677 1319 in
710 1265 902 1322 radice
954 1268 1217 1325 rationis.
1271 1270 1495 1326 Dicitur
1531 1273 1591 1328 in
1640 1273 1924 1345 propheta

276 1351 347 1407 de
372 1352 515 1408 Deo:
550 1354 833 1411 Sermones
881 1360 1002 1428 eius
1053 1358 1180 1414 boni
1225 1368 1355 1415 sunt
1384 1377 1504 1416 cum
1554 1378 1614 1417 eo
1646 1364 1821 1431 (Mich.
1855 1377 1919 1428 ιι,

270 1441 349 1510 7).
395 1441 558 1497 Tunc
616 1443 914 1516 Scriptura
969 1445 1129 1503 utilis
1186 1453 1274 1504 est
1329 1450 1725 1518 audientibus,
1786 1467 1919 1507 cum

270 1528 493 1600 absque
523 1530 751 1587 Christo
770 1549 885 1588 non
910 1534 925 1569 ¹
958 1534 1191 1603 dicitur,
1221 1553 1355 1594 cum
1371 1539 1592 1611 absque
1622 1543 1785 1611 patre
1804 1557 1921 1596 non

270 1619 581 1691 profertur,
612 1637 745 1677 cum
780 1623 905 1679 sine
939 1625 1160 1697 Spiritu
1209 1642 1323 1683 non
1380 1644 1510 1684 eam
1557 1630 1777 1686 insinat
1822 1630 1923 1686 ille

272 1707 373 1778 qui
405 1709 701 1779 praedicat.
735 1710 1008 1783 Alioquin
1041 1718 1098 1770 et
1125 1716 1391 1773 diabolus
1422 1718 1522 1790 qui
1551 1718 1813 1791 loquitur
1850 1722 1921 1775 de

275 1796 612 1869 Scripturis,
642 1802 700 1855 et
719 1816 923 1858 omnes
945 1802 1192 1861 haereses
1219 1808 1541 1863 secundum
1564 1808 1920 1866 Ezechielem

272 1884 410 1941 inde
438 1886 548 1941 sibi
583 1895 875 1946 consuunt
898 1893 1220 1962 cervicalia,
1272 1912 1399 1967 quis
1431 1902 1653 1969 ponant
1673 1899 1785 1955 sub
1817 1916 1917 1955 cu-

274 1972 394 2030 bito
427 1976 714 2034 universas
743 1981 929 2037 aetatis
958 1983 976 2054 (
987 1983 1182 2041 Epeo/1.
1215 2001 1339 2058 xm,
1374 1986 1483 2059 48).
1536 1988 1654 2060 Ego
1686 2004 1918 2060 quoque

270 2062 395 2134 ipse
444 2065 545 2137 qui
592 2066 819 2139 loquor,
871 2070 920 2126 si
965 2071 1262 2129 Christum
1288 2076 1368 2130 -in
1421 2093 1513 2133 me
1560 2076 1766 2146 habeo,
1801 2094 1915 2134 non

270 2150 456 2208 habeo
516 2154 893 2228 Evangelium
947 2160 1240 2230 hominis;
1301 2165 1349 2218 si
1409 2169 1603 2221 autem
1653 2171 1920 2239 peccator

276 2256 433 2308 sum,
481 2242 692 2300 dicitur
774 2247 954 2304 mihi:
1004 2254 1289 2307 Peccalori
1324 2253 1469 2310 dixit
1514 2256 1690 2311 Deus:
1741 2257 1919 2325 Quare

272 2338 332 2387 tu
350 2348 585 2389 enarras
616 2336 863 2407 justitias
909 2354 1087 2394 meas:
1114 2347 1167 2395 el
1214 2348 1451 2398 assumis
1490 2346 1546 2399 in
1597 2345 1760 2399 labiis
1806 2345 1919 2399 tuis

273 2420 666 2479 Testamentum
718 2431 943 2481 meum?
988 2429 1062 2484 Tu
1113 2434 1298 2486 autem
1343 2432 1507 2488 odisti
1541 2431 1915 2504 disciplinam,

269 2512 321 2565 et
348 2511 626 2581 projecisti
673 2515 840 2571 verba
889 2532 1014 2573 mea
1037 2524 1159 2590 post
1204 2523 1255 2575 te
1282 2522 1433 2576 Psal.
1469 2538 1617 2588 xux,
1671 2523 1757 2588 16,
1805 2524 1915 2591 17),

270 2601 329 2653 et
356 2602 563 2655 caetera
611 2617 740 2673 qua:
788 2608 1136 2676 sequuntur.
1167 2610 1395 2664 Grande
1452 2609 1777 2681 periculum
1830 2616 1920 2668 est

269 2686 335 2741 in
361 2686 618 2746 Ecclesia
636 2689 818 2764 loqui,
843 2709 915 2750 ne
945 2695 1091 2751 forte
1117 2696 1597 2770 interpretatione
1622 2716 1914 2773 perversa,

271 2774 341 2831 de
372 2777 682 2851 Evangelio
719 2781 953 2851 Christi,
1013 2784 1271 2843 hominis
1318 2788 1468 2844 887
1520 2788 1622 2844 ﬁat
1661 2790 1917 2862 Evange-

268 2863 438 2935 lium,
480 2873 583 2924 aut
629 2872 781 2942 quod
824 2873 992 2944 pejus
1036 2878 1144 2941 est,
1175 2876 1411 2932 diaboli.
1454 2878 1611 2933 Inter
1657 2878 1920 2950 accipere

270 2959 486 3024 autem,
538 2962 595 3013 et
623 2958 867 3027 discere,
913 2961 1021 3018 hoc
1051 2963 1314 3033 interest,
1347 2966 1503 3037 quod
1555 2966 1651 3022 ille
1709 2966 1919 3040 accipit

268 3043 645 3117 Evangelium
678 3049 770 3104 cui
818 3050 1075 3123 primum
1122 3053 1476 3123 insinuatur,
1530 3060 1588 3111 et
1636 3056 1708 3111 ad
1739 3056 1914 3112 fidem

267 3132 397 3201 ejus
428 3135 761 3204 adducitur,
814 3144 876 3194 ut
916 3142 1114 3197 credat
1141 3148 1335 3199 vestra
1363 3159 1492 3201 esse
1538 3161 1666 3215 quas
1688 3145 1916 3218 scripta

2029 738 2372 794 abscondita
2397 740 2652 807 fuerant,
2693 737 3111 810 prodebantur,
3146 738 3324 805 et,rut
3350 734 3481 807 ipso
3511 736 3688 792 verbo

2029 832 2184 893 utar,
2216 829 2622 884 revelabantur.
2660 826 2721 882 Si
2751 827 2950 898 itaque
2980 825 3040 880 hi
3075 825 3171 895 qui
3207 824 3465 880 disertos
3493 823 3692 881 saculi

2026 913 2217 989 legere
2248 921 2697 983 consueverunt,
2733 914 3015 987 coeperint
3046 913 3215 969 nobis
3246 914 3317 969 de
3349 913 3604 970 novitate
3632 918 3695 971 et

2026 1006 2247 1064 vilitate
2277 1006 2567 1063 sermonis
2606 1004 2874 1071 illudere,
2929 1003 3238 1059 mittamus
3280 1018 3381 1058 eos
3414 1002 3486 1057 ad
3532 1002 3690 1059 Cice-

2028 1096 2188 1152 ronis
2216 1095 2417 1168 libros,
2452 1096 2553 1167 qui
2574 1097 2646 1151 de
2677 1093 3105 1166 questionibus
3126 1091 3513 1164 philosophiae
3546 1108 3689 1163 prae-

2030 1189 2336 1242 notantur:
2366 1189 2423 1241 et
2448 1185 2706 1251 videant,
2755 1186 2976 1254 quanta
3020 1182 3101 1237 ibi
3150 1180 3500 1238 necessitate
3530 1197 3692 1238 com-

2030 1275 2239 1347 pulsus
2270 1275 2368 1343 sit,
2420 1278 2587 1329 tanta
2614 1273 2924 1329 verborum
2957 1278 3226 1344 portenta
3250 1270 3530 1343 proferre,
3564 1287 3690 1343 quae

2030 1380 2337 1436 nunquam
2389 1363 2581 1419 Latini
2640 1362 2900 1418 hominis
2953 1361 3113 1417 auris
3161 1359 3423 1416 audivit:
3466 1364 3522 1415 et
3576 1360 3687 1416 hoc

2030 1468 2165 1509 cum
2194 1455 2266 1509 de
2294 1453 2512 1519 Greco,
2556 1468 2682 1524 quis
2715 1450 2919 1523 lingua
2948 1449 3141 1507 vicina
3188 1453 3297 1519 est,
3347 1450 3692 1506 transferret

2028 1541 2088 1597 in
2143 1546 2425 1598 nostram.
2477 1540 2585 1605 Qui
2636 1540 2945 1612 patiuntur
3001 1537 3108 1610 illi,
3158 1537 3259 1610 qui
3308 1536 3379 1593 de
3436 1536 3690 1595 Hebreis

2030 1630 2475 1687 difﬁcultatibus
2538 1628 2925 1702 proprietates
2975 1627 3301 1699 exprimere
3356 1626 3692 1683 conantur?

2029 1724 2088 1775 et
2114 1724 2312 1776 tamen
2358 1719 2543 1775 multo
2574 1718 2853 1791 pauciora
2892 1722 3033 1774 sunt
3077 1717 3138 1773 in
3169 1715 3350 1773 tantis
3380 1714 3693 1772 volumini-

2030 1809 2141 1866 bus
2170 1809 2606 1881 Scripturarum
2638 1825 2767 1880 quas
2800 1806 3118 1863 novitatem
3148 1809 3380 1873 sonent,
3413 1820 3591 1877 quam
3622 1821 3690 1861 ea

2027 1915 2159 1971 quae.
2188 1898 2286 1954 ille
2316 1899 2376 1953 in
2409 1912 2586 1971 parvo
2615 1912 2788 1968 opere
2850 1894 3165 1968 congessit.
3218 1898 3419 1950 Potest
3468 1898 3686 1961 autem,

2027 1987 2180 2044 388
2229 1987 2383 2043 sicut
2412 1987 2471 2042 in
2520 1983 2808 2058 principio
2859 1983 3136 2051 diximus,
3199 1998 3333 2038 cum
3375 1997 3687 2055 exponere-

2026 2092 2199 2133 mus:
2250 2077 2460 2132 Paulus
2506 2074 2783 2147 apostolus
2829 2088 2942 2129 non
2988 2073 3062 2128 ab
3117 2071 3453 2139 hominibus,
3514 2086 3688 2142 neque

2020 2182 2122 2240 per
2168 2165 2486 2221 hominem:
2516 2163 2600 2220 ita
2638 2167 2695 2220 et
2742 2162 2802 2217 in
2843 2160 3116 2233 przessnti
3157 2160 3284 2216 loco
3330 2159 3565 2231 oblique
3620 2159 3679 2214 in

2028 2257 2265 2313 Petrum
2328 2254 2534 2326 accipi,
2586 2255 2642 2308 et
2684 2251 2744 2307 in
2794 2254 3036 2308 cmteros
3077 2264 3463 2323 praecessores
3510 2251 3678 2320 ejus:

2027 2344 2183 2417 quod
2233 2342 2453 2398 nullius
2501 2357 2619 2412 quo
2669 2341 2820 2413 Lege
2862 2344 2921 2395 et
2976 2338 3324 2395 auctoritate
3356 2342 3682 2407 moveatur,

2027 2433 2130 2506 qui
2170 2431 2468 2487 Christum
2520 2428 2713 2486 solum
2762 2427 3059 2501 Evangelii
3110 2426 3326 2483 habeat
3371 2430 3685 2499 praecepto-

2027 2538 2151 2578 rem
2172 2522 2215 2576 ‘.
2247 2525 2447 2590 Porro,
2499 2516 2913 2574 revelationsm
2973 2515 3137 2571 illam
3190 2515 3503 2588 signiﬁcat,
3550 2530 3685 2570 cum

2026 2611 2379 2668 Damascum
2410 2608 2649 2676 vadens,
2683 2606 2743 2662 in
2774 2606 2981 2663 itinere
2999 2604 3219 2661 Christi
3240 2620 3439 2661 vocem
3470 2604 3689 2660 meruit

2026 2700 2248 2767 audire,
2308 2703 2367 2753 et
2418 2696 2648 2752 necatis
2705 2694 2915 2763 oculis,
2960 2708 3162 2751 verum
3222 2693 3430 2750 mundi
3481 2693 3680 2749 lumen

2025 2786 2278 2844 intuitus
2308 2793 2418 2842 est.

2096 2876 2279 2947 (Vere.
2322 2875 2408 2944 13,
2452 2875 2561 2945 14.)
2602 2896 2632 2923 ‹‹
2684 2872 2941 2929 Audistis
2979 2872 3140 2928 enim
3181 2869 3683 2927 conversationem

2026 2980 2219 3021 meam
2251 2962 2566 3035 aliquando
2597 2962 2657 3018 in
2687 2962 2995 3018 Judaismo
3016 2979 3030 3018 :
3054 2960 3335 3034 quoniam
3357 2976 3539 3032 supra
3567 2976 3689 3015 mo-

2025 3054 2165 3110 dum
2198 3052 2591 3125 persequebar
2620 3050 2940 3108 Ecclesiam
2987 3051 3127 3106 Dei:
3172 3053 3230 3106 et
3275 3048 3683 3122 expugnabam

2024 3142 2226 3199 illam:
2268 3146 2325 3198 et
2354 3141 2731 3214 proﬁciebam
2781 3140 2843 3195 in
2891 3139 3200 3197 Judaismo
3248 3155 3431 3211 supra
3462 3137 3683 3194 multos

267 3224 427 3275 sunt.
462 3222 642 3279 Discit
672 3230 867 3283 autem
917 3229 988 3300 is,
1024 3232 1125 3301 qui
1171 3248 1239 3288 ea
1268 3249 1396 3304 quae
1427 3235 1486 3289 in
1514 3233 1613 3290 illo
1652 3251 1756 3307 per
1783 3216 1913 3291 aeni-
1944 3216 1987 3282 C
2025 3232 2388 3289 coaetaneos‘
2445 3232 2505 3286 in
2554 3246 2765 3303 genere
2814 3245 2943 3285 meo
2995 3228 3400 3286 abundantius
3448 3227 3687 3284 aemula-

266 3312 467 3380 gmata
489 3316 546 3367 et
576 3314 883 3385 parabolas
914 3318 1165 3391 ﬁgurata
1195 3326 1352 3388 sunt,
1382 3322 1688 3394 explanata
1716 3328 1774 3380 et
1798 3324 1917 3379 dis-

270 3403 426 3455 serta
468 3405 805 3472 cognoscit:
856 3411 915 3461 et
960 3409 1319 3480 cognoscit’,
1371 3427 1485 3466 non
1543 3411 1779 3467 homine
1827 3429 1917 3469 re-

268 3488 514 3557 velante,
547 3493 649 3547 sed
698 3493 949 3564 Christo,
994 3495 1093 3568 qui
1142 3498 1413 3555 revelavit
1458 3499 1655 3567 Paulo,
1687 3506 1787 3557 aut
1816 3518 1919 3573 per

274 3575 523 3634 Paulum
544 3580 587 3651 3,
618 3580 677 3636 in
711 3598 828 3653 quo
874 3583 1135 3656 loquitur
1161 3588 1451 3645 Christus.
1477 3588 1731 3645 Verbum
1780 3606 1921 3661 quo-

270 3680 382 3737 que
413 3666 611 3739 ipsum
646 3666 1065 3745 ἀποκαλύψεως,
1120 3676 1178 3731 id
1208 3681 1316 3749 est,
1364 3678 1732 3746 reuelationis,
1784 3696 1916 3752 pro-

264 3754 390 3826 pris
418 3756 857 3830 Scripturarum
901 3766 1009 3830 est,
1062 3768 1121 3819 et
1156 3783 1192 3820 a
1234 3765 1395 3822 nullo
1444 3767 1775 3840 sapientum
1807 3785 1917 3824 sae-

266 3843 381 3899 culi
416 3847 567 3918 apud
602 3847 831 3906 Graecos
864 3857 1236 3925 usurpatum.
1270 3854 1435 3911 Unde
1475 3856 1619 3912 mihi
1649 3857 1920 3913 videntur

267 3937 766 4005 quemadmodum
799 3939 859 3996 in
891 3940 1021 3997 aliis
1051 3943 1262 4012 verbis,
1296 3961 1423 4017 quas
1467 3946 1538 4001 de
1588 3946 1824 4003 Hebraeo
1857 3946 1918 4001 in

269 4022 537 4080 Graecum
572 4026 960 4102 Septuaginta
988 4031 1335 4105 interpretes
1366 4034 1813 4105 transtulerunt,
1838 4037 1921 4091 ita

277 4116 336 4167 et
364 4112 425 4167 in
455 4112 565 4171 hoc
595 4132 948 4191 magnopere
970 4136 1098 4177 esse
1127 4128 1386 4191 conatos,
1420 4128 1486 4178 ut
1506 4124 1917 4196 proprietatem

276 4203 567 4275 peregrini
599 4208 891 4265 sermonis
920 4211 1328 4283 exprimerent,
1362 4229 1509 4268 nova
1550 4213 1711 4269 novis
1744 4213 1920 4269 rebus

277 4291 453 4346 verba
481 4293 805 4367 fingentes:
832 4302 888 4354 et
918 4315 1285 4372 sonare,cum
1318 4302 1460 4374 quid
1491 4306 1710 4358 tectum
1741 4307 1798 4358 et
1824 4319 1922 4358 ve-

279 4378 486 4449 latum,
548 4384 740 4441 ablato
788 4388 1041 4461 desuper
1069 4391 1449 4463 operimento,
1490 4392 1820 4449 ostenditur
1866 4398 1923 4448 et
1962 4420 1965 4421 ν

278 4470 572 4541 profertur
599 4473 659 4529 in
690 4474 900 4533 lucem.
934 4478 1053 4535 Hoc
1102 4485 1165 4535 ut
1211 4483 1579 4538 manifestius
1612 4483 1733 4549 ﬁat,
1766 4482 1923 4538 acci-

2025 3325 2119 3378 tor
2146 3320 2401 3376 existens
2448 3323 2828 3391 paternarum
2888 3333 3153 3375 mearum
3202 3316 3609 3373 traditionum.
3657 3338 3680 3367 ι

2024 3409 2353 3465 Plurimum
2386 3410 2626 3480 prodest
2672 3407 2893 3465 Galatia
2933 3408 3049 3465 ista
3078 3409 3356 3477 narratio,
3390 3406 3687 3479 quomodo

2026 3498 2263 3567 Paulus,
2317 3501 2577 3553 vastator
2634 3498 2893 3569 quodam
2958 3496 3225 3554 Ecclesia:
3282 3501 3340 3552 et
3393 3494 3683 3551 Judaismi

2026 3586 2345 3643 acerrimus
2413 3586 2770 3651 defensator,
2827 3587 2899 3642 ad
2944 3584 3159 3641 Christi
3192 3585 3392 3640 ﬁdem
3449 3588 3688 3655 repente

2028 3691 2341 3733 conversus
2381 3673 2479 3730 sit.
2523 3674 2590 3729 Et
2630 3674 2740 3730 hoc
2787 3691 2855 3731 eo
2917 3678 3180 3746 tempore
3209 3690 3339 3746 quo'
3371 3673 3686 3729 cruciﬁxus

2026 3765 2285 3839 primum
2342 3763 2804 3820 annuntiabatur
2858 3763 2919 3819 in
2980 3764 3238 3831 mundo;
3299 3779 3414 3834 quo
3466 3777 3684 3818 novum

2027 3855 2241 3926 dogma
2263 3856 2321 3908 et
2344 3871 2378 3908 a
2410 3851 2685 3925 gentibus
2710 3856 2768 3907 et
2797 3868 2831 3907 a
2856 3852 3081 3908 Judasis
3111 3850 3325 3908 tortius
3354 3851 3513 3907 orbis
3543 3851 3686 3906 ﬁni-

2026 3944 2140 4000 bus
2166 3941 2512 4015 pellebatur.
2546 3940 2745 3996 Dicere
2776 3940 2935 3997 enim
2965 3944 3271 4013 poterant:
3305 3942 3362 3995 Si
3393 3938 3492 3996 ille
3521 3938 3625 4012 qui
3652 3955 3687 3994 a

2029 4049 2205 4106 parva
2225 4035 2392 4088 aetate
2418 4030 2850 4086 Pharisaaorum
2884 4030 3192 4086 institutus
3216 4033 3308 4087 est
3334 4028 3682 4101 disciplinis,

2030 4122 2131 4194 qui
2176 4138 2381 4177 omnes
2411 4124 2737 4176 comtaneos
2785 4136 2925 4176 suos
2977 4119 3037 4175 in
3092 4120 3344 4176 Judaica
3371 4118 3686 4174 traditione

2031 4210 2365 4283 superabat,
2401 4226 2559 4265 nunc
2608 4209 2869 4265 defendit
2918 4208 3257 4280 Ecclesiam;
3292 4224 3469 4280 quam
3499 4224 3686 4279 quon-

2030 4301 2166 4356 dam
2194 4298 2559 4354 validissime
2594 4298 3099 4371 persequebatur;
3147 4303 3205 4354 et
3251 4297 3442 4371 magis
3474 4295 3689 4353 Christi

2030 4390 2280 4463 gratiam
2313 4392 2370 4443 et
2400 4388 2715 4444 novitatem
2746 4387 2871 4443 vult
2900 4388 3117 4445 habere
3145 4404 3281 4444 cum
3312 4386 3531 4443 invidia
3569 4401 3693 4441 om-

2032 4480 2219 4545 nium,
2236 4494 2413 4549 quam
2432 4480 2782 4532 vetustatem
2808 4476 2954 4549 legis
2975 4494 3107 4534 cum
3130 4477 3306 4533 laude
3334 4474 3687 4534 multorum:

277 4558 395 4658 pits
420 4563 771 4658 exempl-um.
808 4566 1034 4640 Moyses
1065 4585 1199 4625 cum
1223 4570 1339 4627 Deo
1364 4571 1615 4628 revelata
1640 4575 1699 4628 et
1723 4577 1926 4645 aperta
1956 4574 2013 4658 Π
2033 4569 2176 4641 quid
2234 4583 2342 4622 nos
2371 4567 2587 4658 placere
2617 4571 2865 4658 oportet,
2895 4567 3014 4658 qui
3063 4584 3133 4623 ex
3179 4565 3509 4658 gentilitate
3560 4580 3692 4658 esse

278 4647 424 4705 facie
462 4650 813 4725 loquebatur
840 4657 1035 4729 (Exod.
1069 4675 1267 4727 χχχιιι,
1323 4661 1431 4729 11),
1464 4661 1521 4715 id
1553 4665 1660 4729 est,
1706 4662 1929 4733 absque
1956 4647 1998 4658 ”
2041 4658 2328 4731 coepimus
2356 4654 2711 4713 Christiani?
2756 4654 3001 4712 Pulchre
3046 4674 3181 4714 vero
3218 4655 3524 4728 adjunxit:
3581 4656 3691 4710 Su-

277 4739 591 4799 velamine:
616 4745 689 4799 ad
720 4746 1003 4817 populum
1036 4752 1231 4803 autem
1263 4748 1531 4820 loquens,
1551 4750 1690 4820 quia
1719 4750 1777 4804 in
1806 4751 1931 4805 vul-

278 4832 405 4885 tum
437 4834 565 4902 ejus
596 4835 899 4891 attendere
922 4851 1037 4890 non
1067 4835 1355 4905 valebant,
1387 4839 1649 4894 velamen
1684 4840 1934 4910 ponebat

324 4957 828 5038 fiteponendum
898 4960 1156 5038 fortasse
1204 4961 1300 5031 sit,
1333 4961 1585 5019 discitur.
1618 4966 1745 5019 Mox
1776 4980 1929 5023 unus

275 5027 671 5108 gistercjens.,
863 5034 1253 5108 prophetalur,
1286 5027 1434 5108 ipro_
1466 5050 1573 5090 non
1620 5039 1926 5108 profertur.

270 5100 370 5245 1E;
375 5100 735 5239 pta'plecitcpost,
762 5100 1007 5175 alioquin
1039 5108 1089 5161 et
1118 5100 1369 5163 diabolus
1418 5100 1662 5179 loquitur
1690 5100 1754 5164 de
1785 5111 1929 5166 Scri-

273 5245 688 5371 rfi'L'IAlterum,
720 5249 771 5301 et
806 5250 1095 5319 cognoscit,
1128 5249 1244 5305 duo
1276 5266 1305 5305 e
1337 5250 1555 5306 nostris
1587 5267 1731 5308 mss.
1764 5253 1929 5326 igno-

341 5388 600 5457 3Verba,
651 5393 748 5445 aut
805 5406 904 5462 per
949 5392 1208 5446 Paulum.
1266 5392 1503 5449 Cisterc.
1555 5409 1667 5449 ms.
1709 5394 1926 5462 nescit.

270 5461 560 5547 Caeterum
612 5462 767 5547 quod
806 5460 895 5517 ait
934 5467 991 5517 8.
1040 5466 1212 5547 Pater
1256 5465 1479 5547 verbum
1529 5460 1927 5547 ἀτςοκᾳλύψιως

264 5534 495 5620 proprie
521 5533 945 5620 Scripturarum
973 5548 1107 5620 esse,
1140 5543 1190 5590 et
1222 5551 1258 5589 a
1285 5536 1448 5620 nullo
1474 5533 1927 5620 sapientum'sae-

271 5604 385 5659 tuli
410 5604 562 5680 apud
606 5604 816 5662 Graecos
845 5614 1192 5680 usurpatum,
1234 5608 1488 5680 perbelle
1518 5604 1592 5665 iis
1622 5613 1925 5680 consonat,

270 5691 399 5750 quae
431 5676 599 5734 nobis
630 5682 831 5736 notata
860 5682 1003 5738 sunt
1030 5678 1103 5736 ad
1155 5676 1413 5752 Catalogi
1443 5696 1568 5755 cap.
1614 5682 1672 5753 9,
1706 5681 1807 5738 ubi
1856 5676 1928 5738 de

2038 4765 2145 4819 pra
2180 4747 2335 4804 modo
2381 4745 2741 4819 persequebar
2790 4746 3089 4803 Ecclesiam
3143 4748 3261 4816 Dei,
3318 4750 3386 4801 ut
3439 4750 3497 4801 et
3550 4744 3693 4800 hinc

2037 4854 2278 4912 quoque
2295 4836 2604 4893 admiratio
2636 4841 2996 4905 nasceretur,
3028 4837 3187 4909 quod
3218 4852 3333 4893 non
3364 4832 3691 4907 unusquis-

2039 4965 2264 5023 Joanne
2292 4962 2471 5019 tradit
2499 4961 2880 5034 Hieronymus
2910 4977 3043 5021 eum
3067 4962 3126 5018 in
3157 4961 3418 5018 Palhmos
3448 4959 3692 5016 insulam

2042 5039 2347 5108 relegatum
2391 5035 2678 5103 scripsisse
2738 5034 2937 5106 Apocal
2977 5036 3121 5106 psin,
3180 5050 3350 5106 quam
3380 5034 3694 5101 interpre-

2042 5111 2189 5162 tatur
2232 5107 2488 5162 Justinus
2539 5106 2772 5162 Martur.
2830 5114 2884 5162 et
2937 5051 3195 5162 i/renaeus.
3250 5104 3500 5162 Scilicet.
3560 5119 3692 5160 eam

2039 5104 2189 5166 tatur
2232 5107 2488 5179 Justinus
2531 5104 2884 5179 ,Martyr.‘_et
2937 5104 3202 5179 Irenaeusi
3250 5104 3500 5179 Scilicet,
3560 5119 3692 5179 eam

2036 5179 2281 5237 Joannis
2310 5174 2742 5251 revelationem,
2773 5176 2893 5251 sive
2938 5177 3315 5251 scriptionem
3356 5176 3439 5233 ita
3467 5174 3695 5251 lgudati

2038 5253 2239 5336 Patres
2261 5251 2359 5334 .de
2388 5250 2625 5336 nomine
2670 5250 3041 5323 Apocalypsin
3058 5246 3458 5324 appellarunt.
3482 5246 3693 5306 Recole

2038 5341 2167 5398 quae
2195 5325 2277 5379 ibi
2306 5328 2681 5378 annotamus.

2106 5394 2562 5476 fljpusPalaL,
2596 5394 2801 5450 habeat
2836 5407 3243 5476 praeessorem.
3341 5462 3355 5476 .
3410 5464 3424 5476 ι

2108 5468 2129 5503 ⁸
2176 5465 2494 5538 Voculam,
2524 5481 2690 5533 meos,
2751 5460 2929 5537 quam
2978 5465 3076 5522 hic
3118 5469 3293 5538 atque
3339 5462 3497 5538 intra
3554 5460 3695 5519 editi

2038 5539 2174 5595 libri
2204 5537 2647 5604 interserebant,
2668 5536 2824 5592 mss.
2858 5536 3575 5594 nostrorum—auctoritate
3604 5550 3697 5591 ex-

2036 5612 2377 5685 punximus,
2410 5610 2566 5683 quod
2592 5612 2650 5665 et
2688 5624 2723 5664 a
2760 5608 2958 5666 Gmco
2988 5608 3306 5683 exemplari
3334 5607 3513 5665 absit.
