4058 6190
370 376 494 443 δω

1078 373 1593 437 COMMENTAR.
1637 374 1720 436 IN
1763 373 2012 438 EPIST.
2057 373 2491 438 AD'GALAT.
2532 375 2684 438 LIB.
2728 373 2780 450 Ι,
2821 376 2997 439 CAP.
3041 375 3093 438 I.

3669 363 3793 440 asc

374 527 489 586 que
509 507 698 570 dehis
721 511 740 548 ι
779 508 881 582 qui
912 507 1114 566 leviter
1149 509 1650 582 persequebantur
1671 509 1988 567 Ecclesium
2014 525 2026 565 :
2058 511 2115 578 Α
2144 508 2358 581 (larem.
2391 525 2431 577 ι,
2463 511 2540 583 5).
2571 513 2640 566 Et
2669 526 2736 566 ex
2757 509 2930 582 justi,
2981 509 3119 578 sive,
3171 513 3239 567 ut
3281 511 3521 584 quidam
3552 515 3786 585 putant,

374 603 478 660 sed
511 599 614 658 ille
641 598 742 672 qui
775 602 1016 656 caeteros
1043 596 1101 653 in
1144 599 1547 671 persecutione
1575 599 1861 670 vincebat,
1894 616 2031 655 con-

374 708 582 750 versus
610 689 684 745 ad
713 689 892 745 fidem
923 688 1022 744 sit.
1053 689 1124 744 Et
1170 688 1489 761 prudenter
1529 690 1670 745 dum
1701 688 1858 744 aliud
1894 706 2033 745 nar-

376 784 486 848 rat,
518 777 822 835 interserit
851 794 969 835 non
999 781 1124 833 tam
1156 778 1254 833 Dei
1286 794 1349 834 se
1380 778 1629 834 servisse
1661 778 1817 850 Legi,
1853 794 2031 850 quam

371 869 655 944 paternis,
689 869 748 924 id
791 872 900 934 est,
961 867 1390 924 Pharisaeorum
1447 869 1898 924 traditionibus:
1932 868 2032 940 qui

370 961 584 1018 docent
615 958 912 1015 doctrinas
939 965 996 1014 et
1035 958 1313 1014 mandata
1355 958 1662 1014 hominum
1694 958 1905 1028 (Matth.
1937 975 2028 1028 xv,

368 1052 442 1119 7;
476 1049 776 1113 Marem,
835 1048 913 1118 9),
976 1051 1034 1104 et
1087 1047 1360 1117 rejiciunt
1416 1046 1604 1119 legem
1663 1047 1784 1114 Dei,
1826 1051 1891 1102 ut
1919 1052 2033 1103 sta-

375 1142 554 1198 tuant
582 1136 732 1195 889
760 1135 1107 1192 traditiones
1147 1152 1307 1193 suas.
1342 1135 1527 1200 Quam
1558 1135 1806 1207 pulchra
1835 1139 2032 1192 autem

377 1226 707 1286 observatio
765 1225 1118 1298 pondusque
1170 1225 1514 1282 verborum:
1549 1225 1787 1296 Auditis,
1815 1225 2028 1297 inquit,

375 1316 845 1375 conversationem
874 1330 1056 1370 meam
1092 1313 1396 1386 aliquando
1442 1315 1504 1368 in
1548 1314 1856 1380 Judaismo,
1890 1330 2032 1370 con-

371 1405 789 1470 versationem,
821 1419 940 1460 non
972 1403 1224 1476 gratiam
1252 1420 1264 1458 :
1316 1402 1636 1476 aliquando,
1668 1420 1782 1459 non
1816 1404 1989 1460 modo
2015 1420 2029 1460 :

377 1496 438 1551 in
464 1493 773 1560 Judoismo,
832 1509 948 1548 non
979 1493 1037 1548 in
1078 1491 1206 1565 lege
1252 1491 1373 1548 Dei.
1426 1494 1698 1562 Quoniam
1722 1508 1892 1565 supra
1917 1509 2032 1550 mo-

378 1583 511 1640 dum
535 1582 908 1655 persequebar
950 1583 1255 1639 Ecclesium
1293 1582 1432 1644 Dei;
1489 1590 1542 1639 et
1595 1582 1936 1639 devastabam
1969 1583 2035 1639 il-

380 1673 520 1730 lam.
560 1672 688 1728 Non
721 1672 1186 1744 persequebatur
1214 1674 1281 1727 ut
1309 1671 1522 1742 caeteri,
1572 1673 1672 1728 sed
1700 1689 1880 1745 supra
1909 1689 2032 1729 mo-

379 1763 541 1820 dum.
573 1761 692 1820 Nec
745 1760 1078 1818 sufﬁciebat
1133 1759 1402 1832 quamvis
1464 1759 1780 1818 vehemens
1837 1777 2032 1834 perse-

2142 616 2211 655 ex
2240 599 2558 656 Salvatoris
2591 617 2840 672 persona
2883 599 3137 656 dicitur:
3167 602 3231 657 In
3271 608 3322 657 te
3366 602 3640 674 projectus
3665 619 3790 658 sum

2141 705 2214 745 ex
2240 689 2438 756 vulva,
2470 707 2540 746 ea;
2564 695 2718 747 utero
2751 692 2946 746 matris
2995 705 3159 758 mea},
3206 691 3362 747 800
3391 691 3530 747 Deus
3558 708 3710 748 meus
3737 708 3793 748 es

2140 782 2203 834 tu
2234 779 2405 849 (Psal.
2456 796 2573 843 xxx,
2626 780 2734 851 11).
2785 779 2995 836 Contra
3041 781 3112 835 de
3154 779 3562 852 peccatoribus
3613 781 3793 837 David

2142 867 2335 922 canit:
2368 870 2501 923 Ecce
2527 870 2676 924 enim
2706 871 2766 924 in
2806 869 3201 942 iniquitatibus
3246 873 3538 941 conceptus
3568 886 3713 937 sum,
3744 875 3796 926 et

2142 957 2202 1012 in
2229 956 2445 1012 delictis
2471 959 2721 1029 concepit
2749 975 2838 1013 me
2867 961 3046 1014 mater
3071 974 3194 1015 mea
3233 959 3405 1030 (Psal.
3441 976 3492 1030 L,
3523 959 3600 1031 7).
3635 959 3701 1014 Et
3729 959 3788 1014 in

2143 1045 2254 1100 alio
2280 1045 2441 1103 loco:
2475 1047 2788 1103 Abalienati
2824 1053 2955 1103 sunt
2992 1053 3300 1120 peceatores
3342 1066 3378 1104 a
3419 1049 3582 1104 vulva
3610 1049 3788 1120 (Psal.

2142 1151 2277 1201 LVII,
2306 1135 2383 1206 4),
2418 1135 2485 1191 Et
2513 1135 2572 1190 iu
2604 1141 2916 1208 utramque
2943 1140 3170 1208 partem
3213 1141 3532 1209 antequam
3562 1137 3786 1206 parvuli

2143 1229 2559 1280 nascerentur:
2607 1226 2744 1282 Deus
2785 1226 2946 1282 Jacob
2994 1225 3213 1294 dilexit,
3261 1228 3406 1283 Esau
3452 1235 3637 1283 autem
3666 1227 3788 1284 odio

2141 1313 2336 1369 habuit
2364 1313 2612 1385 (Malach.
2648 1332 2688 1386 ι,
2723 1316 2774 1384 1,
2805 1316 2882 1386 2).
2918 1315 3228 1372 Inveniunt
3270 1315 3464 1372 locum
3510 1316 3787 1386 heretici,

2143 1402 2242 1474 qui
2273 1403 2533 1459 diversas
2563 1408 2805 1460 naturas
2837 1421 2966 1462 esse
2994 1405 3382 1477 praetendunt,
3423 1404 3788 1476 spiritualem

2140 1492 2409 1549 videlicet
2437 1497 2493 1548 et
2521 1491 2857 1560 animalem,
2890 1500 2946 1550 et
2975 1489 3197 1569 χοῗκήν,
3248 1497 3306 1550 et
3350 1493 3525 1551 aliam
3557 1493 3792 1562 salvari,

2142 1580 2320 1638 aliam
2367 1582 2580 1654 perire,
2637 1582 2813 1639 aliam
2871 1583 3023 1640 inter
3081 1587 3391 1656 utramque
3450 1583 3794 1653 consistere,

2143 1671 2295 1742 quod
2336 1688 2642 1744 nunquam
2673 1677 2774 1728 aut
2807 1674 3004 1743 justus
3048 1672 3360 1745 eligeretur
3386 1675 3428 1741 ³,
3474 1677 3790 1746 antequam

2143 1758 2364 1832 aliquid
2415 1760 2552 1816 boni
2602 1761 2837 1828 faceret,
2895 1765 2997 1818 aut
3043 1765 3312 1835 peccator
3362 1761 3622 1819 odiretur
3657 1765 3795 1820 ante

380 1851 571 1948 cutiq:
607 1850 709 1906 sed
731 1849 912 1948 quasi
956 1848 1214 1948 quidam
1273 1854 1578 1948 grassator
1631 1849 1946 1948 Ecclesium
1977 1855 2034 1908 et
2064 1882 2112 1948 Β
2143 1848 2443 1948 delictum,
2491 1849 2604 1906 nisi
2649 1855 2803 1948 esset
2851 1851 3242 1948 pereuntium
3272 1855 3330 1908 et
3354 1851 3792 1948 “sali/sudorum

378 1939 576 2013 prada
620 1939 912 1996 vastabat.
956 1937 1074 1994 Nec
1129 1937 1233 2010 ait,
1264 1940 1506 1996 Ecclesia
1540 1939 1766 2006 Christi,
1798 1945 1865 1996 ut
1894 1945 2034 1996 tunc
2064 1937 2111 1948 ”
2145 1942 2357 1994 natura
2377 1938 2628 1996 diversa.
2661 1942 2748 1994 Ad
2781 1941 2936 2012 quod
2968 1943 3162 2012 potest
3195 1939 3544 2013 simpliciter
3562 1957 3800 2013 respon-

379 2029 626 2102 putabat
673 2027 788 2100 (At.
840 2027 1221 2100 putabatur):
1272 2044 1447 2101 quem
1495 2029 1747 2086 ducebat
1776 2034 2034 2087 contem-

382 2117 532 2191 ptui,
567 2133 744 2190 quem
773 2116 1270 2189 persequebatur;
1305 2117 1406 2173 sed
1434 2122 1498 2173 ut
1527 2135 1683 2175 nunc
1708 2119 1911 2185 credit,
1941 2122 2038 2177 Ec-

380 2207 605 2264 clesium
632 2206 772 2262 Dei:
794 2205 884 2261 vel
917 2204 1114 2277 ipsum
1145 2204 1444 2262 Christum
1477 2207 1658 2264 Deum
1693 2225 1820 2265 esse
1851 2208 2034 2281 signi-

381 2295 588 2362 ﬁcans,
618 2293 710 2350 vel
741 2295 1009 2366 ejusdem
1042 2294 1146 2350 Dei
1177 2310 1306 2352 esse
1336 2292 1674 2366 Ecclesium,
1717 2296 1817 2368 qui
1849 2315 2033 2370 quon-

380 2383 520 2440 dam
560 2382 726 2455 Legis
774 2383 944 2439 dator
990 2383 1121 2439 fuit.
1183 2385 1261 2439 Et
1310 2383 1693 2456 proﬁciebam,
1729 2385 1939 2458 inquit,
1975 2390 2048 2460 in.

375 2471 666 2529 Judaismo
715 2488 880 2545 supra
931 2474 1132 2529 multos
1159 2477 1456 2530 coaetaneos
1511 2475 1577 2530 in
1632 2490 1836 2544 genere
1876 2491 1991 2534 meo
2014 2495 2034 2533 :

374 2559 757 2626 abundantius
782 2561 1083 2618 aemulator
1109 2563 1346 2618 existens
1389 2570 1754 2634 paternarum
1781 2581 2036 2622 mearum

379 2650 761 2707 traditionum.
793 2649 1054 2707 Rursum
1086 2650 1412 2722 profectum
1445 2669 1560 2708 non
1601 2651 1746 2725 legis
1778 2654 1898 2722 Dei,
1930 2655 2032 2710 sed

373 2739 667 2797 Judaismi
696 2743 885 2796 vocat.
919 2739 1033 2796 Nec
1064 2757 1246 2813 supra
1274 2757 1500 2810 omnes,
1555 2742 1655 2798 sed
1687 2759 1867 2816 supra
1898 2743 2033 2816 plu-

374 2828 578 2896 rimos,
614 2845 719 2884 nec
751 2845 933 2900 supra
979 2843 1172 2901 senes,
1220 2830 1322 2886 sed
1369 2847 1548 2902 supra
1594 2835 1938 2899 coaetaneos,
1969 2837 2037 2889 ut

373 2920 432 2974 et
461 2917 729 2974 studium
778 2934 955 2974 suum
1003 2918 1242 2974 referret
1292 2919 1351 2974 in
1409 2919 1554 2993 lege,
1607 2924 1664 2977 et
1684 2921 2033 2992 jactantiam

375 3004 714 3063 declinaret.
739 3007 1019 3062 Paternas
1042 3011 1238 3063 autem
1273 3007 1639 3076 traditiones,
1665 3027 1779 3065 non
1801 3010 2034 3066 Domini

379 3094 661 3150 mandata
679 3110 1183 3170 commemorans,
1219 3100 1276 3152 et
1304 3112 1367 3152 se
1399 3097 1754 3154 Pharisasum
1785 3115 1854 3155 ex
1885 3100 2032 3155 Pha-

375 3181 564 3240 risaeis
611 3182 914 3250 indicavit,
960 3189 1019 3241 et
1063 3184 1346 3242 habuisse
1395 3186 1633 3258 quidem
1682 3187 1870 3243 zelum
1906 3188 2030 3261 Dei,

355 3273 474 3337 "sed
507 3288 624 3328 non
659 3249 992 3329 secundum
1033 3274 1340 3331 scientiam
1388 3249 1563 3347 (liam.
1617 3292 1676 3343 x,
1725 3277 1802 3347 2).
1836 3249 2032 3350 Usque
2062 3249 2106 3316 Ο

375 3360 550 3418 hodie
578 3365 780 3418 autem
811 3361 913 3434 qui
942 3361 1190 3423 Judaico
1228 3379 1406 3420 sensu
1455 3364 1790 3436 Scripturas
1817 3365 2033 3422 intelli-

376 3455 542 3523 gunt,
577 3453 1016 3522 persequuntur
1045 3451 1362 3508 Ecclesiam
1395 3453 1630 3521 Christi,
1664 3459 1721 3510 et
1749 3455 2033 3528 populan-

374 3543 474 3595 tur
500 3538 691 3607 illam,
724 3556 841 3596 non
873 3539 1072 3596 studio
1101 3539 1247 3613 legis
1292 3540 1416 3613 Dei,
1469 3543 1569 3598 sed
1616 3543 2034 3600 traditionibus

372 3627 685 3686 hominum
717 3629 1046 3702 depravati.

445 3717 638 3788 (Vere.
674 3719 760 3789 15,
797 3719 910 3788 16.)
947 3738 970 3767 ι
1009 3721 1152 3776 Cum
1181 3722 1380 3775 autem
1429 3719 1653 3792 placuit
1699 3721 1750 3776 ei
1800 3721 1901 3794 qui
1940 3739 2034 3780 me

373 3807 705 3880 segregavit
737 3807 809 3864 de
865 3811 1030 3865 utero
1088 3808 1297 3864 matris
1347 3825 1508 3876 metu,
1567 3813 1626 3865 et
1679 3812 1904 3867 vocavit
1932 3829 2034 3883 per

372 3894 631 3966 gratiam
662 3911 852 3964 suam,
889 3899 959 3951 ut
987 3895 1271 3954 revelaret
1299 3897 1510 3953 Filium
1542 3914 1718 3954 suum
1742 3899 1801 3954 in
1827 3917 1938 3968 me,
1967 3905 2032 3956 ut

373 3981 766 4055 evangelizem
800 3983 983 4041 illum
1005 3985 1065 4041 in
1099 3986 1400 4059 gentibus.
1433 3985 1558 4043 Non
1605 3986 1797 4043 solum
1829 3988 1889 4044 in
1919 3989 2030 4046 hoc

371 4070 524 4141 loco,
557 4072 660 4129 sed
692 4074 764 4130 ad
789 4073 1088 4134 Romanos
1120 4075 1338 4132 Paulus
1367 4081 1736 4149 segregatum
1761 4076 1820 4131 in
1845 4078 2028 4134 Evan-

369 4161 591 4235 gelium
627 4162 724 4218 Dei
753 4179 883 4220 esse
913 4181 977 4220 se
1009 4164 1237 4221 scribit.
1281 4165 1349 4221 Et
1394 4165 1679 4222 Jeremias
1710 4172 2026 4240 antequam

367 4250 722 4309 {armaretur
751 4252 811 4309 in
839 4257 1024 4322 utero,
1059 4258 1116 4311 et
1165 4254 1571 4326 conciperetur
1613 4256 1671 4312 in
1702 4256 1873 4312 vulva
1903 4274 2027 4313 ma-

364 4337 476 4397 tris
527 4356 670 4412 suis,
720 4344 897 4399 notus
942 4341 1059 4399 Deo
1120 4343 1640 4416 sanctiﬁcatusque
1687 4345 2030 4417 perhibetur

398 4554 400 4558 τ
439 4484 462 4559 ξ
492 4481 626 4559 Duo
658 4499 822 4559 ms_s.,
852 4499 965 4542 non
993 4501 1136 4559 unus
1163 4487 1472 4559 cuicunque
1499 4488 1569 4543 de
1598 4485 1710 4550 his,
1742 4492 1854 4543 etc.

437 4552 462 4588 ³
491 4551 712 4611 Vitiosa
741 4551 1024 4613 hactenus
1072 4556 1347 4624 obtinuit,
1373 4551 1574 4630 'justus
1621 4559 2027 4626 intelligeretur

364 4633 854 4702 antequam,_etc.,
907 4645 1011 4700 pro
1061 4645 1178 4702 quo
1228 4645 1260 4702 e
1309 4631 1527 4702 nostris
1585 4647 1753 4701 mss,
1786 4631 2022 4688 Rabano

363 4696 576 4753 iterum
610 4696 993 4772 suffragante,
1027 4696 1415 4772 re'stituimus.
1459 4696 1784 4771 eligeretur.
1819 4704 2016 4768 Quan-

359 4783 541 4894 guam
589 4770 951 4828 concinniori
1013 4771 1207 4829 adhuc
1269 4789 1444 4829 sensu
1503 4770 1705 4828 malim
1751 4775 2014 4843 rescribi,

398 4840 727 4894 iliaeretur:
755 4841 867 4894 hoc
897 4858 1108 4894 nemne
1154 4845 1396 4894 verbum
1450 4849 1508 4894 et
1556 4846 1861 4894 commodo
1895 4863 2014 4894 ma-

398 4840 727 4916 iligeretur:
755 4841 867 4916 hoc
897 4858 1108 4916 nempe
1154 4845 1396 4916 verbum
1450 4849 1508 4900 et
1556 4846 1861 4901 commodo
1894 4840 2017 4902 ma?

358 4909 626 4987 gis'illi,
674 4913 852 4987 quod,
898 4909 1301 4987 subsequitur,
1375 4916 1627 4972 adiretur
1682 4917 2016 4987 respondet,

357 4987 419 5064 et
460 4983 710 5064 propius
787 4986 860 5064 ad
908 4983 1866 5064 mentem_videturLHieronymi,
1916 4983 2015 5058 qui

356 5052 678 5121 illud-toto
728 5060 1004 5116 contextu
1054 5057 1320 5121 replicat.
1370 5058 1624 5116 Multum
1671 5052 1880 5116 in'uno
1912 5052 2017 5116 15a-

355 5123 546 5207 latino
584 5129 876 5207 sententia
924 5129 1048 5207 haec
1097 5123 1360 5188 abludit:
1401 5131 1570 5207 Quod
1601 5148 1890 5207 nunquam
1917 5140 2021 5188 aut

343 5199 898 5286 eligeretur,
929 5206 1032 5286 aut
1070 5218 1312 5286 nequam
1356 5199 1572 5286 aliquid
1618 5199 1747 5260 boni
1786 5207 2013 5276 faceret,

354 5274 456 5422 (fu:
474 5269 1567 5422 ῗῖιὲἕιπῧὲἷὲἓᾳξϐιέἕὲῗέξιὲξ.
1588 5345 2014 5418 exceptionem,

351 5410 525 5488 docet
549 5413 958 5488 theologorum
990 5415 1210 5488 schola.

424 5483 448 5516 ‘
477 5485 630 5553 Haec,
663 5491 728 5543 ut
751 5483 1084 5571 'et_-inferior
1115 5493 1287 5571 _totus
1335 5490 1664 5571 contextus,
1709 5488 2016 5571 Origenem

351 5554 604 5633 ejusque
635 5559 893 5633 asseclas
923 5559 1229 5633 verissime
1257 5565 1465 5633 petunt
1492 5577 1504 5618 :
1550 5561 1700 5633 hanc
1727 5554 1887 5615 enim
1919 5561 2016 5633 ille

347 5625 792 5701 blasphemiam
815 5631 1066 5689 incurrit
1093 5649 1228 5690 cum
1257 5625 1434 5701 'alibi,
1485 5637 1612 5690 tum
1663 5632 1822 5688 hom.
1854 5633 1926 5688 20
1953 5632 2014 5688 in

347 5696 560 5768 Josue,
588 5701 691 5759 ubi
722 5701 945 5763 multas
973 5703 1130 5762 intra
1158 5719 1265 5761 nos
1302 5696 1468 5778 ponit
1496 5705 1727 5765 divinas
1746 5703 2013 5777 virtutes,
2055 5760 2057 5762 .

2053 4618 2100 4683 D

2145 2028 2291 2090 deri.
2322 2027 2432 2084 hoc
2461 2045 2530 2084 ex
2564 2029 2660 2085 Dei
2694 2029 3056 2101 prtescientia
3103 2029 3350 2097 evenire,
3383 2033 3449 2084 ut
3478 2044 3655 2100 quem
3686 2030 3800 2085 scit

2137 2114 2372 2186 justum
2424 2117 2712 2184 futurum,
2771 2116 2934 2188 prius
2981 2116 3189 2189 diligat
3244 2132 3423 2188 quam
3474 2115 3697 2173 oriatur
3726 2133 3796 2173 ex

2144 2209 2308 2261 utero
2333 2222 2349 2260 :
2409 2209 2466 2262 et
2495 2221 2667 2278 quem
2697 2210 3081 2278 peccatorem,
3114 2205 3300 2262 oderit
3326 2209 3639 2280 antequam
3667 2223 3796 2279 pec-

2144 2298 2235 2350 cet
2254 2293 2275 2329 ³
2301 2310 2314 2348 :
2340 2311 2454 2350 non
2479 2311 2594 2366 quo
2616 2298 2672 2351 et
2695 2295 2756 2350 in
2779 2311 2977 2351 amore
2997 2297 3055 2350 et
3089 2294 3151 2350 in
3199 2294 3332 2350 odio
3375 2294 3658 2366 iniquitas
3688 2295 3792 2352 Dei

2144 2383 2258 2450 sit;
2292 2384 2394 2439 sed
2426 2400 2542 2455 quo
2575 2401 2689 2440 non
2740 2383 2909 2440 aliter
2956 2400 3054 2440 eos
3101 2384 3317 2441 habere
3371 2384 3599 2451 debeat,
3632 2384 3789 2457 quod

2143 2472 2255 2528 scit
2277 2471 2365 2528 vel
2388 2475 2720 2545 peccatores
2741 2473 2967 2530 futuros
3018 2485 3165 2542 esse;
3216 2473 3305 2530 vel
3342 2474 3563 2545 justos,
3598 2489 3705 2530 nos
3721 2478 3793 2530 ut

2142 2561 2413 2618 homines
2462 2565 2694 2618 tantum
2743 2563 2814 2618 de
2861 2562 3252 2636 praesentibus
3302 2563 3589 2634 judice-re,
3622 2561 3792 2619 illum

2143 2651 2237 2706 cui
2269 2652 2468 2707 futura
2487 2650 2616 2724 jam
2646 2652 2798 2707 facta
2827 2655 2988 2720 sunt,
3036 2653 3108 2708 de
3151 2652 3265 2708 ﬁne
3314 2668 3536 2719 rerum,
3576 2669 3690 2708 non
3722 2652 3794 2709 de

2142 2740 2394 2798 exordiis
2423 2741 2571 2797 ferre
2601 2742 2971 2797 sententiam.
3015 2742 3084 2798 Et
3129 2740 3252 2797 haec
3299 2741 3538 2812 quidem
3569 2739 3795 2813 simpli-

2143 2828 2270 2886 cius
2299 2828 2455 2885 dicta
2485 2834 2625 2886 sunt
2651 2848 2664 2886 :
2688 2835 2746 2885 et
2768 2830 2991 2902 absque
3017 2829 3209 2886 altiori
3231 2829 3641 2886 dissertatione
3661 2845 3793 2901 pos-

2142 2922 2283 2975 sunt
2312 2922 2613 2990 utcunque
2642 2914 2875 2990 placere
2909 2918 3130 2975 lectori.
3181 2919 3464 2974 Caeterum
3493 2919 3517 2954 ‘
3567 2917 3669 2989 qui
3698 2918 3789 2972 in-

2135 3007 2370 3079 justum
2404 3012 2584 3063 Deum
2640 3006 2912 3063 nituntur
2958 3022 3238 3072 asserere,
3286 3011 3421 3080 post
3455 3006 3602 3062 illud
3633 3007 3790 3078 quod

2142 3097 2366 3152 dudum
2391 3095 2720 3168 posuimus.
2751 3096 3062 3152 abalienati
3087 3098 3214 3151 sunt
3235 3099 3552 3169 peccatores
3569 3113 3605 3152 a
3631 3095 3798 3152 vulva

2143 3185 2404 3241 inferunt
2447 3185 2623 3241 etiam
2673 3189 2879 3242 caetera
2903 3201 3017 3258 que
3047 3189 3416 3256 sequuntur:
3449 3191 3801 3242 Erraverunt

2144 3275 2212 3330 ab
2241 3277 2415 3346 utero,
2449 3274 2618 3330 locuti
2643 3282 2773 3330 sunt
2799 3275 2964 3345 falsa.
2998 3274 3066 3329 Et
3093 3272 3315 3342 dicunt,
3351 3275 3645 3346 quomodo
3678 3277 3795 3330 sta-

2144 3362 2250 3419 tim
2282 3364 2354 3419 ab
2385 3367 2549 3420 utero
2579 3366 2918 3420 erraverunt
2946 3367 3296 3435 peccatores,
3347 3367 3404 3419 et
3435 3363 3582 3420 falsa
3611 3363 3789 3420 locuti

2143 3455 2305 3523 sunt,
2347 3453 2448 3524 qui
2504 3467 2611 3509 nec
2671 3451 3002 3508 sermonem
3055 3455 3373 3525 potuerunt
3420 3451 3655 3520 habere,
3687 3467 3795 3509 nec

2143 3557 2384 3597 sensum
2406 3541 2434 3597 ?
2462 3545 2581 3597 Aut
2609 3559 2738 3613 quae
2765 3545 2854 3597 est
2883 3541 3243 3614 istajustitia
3262 3541 3639 3614 praescientia
3671 3543 3792 3609 Dei,

2143 3630 2324 3688 alium
2369 3647 2565 3687 amare
2607 3635 2666 3686 et
2710 3630 3007 3687 custodire
3054 3630 3220 3703 prius
3268 3647 3448 3703 quam
3495 3635 3792 3698 nascatUr,

2142 3720 2322 3777 aiium
2357 3720 2679 3776 detestari?
2709 3721 2778 3776 Et
2825 3735 3032 3776 causas
3080 3719 3262 3792 hujus
3305 3719 3388 3776 rei
3435 3720 3506 3776 ad
3539 3719 3792 3793 priorem

2139 3810 2318 3866 vitam
2351 3810 2630 3875 referunt,
2662 3811 2813 3880 quod
2847 3809 3256 3882 unusquisque
3286 3827 3391 3883 pro
3423 3809 3630 3866 merito
3662 3827 3791 3878 suo,

2141 3916 2176 3954 a
2203 3899 2392 3972 primo
2425 3899 2623 3955 statim
2657 3903 2788 3955 ortu
2820 3898 2990 3955 bonis
3022 3900 3124 3955 aut
3169 3898 3338 3954 malis
3387 3898 3610 3972 angelis
3641 3897 3791 3955 assi-

2138 3995 2374 4061 gnetur.
2409 3988 2738 4058 Totumque
2770 3988 2937 4043 illum
2969 3987 3162 4043 locum
3202 3988 3275 4043 de
3319 3987 3495 4043 Jacob
3525 3991 3582 4042 et
3609 3987 3787 4055 Esau,

2138 4081 2308 4149 cujus
2339 4094 2497 4133 nunc
2528 4078 2774 4134 fecimus
2814 4077 3194 4148 mentionem,
3240 4077 3324 4132 ita
3367 4076 3438 4131 ad
3490 4074 3788 4131 Romanos

2139 4167 2421 4237 scriptum
2453 4168 2600 4224 391
2639 4166 2926 4223 ventilant
2954 4167 3130 4237 (Rom.
3166 4183 3245 4231 ιχ,
3279 4166 3387 4236 13),
3422 4169 3485 4220 ut
3515 4180 3629 4220 non
3653 4165 3787 4221 abs-

2139 4273 2252 4329 que
2283 4257 2496 4312 sudore
2527 4261 2582 4312 et
2613 4255 2925 4328 Chrysippi
2954 4255 3039 4310 eis
3082 4253 3271 4326 possit
3319 4252 3611 4310 helleboro
3638 4253 3662 4290 ³
3690 4270 3784 4310 re-

2138 4345 2433 4418 sponderi.
2466 4345 2592 4400 Non
2624 4349 2714 4400 est
2743 4349 2939 4398 autem
2961 4343 3180 4415 ipsum,
3203 4347 3262 4399 ut
3281 4343 3549 4400 reuelaret
3567 4341 3785 4400 Filium

2136 4488 2468 4544 animarum
2493 4485 2582 4542 vel
2616 4502 2924 4560 corporum
2963 4503 3165 4544 curam
3212 4485 3781 4560 gerentes,multae-

2177 4576 2249 4615 ue
2301 4559 2442 4615 item
2501 4558 3118 4624 noxias’obsidentes,
3176 4558 3351 4629 atque
3409 4558 3777 4629 insidiantes.

2177 4577 2249 4615 ue
2301 4577 2442 4615 item
2501 4577 2702 4614 nox1as
2759 4577 3118 4624 ousiuentes,
3176 4577 3351 4629 atque
3409 4577 3770 4614 ineialames.

2132 4577 2294 4689 aude
2324 4637 2380 4686 et
2409 4629 2509 4685 lib.
2542 4647 2645 4685 VIII
2678 4634 2868 4686 contra
2914 4632 3129 4686 Cels-um
3153 4648 3170 4683 :
3221 4626 3502 4698 Ἑλλήνων
3535 4628 3587 4682 oi
3611 4627 3770 4698 σοφοὶ

2135 4647 2294 4689 unae
2324 4647 2380 4686 et
2409 4647 2509 4685 un.
2542 4647 2645 4685 vnn
2678 4647 2868 4686 contra
2914 4647 3129 4686 uersum
3153 4648 3170 4683 :
3221 4647 3502 4698 'mmvwv
3535 4647 3587 4682 οι
3611 4647 3671 4682 σο
3718 4647 3770 4681 οι

2129 4699 2434 4777 λεγέτωσαν
2487 4698 2747 4773 δαίμονας
2806 4698 3087 4775 εἰληχέναι
3133 4699 3233 4767 τὴν
3285 4699 3625 4773 ἀνθρωπίνην
3663 4647 3777 4830 [ἱέ-

2129 4775 2236 4830 γῆν
2269 4772 2375 4828 ἀπὸ
2407 4773 2703 4830 γενέσεωςε
2741 4775 2944 4830 Dicant
2986 4777 3302 4829 ercorum
3340 4773 3637 4830 sapientes.
3756 4803 3777 4814 -

2127 4772 2236 4850 χήὶρ
2269 4772 2375 4828 ἀπὸ
2407 4772 2703 4850 γενέσεως-ε
2741 4772 3302 4850 οἱσᾳηῐϐνωεονμνη
3340 4772 3637 4850 sapientes,

2125 4845 2318 4903 manus
2373 4845 2446 4903 ab
2478 4847 2716 4902 hominis
2741 4846 3028 4907 nativitate
3075 4847 3329 4900 sortitam
3365 4859 3480 4899 esse
3505 4845 3776 4900 animam.

2127 4919 2228 4974 His
2260 4919 2376 5000 fere
2403 4918 2639 5000 gemina
2670 4935 2737 4973 ex
2767 4916 2970 4973 homil.
3007 4916 3074 4970 12
3104 4916 3162 4970 in
3215 4915 3435 4970 Lucam
3467 4931 3572 4970 nos
3599 4933 3780 4989 supra

2126 4996 2600 5062 perstrinximus.

2197 5062 2218 5097 ⁵
2249 5062 2388 5140 Non
2418 5060 2652 5140 invenio
2681 5058 3070 5140 ,belleborum
3116 5057 3447 5140 Chrysippi,
3499 5057 3774 5140 sedACar:

2127 5133 2332 5188 neadis
2363 5130 2716 5197 Academici,
2750 5131 2851 5200 qui
2898 5129 3565 5200 scripturus'adversum
3597 5129 3775 5186 Stoici

2124 5205 2372 5260 Zenonis
2420 5203 2626 5270 libros,
2675 5201 2921 5273 candido
2966 5200 3253 5256 bellebero
3302 5200 3606 5273 superiora
3642 5217 3768 5258 cor-

2126 5275 2284 5359 poris
2328 5290 2577 5359 purgare
2634 5271 2873 5359 solitus,
2904 5271 3140 5359 legitur,
3182 5271 3440 5359 {tanqu—is
3481 5273 3774 5356 corruptis

2126 5342 2185 5403 in
2219 5342 2522 5402 stomacho
2551 5344 2902 5400 humoribus
2933 5342 3005 5399 ad
3045 5342 3345 5400 domicilia
3373 5360 3561 5415 usque
3592 5342 3776 5400 animi

2125 5419 2481 5499 redundaret
2510 5421 2568 5499 et
2590 5415 2934 5499 instantiam
2951 5415 3344 5499 _vigorem‘que
3375 5415 3592 5471 mentis
3624 5415 3780 5499 labie-

2125 5491 2356 5546 faceret.
2396 5491 2571 5546 Docet
2602 5505 2771 5561 porro
2802 5487 2912 5544 hoc
2949 5487 3009 5543 in
3037 5487 3166 5561 loco
3198 5487 3588 5561 Hieronymus
3618 5487 3772 5544 diffi-

2126 5562 2268 5618 ciles
2299 5578 2428 5619 esse
2457 5559 2814 5630 quaestiones
2853 5576 2987 5616 cum
3039 5559 3364 5628 haereticis;
3400 5559 3457 5615 et
3484 5574 3634 5630 opus
3665 5575 3772 5616 nos

2126 5633 2434 5707 Chrysippi
2465 5631 2768 5707 dialectica
2809 5631 3046 5707 habere,
3078 5636 3144 5687 ut
3173 5631 3433 5707 argutias
3456 5645 3772 5707 caveamus

2126 5702 2537 5768 haereticorum
2597 5704 2917 5778 Scripturis
2989 5702 3380 5762 abutenti‘um.
3455 5702 3644 5775 Mser.
3703 5731 3774 5746 --
