4058 6190
247 337 360 412 351

1497 342 1564 408 S.
1609 342 1921 408 EUSEBlI
1963 343 2407 408 HIERONYMI

3539 339 3654 405 353

249 497 412 538 suum
440 481 499 535 in
526 495 633 545 me,
665 477 820 551 quod
853 476 931 534 sit
961 477 1070 550 (Al.
1100 479 1292 552 quasi)
1323 480 1556 548 diceret,
1585 490 1646 538 ut
1675 483 1891 537 reveta-
1923 480 1980 547 Α
2008 483 2073 535 ut
2101 479 2242 550 dixi,
2275 496 2405 535 cum
2452 493 2626 535 carne
2684 479 2741 533 et
2787 472 3080 547 sanguine
3136 473 3466 531 contulerit.
3516 476 3651 541 Qua:

251 579 334 627 ret
361 571 567 625 Filium
596 585 760 624 suum
795 569 957 624 mihi.
1015 569 1116 624 Cui
1175 569 1330 624 enim
1390 572 1530 642 quid
1589 571 1895 642 revelatur,

253 658 386 716 huic
405 657 549 714 illud
573 662 765 730 potest
786 657 1046 726 revelari,
1073 660 1228 730 quod
1252 662 1384 715 ante
1422 659 1480 714 in
1523 677 1589 716 eo
1614 678 1726 716 non
1750 666 1896 716 erat.

253 753 317 804 In
349 765 464 820 quo
494 764 627 804 vero
678 748 986 814 revelatur,
1035 747 1179 803 illud
1231 749 1518 805 reveletur
1547 751 1701 821 quod
1736 751 1897 822 prius

255 837 366 893 fuit
394 837 454 892 in
487 854 573 907 eo,
605 842 662 892 et
692 842 894 908 postea
925 837 1240 892 revelatum
1269 843 1375 894 est.
1411 839 1612 894 Simile
1643 845 1732 894 est
1755 839 1898 894 illud

252 927 312 982 in
342 925 690 999 Evangelia:
725 927 942 982 Medius
983 927 1042 982 in
1093 928 1241 982 vobis
1281 932 1408 999 stat,
1458 945 1616 1000 quem
1666 946 1758 985 vos
1785 946 1899 985 nes-

253 1018 376 1072 citis
406 1017 584 1086 (Joan.
633 1034 671 1083 I,
716 1017 828 1087 26).
887 1017 957 1070 Et
1015 1015 1192 1072 alibi:
1259 1019 1390 1072 Erat
1444 1020 1543 1074 lum
1600 1035 1748 1084 vera,
1781 1035 1901 1090 quae

254 1105 550 1162 illuminat
587 1121 806 1160 omnem
853 1106 1127 1162 hominem
1173 1109 1482 1164 venientem
1529 1111 1589 1163 in
1634 1109 1900 1164 mundum

255 1195 413 1267 (Ibid.
446 1195 526 1263 9),
556 1196 636 1250 Ex
665 1213 779 1266 quo
820 1195 1196 1266 perspicuum
1229 1197 1314 1264 fit,
1365 1203 1576 1253 natura
1623 1199 1898 1253 omnibus

251 1284 352 1339 Dei
385 1284 578 1339 inesse
620 1283 887 1340 notitiam
941 1301 1047 1339 nec
1097 1301 1453 1357 quemquam
1506 1287 1634 1342 sino
1667 1285 1898 1342 Christo

253 1373 438 1439 nasci,
468 1377 525 1427 et
571 1389 686 1428 non
738 1372 951 1427 habere
1001 1373 1226 1429 semina
1275 1374 1332 1428 in
1384 1393 1445 1431 se
1487 1376 1810 1446 sapientiae,
1843 1380 1901 1431 et

243 1461 511 1532 justitise,
544 1460 1022 1533 reliquarumque
1050 1461 1353 1518 virtutum.
1387 1464 1548 1519 Unde
1581 1465 1747 1520 multi
1772 1465 1900 1520 abs-

253 1567 366 1622 que
391 1551 505 1606 Iide
535 1553 592 1605 et
621 1550 930 1623 Evangelia
961 1550 1192 1617 Christi,
1227 1553 1315 1608 vel
1357 1555 1652 1625 sapienter
1681 1554 1898 1610 faciunt

253 1638 470 1710 aliqua,
501 1638 587 1695 vel
621 1644 840 1708 sancte,
876 1644 940 1694 ut
978 1641 1318 1711 parentibus
1362 1643 1796 1714 obsequantur:
1833 1648 1898 1698 ut

252 1727 414 1799 inopi
453 1744 695 1783 manum
743 1728 1063 1800 porrigant,
1114 1746 1229 1784 non
1285 1731 1614 1802 opprimant
1654 1731 1896 1798 vicinos,

252 1832 370 1872 non
402 1815 591 1872 aliena
619 1816 918 1889 diripiant,
945 1819 1250 1890 magisque
1273 1821 1499 1892 judicio
1530 1821 1630 1876 Dei
1661 1821 1897 1877 obnoxii
1927 1854 1973 1919 Β

253 1907 400 1962 fiant
428 1905 534 1977 (At.
571 1905 762 1978 fiunt),
795 1908 950 1978 quod
982 1907 1265 1964 habentes
1293 1909 1351 1963 in
1376 1927 1438 1965 se
1471 1911 1760 1982 principia
1786 1911 1898 1966 vir-

256 2000 451 2051 tutum
484 1999 540 2050 et
587 1995 686 2050 Dei
740 1996 984 2064 semina,
1037 2014 1151 2052 non
1203 1999 1451 2054 credunt
1494 2001 1598 2068 (Al.
1633 2001 1896 2073 credant)

255 2084 315 2139 in
347 2100 413 2140 eo
444 2084 571 2140 sine
604 2101 718 2156 quo
749 2101 876 2142 esse
915 2103 1029 2142 non
1080 2092 1351 2159 possunt.
1403 2089 1600 2144 Potest
1646 2093 1704 2145 et
1734 2089 1901 2145 aliter

255 2173 439 2245 accipi
461 2174 519 2228 in
545 2173 721 2228 Paulo
761 2174 861 2230 Dei
891 2175 1072 2230 Filius
1113 2177 1435 2233 revelatus:
1481 2179 1658 2250 quod,
1691 2178 1899 2250 praedi-

255 2261 486 2318 dicante
526 2262 646 2334 illo,
681 2262 915 2336 agnitus
947 2265 1025 2320 sit
1054 2266 1349 2336 gentibus,
1391 2284 1566 2338 quem
1599 2273 1770 2324 antea
1799 2284 1898 2323 ne—

257 2351 542 2408 sciebant.

329 2441 514 2512 (Vers.
577 2443 684 2513 16).
753 2462 776 2490 α
831 2443 1116 2498 Continuo
1147 2460 1263 2499 non
1323 2447 1582 2517 acquievi
1641 2446 1800 2502 carni
1849 2450 1904 2502 et

260 2529 556 2602 sanguini.
595 2553 615 2580 η
653 2529 781 2586 Sive
810 2535 876 2586 ut
905 2532 965 2586 in
996 2533 1189 2588 Graeco
1239 2533 1452 2590 melius
1481 2535 1657 2590 habet
1689 2537 1743 2590 1:
1788 2535 1906 2592 Non

257 2620 467 2676 contuli
490 2636 616 2675 cum
645 2637 810 2676 carne
854 2629 908 2676 et
945 2623 1236 2694 sanguine.
1294 2624 1442 2690 Scio,
1504 2624 1810 2696 plerosque
1835 2626 1906 2680 de

261 2707 546 2781 apostolis
570 2709 678 2764 hoc
708 2709 930 2765 dictum
971 2711 1260 2767 arbitrari.
1289 2713 1432 2768 Nam
1466 2717 1522 2768 et
1549 2713 1906 2786 Porphyrius

262 2797 484 2868 objicit,
517 2799 674 2869 quod
706 2803 839 2870 post
868 2799 1278 2856 revelationem
1323 2801 1536 2858 Christi
1585 2819 1700 2858 non
1735 2803 1908 2858 fuerit

262 2886 539 2959 dignatus
569 2885 654 2942 ire
683 2888 756 2942 ad
784 2887 1080 2955 homines,
1105 2894 1162 2944 et
1191 2906 1324 2946 cum
1370 2890 1454 2945 eis
1499 2891 1757 2947 conferre
1787 2908 1904 2946 ser-

264 2991 536 3030 monem:
570 2991 644 3030 ne
675 2980 806 3046 post
835 2977 1160 3034 doctrinam
1207 2979 1474 3035 videlicet
1518 2980 1640 3050 Dei,
1674 2999 1706 3035 a
1737 2997 1909 3036 carne

263 3069 321 3120 et
351 3064 639 3137 sanguine
668 3063 1198 3123 instrueretur.Sed
1232 3069 1386 3124 absit
1415 3073 1478 3124 ut
1499 3085 1625 3142 ego,
1649 3069 1909 3138 Petrum,

262 3153 549 3209 Joannem
581 3157 638 3208 et
659 3153 943 3210 Jacobum
967 3173 1203 3212 carnem
1225 3162 1281 3213 et
1296 3159 1644 3231 sanguinem
1667 3164 1864 3232 putem
1893 3177 1904 3216 :

2009 569 2341 641 praepositio
2373 586 2481 624 nos
2510 570 2788 632 coarctat,
2837 569 2900 620 ut
2931 564 3016 619 sic
3064 561 3521 637 distinguamus,
3581 581 3651 621 ne

2006 664 2198 716 statim
2219 659 2338 714 sive
2361 660 2640 727 continuo,
2673 673 2808 712 cum
2843 670 3016 710 carne
3037 653 3362 726 jungamus
3413 660 3471 712 et
3525 672 3654 711 san-

2007 750 2202 820 guine,
2237 750 2335 804 sed
2371 765 2506 804 cum
2531 745 2936 820 superioribus
2967 743 3180 805 haerere
3239 744 3546 816 faciamus,
3598 750 3656 802 et

2007 837 2234 910 legatur
2267 854 2280 892 :
2316 838 2452 892 Cum
2475 841 2662 893 autem
2677 837 2895 908 placuit
2925 833 2978 886 ei
3007 833 3105 902 qui
3128 849 3214 888 me
3243 837 3550 904 segregavit
3591 835 3656 890 de

2006 936 2156 984 utero
2186 930 2380 983 matris
2408 942 2562 984 meai.
2586 928 2664 981 Ac
2689 925 2898 982 deinde
2928 943 2940 980 :
3007 928 3070 984 Ut
3125 921 3398 979 reuelaret
3454 923 3655 979 Filium

2006 1034 2168 1072 suum
2198 1019 2257 1073 in
2286 1034 2391 1072 me.
2428 1020 2493 1072 At
2535 1017 2605 1072 ad
2645 1021 2968 1072 extremum
3004 1034 3016 1071 :
3076 1017 3144 1072 Ut
3199 1013 3655 1086 evangelimrem

2009 1108 2171 1161 illum
2201 1109 2262 1161 in
2289 1107 2540 1178 gentihus
2569 1109 2855 1162 continuo:
2911 1109 2978 1161 ut
3035 1122 3069 1160 a
3124 1103 3357 1178 preprio
3415 1101 3656 1173 incipiat

2007 1196 2242 1252 exordio
2274 1214 2286 1251 :
2322 1198 2440 1251 Non
2468 1198 2677 1252 contuli
2699 1213 2822 1251 cum
2845 1211 3012 1251 carne
3068 1201 3121 1249 et
3162 1193 3434 1263 sanguine
3457 1207 3476 1245 :
3529 1207 3654 1247 ma-

2007 1285 2214 1358 gisque
2244 1285 2648 1341 arbitrandum
2671 1289 2759 1341 est
2790 1285 2874 1341 sic
2905 1288 3059 1340 stare
3089 1298 3330 1338 sensum
3368 1280 3538 1352 :quia
3553 1279 3652 1352 qui

2008 1375 2207 1430 statim
2240 1375 2460 1430 missus
2481 1376 2577 1442 sit,
2613 1380 2744 1446 post
2766 1373 3179 1430 revelationem
3200 1370 3414 1426 Christi
3471 1371 3654 1425 Evan-

2007 1463 2224 1536 gelium
2247 1465 2519 1536 gentibus
2540 1463 3040 1534 annuntiare,non
3061 1460 3322 1518 steterit:
3376 1475 3481 1515 nec
3529 1475 3655 1514 mo-

2007 1553 2089 1607 ris
2119 1553 2475 1623 quibusdam
2499 1557 2734 1624 tempus
2759 1551 3098 1624 produxerit
3121 1549 3314 1605 eundo
3336 1549 3408 1604 ad
3433 1552 3657 1620 aposto-

2006 1640 2114 1710 los,
2151 1647 2208 1697 et
2239 1641 2652 1698 revelationem
2676 1641 2911 1698 Domini
2943 1657 3076 1696 cum
3107 1637 3656 1695 hominibusconfe-

2007 1733 2186 1787 rendo
2219 1749 2231 1786 :
2265 1732 2366 1788 sed
2394 1731 2602 1787 abierit
2625 1731 2684 1786 in
2715 1730 3014 1799 Arabiam,
3047 1732 3105 1784 et
3141 1743 3348 1784 rursus
3389 1742 3654 1782 reversus

2008 1820 2150 1877 Dam
2161 1837 2382 1889 ascum,
2392 1825 2524 1894 post
2544 1825 2664 1876 tres
2685 1837 2871 1876 annos
2891 1818 3274 1891 Evangelium
3311 1815 3653 1888 pradicave-

2007 1909 2082 1964 rit
2114 1927 2126 1965 :
2163 1914 2219 1965 et
2240 1914 2378 1965 tunc
2400 1911 2637 1965 demum
2666 1908 3127 1982 Hierosolymam
3149 1906 3652 1977 veniens,Petrum

2006 1999 2291 2055 Joannem
2323 2003 2379 2054 et
2407 1999 2690 2055 Jacobum
2720 1998 2950 2054 viderit.

2079 2089 2262 2158 (Vers.
2297 2089 2410 2160 17.)
2443 2089 2691 2160 «Neque
2722 2087 2850 2144 veni
2880 2085 3340 2159 Hierosolymam
3387 2085 3460 2140 ad
3493 2088 3655 2139 ante-

2011 2194 2271 2234 cessores
2304 2194 2464 2233 meos
2495 2176 2812 2250 apostolos.
2844 2199 2872 2226 »
2904 2176 2965 2232 Si
2988 2176 3060 2231 de
3085 2175 3378 2247 Apostolis
3411 2173 3654 2245 dixerat,

2009 2283 2118 2323 non
2149 2268 2360 2323 contuli
2395 2284 2521 2322 cum
2574 2283 2741 2322 carne
2789 2271 2839 2322 et
2888 2266 3180 2335 sanguine,
3231 2263 3371 2335 quid
3423 2279 3660 2318 necesse

2012 2357 2202 2412 fuerat
2229 2356 2493 2428 idipsum
2523 2357 2732 2411 iterare
2762 2354 3010 2411 dicendo
3045 2372 3058 2410 :
3091 2355 3271 2424 Neque
3299 2355 3425 2409 veni
3467 2353 3661 2408 Hiero-

2011 2447 2282 2516 solymam
2309 2445 2378 2500 ad
2435 2449 2794 2501 antecessores
2850 2459 3000 2500 meos
3051 2442 3374 2515 apostolos?
3435 2443 3488 2497 Is
3555 2439 3661 2496 ita-

2013 2551 2128 2606 que
2176 2550 2387 2589 sensus
2427 2535 2741 2602 tenendus,
2801 2549 2978 2606 quem
3036 2549 3216 2604 supra
3257 2531 3659 2603 exposuimus.

2015 2623 2188 2678 «Sed
2221 2621 2336 2677 abii
2367 2621 2425 2676 in
2483 2622 2780 2689 Arabiam,
2831 2626 2889 2676 et
2937 2620 3152 2677 iterum
3204 2635 3470 2674 reversus
3526 2633 3661 2672 sum

2015 2716 2387 2766 Damascum.
2424 2735 2446 2762 ι
2484 2711 2609 2766 Non
2632 2711 2744 2766 sibi
2777 2711 3009 2766 videtur
3029 2709 3286 2765 historiae
3317 2708 3460 2763 ordo
3523 2723 3660 2762 con-

2015 2801 2228 2866 cinere,
2281 2800 2561 2856 referente
2621 2801 2778 2856 Luca
2829 2800 2891 2854 in
2952 2797 3189 2854 Actibus
3263 2795 3659 2869 apostolorum

2017 2891 2171 2962 quod
2239 2906 2372 2944 cum
2431 2888 2646 2945 Paulus
2699 2894 2833 2961 post
2893 2890 3066 2944 ﬁdem
3127 2886 3341 2942 Christi
3393 2903 3495 2958 per
3537 2885 3662 2940 dies

2019 2978 2238 3034 multos
2304 2979 2679 3051 Evangelium
2740 2978 3009 3034 Damasci
3063 2977 3402 3049 loqueretur
3451 2975 3665 3031 auden-

2011 3073 2123 3140 ter,
2149 3070 2307 3124 factae
2349 3068 2565 3123 fuerint
2595 3068 2646 3124 ei
2679 3068 2926 3133 insidiae,
2948 3072 3005 3122 et
3033 3068 3186 3123 398
3210 3065 3270 3121 in
3301 3070 3501 3136 sporta
3534 3080 3662 3138 per-

2019 3175 2115 3214 mu
2127 3175 2254 3213 rum
2274 3162 2441 3213 nocte
2463 3157 2756 3214 demissus
2778 3157 2936 3226 sit,et
2952 3149 3174 3212 venerit
3202 3154 3662 3211 Hierosolomam

266 3257 394 3312 qua:
425 3255 672 3312 regnum
703 3241 804 3297 Dei
835 3245 1135 3315 possidere
1165 3263 1278 3302 non
1313 3224 1561 3318 possunt
1583 3250 1635 3320 (1
1657 3224 1776 3305 Cor.
1811 3268 1903 3318 xv,
1937 3224 1980 3291 (ἶ
2017 3252 2252 3304 tentans
2282 3264 2343 3303 se
2365 3249 2615 3320 jungere
2658 3224 2964 3319 discipulis
3023 3246 3162 3316 (Act.
3223 3262 3297 3313 ιι,
3360 3243 3568 3314 19-25).
3616 3247 3665 3298 Α

263 3329 376 3398 50).
413 3329 473 3384 Si
506 3328 842 3400 spirituales
873 3331 1119 3403 apostoli
1150 3335 1190 3400 ²,
1226 3351 1357 3390 caro
1396 3341 1451 3391 et
1478 3337 1720 3408 sanguis
1750 3343 1908 3405 sunt,

265 3417 406 3489 quid
439 3419 510 3474 de
549 3415 762 3492 χοῗκοῖς
813 3420 1215 3476 arbitramur?
1279 3423 1403 3478 Non
1453 3425 1699 3480 contulit
1743 3426 1912 3497 plane

268 3505 484 3562 Paulus
541 3512 674 3578 post
729 3507 1139 3565 revelationem
1193 3511 1404 3567 Christi
1463 3530 1597 3568 cum
1655 3531 1826 3570 carne
1857 3520 1915 3570 et

267 3594 576 3666 sanguine,
631 3596 768 3668 quia
816 3597 1004 3652 noluit
1047 3601 1392 3673 margaritas
1457 3602 1736 3673 projicere
1782 3608 1914 3659 ante

268 3700 498 3757 porcos,
535 3701 640 3741 nec
687 3686 824 3742 dare
868 3692 1134 3744 sanctum
1158 3690 1402 3746 canibus
1453 3693 1670 3760 (Matth.
1706 3709 1804 3757 vn,
1837 3694 1912 3764 6).

269 3773 417 3828 Vide
445 3773 588 3846 quid
620 3775 690 3830 de
720 3776 1122 3846 peccatoribus
1165 3779 1448 3851 scriptum
1501 3780 1614 3836 sit:
1648 3783 1768 3838 Non
1791 3798 1914 3854 per-

269 3864 519 3919 manebit
561 3864 794 3935 spiritus
844 3881 999 3921 meus
1039 3867 1099 3921 in
1153 3868 1464 3924 hominibus
1499 3871 1640 3940 istis,
1662 3873 1794 3943 quia
1822 3889 1919 3927 car

273 3952 383 4026 (Al.
415 3955 638 4025 carnes)
665 3962 794 4011 sunt
818 3955 972 4026 (Gen.
1004 3975 1083 4028 v1,
1118 3959 1192 4029 3).
1227 3962 1368 4012 Cum
1400 3959 1620 4015 talibus
1653 3961 1752 4032 qui
1783 3977 1916 4017 caro

272 4048 331 4099 et
361 4043 606 4116 sanguis
637 4048 823 4110 erant,
858 4062 985 4116 quae
1017 4047 1169 4103 892
1204 4047 1368 4103 Petro
1417 4065 1651 4120 quoque
1682 4067 1796 4104 non
1828 4067 1916 4105 re-

271 4132 608 4190 velaverant
631 4132 840 4189 Filium
874 4134 975 4190 Dei
1006 4135 1214 4206 (Matth.
1242 4154 1359 4205 xw,
1406 4139 1516 4208 l7),
1568 4154 1681 4193 non
1715 4143 1916 4194 contu-

272 4222 340 4279 lit
358 4224 672 4295 Apostolus
693 4225 1068 4298 Evangelium
1091 4227 1246 4298 quod
1269 4226 1319 4281 ei
1350 4226 1540 4281 fuerat
1562 4226 1873 4283 revelatum
1901 4244 1914 4282 :

274 4313 376 4368 sed
409 4313 693 4384 paulatim
727 4330 825 4369 eos
873 4315 945 4370 de
993 4331 1166 4371 carne
1214 4320 1271 4371 et
1317 4316 1606 4387 sanguine
1656 4316 1827 4371 vertit
1857 4317 1917 4372 in

273 4401 582 4473 spiritum:
633 4407 691 4458 et
737 4407 876 4458 tunc
925 4406 1164 4460 demum
1213 4404 1296 4460 eis
1353 4404 1578 4460 occulta
1627 4405 1919 4478 Evangelii

271 4495 640 4548 sacramenta
682 4492 994 4547 commisit.
1044 4493 1210 4548 Dicat
1257 4493 1586 4566 quispiam:
1635 4495 1689 4549 Si
1721 4496 1918 4550 statim

2023 3337 2237 3408 quibus
2269 3352 2402 3391 cum
2428 3336 2793 3403 vitaretur,et
2819 3335 3096 3391 timerent
3117 3335 3186 3389 ad
3215 3349 3351 3389 eum
3391 3333 3665 3388 accedere

2020 3443 2054 3481 a
2083 3426 2347 3480 Barnaba
2377 3425 2449 3480 ad
2471 3423 2766 3497 apostolos
2796 3423 2963 3479 illum
2996 3440 3125 3479 esse
3164 3423 3509 3495 perductum
3537 3439 3548 3476 :
3608 3425 3668 3476 et

2022 3514 2104 3570 ibi
2125 3529 2396 3569 narrasse
2426 3514 2720 3584 quomodo
2754 3513 3070 3568 Dominum
3101 3510 3315 3566 viderit
3345 3510 3403 3565 iu
3436 3510 3667 3577 itinere,

2025 3607 2081 3660 et
2111 3601 2380 3658 Damasci
2412 3601 2762 3657 fiducialiter
2820 3601 3003 3674 egerit
3051 3600 3108 3655 in
3152 3599 3386 3655 nomine
3433 3597 3668 3655 Domini

2025 3693 2131 3764 (AI.
2182 3691 2334 3746 addit
2371 3691 2535 3760 Jesu)
2594 3691 2752 3762 (Ibid.
2815 3691 3007 3761 26-28)
3046 3691 3197 3761 Erat,
3256 3688 3468 3761 inquit,
3546 3703 3669 3742 cum

2025 3779 2168 3846 illis,
2221 3782 2442 3835 intrans
2488 3784 2542 3834 et
2592 3779 2781 3835 exiens
2831 3781 2891 3834 in
2945 3777 3278 3846 Jerusalem,
3339 3777 3672 3850 ﬁducia-liter

2024 3885 2192 3938 agens
2224 3868 2337 3940 (Al.
2375 3868 2612 3940 agentes)
2643 3870 2702 3923 in
2759 3869 2984 3924 nomine
3039 3869 3279 3924 Domini.
3328 3865 3673 3938 Loquebatur

2027 3975 2238 4030 quoque
2266 3965 2316 4013 et
2343 3958 2668 4028 disputabat
2696 3973 2820 4012 cum
2852 3957 3056 4014 Graecis
3077 3975 3096 4011 :
3149 3957 3240 4011 illi
3301 3962 3490 4012 autem
3519 3969 3670 4027 qua:-

2027 4050 2219 4102 rebant
2249 4049 2492 4102 occidere
2520 4063 2665 4102 eum.
2701 4045 2851 4115 Quod
2879 4062 3005 4101 cum
3032 4046 3406 4115 cognovissent
3449 4047 3670 4116 fratres,

2027 4135 2367 4191 deduxerunt
2396 4153 2518 4192 eum
2576 4135 2905 4201 Caesaream,
2967 4139 3017 4190 et
3071 4135 3405 4190 dimiserunt
3453 4135 3674 4189 Tarsum

2029 4225 2192 4296 (Ibid.
2224 4225 2436 4295 28-30).
2469 4225 2572 4278 Hic
2601 4230 2799 4279 autem
2831 4223 2972 4279 dicit
3011 4240 3074 4279 se
3130 4223 3389 4296 primum
3438 4223 3556 4278 isse
3612 4221 3674 4277 in

2027 4313 2358 4370 Arabiam:
2438 4313 2650 4368 iterum
2711 4329 3010 4370 reversum
3095 4313 3447 4369 Damascum
3542 4314 3679 4384 post

1993 4403 2346 4458 ‘triennium
2376 4403 2606 4458 venisse
2629 4403 3120 4476 Hierosolymam,
3149 4402 3367 4458 vidisse
3418 4401 3673 4468 Petrum,

2028 4497 2085 4548 et
2115 4509 2247 4548 cum
2279 4509 2344 4548 eo
2371 4492 2660 4547 mansisse
2691 4492 2899 4548 diebus
2929 4492 3286 4564 quindecim,
3333 4507 3439 4547 nec
3471 4494 3679 4563 praeter

271 4597 388 4637 non
418 4580 669 4637 contulit
694 4597 828 4637 cum
861 4598 1034 4637 carne
1078 4587 1135 4637 et
1183 4583 1469 4655 sanguine
1518 4583 1918 4656 Evangelium,
1950 4593 1997 4658 ι)
2025 4582 2330 4647 Jacobum,
2383 4581 2624 4637 fratrem
2659 4581 2908 4649 Domini,
2978 4580 3228 4638 alterum
3309 4580 3672 4637 convenisse.

270 4674 466 4727 tamen
500 4669 984 4744 subintelligitur,
1018 4671 1172 4743 quod
1205 4672 1580 4743 postmodum
1613 4688 1744 4727 cum
1775 4689 1915 4727 san-

271 4760 496 4830 guine3
543 4766 601 4817 et
647 4776 820 4816 carne
873 4760 1217 4816 contulerit:
1277 4765 1334 4814 et
1387 4777 1596 4816 sensus
1651 4760 1770 4827 hic,
1803 4777 1917 4832 quo

271 4849 520 4921 apostoli
553 4854 928 4918 excusantur,
965 4865 1199 4918 ne_caro
1230 4853 1286 4903 et
1317 4850 1560 4921 sanguis
1591 4849 1732 4920 sint,
1765 4855 1919 4906 stare

272 4954 386 4993 non
443 4939 690 5010 poterit:
743 4937 1129 4994 nihilominus
1177 4936 1279 5010 qui
1325 4937 1386 4994 in
1449 4938 1734 5010 principio
1783 4955 1918 4993 cum

270 5043 443 5083 carne
499 5032 558 5083 et
622 5026 908 5100 sanguine
983 5044 1099 5082 non
1174 5026 1440 5097 contulit,
1519 5027 1918 5098 postmodum,

269 5190 617 5259 Quanquam
676 5186 816 5259 scio,
874 5185 1020 5259 alios
1086 5204 1214 5244 esse
1262 5187 1476 5259 ibonos
1535 5190 1825 5255 auctores,
1887 5205 1921 5242 a

271 5258 660 5332 Menagiopd
703 5258 826 5332 ‘Vit.
888 5258 1203 5315 Carneadis
1260 5258 1549 5330 laudatos,
1611 5260 1711 5331 qui
1742 5259 1920 5332 Chry-

272 5329 510 5414 gippum
549 5329 840 5414 bellgbeio
888 5347 1063 5386 “sum
1119 5332 1372 5400 tradant,
1424 5329 1740 5414 antequam
1771 5329 1920 5414 seri:

272 5402 408 5458 bere
467 5402 925 5483 aggrederetur:
981 5418 1096 5482 non
1154 5419 1436 5475 repugno,
1497 5403 1542 5458 si
1581 5402 1738 5474 quis
1783 5402 1923 5457 velit

272 5474 582 5555 suspicari,
649 5473 998 5555 vocabulum
1058 5490 1276 5555 ipsum,
1350 5475 1656 5555 hellebore,
1707 5475 1922 5555 cubare

270 5546 332 5619 in
381 5544 949 5619 mendo,__Equ_ide_m
1000 5544 1312 5619 peculiaris
1359 5551 1421 5619 et
1463 5546 1698 5619 propria
1743 5544 1919 5618 Chry-

269 5617 426 5690 sippi
457 5615 755 5690 subtilitas
781 5616 840 5671 in
871 5615 1210 5690 disserendo
1243 5617 1344 5690 fait
1372 5634 1385 5673 :
1409 5615 1703 5674 helleboro
1726 5615 1920 5672 autem

271 5688 558 5766 purgasse
615 5689 941 5762 cerebrum,
1017 5688 1299 5746 Carneadi
1373 5695 1575 5749 contra
1630 5694 1921 5748 Zenonem

2028 4673 2162 4737 Quae
2185 4676 2250 4726 ut
2269 4687 2406 4726 vera
2423 4672 2737 4726 credantur
2757 4670 2958 4743 (dubia
2991 4671 3208 4744 quippe
3238 4669 3419 4726 videri
3467 4670 3676 4725 absen-

2024 4760 2184 4816 tibus
2215 4764 2524 4832 poterant),
2557 4759 2667 4814 sub
2697 4760 3004 4815 testatione
3051 4760 3362 4816 conﬁrmat
3418 4759 3621 4815 dicens
3654 4775 3669 4813 :

2029 4851 2160 4918 Quae
2199 4853 2382 4904 autem
2431 4849 2549 4904 dico
2604 4849 2768 4920 vobis,
2827 4865 2943 4905 erce
2987 4865 3173 4906 coram
3229 4853 3337 4906 Deo
3382 4850 3514 4920 quia
3567 4862 3682 4904 non

2026 4941 2266 4995 mentior
2293 4939 2464 5010 (Vers.
2495 4937 2606 5009 29).
2636 4941 2962 4994 Possumus
2990 4938 3170 5011 igitur
3199 4937 3492 4994 mstimare
3549 4952 3680 4993 esse

2029 5028 2267 5100 quidem
2299 5025 2568 5098 Paulum,
2596 5027 2921 5084 secundum
2953 5028 3116 5084 Luca
3146 5026 3478 5097 historiam,
3531 5025 3673 5081 Hie-

2030 5188 2401 5260 disputaturo
2433 5186 2737 5260 proprium
2767 5186 3067 5261 imputant
3093 5186 3332 5245 Veteres
3379 5202 3496 5244 uno
3537 5201 3683 5243 con-

2065 5276 2231 5316 ensu.

2031 5277 2060 5317 s
2103 5333 2119 5365 ¹
2152 5330 2568 5415 Cistercienses
2599 5348 2768 5398 mss.,
2800 5332 2997 5388 melius
3027 5331 3289 5388 habetur:
3319 5331 3440 5387 Non
3469 5329 3688 5387 contuli

2030 5419 2195 5459 carne
2225 5411 2275 5458 et
2302 5411 2588 5466 sanguine.
3647 5463 3650 5466 ,

2100 5475 2124 5560 ξ
2161 5475 2365 5548 Palat,
2399 5472 2458 5530 Si
2477 5475 2808 5547 spirituales
2837 5479 2889 5532 et
2916 5474 3166 5548 apostoli,
3215 5478 3348 5547 etc.,
3395 5490 3530 5547 sup.
3579 5472 3682 5529 ho-

2029 5563 2148 5602 mm
2181 5563 2226 5601 s.

2101 5620 2123 5653 ³
2149 5563 2216 5674 in
2247 5617 2426 5674 altero
2449 5617 2838 5690 Cisterciensi,
2865 5618 3006 5689 Quia
3039 5625 3162 5693 post
3222 5617 3499 5676 modieum
3551 5631 3682 5672 cum

2028 5693 2324 5764 sanguine.
2357 5696 2467 5748 etc.
