4058 6190
1447 143 1480 157 κ

344 341 469 406 353
1057 341 1571 404 COMMENTAR.
1619 342 1698 404 IN
1744 342 1994 404 EPIST.
2043 343 2148 403 AD
2194 343 2474 406 GALAT.
2517 345 2664 407 LIB.
2710 347 2757 420 Ι,
2803 349 2975 410 CAP.
3019 348 3069 411 Ι.
3647 351 3766 417 354

349 474 733 548 rosolymam,
763 488 879 526 non
911 471 1079 543 quasi
1125 474 1196 527 ad
1247 477 1641 529 antecessores
1689 473 2004 545 apostolos,
2036 484 2091 551 Α
2121 491 2255 530 nem
2322 480 2378 531 et
2442 478 2776 548 passionem
2843 479 3183 537 Christizet
3237 483 3374 540 inde
3425 487 3768 560 prophetica

349 569 417 622 ut
445 563 672 635 aliquid
703 563 776 617 ab
809 561 928 616 illis
977 562 1263 619 disceret:
1307 564 1407 618 sed
1468 568 1534 618 ut
1584 563 2010 635 persecutionis

347 656 638 726 impetum
670 651 1011 718 declinaret,
1034 651 1134 723 qui
1165 651 1277 707 sibi
1295 652 1563 708 Damasci
1585 657 1818 724 propter
1845 653 2023 706 Evan-

353 744 572 818 gelium
627 741 843 798 Christi
899 741 1089 796 fuerat
1140 739 1506 797 concitatus:
1563 745 1619 796 et
1668 742 1750 796 sic
1791 741 2022 796 venisse

353 830 828 904 Hierosolymam
860 829 1028 901 quasi
1055 830 1128 885 ad
1163 846 1582 902 quamcunque
1612 829 1788 885 aliam
1822 830 2020 885 civita-

353 927 496 979 tem.
528 920 670 978 Inde
691 935 826 976 eum
849 918 1053 975 statim
1075 923 1319 991 propter
1341 919 1589 976 insidias
1611 919 1946 986 recessisse,
1965 921 2045 974 et.

354 1013 597 1069 venisse
628 1008 935 1075 Arabiam,
966 1007 1087 1064 sive
1115 1007 1470 1064 Damascum
1497 1024 1510 1063 :
1545 1007 1874 1079 atqueinde
1891 1015 2024 1077 post

354 1101 682 1159 triennium
718 1098 788 1154 ad
826 1096 1145 1153 videndum
1173 1097 1412 1153 Petrum
1443 1097 1904 1169 Hierosolymam
1937 1113 2025 1152 re-

356 1192 626 1248 vertisse.
661 1187 764 1244 Vel
821 1191 979 1244 certe
1026 1187 1146 1243 ita:
1196 1187 1404 1242 Statim
1453 1190 1517 1242 ut
1565 1187 1897 1259 baptizatus
1923 1187 2019 1242 sit:

362 1287 424 1339 et
454 1283 689 1353 accepto
720 1277 848 1333 cibo
879 1277 1267 1344 confortatus,
1300 1276 1482 1332 fuisse
1521 1292 1655 1332 eum
1685 1293 1819 1331 cum
1850 1275 2023 1330 disci-

365 1370 530 1445 pulis
554 1368 656 1442 qui
673 1371 839 1424 erant
858 1365 1129 1423 Damasci
1152 1381 1257 1437 per
1276 1365 1400 1421 dies
1422 1364 1646 1436 aliquot
1669 1383 1682 1422 :
1707 1369 1763 1420 et
1784 1369 2023 1437 stupen-

364 1459 525 1516 tibus
557 1456 783 1513 cunctis
813 1455 874 1511 in
907 1453 1222 1527 synagogis
1270 1454 1626 1525 Iudaeorum,
1675 1454 2024 1526 praedicasse

372 1549 653 1606 continuo
676 1546 832 1617 quod
861 1545 1036 1600 Jesus
1065 1548 1221 1600 esset
1250 1543 1428 1599 Filius
1458 1544 1558 1599 Dei
1585 1561 1598 1612 ;
1635 1547 1692 1599 et
1737 1548 1877 1598 tunc
1907 1542 2024 1598 isse

373 1639 430 1694 in
459 1637 756 1701 Arabiam,
789 1640 847 1690 et
876 1635 947 1690 de
976 1633 1194 1689 Arabia
1224 1633 1581 1688 Damascum
1609 1633 1932 1701 revertisse,
1968 1636 2026 1687 et

372 1727 452 1783 ibi
487 1725 694 1782 fecisse
725 1723 1085 1779 triennium:
1121 1739 1270 1794 quos
1303 1721 1429 1777 dies
1459 1721 1677 1777 multos
1725 1721 2028 1792 Scriptura

373 1820 642 1882 testatur,
675 1814 898 1870 dicens:
937 1812 1068 1868 Cum
1099 1813 1465 1884 impterentur
1494 1817 1677 1867 autem
1729 1811 1841 1867 dies
1876 1811 2022 1866 mut-

372 1907 436 1974 ti,
495 1904 792 1960 comitium
839 1904 1091 1973 fecerunt
1142 1902 1325 1957 Judaei
1377 1905 1438 1955 ut
1494 1917 1618 1955 eum
1659 1901 2027 1970 interﬁcerent

374 1995 508 2066 (Act.
541 2010 599 2049 Ix
626 1993 740 2063 23).
789 1991 948 2048 Notae
981 1995 1176 2046 autem
1204 1991 1366 2045 facta:
1399 1994 1537 2045 sunt
1595 1988 1772 2045 Paulo
1804 1989 2027 2045 insidiae

377 2099 622 2140 eorum:
658 2086 716 2138 et
754 2080 1171 2136 custodiebant
1226 2084 1425 2150 portas
1483 2079 1576 2134 die
1634 2096 1700 2134 ac
1747 2084 1930 2149 nocte,
1966 2083 2032 2133 ut

385 2189 520 2230 eum
552 2171 968 2227 interficerent.
999 2168 1362 2240 Aceipientes
1418 2185 1554 2240 ergo
1602 2168 1874 2240 discipuli
1903 2169 2031 2239 ejus

390 2267 580 2330 nocte,
605 2278 708 2334 per
729 2275 963 2315 murum
986 2258 1337 2314 dimiserunt
1361 2275 1519 2324 eum,
1537 2257 1954 2314 submittentes
1973 2257 2032 2312 in

395 2357 619 2424 sporta.
646 2351 788 2406 Cum
828 2357 1020 2404 autem
1073 2349 1329 2404 venisset
1375 2347 1724 2418 Jerusalem,
1774 2348 2037 2403 tentabat

385 2441 643 2512 jungere
672 2455 734 2494 se
761 2436 1088 2509 discipulis.
1121 2441 1334 2492 Lucam
1363 2452 1496 2492 vero
1522 2437 1677 2491 394
1720 2435 1934 2491 idcirco
1965 2436 2036 2491 de

395 2529 611 2585 Arabia
624 2527 966 2600 praeterisse,
984 2526 1122 2598 quia
1134 2525 1379 2582 forsitan
1393 2524 1538 2580 nihil
1553 2525 1796 2597 dignum
1812 2529 2038 2597 aposto-

394 2618 518 2674 latu
541 2617 600 2672 in
619 2615 830 2672 Arabia
843 2619 1205 2688 perpetraret
1227 2631 1239 2670 :
1265 2619 1322 2671 et
1335 2632 1402 2670 ea
1414 2615 1608 2686 potius
1625 2615 2038 2686 compendiosa

395 2707 725 2763 narratione
747 2705 985 2774 dixisse,
1001 2722 1128 2777 quea
1142 2703 1544 2777 dignaChristi
1559 2704 1868 2776 Evangelio
1886 2703 2038 2760 vide-

393 2798 630 2852 bantur.
663 2795 779 2850 Nec
810 2793 918 2850 hoc
948 2793 1210 2867 segnitiae
1243 2792 1507 2865 Apostoli
1539 2794 1966 2866 deputandum,
1988 2793 2039 2848 si

391 2886 608 2941 frustra
622 2884 680 2940 in
696 2884 905 2940 Arabia
917 2884 1089 2940 fuerit
1102 2884 1341 2955 [At.com
1351 2886 1611 2938 moratus
1625 2883 1719 2954 sit]
1737 2900 1749 2937 :
1766 2883 1866 2938 sed
1882 2882 2037 2953 quod

398 2973 974 3046 aliquadispensatio
986 2977 1043 3029 et
1057 2973 1157 3029 Dei
1171 2977 1523 3044 praeceptum
1540 2973 1714 3028 fuerit
1728 2976 1790 3027 ut
1803 2974 2034 3027 taceret.

401 3063 548 3119 Nam
579 3067 636 3118 et
667 3066 863 3135 postea
882 3061 1134 3134 legimus
1155 3060 1402 3116 Paulum
1427 3077 1559 3116 cum
1578 3060 1695 3116 Sila
1713 3076 2036 3132 egressum,

2055 1861 2103 1925 B

2126 563 2373 620 lectione
2403 566 2672 621 firmatus
2703 567 2892 640 pergit
2924 568 3403 642 Hierosolymam,
3459 575 3652 633 locum
3684 579 3768 633 vi-

2127 653 2310 708 sionis
2335 659 2392 709 et
2424 656 2623 725 pacis:
2656 674 2772 711 non
2839 662 2960 712 tam
3029 658 3348 717 disciturus
3405 663 3628 736 aliquid
3698 670 3770 724 ab

2127 743 2426 813 apostolis,
2451 761 2628 814 quam
2660 761 2794 800 cum
2827 745 2910 801 eis
2942 747 3317 820 Evangelium
3369 754 3523 822 quod
3557 756 3769 815 docue-

2129 836 2238 899 rat,
2275 831 2615 888 collaturus.

2200 919 2385 988 (Vers.
2422 921 2534 992 18.)
2568 945 2594 971 ‹‹
2632 923 2846 978 Deinde
2877 929 3009 995 post
3057 943 3242 983 annos
3292 934 3434 999 tres,
3485 933 3616 989 veni
3642 934 3772 992 Hie—

2129 1009 2484 1081 rosolymam
2514 1010 2706 1067 videre
2735 1012 2990 1068 Petrum.
3033 1037 3053 1062 π
3083 1016 3207 1074 Non
3232 1022 3297 1072 ut
3323 1020 3542 1093 oculos,
3570 1039 3774 1097 genas,

2128 1097 2478 1170 vultumque
2506 1100 2635 1171 ejus
2683 1101 2985 1173 aspiceret,
3040 1109 3242 1161 utrum
3292 1109 3658 1181 macilentus,
3703 1133 3777 1172 an

2131 1187 2367 1261 pinguis
2399 1207 2412 1258 ;
2447 1190 2673 1246 adunco
2706 1208 2846 1246 naso
2874 1197 3050 1263 esset,
3107 1211 3181 1250 an
3227 1203 3423 1257 recte:
3478 1205 3535 1257 et
3577 1207 3777 1263 utrum

2132 1277 2382 1333 frontem
2411 1279 2651 1334 vestiret
2679 1296 2884 1336 coma:
2918 1298 2992 1336 an
3049 1283 3135 1353 (ut
3180 1285 3446 1344 Clemens
3495 1289 3554 1346 in
3587 1292 3781 1351 Perio-

2131 1365 2224 1422 dis
2253 1368 2381 1437 ejus
2409 1369 2606 1440 refert)
2665 1369 2954 1426 calvitiem
3004 1371 3245 1429 haberet
3285 1375 3344 1430 in
3393 1379 3603 1451 capite.
3662 1383 3782 1441 Nec

2135 1460 2275 1528 puto
2307 1456 2638 1529 apostolicae
2669 1459 2849 1515 fuisse
2895 1461 3218 1532 gravitatis,
3269 1469 3334 1520 ut
3381 1474 3513 1538 post
3556 1475 3781 1530 tantam

2131 1545 2369 1601 triennii
2392 1548 2872 1619 praeparationem
2897 1550 3165 1621 ‘,a1iquid
3188 1552 3514 1612 humanum
3533 1559 3590 1614 in
3613 1561 3782 1620 Petro

2131 1633 2380 1689 voluerit
2409 1637 2686 1707 aspicere.
2719 1638 2830 1692 Sed
2863 1637 2957 1694 his
2983 1639 3168 1696 oculis
3201 1645 3428 1714 aspexit
3457 1663 3615 1718 eum,
3651 1652 3783 1723 qui-

2132 1723 2243 1778 bus
2275 1727 2332 1778 et
2362 1725 2533 1780 modo
2583 1726 2641 1780 in
2693 1727 2841 1783 ωδ
2896 1727 3175 1800 Epistolis
3224 1732 3350 1788 suis
3396 1734 3642 1793 videtur.
3676 1740 3779 1796 His

2135 1811 2319 1868 oculis
2351 1813 2564 1870 Paulus
2594 1815 2738 1870 vidit
2793 1817 3067 1888 Cepham,
3128 1819 3344 1890 quibus
3394 1841 3549 1881 nunc
3579 1845 3613 1881 a
3643 1845 3782 1899 pru-

2140 1901 2414 1957 dentibus
2445 1903 2776 1974 quibusque
2803 1904 3020 1961 Paulus
3053 1907 3178 1978 ipse
3209 1912 3588 1982 conspicitur.
3617 1918 3781 1982 Quod

2138 1989 2188 2046 si
2219 1991 2311 2045 cui
2345 2008 2460 2046 non
2491 1992 2740 2060 videtur,
2773 2010 2905 2048 cum
2939 1997 3224 2066 superiori
3247 2001 3653 2075 sensujungat
3674 2007 3780 2078 (Al.

2133 2080 2364 2151 junget)
2397 2079 2517 2134 haec
2547 2081 2780 2136 omnia:
2816 2083 2970 2152 quod
3003 2083 3149 2138 nihil
3200 2086 3312 2140 sibi
3363 2091 3611 2160 apostoli
3645 2110 3783 2150 con-

2140 2168 2404 2223 tulerint.
2438 2169 2582 2223 Nam
2625 2173 2681 2223 et
2707 2171 2861 2240 quod
2885 2170 3047 2226 visus
3076 2172 3183 2242 (At.
3201 2174 3434 2248 jussus)
3456 2178 3532 2233 sit
3552 2179 3636 2236 ire
3657 2182 3785 2239 Hie-

2143 2257 2519 2329 rosolymam,
2553 2259 2621 2313 ad
2656 2258 2766 2314 hoc
2797 2259 2916 2314 isse
2944 2264 3010 2315 ut
3039 2261 3632 2341 videretapostolum,
3667 2289 3784 2329 non

2145 2346 2406 2401 discendi
2437 2346 2651 2418 studio,
2685 2348 2822 2419 quia
2851 2352 2907 2403 et
2935 2349 3060 2421 ipse
3081 2352 3102 2384 ²
3131 2353 3403 2410 eumdem
3427 2358 3785 2428 praedicatio-

2146 2435 2238 2490 nis
2282 2435 2522 2491 haberet
2569 2443 2904 2505 auctorem;
2962 2439 3062 2494 sed
3122 2439 3359 2498 honoris
3411 2445 3583 2516 priori
3615 2465 3798 2520 apos-~

2145 2524 2262 2580 tolo
2289 2525 2605 2580 deferendi.
2639 2548 2666 2576 ‹‹
2701 2527 2769 2580 Et
2800 2527 3016 2582 mansit
3034 2531 3190 2600 apud
3215 2547 3349 2586 eum
3377 2533 3584 2592 diebus
3614 2539 3788 2609 quin-

2146 2614 2356 2669 decim.
2393 2636 2421 2662 »
2453 2619 2577 2670 Non
2608 2615 2816 2688 grandi
2846 2615 3102 2689 indiguit
3132 2619 3467 2691 magisterio
3499 2625 3599 2696 qui
3627 2629 3788 2684 tanto

2147 2719 2208 2758 se
2240 2704 2310 2758 ad
2360 2703 2677 2759 videndum
2720 2709 2956 2760 Petrum
3007 2711 3268 2780 tempore
3310 2714 3673 2784 praeparavit.
3719 2719 3789 2772 Et

2144 2793 2280 2848 licet
2302 2794 2656 2865 quibusdam
2679 2795 3339 2868 superﬂuumvideatur,
3359 2817 3634 2859 numeros
3651 2821 3792 2876 quo-

2148 2899 2261 2954 que
2292 2882 2391 2954 qui
2415 2883 2473 2937 in
2505 2883 2822 2954 Scripturis
2852 2889 2989 2938 sunt
3036 2885 3340 2943 observare
3361 2909 3382 2944 :
3435 2894 3631 2946 tamen
3671 2909 3788 2950 non

2147 2972 2252 3027 abs
2270 2988 2330 3026 re
2347 2971 2596 3026 arbitror
2617 2972 2950 3043 quindecim
2969 2973 3114 3043 dies,
3141 2975 3356 3045 quibus
3374 2979 3526 3049 apud
3549 2979 3788 3038 Petrum

2149 3059 2364 3114 Paulus
2385 3058 2688 3126 habitavit,
2715 3059 2945 3130 plenam
2961 3060 3290 3132 significare
3308 3065 3632 3138 scientiam,
3652 3086 3790 3125 eon-

395 3151 761 3226 prohibitum
787 3150 1225 3223 esseaSpiritu
1259 3155 1458 3206 sancto
1513 3151 1756 3205 verbum
1808 3149 1866 3204 in
1900 3149 2038 3205 Asia
2149 3153 2622 3218 summatamque
2675 3147 3021 3204 doctrinam.
3085 3150 3387 3222 Siquidem
3452 3155 3790 3225 quindecim

388 3241 550 3314 loqui
600 3241 733 3312 (Act.
783 3257 899 3306 xvr,
931 3240 1007 3312 6).
1046 3238 1258 3295 Aliter:
1318 3239 1407 3294 sed
1459 3239 1580 3294 abii
1625 3240 1686 3294 in
1734 3240 2037 3301 Arabiam;
2069 3229 2111 3296 C
2149 3241 2286 3293 sunt
2305 3235 2646 3292 carminain
2667 3235 2968 3306 Psalterio,
3001 3242 3057 3293 et
3086 3240 3421 3310 quindecim
3451 3244 3670 3315 gradus
3687 3263 3792 3319 per

388 3334 438 3386 et
468 3333 676 3387 iterum
705 3345 953 3385 reversus
982 3345 1104 3384 sum
1135 3332 1489 3384 Damascum.
1530 3327 1678 3391 Quid
1728 3327 1874 3382 mihi
1905 3345 2034 3400 pro-

392 3419 522 3475 dest
552 3419 667 3474 ista
696 3418 925 3486 relatio,
961 3418 1010 3473 si
1040 3417 1229 3490 legam
1262 3419 1414 3490 quod
1449 3417 1667 3473 Paulus
1716 3422 1850 3488 post
1879 3434 2035 3473 reve-

391 3507 668 3564 lationem
718 3506 934 3564 Christi
983 3508 1182 3563 statim
1230 3507 1361 3563 ierit
1402 3506 1462 3562 in
1511 3506 1828 3574 Arabiam;
1879 3511 1938 3562 et
1966 3508 2037 3564 de

392 3597 603 3653 Arabia
617 3596 816 3652 statim
834 3596 1184 3652 Damascum
1216 3596 1390 3652 fuerit
1411 3612 1675 3652 reversus
1702 3613 1716 3651 :
1733 3613 1836 3652 nec
1854 3596 2035 3652 sciam

396 3685 540 3758 quid
572 3686 648 3741 ibi
678 3685 950 3759 gesserit,
984 3686 1195 3756 quidve
1225 3684 1498 3741 utilitatis
1529 3684 1800 3741 habuerit
1827 3687 1945 3741 itus
1973 3703 2039 3742 ac

395 3775 618 3832 reditus
642 3775 669 3829 ‘I
698 3775 809 3830 Dat
838 3774 981 3830 mihi
1000 3774 1364 3830 occasionem
1387 3773 1610 3830 altioris
1643 3773 2038 3847 intelligentiae

395 3863 456 3918 in
488 3863 597 3919 hac
626 3865 828 3920 eadem
884 3863 1144 3935 Epistola
1199 3863 1323 3934 ipse
1379 3863 1714 3934 Apostolus,
1777 3881 1909 3920 cum
1969 3865 2040 3920 de

393 3951 712 4022 Abraham,
743 3958 915 4025 Agar,
948 3958 1004 4008 et
1052 3955 1196 4008 Sara
1244 3952 1589 4024 disputans:
1642 3953 1776 4020 Quae
1821 3953 2042 4024 quidem

393 4045 546 4111 sunt,
579 4039 785 4113 inquit,
809 4058 915 4114 per
941 4041 1271 4114 allegoriam
1327 4041 1495 4096 dicta.
1550 4045 1685 4098 H.230
1735 4044 1887 4096 enim
1913 4046 2044 4098 sunt

391 4130 502 4186 duo
533 4131 904 4186 Testamenta:
963 4147 1134 4186 unum
1188 4130 1406 4202 quidem
1462 4148 1496 4185 a
1549 4135 1733 4186 monte
1788 4130 1942 4199 Sina,
1983 4133 2042 4186 in

392 4221 723 4276 servitutem
741 4236 1027 4291 generous,
1046 4234 1170 4292 qua:
1191 4223 1269 4274 est
1289 4220 1450 4290 Agar.
1475 4219 1610 4275 Sina
1628 4221 1776 4276 enim
1795 4237 1950 4276 mons
1965 4224 2044 4275 est

399 4311 460 4364 in
492 4311 721 4376 Arabia,
749 4312 846 4381 qui
857 4311 1086 4382 junctus
1105 4317 1183 4364 est
1203 4311 1275 4376 ei,
1316 4326 1435 4380 qua:
1462 4325 1612 4365 nune
1649 4318 1726 4365 est
1743 4311 2046 4366 Jerusalem

398 4396 603 4468 (Gatat.
635 4414 711 4464 1v,
741 4400 830 4455 24,
863 4399 976 4470 25).
1029 4399 1098 4453 Et
1143 4399 1310 4454 docet
1363 4397 1537 4454 Vetus
1577 4398 2041 4466 Testamentum,

400 4485 514 4541 hoc
544 4491 633 4542 est
661 4487 878 4543 ancillae
909 4488 1024 4559 [Αἰ.
1075 4487 1134 4543 in
1187 4486 1434 4558 ancillae]
1493 4487 1702 4558 filium,
1735 4488 1793 4542 in
1833 4488 2046 4544 Arabia

399 4589 531 4644 quae
561 4573 977 4646 interpretatur
1006 4574 1256 4646 (humilis
1285 4579 1342 4630 et
1370 4573 1613 4645 occidua)
1653 4575 2043 4632 constitutum

397 4661 612 4718 Statim
633 4662 830 4736 itaque
854 4667 922 4719 ut
951 4663 1198 4720 credidit
1215 4663 1432 4719 Paulus
1461 4664 1532 4718 ad
1560 4663 1791 4736 Legem,
1816 4666 1887 4719 ad
1915 4667 2046 4721 Pro-

396 4750 627 4823 phetas,
661 4753 732 4808 ad
757 4752 980 4810 Veteris
1000 4753 1356 4809 Testamenti
1372 4753 1499 4823 jam
1525 4752 1584 4806 in
1606 4752 1844 4809 occiduo
1871 4755 2044 4824 positi

396 4845 766 4897 sacramenta
796 4859 1130 4914 conversus,
1163 4841 1430 4914 quaesivit
1486 4840 1545 4895 in
1587 4842 1671 4896 eis
1721 4841 2042 4914 Christum,

399 4945 574 5001 quem
599 4932 810 5002 jussus
839 4933 1028 4989 fuerat
1057 4931 1114 4987 in
1160 4931 1434 5004 gentibus
1482 4930 1830 5001 praedicare:
1865 4937 1921 4986 et
1952 4947 2043 4987 re-

397 5023 561 5091 perto
625 5019 750 5089 illo,
815 5038 931 5078 non
997 5024 1087 5077 est
1154 5020 1233 5075 ibi
1318 5019 1542 5075 diutius
1606 5025 2046 5094 commoratus;

395 5109 500 5164 sed
531 5124 798 5166 reversus
831 5116 921 5168 est
949 5115 1322 5179 Damascum,
1375 5109 1482 5165 hoc
1529 5113 1638 5176 est,
1690 5110 1762 5164 ad
1807 5109 2044 5182 sangui-

475 5324 489 5358 ²
521 5323 675 5380 Nihil
709 5326 1001 5396 ejusmodi
1027 5327 1087 5381 in
1109 5327 1555 5396 Recoguitionum
1586 5325 1750 5380 libris
1781 5325 2044 5381 Clemen-

396 5393 442 5450 ti
471 5393 780 5469 perperam
812 5397 1083 5469 aseriptis
1112 5393 1432 5454 hodienum
1462 5401 1552 5451 est
1607 5397 1884 5451 invenire.
1918 5398 2047 5453 Mox

401 5483 558 5541 unus
585 5467 1011 5540 Cisterciensis,
1044 5472 1281 5525 triennii
1305 5469 1774 5541 [medicationem
1803 5469 1961 5540 legit.

467 5540 490 5573 ³
525 5541 646 5595 Duo
677 5556 823 5596 mss.
856 5558 970 5598 non
997 5542 1218 5597 videndi
1252 5540 1444 5610 studio,
1477 5540 1609 5610 quia
1653 5543 1730 5594 est
1765 5541 1896 5609 ipse,
1936 5544 2043 5596 etc.

394 5612 581 5687 Antea
611 5617 758 5680 erat,
791 5616 887 5687 qui
920 5630 1024 5687 pro
1056 5615 1205 5687 quia.

466 5683 490 5762 Ρ
518 5683 585 5747 In
615 5700 733 5743 uno
763 5680 1032 5745 P'alat'ino
1059 5680 1467 5748 desiderantur
1502 5697 1692 5750 voces,
1745 5680 1819 5761 ad
1845 5697 2047 5742 canen-

2147 3328 2300 3400 quod
2334 3327 2406 3381 ad
2439 3326 2762 3381 canendum
2810 3327 3136 3382 ascendunt
3183 3329 3298 3385 Deo
3320 3331 3361 3396 ³,
3416 3337 3471 3387 et
3522 3333 3581 3388 in
3623 3335 3788 3392 atriis

2145 3418 2273 3488 ejus
2304 3416 2742 3472 consistendum
2766 3415 2966 3485 justus
2997 3418 3276 3473 ascendit.
3326 3421 3598 3479 Ezechias
3637 3441 3786 3496 quo-

2146 3522 2260 3578 que
2289 3505 2623 3577 quindecim
2653 3521 2940 3559 annorum
2971 3508 3159 3576 spatio
3192 3507 3304 3562 sibi
3336 3509 3407 3563 ad
3427 3509 3607 3566 vitam
3629 3509 3789 3579 dato,

2149 3595 2384 3667 signum
2415 3593 2674 3664 accipere
2706 3599 2962 3649 meretur
2991 3594 3051 3648 in
3081 3596 3362 3667 gradibus
3393 3598 3529 3669 (Isa.
3553 3617 3788 3672 xxxvm,

2146 3685 2202 3751 5,
2233 3684 2287 3754 8)
2315 3700 2327 3737 :
2365 3686 2420 3736 et
2450 3681 2849 3738 solemnitates
2884 3682 2977 3737 Dei
3011 3700 3044 3737 a
3065 3682 3270 3755 quinto
3304 3686 3528 3743 decimo
3575 3689 3669 3745 die
3697 3690 3794 3746 in-

2149 3773 2375 3845 cipiunt
2433 3772 2624 3842 (Levit.
2681 3788 2854 3839 xxm;
2913 3773 2970 3837 6,
3010 3772 3152 3827 Num
3197 3791 3350 3844 xxxx,
3411 3776 3522 3848 l2).
3556 3777 3792 3834 Necnon

2149 3861 2313 3933 (quia
2338 3860 2626 3932 duplicem
2647 3859 3093 3932 intelligentiam
3119 3866 3457 3936 sequamur)
3490 3870 3796 3938 propterea

2151 3949 2487 4022 quindecim
2516 3953 2679 4021 ponit
2701 3949 2843 4019 dies,
2867 3951 3211 4006 utostendat
3232 3967 3346 4007 non
3372 3953 3551 4009 fuisse
3572 3955 3794 4024 grande

2150 4045 2406 4112 tempus,
2442 4055 2556 4110 quo
2587 4037 2840 4110 potuerit
2864 4038 3084 4109 aliquid
3118 4056 3151 4095 a
3171 4040 3335 4096 Petro
3357 4042 3579 4097 discere
3604 4060 3618 4109 ;
3644 4043 3792 4099 utad

2151 4128 2318 4183 illum
2350 4144 2590 4184 sensum
2623 4145 2656 4182 a
2686 4144 2801 4199 quo
2835 4127 3027 4199 coepit,
3074 4132 3284 4184 cuncta
3335 4130 3696 4186 referantur:
3731 4146 3794 4186 se

2152 4233 2266 4272 non
2299 4217 2370 4272 ab
2400 4216 2638 4272 homine
2666 4216 2904 4271 doctum
2935 4231 3086 4280 esse,
3121 4217 3218 4271 sed
3253 4234 3286 4271 a
3316 4221 3455 4284 Deo.

2223 4305 2408 4377 (Vers.
2445 4305 2530 4375 19)
2569 4326 2590 4352 α
2623 4303 2821 4357 Alium
2856 4307 3051 4358 autem
3081 4305 3495 4376 Apostolorum
3543 4307 3661 4364 vidi
3693 4323 3795 4365 ne-

2153 4394 2393 4460 minem,
2419 4392 2531 4447 nisi
2555 4392 2839 4446 Jacobum
2855 4391 3092 4448 fratrem
3115 4394 3364 4451 Domini.
3392 4418 3420 4446 »
3443 4396 3680 4453 Memini
3704 4413 3798 4452 me

2153 4485 2294 4538 dum
2320 4482 2518 4537 Romae
2537 4496 2750 4550 essem,
2770 4481 3032 4552 impulsu
3063 4484 3310 4540 fratrum
3329 4485 3547 4541 librum
3574 4487 3645 4541 de
3662 4502 3797 4542 san-

2074 4599 2121 4664 D
2153 4578 2254 4628 ctte
2306 4569 2498 4626 Mariae
2546 4569 2875 4664 virginitate
2927 4571 3180 4628 edidisse
3239 4580 3539 4646 perpetua,
3589 4575 3648 4629 in
3681 4590 3797 4645 quo

2157 4661 2301 4717 mihi
2335 4676 2569 4717 necesse
2602 4658 2710 4714 luit
2742 4660 2812 4714 de
2845 4659 2936 4715 his
2980 4662 3078 4732 qui
3130 4662 3338 4718 fratres
3372 4662 3604 4718 Domini
3656 4661 3798 4717 dicti

2155 4757 2312 4818 sunt,
2349 4750 2571 4806 diutius
2619 4749 2938 4820 disputare.
2990 4749 3154 4805 Unde
3199 4751 3629 4822 qualiacunque
3659 4754 3799 4806 sunt

2153 4840 2256 4896 illa
2284 4857 2410 4911 qua:
2459 4838 2825 4909 scripsimus,
2879 4837 2973 4894 his
3019 4839 3276 4894 contenti
3326 4856 3454 4895 esse
3493 4840 3798 4896 debemus.

2155 4930 2319 4984 Nunc
2350 4928 2457 4984 hoc
2489 4927 2762 4994 sufﬁciat,
2786 4930 2850 4981 ut
2897 4931 3133 4998 propter
3177 4929 3440 5000 egregios
3497 4944 3710 4997 mores,
3741 4933 3800 4984 et

2156 5015 2670 5089 incomparabilem
2689 5015 2862 5070 fidem
2881 5016 3343 5090 sapientiamque
3356 5035 3472 5074 non
3488 5019 3738 5075 mediam
3753 5019 3794 5086 ‘,

2159 5107 2334 5162 frater
2354 5105 2544 5161 dictus
2567 5106 2643 5159 sit
2663 5103 2888 5158 Domini
2920 5121 2932 5158 :
2966 5109 3023 5160 et
3051 5107 3206 5177 quod
3239 5107 3466 5177 primus
3516 5108 3567 5163 ei
3599 5106 3795 5163 Eccle-

2156 5325 2304 5379 dum.
2331 5319 2623 5374 Victorius
2657 5318 3155 5388 quemadmodum
3187 5325 3244 5376 et
3275 5321 3550 5378 Rabanus
3582 5320 3798 5378 rectius

2156 5398 2353 5450 tacent
2383 5391 2745 5458 subsequens
2777 5389 3040 5459 verbum,
3072 5392 3387 5448 ascendunt.

2227 5469 2248 5500 ⁴
2276 5467 2435 5520 Hanc
2465 5476 2659 5516 vocem
2692 5477 2806 5514 non
2838 5461 3121 5517 intellexit
3151 5464 3448 5522 Marianus
3468 5463 3755 5520 Victorius
3781 5479 3796 5520 :

2157 5539 2285 5594 ideo
2317 5538 2386 5591 de
2417 5550 2523 5590 suo
2545 5533 2740 5603 posuit
2760 5532 3032 5589 modicam
3055 5540 3258 5591 contra
3274 5553 3625 5592 consensum
3651 5551 3794 5592 mss.

2157 5605 2484 5680 eodd.,iqui
2515 5621 2718 5660 omnes
2745 5604 3017 5680 retinent,
3056 5609 3511 5680 sapientiamque
3543 5624 3660 5662 non
3684 5623 3798 5680 me-

2157 5624 2351 5680 cooo.,
2426 5624 2484 5661 ui
2515 5624 2718 5660 omnes
2745 5624 3017 5675 retinent,
3056 5624 3496 5678 sapientiamque
3543 5624 3660 5662 non
3685 5624 3798 5663 me-

2157 5682 2328 5752 diam,
2360 5624 2420 5737 ig
2459 5681 2548 5735 est
2598 5692 2715 5736 non
2767 5677 3143 5752 mediocrem,
3191 5679 3294 5739 sed
3342 5676 3516 5756 primi
3558 5678 3798 5753 gradus.
