4144 6202
365 340 484 402 359

1605 336 1671 396 S.
1716 330 2032 398 EUSEBII
2075 327 2520 394 HIERONYMI

3653 329 3776 390 360

367 469 635 542 compelli
667 472 802 524 ante
833 483 948 524 non
980 469 1172 540 potuit
1201 469 1272 524 ad
1315 467 1842 534 circumcisionem,
1877 483 2004 522 rur-
2037 468 2090 534 Α
2122 465 2422 538 potuimus
2450 465 2506 519 vi
2537 480 2602 519 ac
2635 460 2858 518 ratione
2904 458 3194 533 compelli,
3229 463 3294 514 ut
3321 459 3774 519 observaremus

365 577 497 616 sum
537 557 923 614 circumcisus
976 557 1073 623 sit,
1106 561 1281 630 atque
1333 559 1636 628 subjectus
1659 557 1686 611 ‘?
1716 562 1850 628 Aut,
1885 574 2009 628 qua:

364 653 454 705 est
485 648 595 703 ista
622 647 834 704 veritas
877 646 1194 719 Evangelii,
1226 647 1516 719 hypocrisi
1547 647 1748 702 cedere
1777 646 2005 702 Judaeo-

363 753 534 806 rum;
589 741 647 792 et
693 753 762 792 ea
818 752 945 808 quae
995 735 1156 808 prius
1204 736 1438 808 scybala
1495 735 1893 802 aestimaveris,
1953 740 2010 790 et

345 825 534 898 quasi
588 826 807 880 damna
855 825 1318 896 comtempseris,
1378 825 1709 892 observare,
1771 829 1826 879 et
1879 840 2008 879 esse

361 914 584 987 aliquid
635 915 944 983 aestimare,
978 930 1110 969 cum
1159 913 1305 968 nihil
1357 914 1524 968 sint?
1554 914 1664 968 Sed
1714 918 1770 968 et
1820 914 2008 984 ipsius

361 1003 631 1077 Epistolas
683 1003 884 1060 sensui
930 1003 1096 1058 valde
1146 1008 1451 1075 repugnat,
1494 1002 1728 1058 Galatas
1777 1003 1848 1058 ad
1897 1003 2006 1057 cir-

363 1092 781 1149 cumcisionem
838 1107 1125 1148 revocare.
1187 1095 1306 1146 Hoc
1370 1096 1492 1147 toto
1569 1091 1857 1147 sermonis
1916 1091 2007 1146 sui

358 1187 520 1240 textu
574 1182 710 1255 agit,
752 1185 816 1236 ut
873 1182 1077 1236 doceat
1131 1197 1192 1236 se
1251 1181 1553 1236 Hebraeum
1605 1197 1673 1236 ex
1732 1181 2004 1248 Hebraeis,

359 1270 558 1328 omnia
588 1271 880 1341 quondam
909 1268 1057 1341 legis
1096 1284 1272 1340 opera
1319 1273 1668 1335 servantem,
1700 1269 2006 1324 circumci-

359 1376 493 1416 sum
533 1364 736 1415 octava
783 1358 875 1414 die
923 1358 1248 1413 secundum
1292 1358 1480 1430 legem
1533 1358 2002 1413 Pharisaeorum:

358 1447 742 1504 nihilominus
789 1450 985 1501 tamen
1039 1447 1110 1502 ob
1160 1446 1371 1502 Christi
1440 1446 1687 1518 gratiam
1737 1446 2007 1502 universa

356 1539 745 1591 contemnere.
779 1533 926 1589 Nam
949 1550 1081 1588 cum
1117 1534 1259 1589 isset
1278 1534 1759 1606 Hierosolymam,
1789 1540 1843 1590 et
1873 1535 2005 1591 falsi

357 1625 568 1680 fratres
629 1623 729 1694 qui
785 1640 853 1678 ex
925 1621 1367 1678 circumcisione
1447 1623 1813 1678 crediderant
1869 1641 2003 1679 eum

355 1712 568 1769 vellent
615 1711 915 1782 impellere
961 1712 1108 1766 401
1148 1715 1214 1766 ut
1265 1711 1708 1767 circumcideret
1753 1712 1997 1768 Titum:

357 1818 461 1858 nec
508 1801 728 1867 Titum,
763 1816 865 1855 nec
909 1816 970 1855 se
1017 1801 1266 1855 cessisse
1305 1800 1609 1872 violentiae,
1642 1817 1757 1870 quo
1803 1801 2001 1855 minus

354 1890 715 1946 custodirent
761 1888 1056 1961 Evangelii
1105 1889 1426 1944 veritatem.
1461 1889 1624 1952 Quod
1675 1889 1724 1944 si
1770 1889 1911 1944 dicit
1938 1907 2000 1945 se

354 1978 696 2034 necessitate
745 1983 1086 2050 superatum
1136 1982 1201 2032 ut
1249 1977 1693 2033 circumcideret
1741 1978 1938 2033 Titum
1981 1996 1994 2033 :

352 2069 646 2140 quomodo
696 2066 930 2122 Galatas
963 2071 1191 2122 revocat
1239 2085 1271 2122 a
1323 2067 1789 2134 circumcisione,
1823 2086 1856 2122 a
1885 2085 2000 2139 qua

352 2175 457 2214 nec
485 2157 702 2223 Titum,
735 2157 835 2228 qui
867 2173 1066 2211 secum
1099 2157 1286 2211 fuerat
1310 2174 1378 2211 ex
1407 2159 1700 2228 gentibus,
1734 2156 1999 2212 Hieroso-

350 2246 524 2319 lymis
574 2245 765 2318 potuit
811 2245 1129 2300 excusare?
1162 2246 1363 2315 Itaque
1408 2248 1509 2300 aut
1547 2245 1718 2314 juxta
1768 2244 1998 2301 Graecos

353 2337 580 2392 codices
610 2339 700 2391 est
727 2333 1040 2405 legendum
1077 2351 1088 2388 :
1124 2333 1326 2401 Quibus
1357 2349 1531 2404 neque
1559 2333 1632 2387 ad
1663 2333 1854 2388 horam
1883 2352 1998 2388 ces-

351 2427 523 2480 simus
551 2424 910 2494 subjectioni;
944 2428 1009 2477 ut
1039 2429 1462 2493 consequenter
1490 2423 1676 2493 possit
1704 2422 1946 2495 intelligi
1982 2440 1994 2479 :

353 2518 416 2567 ut
457 2514 661 2568 veritas
711 2512 1001 2579 Evangelii
1050 2519 1374 2580 permaneat
1423 2511 1569 2581 apud
1630 2527 1740 2565 vos.
1789 2513 1902 2565 Aut
1950 2510 1999 2565 si

354 2601 544 2657 Latini
593 2599 941 2672 exemplaris
990 2599 1162 2654 alicui
1218 2600 1362 2654 fides
1411 2599 1617 2670 placet,
1671 2601 1997 2655 secundum

352 2690 712 2762 superiorem
743 2705 982 2744 sensum
1030 2688 1289 2760 accipere
1337 2689 1620 2744 debemus
1653 2706 1665 2744 :
1703 2695 1767 2744 ut
1795 2691 1867 2747 ad
1901 2689 1998 2744 ho-

353 2796 479 2835 ram
538 2779 725 2834 cessio
784 2793 898 2833 non
965 2776 1421 2832 circumcidendi
1468 2777 1604 2844 Titi,
1664 2777 1765 2832 sed
1823 2777 1999 2832 eundi

2121 554 2622 610 circumcisionem
2680 568 2859 623 quam
2918 551 3249 606 sciebamus
3301 566 3429 606 esse
3479 551 3705 607 ﬁnitam
3755 571 3769 609 :

2118 662 2219 700 vos
2249 662 2317 700 ex
2364 643 2661 716 gentibus,
2695 642 2846 696 402
2877 657 2978 696 vos
3008 641 3066 695 in
3121 638 3367 706 Galatia,
3400 656 3503 695 vos
3552 641 3770 712 quibus

2117 735 2203 789 vis
2235 733 2396 788 nulla
2435 733 2634 788 inferri
2668 735 2874 802 potest,
2913 729 3062 784 ultro
3112 746 3146 782 a
3175 728 3361 800 gratia
3409 729 3768 799 recedentes,

2118 823 2186 876 ad
2245 823 2408 894 chis
2451 823 2577 892 jam
2625 819 2851 875 abolitae
2895 817 3344 874 transcendistis
3391 822 3767 875 vetustatem.

2188 910 2372 980 (Vers.
2403 912 2485 980 6.)
2514 933 2542 959 ‹‹
2575 909 2659 964 Ab
2708 908 2802 964 his
2849 913 3044 963 autem
3095 906 3194 978 qui
3243 907 3595 962 videbantur
3639 925 3768 965 esse

2117 998 2360 1072 aliquid,
2393 999 2596 1071 quales
2629 997 2945 1069 aliquando
2977 996 3220 1062 fuerint,
3257 995 3407 1051 nihil
3440 1013 3570 1052 mea
3594 997 3769 1054 inter-

2116 1093 2205 1144 est
2262 1107 2275 1144 :
2343 1091 2491 1144 Deus
2545 1103 2855 1158 personam
2928 1085 3188 1141 hominis
3264 1101 3378 1140 non
3440 1085 3671 1158 accipit.
3735 1111 3757 1140 ι

2116 1175 2292 1247 Licet,
2321 1177 2533 1247 inquit,
2564 1176 2799 1231 Petrum
2831 1179 2888 1230 et
2916 1175 3201 1230 Joannem
3247 1175 3530 1230 Dominus
3563 1192 3762 1232 secum

2117 1265 2410 1338 apostolos
2431 1264 2720 1332 habuerit,
2739 1269 2796 1319 et
2816 1263 3300 1336 transﬁguratum
3321 1280 3455 1319 eum
3482 1264 3540 1318 in
3565 1269 3763 1321 monte

2113 1355 2365 1410 viderint
2393 1353 2620 1425 (Matth.
2654 1370 2789 1424 xvn,
2819 1354 2871 1420 1,
2904 1356 2970 1421 2;
3005 1352 3168 1408 Marc.
3205 1370 3279 1417 1x,
3316 1353 3367 1423 1,
3390 1352 3467 1423 2),
3502 1356 3557 1408 et
3587 1370 3763 1425 super

2114 1443 2274 1514 ipsos
2307 1443 2569 1498 Ecclesiae
2594 1443 2670 1496 sit
2691 1442 2946 1514 positum
2987 1441 3475 1496 fundamentum:
3508 1441 3650 1497 mihi
3683 1448 3765 1498 ta-

2115 1549 2248 1588 men
2290 1532 2438 1587 nihil
2487 1533 2680 1597 refert,
2713 1531 2853 1602 quia
2900 1547 3014 1585 non
3067 1532 3375 1585 adversum
3409 1545 3524 1586 eos
3557 1532 3765 1603 loquor

2113 1622 2213 1693 qui
2244 1638 2309 1676 eo
2340 1626 2600 1692 tempore
2635 1620 2940 1675 Dominum
2977 1620 3393 1690 sequebantur,
3415 1621 3522 1676 sed
3555 1621 3763 1677 adver-

2113 1727 2245 1765 sum
2277 1726 2374 1766 eos
2403 1710 2613 1781 loquor
2641 1710 2739 1781 qui
2759 1726 2915 1764 nunc
2945 1708 3131 1780 legem
3161 1714 3506 1781 praeponunt
3528 1712 3762 1782 gratiae:

2114 1817 2218 1854 nec
2266 1799 2510 1854 detraho
2570 1798 3035 1870 praecessoribus,
3086 1813 3192 1852 nec
3243 1798 3300 1852 in
3354 1797 3549 1870 aliqua
3600 1804 3763 1871 parte

2109 1905 2318 1944 accuso
2357 1891 2628 1958 majores,
2653 1888 2753 1943 sed
2778 1887 2885 1942 hoc
2923 1887 3071 1956 dico,
3096 1887 3238 1958 quia
3263 1887 3412 1942 Deus
3448 1904 3759 1959 personam

2107 1978 2363 2034 hominis
2394 1994 2510 2033 non
2541 1977 2770 2048 accipit.
2807 1977 2931 2032 Non
2963 1976 3119 2032 enim
3152 1975 3376 2049 accepit
3406 1977 3610 2049 Moysi,
3637 1995 3753 2033 non

2107 2067 2329 2138 accepit
2371 2066 2570 2134 David,
2605 2083 2720 2120 non
2770 2065 2994 2138 accepit
3045 2064 3344 2121 aliorum:
3394 2082 3499 2121 nec
3553 2082 3756 2122 eorum

2107 2173 2241 2228 ergo
2280 2155 2541 2227 accipiet,
2575 2154 2673 2225 qui
2728 2155 2941 2209 cedere
2973 2154 3329 2225 quibusdam
3362 2150 3654 2210 'videntur
3682 2157 3756 2212 ad

2107 2250 2366 2316 tempus,
2394 2244 2628 2299 tametsi
2659 2243 2770 2315 ipsi
2803 2259 3030 2298 mecum
3085 2243 3362 2312 sentiant,
3409 2248 3577 2300 Petro
3609 2261 3755 2316 quo-

2108 2350 2220 2404 que
2267 2334 2494 2388 dicente
2543 2349 2555 2386 :
2607 2333 2670 2387 In
2725 2334 2956 2387 veritate
3008 2348 3285 2403 cognosco,
3329 2334 3462 2403 quia
3514 2349 3626 2390 non
3679 2337 3760 2390 est

2108 2426 2356 2493 acceptor
2393 2438 2752 2494 personarum
2803 2422 2965 2487 Deus,
3026 2421 3122 2477 sed
3178 2423 3238 2476 in
3293 2424 3446 2477 omni
3493 2423 3606 2478 loco
3664 2425 3760 2494 qui

2109 2514 2265 2566 timet
2292 2528 2435 2577 eum,
2468 2516 2519 2566 et
2564 2521 2825 2583 operatur
2844 2512 3148 2582 justitiam,
3179 2512 3537 2582 acceptabitis
3586 2514 3639 2568 ei
3681 2516 3760 2568 est

2107 2601 2246 2669 (Act.
2270 2617 2326 2670 Χ,
2347 2601 2436 2671 34,
2463 2601 2572 2668 35).
2609 2603 2732 2665 Quo
2754 2599 2948 2671 itaque
2978 2605 3318 2671 argamento
3349 2601 3474 2672 ipse
3517 2606 3757 2658 sanctus

2108 2690 2406 2761 apostolus
2437 2689 2640 2744 Petrus
2671 2690 2980 2745 adversum
3010 2706 3108 2745 eos
3158 2689 3259 2760 qui
3289 2689 3348 2744 in
3392 2690 3658 2746 Cornelio
3685 2705 3754 2746 ex

2107 2779 2380 2850 gentibus
2441 2776 2750 2849 baptizato,
2811 2794 2915 2832 nec
2986 2777 3355 2845 circumciso,
3406 2778 3752 2834 scandalum

2108 2867 2501 2937 sustinebant,
2534 2865 2736 2931 utitur,
2768 2871 2826 2922 et
2868 2865 3060 2936 placat
3103 2883 3203 2921 eos
3233 2883 3296 2922 se
3327 2883 3444 2942 non
3495 2869 3757 2939 potuisse
3796 2907 3830 2942 τ

2108 2973 2317 3029 negare
2347 2972 2560 3026 aquam
2609 2955 2700 3010 his
2732 2954 2832 3026 qui
2881 2955 3162 3026 Spiritum
3195 2960 3466 3011 sanctum
3515 2973 3754 3028 accepe-
3792 2925 3948 3055 lii"

349 3045 589 3119 lymam,
623 3045 908 3101 seditione
955 3045 1027 3099 ob
1076 3043 1264 3116 legem
1297 3043 1612 3100 Antiochiae
1659 3045 1994 3101 concitata:
2106 3050 2238 3100 rant
2298 3062 2310 3098 ε
2371 3046 2575 3100 eodem
2643 3060 2798 3098 nunc
2868 3049 3105 3098 sanctus
3163 3045 3462 3115 apostolus
3535 3045 3753 3101 Paulus
3792 3043 3848 3067 "

351 3141 415 3190 ut
446 3152 548 3207 per
593 3133 914 3205 Epistolam
963 3135 1382 3206 apostolorum,
1417 3151 1525 3188 sua
1568 3133 1856 3189 sententia
1895 3135 1993 3188 ﬁr-
2038 3204 2054 3207 _
2104 3135 2412 3190 adversum
2446 3134 2641 3205 ipsum
2691 3134 2924 3188 Petrum
2959 3133 3241 3205 disputat,
3275 3135 3430 3205 quod
3483 3151 3754 3206 persona-

350 3204 658 3294 ma‘retur,
699 3227 757 3277 et
833 3204 1092 3277 maneret
1161 3225 1313 3293 apud
1381 3222 1610 3277 Galatas
1694 3222 1988 3295 Evangelii
2024 3204 2065 3271 Ο
2103 3240 2233 3279 rum
2287 3241 2401 3279 non
2461 3204 2538 3278 sit
2583 3227 2851 3294 acceptor
2896 3204 3071 3288 Deus,
3114 3221 3215 3278 sed
3266 3204 3749 3297 unumquemque

347 3312 584 3379 veritas,
620 3328 747 3383 quis
795 3327 908 3366 non
957 3314 1112 3366 esset
1142 3310 1198 3363 in
1233 3310 1444 3380 littera,
1478 3311 1578 3366 sed
1628 3311 1686 3364 in
1738 3312 1988 3382 spiritu;
2102 3331 2204 3384 pro
2235 3313 2470 3367 veritate
2490 3306 2819 3382 judicetIEt
2843 3311 2924 3366 ita
2954 3316 3122 3366 caute
3147 3315 3203 3366 et
3221 3311 3578 3382 pedetentim
3599 3313 3754 3368 inter

352 2867 816 2941 Hierosolymam
862 2867 1055 2922 fuerit.
1089 2868 1210 2932 Quo
1261 2865 1482 2953 scilicet
1510 2867 1722 2922 idcirco
1775 2867 2000 2938 subjec-

349 2957 493 3013 tioni
525 2957 808 3013 cesserint
845 2955 1061 3011 Paulus
1110 2964 1164 3010 et
1193 2956 1490 3011 Barnabas
1520 2955 1698 3011 eundi
1729 2955 1997 3011 Hieroso-

349 3419 464 3458 non
496 3402 556 3456 in
588 3399 807 3456 carnali
838 3399 1152 3468 sensu,sed
1176 3398 1233 3452 in
1265 3398 1647 3470 intelligentia
1667 3400 1988 3470 spirituali;

347 3508 452 3546 nec
481 3491 542 3546 in
575 3490 884 3545 manifesto
933 3488 1260 3556 Judaismo,
1296 3488 1396 3542 sed
1447 3488 1504 3541 in
1558 3487 1783 3542 occulto
1815 3491 1986 3556 (Rom.

346 3596 408 3648 II,
443 3579 534 3647 28,
583 3578 696 3650 29).
732 3577 1046 3633 Sciendum
1097 3593 1250 3648 vero,
1301 3577 1478 3649 quod,
1510 3580 1710 3643 autem,
1744 3578 1989 3648 conjun-

346 3669 459 3724 ctio
492 3684 621 3740 quas
653 3667 709 3720 in
753 3665 1019 3738 prasenti
1068 3666 1191 3720 loco
1223 3666 1458 3737 ponitur
1486 3682 1498 3719 :
1530 3667 1759 3734 Propter
1803 3667 1991 3721 subin-

342 3756 612 3813 troductos
661 3763 843 3811 autem
885 3753 1058 3825 falsos
1099 3758 1324 3824 fratres,
1357 3754 1656 3826 superflua
1704 3757 1819 3810 sit:
1854 3760 1908 3811 et
1939 3756 1988 3810 si

342 3847 591 3918 legatur,
625 3861 738 3901 non
772 3843 984 3899 habeat
1026 3843 1179 3915 quod
1212 3843 1263 3897 ei
1308 3845 1672 3915 respondeat,
1710 3844 1988 3917 illamque

341 3936 688 4003 concludat;
723 3935 822 3991 sed
873 3950 1001 3989 esse
1031 3933 1296 3988 ordinem
1347 3932 1612 3988 lectionis
1642 3938 1698 3988 et
1728 3951 1937 3990 sensus
1971 3951 1983 3990 :

341 4025 453 4082 Sed
491 4041 680 4096 neque
727 4024 894 4080 Titus
944 4023 1045 4094 qui
1089 4038 1318 4076 mecum
1363 4027 1507 4092 erat,
1542 4039 1673 4076 cum
1721 4028 1876 4078 esset
1919 4040 1987 4079 ex

338 4115 636 4188 gentibus,
697 4111 1040 4184 compulsus
1097 4116 1187 4166 est
1244 4111 1601 4166 circumcidi.
1661 4112 1986 4184 Statimque

340 4203 664 4275 subjungat
709 4218 835 4274 qua:
886 4216 1062 4255 causa
1108 4199 1302 4266 fuerit,
1349 4203 1414 4254 ut
1464 4200 1536 4254 ad
1589 4199 1983 4256 circumcisio-

342 4307 478 4347 nem
531 4289 929 4362 impelleretur
984 4289 1202 4345 invitus
1257 4307 1270 4343 :
1325 4293 1555 4360 Propter
1600 4289 1984 4345 subintroduc-

339 4383 436 4448 tos,
514 4379 729 4450 inquit,
814 4380 982 4449 falsos
1064 4381 1289 4450 fratres,
1367 4380 1462 4450 qui
1545 4379 1985 4434 subintroierunt

334 4469 629 4542 explorare
693 4468 1005 4523 libertatem
1058 4476 1303 4522 nostram
1372 4484 1539 4538 quam
1611 4469 1868 4524 habemus
1922 4471 1982 4523 in

2101 3402 2333 3458 laudem
2368 3408 2424 3455 et
2468 3400 2933 3471 obiurgationem
2967 3399 3118 3455 Petri
3153 3401 3381 3456 medius
3414 3401 3654 3470 incedit,
3688 3406 3752 3457 ut

2099 3495 2156 3545 et
2214 3489 2547 3562 praecessori
2597 3489 2855 3560 apostolo
2930 3490 3171 3556 deferat,
3233 3494 3290 3544 et
3360 3490 3747 3546 nihilominus

2101 3580 2376 3634 audacter
2424 3578 2474 3632 ei
2521 3578 2756 3632 resistat
2804 3578 2863 3631 in
2914 3577 3120 3633 faciem
3172 3578 3333 3648 (vers.
3369 3580 3474 3647 11),
3507 3579 3752 3635 veritate

2098 3667 2456 3739 compulsus.
2493 3689 2520 3716 «
2555 3666 2694 3722 Mihi
2728 3666 2882 3721 enim
2914 3666 3014 3738 qui
3041 3666 3410 3738 videbantur,
3444 3667 3594 3722 nihil
3623 3685 3758 3724 con-

2096 3757 2376 3812 tulerunt.
2440 3779 2467 3805 ››
2525 3757 2652 3827 ipse
2701 3755 2972 3827 superius
3011 3772 3146 3810 cum
3205 3755 3324 3812 illis
3379 3756 3647 3827 contulit,
3701 3762 3760 3813 et

2099 3846 2286 3901 multa
2315 3846 2386 3901 ad
2419 3861 2516 3900 eos
2549 3844 2765 3912 retulit,
2794 3861 2920 3916 quae
2951 3844 3010 3899 in
3042 3846 3320 3916 gentibus
3351 3851 3711 3918 perpetraret
3737 3864 3752 3903 :

2098 3935 2181 3990 illi
2215 3934 2357 3989 nihil
2383 3933 2757 3990 contulerunt
2776 3933 2850 4000 ei,
2879 3934 2980 4000 sed
3004 3935 3412 3990 tantummodo
3429 3952 3563 4007 quae
3587 3936 3660 3991 ab
3681 3951 3749 3992 eo

2095 4023 2250 4078 dicta
2269 4030 2407 4078 sunt
2417 4022 3131 4094 comprobantes,dextera
3147 4023 3360 4078 dederu
3372 4024 3746 4091 ntconsortii,

2094 4117 2152 4166 et
2183 4129 2367 4167 unum
2397 4129 2573 4168 suum
2607 4111 2887 4182 Paulique
2931 4110 3306 4184 Evangelium
3338 4112 3744 4169 firmaverunt.

2095 4201 2353 4257 Rursum
2403 4201 2747 4270 notandum,
2800 4201 2954 4272 quod
3001 4202 3355 4257 contulerunt
3403 4203 3446 4270 ²,
3503 4203 3747 4258 verbum

2095 4290 2289 4361 ipsum
2323 4290 2399 4345 sit
2428 4290 2486 4344 in
2520 4289 2736 4356 Greco,
2769 4289 2840 4344 de
2873 4305 2988 4361 quo
3019 4293 3152 4345 ante
3183 4291 3584 4346 tractavimus.

2164 4379 2348 4450 (Vers.
2395 4379 2534 4450 7-9.)
2588 4397 2610 4426 α
2657 4377 2769 4434 Sed
2825 4382 3026 4433 contra
3074 4395 3207 4434 cum
3263 4379 3549 4436 vidissent
3589 4379 3746 4452 quod

2094 4469 2378 4524 creditum
2400 4472 2489 4524 est
2520 4467 2662 4522 mihi
2686 4466 3065 4540 Evangelium
3091 4469 3388 4539 praeputii,
3411 4469 3565 4524 sicut
3594 4469 3749 4524 408

338 4559 560 4615 Christo
635 4559 781 4628 Jesu,
842 4567 904 4612 ut
954 4572 1052 4612 nos
1127 4559 1188 4612 in
1264 4559 1581 4612 servitutem
1653 4557 1981 4628 redigerent.
2014 4576 2062 4642 D
2094 4557 2261 4613 Petro
2291 4556 2780 4613 circumcisionis.
2812 4556 2921 4619 Qui
2953 4557 3111 4612 enim
3164 4561 3438 4629 operatus
3463 4561 3554 4614 est
3582 4557 3749 4614 Petro

335 4647 442 4714 Qui
492 4664 627 4704 cum
677 4645 858 4702 minis
906 4649 1204 4712 terrerent,
1239 4649 1296 4700 et
1343 4645 1721 4701 multitudine
1770 4646 1984 4702 vellent

333 4754 441 4794 nos
469 4755 503 4793 τι
530 4737 797 4794 libertate
831 4739 846 4772 ¹
880 4734 1094 4792 Christi
1136 4734 1196 4788 in
1228 4733 1374 4805 legis
1404 4735 1707 4790 traducere
1735 4735 1980 4791 servitu-

332 4831 475 4892 tem,
507 4842 578 4882 ne
627 4826 699 4882 ad
744 4831 980 4897 tempus
1029 4823 1266 4896 quidem
1299 4823 1384 4878 eis
1431 4824 1742 4893 cessimus,
1775 4828 1841 4879 ut
1869 4824 1980 4880 cir—

333 4914 802 4971 cumcideremus
845 4914 1043 4969 Titum
1080 4929 1092 4967 :
1129 4912 1382 4968 maxime
1430 4928 1564 4967 cum
1598 4918 1653 4967 et
1682 4912 1877 4983 aliqua
1906 4914 1978 4968 ob

333 5001 789 5058 ecclesiasticam
868 5018 1070 5074 pacem
1157 5001 1409 5072 potuerit
1480 5017 1585 5056 nos
1664 5003 1979 5058 necessitas

331 5107 656 5148 excusare:
691 5094 749 5145 et
794 5091 903 5146 hoc
950 5096 1141 5146 totum
1186 5091 1453 5156 fecimus,
1486 5095 1552 5145 ut
1599 5090 1763 5144 vobis
1816 5090 1980 5146 nulla

330 5180 496 5237 fieret
557 5179 782 5236 occasio
833 5180 905 5234 ab
953 5179 1243 5252 Evangelii
1301 5179 1488 5253 gratia
1536 5180 1863 5235 recedendi.
1917 5181 1976 5237 Si

328 5267 510 5341 igitur
539 5285 646 5324 nos
676 5267 1054 5340 Jerosolymis
1103 5270 1254 5324 inter
1282 5274 1478 5324 tantos
1506 5269 1741 5325 Judaeos
1780 5269 1975 5325 immi-

333 5358 634 5415 mentibus
695 5357 832 5413 hinc
882 5357 1018 5412 inde
1068 5356 1230 5413 talsis
1281 5359 1582 5424 fratribus,
1629 5364 1686 5414 et
1733 5359 1824 5413 his
1875 5361 1973 5431 qui

330 5449 584 5520 majores
615 5451 783 5503 erant
807 5445 1004 5517 aliqua
1050 5462 1116 5501 ex
1161 5453 1319 5516 parte
1349 5448 1780 5514 cohibentibus,
1815 5447 1977 5503 nulla

400 5594 417 5626 ί
452 5590 615 5647 Unus
646 5587 948 5645 Palatinus
977 5604 990 5644 :
1020 5588 1133 5660 Qui
1159 5604 1281 5642 cum
1311 5589 1474 5645 minis
1501 5596 1706 5648 terrere
1724 5591 1974 5647 multitu-

321 5661 508 5746 dinem
535 5663 754 5736 vellent,
787 5666 842 5728 et
871 5675 968 5720 nos
995 5677 1028 5721 a
1059 5660 1331 5734 libertate,
1363 5665 1472 5720 etc.

2096 4647 2152 4702 in
2210 4647 2603 4719 apostolatum
2663 4645 3149 4714 circumcisionis,
3211 4650 3485 4719 operatus
3549 4651 3638 4702 est
3691 4651 3750 4702 et

2093 4736 2239 4791 mihi
2286 4736 2434 4792 inter
2481 4739 2703 4808 gentes.
2737 4736 2806 4790 Et
2851 4751 2985 4790 cum
3035 4736 3444 4808 cognovissent
3493 4736 3748 4807 gratiam

2090 4843 2218 4898 qua:
2269 4827 2406 4881 data
2453 4830 2543 4881 est
2589 4823 2753 4890 mihi,
2785 4823 2991 4880 Petrus
3043 4829 3100 4879 et
3145 4825 3424 4891 Jacobus,
3457 4829 3516 4880 et
3565 4825 3747 4880 Joan-

2067 4932 2211 4992 nes,
2240 4916 2340 4986 qui
2387 4915 2735 4970 videbantur
2764 4912 3047 4969 columna:
3101 4929 3250 4980 esse,
3284 4916 3514 4970 dextras
3569 4913 3746 4970 dede-

2089 5009 2227 5059 runt
2281 5004 2424 5058 mihi
2484 5007 2541 5057 et
2601 5001 2898 5070 Barnabas,
2957 5001 3251 5058 societatis
3311 5017 3325 5057 :
3388 5007 3453 5056 ut
3512 5019 3618 5058 nos
3678 5002 3740 5057 in

2088 5099 2289 5165 gentes
2319 5110 2331 5159 ;
2367 5093 2477 5164 ipsi
2523 5097 2716 5146 autem
2751 5092 2810 5145 in
2854 5090 3378 5147 circumcisionem.
3417 5083 3742 5163 »f1‘7:ép6a-

2085 5201 2181 5234 του
2210 5186 2318 5252 est,
2350 5186 2406 5236 et
2453 5180 2657 5235 multis
2707 5197 2835 5252 qum
2885 5181 2943 5234 in
2995 5181 3186 5236 medio
3241 5185 3380 5235 sunt
3430 5180 3741 5251 interjectu

2088 5269 2356 5338 sublatis,
2410 5269 2494 5324 sic
2539 5269 2790 5325 breviter
2837 5269 2950 5340 legi
2999 5273 3209 5340 potest.
3244 5268 3385 5324 Mihi
3428 5269 3587 5324 enim
3639 5267 3744 5340 qui

2084 5360 2432 5415 videbantur
2487 5375 2614 5414 esse
2672 5357 2818 5413 nihil
2874 5357 3296 5413 contulerunt:
3331 5357 3432 5412 sed
3491 5361 3734 5412 econtra

2085 5449 2350 5504 dexteras
2409 5448 2695 5503 dederunt
2752 5447 2896 5502 mihi
2947 5452 3005 5502 et
3052 5447 3350 5512 Barnabas,
3412 5444 3738 5502 societatis.

2153 5592 2175 5626 ³
2203 5590 2438 5647 Veteres
2469 5591 2609 5647 editi
2659 5591 2855 5647 ipsum
2886 5590 3128 5646 verbum
3177 5589 3442 5646 Graecum
3485 5590 3735 5647 interse-

2084 5667 2224 5723 runt
2253 5681 2266 5725 :
2298 5663 2440 5738 quod
2467 5660 2876 5741 προσανέθεντο,
2907 5664 3279 5735 contulerunt,
3309 5667 3420 5726 etc.
