4144 6202
335 317 450 380 361

1025 317 1538 379 COMMENTAR.
1588 320 1664 378 ΙΝ
1716 319 1957 380 EPIST.
2004 322 2106 379 AD
2156 322 2434 381 GALA'I‘.
2482 325 2623 382 LIB.
2682 329 2722 395 Ι,
2772 327 2941 384 CAP.
2993 327 3068 385 ll.

3632 332 3748 390 36?

341 454 452 510 Aut
501 453 656 509 certe
708 448 806 506 ille
845 449 1064 522 absque
1105 450 1421 522 jactatione
1454 451 1567 516 sui,
1601 451 1862 506 occultus
1904 456 1992 507 est
2019 457 2073 521 Α
2105 470 2237 508 mus
2268 455 2589 527 principale
2621 455 2871 528 singulis
2903 457 2960 511 in
2992 459 3224 514 Judaeos
3255 463 3309 514 et
3330 464 3531 532 gentes
3564 461 3748 518 fuisse

338 555 599 597 sensus:
636 538 778 596 Mihi
829 539 930 609 qui
978 539 1325 596 videbantur
1370 558 1498 596 esse
1546 540 1788 612 aliquid,
1841 541 1984 596 nihil

337 628 751 694 contulerunt;
787 629 888 684 sed
921 633 1157 684 econtra
1205 646 1238 684 a
1287 647 1380 686 me
1426 630 1510 686 eis
1558 629 1837 686 collatum
1879 634 1986 696 est,

338 721 484 776 dum
539 720 689 774 ﬁunt
736 717 794 772 in
846 717 1138 790 Evangelii
1197 720 1384 791 gratia
1437 719 1744 776 ﬁrmiores.
1774 719 1987 773 Totum

336 815 532 869 autem
565 809 722 881 quod
756 807 913 875 dicit,
946 807 1055 863 hoc
1087 812 1176 864 est
1207 825 1219 863 :
1255 826 1408 864 unus
1440 812 1615 881 atque
1649 809 1804 864 idem
1842 806 1986 862 mihi

337 897 717 970 Evangelium
750 896 1041 970 praeputii,
1075 901 1132 952 et
1166 897 1326 954 Petro
1358 897 1820 954 circumcisionis
1869 913 1988 953 cre-

335 987 505 1042 didit.
539 987 630 1044 Me
661 985 820 1042 misit
849 986 920 1041 ad
952 989 1176 1057 gentes,
1211 985 1379 1041 illum
1413 987 1608 1058 posuit
1656 986 1715 1040 in
1763 986 1983 1041 Judaea.

334 1076 455 1133 Nec
477 1080 679 1148 gentes
702 1078 968 1147 poterant
991 1073 1193 1130 adulta
1208 1076 1333 1144 jam
1359 1079 1524 1130 aetate
1545 1093 1659 1130 non
1680 1075 1985 1153 profuturo

336 1163 806 1222 circumcisionis
837 1163 1036 1219 dolore
1067 1163 1335 1231 cruciari,
1368 1168 1424 1219 et
1455 1163 1757 1220 abstinens
1806 1180 1868 1218 se
1914 1164 1986 1218 ab

335 1253 510 1324 escis,
540 1253 754 1325 quibus
799 1267 1031 1324 semper
1083 1257 1484 1320 assueverant,
1539 1255 1595 1308 et
1644 1269 1791 1324 quas
1843 1256 1988 1307 Deus

333 1346 632 1400 creaverat
658 1342 729 1397 ad
761 1341 1044 1398 utendum
1076 1359 1089 1409 ;
1123 1357 1227 1397 nec
1261 1341 1320 1396 hi
1352 1342 1451 1413 qui
1492 1358 1560 1397 ex
1601 1340 1819 1396 Judazis
1867 1358 1990 1396 cre-

334 1432 607 1488 diderant
639 1435 696 1488 et
734 1430 1066 1487 circumcisi
1117 1434 1298 1497 erant,
1351 1435 1408 1486 et
1450 1447 1517 1485 ex
1568 1431 1989 1486 consuetudine

336 1520 508 1594 quasi
552 1521 811 1577 secunda
863 1524 1092 1586 natura,
1127 1519 1414 1592 putabant
1444 1536 1505 1575 se
1537 1537 1570 1574 a
1599 1519 1820 1574 cazteris
1849 1535 1987 1590 gen-

334 1610 494 1666 tibus
526 1609 660 1682 plus
689 1608 923 1676 habere,
975 1607 1142 1664 facile
1191 1612 1562 1664 contemnere
1609 1612 1876 1680 poterant
1922 1624 1990 1662 ea

333 1699 397 1755 in
456 1698 674 1770 quibus
733 1697 1156 1770 gloriabantur.
1213 1696 1580 1753 Providentia
1629 1696 1827 1768 itaque
1869 1697 1985 1762 Dei,

334 1787 488 1844 alius
535 1786 837 1860 apostolus
888 1785 1253 1842 circumcisis
1306 1785 1478 1887 datus
1527 1790 1638 1884 est,
1684 1785 1784 1856 qui
1841 1785 1987 1884 legis
2021 1821 2067 1887 Β

335 1876 563 1934 umbris
609 1876 905 1934 videretur
952 1878 1339 1946 acquiescere,
1389 1874 1540 1930 alius
1597 1874 1656 1928 in
1701 1873 1985 1946 praeputio

336 1965 696 2030 constitutis,
715 1964 816 2038 qui
850 1963 1141 2036 Evangelii
1173 1963 1424 2036 gratiam
1457 1979 1574 2020 non
1603 1967 1834 2036 putaret
1861 1979 1988 2018 esse

334 2055 666 2126 servitium,
697 2054 799 2110 sed
833 2052 1074 2109 liberam
1106 2053 1300 2109 ﬁdem.
1337 2053 1418 2108 Ne
1449 2053 1558 2109 sub
1590 2051 1786 2124 aliqua
1817 2068 1987 2107 occa‘

336 2145 500 2202 sione
529 2143 1015 2215 impedimentum
1061 2141 1194 2198 ﬁdei
1245 2146 1584 2198 nasceretur
1616 2158 1629 2195 :
1665 2147 1724 2196 et
1754 2145 1987 2212 propter

335 2231 843 2292 circumcisionem
892 2230 1010 2286 sive
1063 2231 1437 2303 praeputium,
1487 2247 1602 2286 non
1651 2230 1986 2286 crederetur

333 2325 397 2378 in
425 2321 742 2378 Christum.
775 2321 890 2376 Nec
921 2319 1030 2376 hoc
1061 2319 1312 2376 dicimus
1345 2321 1498 2392 quod
1535 2319 1759 2389 Petrus,
1793 2318 1890 2390 qui
1929 2322 1986 2373 et

332 2412 464 2486 ipse
522 2409 581 2466 in
637 2409 876 2466 Actibus
934 2408 1332 2481 apostolorum
1393 2407 1624 2464 nullum
1683 2407 1983 2463 hominem

333 2514 710 2556 communem
755 2513 885 2553 esse
933 2502 1186 2554 testatus
1231 2503 1319 2554 est
1371 2497 1508 2569 (Act.
1560 2514 1616 2568 χ,
1650 2497 1738 2568 34,
1771 2497 1883 2566 35),
1930 2499 1988 2550 et

332 2589 395 2644 in
427 2588 527 2642 illo
560 2603 714 2652 vase,
736 2588 887 2658 quod
922 2590 1173 2658 quatuor
1202 2585 1433 2658 angulis
1465 2587 1536 2641 de
1569 2584 1711 2640 coelo
1736 2585 1983 2639 missum

330 2676 560 2732 viderat
614 2675 772 2747 (Ibid.
828 2675 913 2739 14,
968 2676 1077 2742 15),
1137 2675 1411 2730 edocetur
1472 2673 1619 2727 nihil
1677 2673 1981 2740 interesse,

326 2765 576 2822 Judaeus
606 2763 683 2820 sit
707 2763 944 2835 aliquis,
978 2780 1048 2818 an
1081 2762 1339 2836 gentilis,
1373 2762 1541 2834 quasi
1583 2761 1800 2817 oblitus
1830 2760 1984 2833 prio-

333 2870 489 2921 rum,
562 2869 739 2924 super
811 2851 1101 2925 Evangelii
1172 2852 1380 2924 gratia,
1449 2851 1639 2925 legem
1699 2849 1988 2923 putaverit

335 2941 762 3000 observandam
798 2957 810 2994 :
844 2941 944 2998 sed
969 2945 1032 2995 ut
1053 2940 1177 3012 ipse
1209 2953 1440 3012 quoque
1470 2939 1658 3012 legem
1689 2938 1986 2994 custodire

336 3050 401 3090 se
432 3030 740 3101 simulans,
770 3030 1053 3102 paulatim
1081 3029 1316 3086 Judaeos
1355 3030 1426 3084 ab
1472 3031 1711 3101 antiquo
1755 3027 1985 3084 vivendi

338 3138 501 3178 more
528 3121 862 3177 deduceret.
900 3120 1025 3175 Non
1053 3119 1210 3176 enim
1242 3123 1511 3191 poterant
1541 3123 1770 3174 tantum
1793 3118 1984 3173 obser-

336 3210 591 3269 vationis
618 3209 900 3278 laborem,
919 3212 975 3264 et
1004 3208 1213 3265 veteris
1242 3208 1370 3264 vitae
1399 3207 1801 3264 cautissimam
1833 3208 1988 3262 404

340 3297 1038 3370 conversationem,quasi
1062 3303 1450 3370 purgamenta
1475 3297 1668 3352 subito
1690 3300 1746 3351 et
1775 3295 1990 3351 damna

339 3386 822 3446 contemnere.Ex
851 3402 966 3457 quo
997 3385 1407 3457 perspicimus,
1445 3390 1748 3457 propterea
1796 3385 1988 3440 dexte-

339 3494 438 3535 ras
479 3478 644 3533 datas
691 3473 870 3531 Paulo
920 3479 977 3530 et
1026 3475 1303 3530 Barnabe
1335 3474 1629 3529 societatis
1664 3477 1705 3540 ¹,
1737 3491 1769 3529 a
1800 3474 1985 3543 Petro,

334 3566 550 3624 Iacobo
577 3569 634 3621 et
660 3568 885 3620 Joanne
935 3581 947 3618 :
1006 3579 1076 3618 ne
1127 3563 1529 3619 observatione
1581 3563 1759 3632 varia,
1795 3563 1986 3617 diver-

336 3671 474 3711 sum
503 3653 717 3710 Christi
749 3651 1126 3725 Evangelium
1159 3656 1495 3724 putaretur;
1529 3653 1628 3707 sed
1651 3658 1707 3707 et
1737 3651 1984 3707 circum-

334 3743 593 3802 cisorum
628 3747 684 3800 et
713 3741 1057 3798 habentium
1104 3741 1454 3813 praeputium
1497 3745 1649 3798 esset
1677 3758 1796 3797 una
1826 3757 1989 3797 com-I

334 3832 562 3888 munio.
614 3829 858 3886 Pulchre
902 3834 1098 3887 autem
1147 3830 1501 3902 przestruxit,
1563 3830 1763 3885 dicens
1815 3848 1826 3885 :
1880 3831 1986 3898 Qui

330 3921 493 3976 enim
541 3927 793 3991 operatus
840 3921 918 3975 est
961 3920 1122 3976 Petro
1169 3921 1232 3975 in
1286 3919 1652 3990 apostolatum
1699 3920 1985 3974 circumci-

330 4010 510 4066 siom's
542 4027 562 4063 .·
595 4023 666 4063 ne
695 4008 826 4079 quis
858 4024 992 4064 eum
1039 4011 1269 4079 putaret
1317 4007 1620 4064 detrahere
1665 4008 1849 4072 Petro,
1882 4008 1983 4062 sed

333 4102 401 4152 ut
457 4095 734 4154 laudibus
790 4098 918 4166 ejus
968 4100 1103 4152 ante
1161 4095 1500 4168 pramissis,
1560 4094 1986 4168 intelligeretur

332 4186 541 4242 Petrus
571 4185 701 4243 ideo
735 4184 1238 4244 circumcisionem
1288 4185 1485 4256 aliqua
1531 4200 1601 4240 ex
1650 4189 1811 4257 parte
1853 4201 1983 4240 sus-

331 4275 547 4346 cipere,
582 4279 648 4329 ut
677 4291 775 4331 eos
810 4275 912 4347 qui
964 4274 1077 4330 sibi
1125 4291 1194 4329 ex
1235 4273 1454 4329 Judaais
1505 4274 1710 4329 crediti
1755 4274 1986 4329 fuerant

329 4361 722 4431 lucrifaceret,
752 4363 895 4420 etin
926 4361 1138 4419 Christi
1181 4362 1294 4418 ﬁde
1345 4367 1403 4417 et
1451 4362 1758 4434 Evangelio
1789 4367 1980 4417 custo—

331 4451 510 4508 diret.
545 4449 941 4523 Subintelligit
994 4451 1171 4507 etiam
1231 4451 1383 4522 quod
1442 4451 1491 4505 si
1549 4449 1646 4505 ille
1694 4452 1714 4484 ²
1761 4451 1983 4522 absque

2100 544 2466 610 mandatum,
2517 550 2582 598 ut
2628 545 2728 616 qui
2779 545 3168 602 defendebant
3221 546 3429 620 legem,
3463 549 3750 607 haberent

2099 647 2272 701 quem
2305 638 2723 702 sequerentur;
2758 633 2858 704 qui
2891 633 3002 706 legi
3043 634 3290 706 gratiam
3341 638 3743 708 praeferebant,

2097 737 2211 774 non
2261 721 2489 776 deesset
2538 721 2622 776 cis
2673 722 2872 777 doctor
2919 728 2975 777 et
3023 724 3290 795 praevius.
3327 727 3389 779 In
3433 743 3744 784 commune

2096 824 2233 863 vero
2282 809 2390 864 hoc
2441 825 2540 864 eos
2595 809 2873 865 habuisse
2927 812 3232 884 propositi,
3281 817 3345 868 ut
3394 814 3620 870 Christo
3677 834 3745 872 ex

2099 897 2326 952 cunctis
2355 898 2631 970 gentibus
2661 899 2979 954 Ecclesium
3013 907 3452 975 congregarent.
3473 905 3747 976 Legimus

2099 985 2254 1040 enim
2285 989 2341 1040 et
2371 1003 2404 1040 a
2431 991 2636 1042 sancto
2667 987 2834 1042 Petro
2868 988 3144 1060 gentilem
3177 990 3535 1063 baptizatum
3567 993 3748 1049 fuisse

2100 1073 2432 1130 Cornelium
2480 1077 2614 1146 (Act.
2667 1093 2721 1143 x,
2770 1076 2879 1148 l18),
2932 1081 2987 1130 et
3038 1094 3070 1131 a
3117 1077 3298 1133 Paulo
3342 1079 3402 1134 in
3435 1081 3748 1155 synagogis

2098 1163 2458 1233 Judaeorum,
2489 1163 2788 1219 Christum
2839 1165 3164 1238 smpissime
3199 1168 3576 1238 praedicatum
3610 1171 3746 1241 (Act.

2101 1269 2177 1317 1x,
2208 1253 2306 1319 20;
2338 1269 2474 1323 xvn,
2509 1255 2562 1320 1,
2605 1253 2683 1324 2).
2727 1258 2940 1321 Petrus,
2992 1259 3042 1310 et
3083 1260 3345 1322 Joannes,
3399 1266 3449 1312 et
3489 1259 3748 1330 Jacobus,

2098 1342 2195 1410 qui
2223 1341 2546 1396 videbantur
2575 1343 2843 1398 columnae
2893 1359 3025 1399 esse.
3075 1344 3186 1400 Ter
3233 1346 3634 1417 supradictum
3678 1351 3749 1404 de

2098 1429 2378 1500 apostolis
2409 1430 2661 1502 legimus
2696 1448 2707 1485 :
2744 1431 2996 1486 Seors-um
3023 1437 3215 1488 autem
3247 1434 3332 1489 his
3361 1437 3456 1506 qui
3485 1437 3746 1493 videban-

2098 1526 2204 1573 tur.
2258 1519 2326 1573 Et
2377 1537 2389 1574 ε
2442 1521 2518 1574 Ab
2566 1519 2652 1574 his
2705 1523 2801 1590 qui
2851 1521 3177 1577 videbantur
3215 1539 3328 1578 esse
3357 1525 3593 1596 aliquid.
3627 1526 3742 1583 Et:

2096 1607 2230 1661 Mihi
2257 1609 2406 1662 enim
2437 1611 2534 1679 qui
2560 1609 2886 1664 videbantur
2914 1626 3026 1666 esse
3059 1612 3284 1684 aliquid
3312 1631 3330 1666 :
3360 1613 3506 1668 nihil
3552 1619 3744 1671 contu-

2099 1695 2296 1751 lerunt.
2377 1696 2671 1752 Sollicitus
2739 1698 2936 1770 itaque
3005 1701 3392 1771 requirebam,
3461 1704 3745 1774 quidnam

2097 1789 2251 1840 esset
2294 1785 2447 1856 quod
2499 1786 2737 1852 diceret,
2791 1789 2886 1858 qui
2927 1789 3301 1844 videbantur:
3335 1792 3436 1846 sed
3469 1809 3625 1848 nunc
3653 1810 3746 1849 me

2098 1872 2258 1928 omni
2286 1872 2563 1945 scrupulo
2595 1874 2884 1941 liberavit,
2926 1877 3228 1947 adjiciens,
3279 1882 3375 1950 qui
3419 1881 3748 1953 videbantur

2096 1962 2370 2018 columna:
2398 1979 2528 2017 esse.
2563 1963 2857 2018 Columna:
2908 1964 3087 2035 igitur
3133 1971 3271 2020 sunt
3310 1968 3575 2024 Ecclesiae
3607 1988 3746 2042 apo-

2097 2050 2254 2116 stoli,
2293 2055 2349 2104 et
2380 2050 2633 2105 maxime
2665 2051 2889 2116 Petrus,
2921 2051 3196 2122 Jacobus,
3254 2060 3310 2110 et
3350 2056 3627 2124 Joannes,
3677 2075 3746 2115 ex

2097 2138 2312 2210 quibus
2341 2140 2456 2193 duo
2489 2156 2624 2193 cum
2656 2139 2902 2195 Domino
2924 2143 3236 2199 ascendere
3259 2150 3560 2202 merentur
3589 2148 3738 2206 405

2095 2227 2153 2281 in
2186 2231 2442 2282 montem
2473 2229 2693 2297 (Matth.
2728 2245 2863 2295 xvu,
2900 2230 2971 2301 1),
3005 2248 3253 2301 quorum
3285 2250 3440 2288 unus
3489 2234 3548 2289 in
3596 2242 3747 2309 Apo-

2096 2315 2312 2388 calypsi
2343 2315 2697 2372 Salvatorem
2737 2318 3057 2374 introducit
3100 2319 3434 2393 loquentem
3470 2340 3482 2378 :
3513 2326 3628 2396 Qui
3657 2328 3743 2380 vi-

2094 2406 2248 2471 cerit,
2307 2406 2518 2476 faciam
2563 2421 2688 2460 eum
2735 2407 3058 2464 columnam
3113 2411 3170 2463 in
3229 2412 3427 2484 templo
3485 2412 3586 2468 Dei
3633 2416 3747 2470 mei

2097 2493 2276 2565 (Apoc.
2312 2511 2396 2561 III,
2434 2496 2541 2564 12),
2575 2496 2787 2550 docens
2820 2512 3022 2552 omnes
3053 2498 3354 2555 credentes
3397 2500 3498 2572 qui
3542 2502 3742 2558 adver-

2096 2584 2318 2638 sarium
2346 2582 2608 2650 vicerint,
2643 2601 2815 2655 posse
2847 2584 3151 2643 columnas
3182 2588 3449 2644 Ecclesia:
3481 2590 3628 2648 ﬁeri.
3654 2593 3741 2648 Ad

2094 2671 2466 2728 Timotheum
2497 2687 2628 2727 vero
2661 2673 2877 2728 Paulus
2905 2674 3168 2730 scribens
3201 2677 3281 2731 ait
3309 2693 3321 2731 :
3359 2679 3421 2734 Ut
3439 2681 3580 2734 scias
3609 2697 3741 2752 quo-

2094 2760 2250 2816 modo
2279 2765 2518 2833 oporteat
2565 2765 2614 2817 te
2663 2763 2722 2816 in
2771 2763 2932 2818 domo
2986 2766 3095 2819 Dei
3140 2769 3470 2835 conversari,
3505 2784 3624 2840 quae
3663 2779 3743 2825 est

2095 2849 2333 2905 Ecclesia
2379 2851 2477 2904 Dei
2521 2852 2651 2920 vivi,
2706 2852 2964 2906 columna
3014 2857 3197 2907 autem
3225 2858 3277 2909 ct
3319 2855 3739 2926 ﬁrmamentum

2095 2940 2342 2993 veritatis
2372 2940 2424 3008 (Ι
2452 2939 2581 2992 Tim.
2616 2956 2700 3009 ιιι,
2736 2941 2843 3007 15).
2874 2939 2974 2994 His
3005 2945 3061 2994 et
3091 2941 3311 2997 cmteris
3361 2943 3734 3013 instruimur,

2097 3031 2215 3081 tam
2247 3027 2538 3098 apostolos
2571 3043 2891 3097 omnesque
2940 3029 3260 3097 credentes,
3316 3041 3493 3102 quam
3545 3033 3738 3104 ipsam

2099 3131 2332 3186 quoque
2362 3115 2676 3170 Ecclesium
2709 3115 3041 3171 columnam
3091 3117 3150 3172 in
3199 3119 3514 3192 Scripturis
3544 3121 3744 3194 appel-

2021 3188 2064 3255 C
2101 3204 2228 3271 lari,
2289 3209 2346 3258 et
2393 3203 2537 3258 nihil
2585 3204 2866 3260 interesse
2915 3206 2984 3261 de
3035 3223 3276 3279 corpore
3317 3188 3457 3281 quid
3492 3188 3742 3279 dicatur,

2101 3310 2174 3347 an
2208 3293 2508 3360 membris,
2540 3309 2673 3348 cum
2701 3299 2757 3348 et
2787 3310 2997 3366 corpus
3046 3296 3339 3353 dividatur
3368 3299 3428 3354 in
3459 3303 3744 3372 membra,

2099 3388 2156 3437 et
2185 3382 2453 3458 membra!
2478 3382 2597 3436 sint
2627 3384 2905 3455 corporis.
2944 3385 3233 3440 Dederunt
3278 3386 3474 3459 itaque
3520 3386 3744 3464 Petrus,

2097 3475 2155 3525 et
2183 3471 2460 3541 Jacobus,
2512 3475 2568 3526 et
2612 3473 2883 3540 Joannes,
2938 3473 3037 3544 qui
3074 3473 3423 3531 videbantur
3460 3477 3746 3535 columna:

2097 3575 2247 3628 esse,
2303 3561 2534 3617 dextras
2583 3561 2762 3616 Paulo
2808 3565 2863 3616 et
2912 3561 3210 3635 Barnabas,
3259 3565 3588 3637 societatis;
3643 3570 3744 3625 sed

2095 3649 2221 3706 Tito
2254 3649 2353 3720 qui
2385 3666 2519 3704 cum
2559 3650 2641 3704 eis
2670 3654 2811 3719 erat,
2845 3651 3078 3706 dextras
3111 3667 3226 3707 non
3257 3653 3562 3712 dederunt.
3595 3655 3744 3712 Nec-

2095 3738 2237 3792 dum
2270 3737 2482 3810 quippe
2511 3739 2580 3793 ad
2613 3755 2740 3793 eam
2775 3755 3111 3795 mensuram
3144 3749 3502 3813 pervenerat,
3529 3749 3592 3799 ut
3612 3762 3741 3818 pos-

2094 3831 2226 3880 sent
2273 3827 2378 3894 [AL
2427 3827 2672 3899 possint]
2724 3828 2771 3882 ei
2824 3829 3034 3884 Christi
3085 3832 3466 3888 mercimonia
3504 3849 3740 3906 exaequo

2093 3932 2226 3969 cum
2261 3915 2584 3987 majoribus
2615 3917 2790 3983 credi,
2821 3922 2877 3972 et
2905 3919 3175 3973 eumdem
3210 3925 3403 3976 tenere
3433 3923 3455 3954 ⁴
3487 3923 3741 3994 negotia-

2093 4005 2272 4086 tionis
2299 4003 2493 4059 locum
2524 4022 2699 4076 quem
2729 4007 3026 4062 Barnabas
3057 4010 3312 4077 tenebat,
3345 4014 3401 4064 et
3429 4011 3666 4067 Paulus.

2163 4097 2351 4163 (Vers.
2401 4095 2511 4164 10.)
2563 4116 2591 4144 ‹‹
2637 4095 2891 4164 Tantum
2951 4101 3015 4149 ut
3073 4113 3394 4168 pauperum
3453 4115 3742 4156 memores

2094 4198 2379 4251 essemus,
2415 4184 2569 4254 quod
2603 4183 2780 4238 etiam
2815 4183 3100 4239 sollicitus
3141 4185 3224 4238 tui
3273 4186 3381 4242 hoc
3428 4187 3627 4260 ipsum
3659 4190 3743 4245 fa-

2095 4286 2238 4326 cere.
2299 4293 2327 4322 »
2380 4272 2575 4326 Sancti
2635 4288 2942 4342 pauperes,
3009 4289 3260 4343 quorum
3314 4277 3603 4351 praecipue
3669 4279 3740 4336 ab

2093 4359 2372 4431 apostolis
2403 4359 2579 4414 Paulo
2611 4364 2668 4414 et
2693 4361 2970 4415 Barnabas
2993 4377 3133 4416 cura
3155 4364 3554 4436 mandatur,hi
3579 4371 3744 4435 sunt,

2095 4449 2194 4521 qui
2263 4465 2328 4503 ex
2383 4448 2600 4504 Judzais
2666 4449 2987 4519 credentes,
3058 4452 3242 4524 pretia
3299 4457 3741 4526 possessionum

329 4539 511 4612 culpa
543 4539 838 4610 faceret,et
867 4540 939 4596 ad
972 4545 1204 4612 tempus
1237 4540 1616 4607 observando,
1660 4540 1814 4611 quod
1865 4556 1980 4594 non
2015 4553 2062 4620 D
2095 4555 2338 4593 suarum
2372 4539 2443 4592 ad
2477 4539 2654 4610 pedes
2685 4539 3078 4610 apostolorum
3131 4543 3469 4599 deferebant
3514 4547 3744 4617 egenti-

331 4628 487 4700 licet,
549 4645 620 4684 ne
672 4629 785 4685 sibi
843 4629 1092 4686 creditos
1153 4629 1440 4701 perderet,
1514 4645 1574 4684 se
1633 4629 1821 4701 magis
1880 4646 1983 4700 pro

330 4717 632 4791 Evangelii
663 4718 903 4774 veritate
935 4720 1126 4774 facere
1172 4719 1382 4774 debere
1429 4717 1582 4789 quod
1636 4718 1748 4773 sibi
1797 4717 1987 4773 credi-

334 4812 467 4862 tum
528 4812 617 4863 est
669 4806 728 4862 in
789 4807 1090 4880 praeputio,
1142 4824 1213 4862 ne
1265 4812 1467 4880 gentes
1521 4807 1663 4877 legis
1711 4822 1885 4862 onere
1934 4811 1992 4862 et

335 4895 684 4952 difﬁcultate
711 4895 1023 4963 deterritas,
1060 4912 1092 4952 a
1122 4895 1336 4952 Christi
1369 4897 1482 4953 ﬁde
1514 4901 1570 4951 et
1600 4894 1940 4951 credulitate
1968 4897 1991 4930 ³

336 4983 722 5042 discederent.
757 4985 997 5044 Occulta
1043 4985 1139 5042 hic
1184 4985 1369 5040 oritur
1403 4986 1643 5056 quaestio
1678 4985 1864 5050 :Quid
1893 4985 1992 5057 igi-

336 5072 477 5130 tur?
529 5077 736 5129 Petrus
785 5074 836 5132 si
888 5075 1207 5131 invenisset
1252 5091 1320 5129 ex
1367 5075 1662 5147 gentibus,
1723 5091 1839 5130 non
1895 5091 1994 5130 eos

339 5162 671 5220 adducebat
723 5164 795 5218 ad
852 5163 1073 5219 ﬁdem?
1101 5165 1216 5218 Aut
1263 5163 1481 5220 Paulus
1527 5164 1574 5218 si
1623 5181 1691 5220 ex
1740 5164 1994 5219 circum-

336 5249 558 5305 cisisne
614 5250 844 5322 aliquos
900 5253 1230 5322 reperisset,
1294 5269 1407 5308 non
1468 5269 1566 5307 eos
1632 5253 1702 5306 ad
1775 5251 1992 5308 Christi

333 5338 706 5410 baptismum
739 5339 1127 5411 provocabat?
1155 5341 1288 5407 Quae
1319 5341 1399 5397 ita
1429 5340 1692 5409 solvitur,
1727 5345 1791 5396 ut
1840 5341 1994 5397 dica-

411 5484 430 5557 ξ
460 5480 679 5557 Yocem
708 5483 981 5557 societatis
1013 5482 1254 5557 Palatia.
1291 5503 1382 5540 ms
1414 5485 1664 5557 ignorat.

406 5554 428 5627 ξ
459 5553 618 5627 idem
652 5570 790 5619 ms.,
820 5554 1181 5627 subintelligi
1209 5557 1398 5623 etiam,
1431 5553 1569 5627 quod
1601 5558 1720 5624 ille,
1746 5561 1853 5611 ctc.

403 5625 428 5660 ³
453 5626 535 5680 Su
583 5625 682 5686 ino
713 5642 904 5681 errore
936 5625 1241 5696 legebatur
1267 5625 1458 5693 antea,
1491 5630 1838 5684 crudelitate.

407 5696 432 5736 ’θ
460 5643 867 5756 Sugintelliize.
923 5700 1113 5756 posset.
1169 5698 1322 5756 quod
1384 5699 1624 5756 verbum
1673 5699 1836 5756 eleae

407 5695 867 5770 "Subintellige,
919 5695 1113 5774 posset,
1169 5698 1322 5772 quod
1384 5699 1624 5761 verbum
1673 5699 1998 5778 elegantius

668 5825 930 5890 Paraon.
982 5825 1202 5890 XXVI.

2097 4629 2208 4683 bus
2239 4627 2559 4700 largienda,
2590 4627 2676 4682 vel
2709 4629 2848 4699 quia
2895 4629 3345 4701 contribulibus,
3377 4633 3641 4704 cognatis
3690 4640 3747 4690 et

2098 4718 2437 4789 parentibus
2471 4718 2617 4784 suis,
2651 4718 2818 4788 quasi
2849 4719 3173 4774 desertores
3223 4719 3388 4791 legis,
3427 4725 3482 4776 et
3522 4723 3580 4776 in
3611 4739 3742 4778 cru-

2100 4807 2336 4862 ciﬁxum
2386 4807 2686 4862 hominem
2738 4807 3060 4874 credentes,
3095 4808 3461 4864 detestationi
3519 4819 3571 4866 et
3620 4812 3742 4884 pia-

2102 4895 2230 4951 culo
2288 4895 2671 4950 ducebantur.
2733 4897 2794 4950 In
2853 4896 3061 4950 horum
3122 4896 3448 4953 ministerio
3506 4907 3746 4957 sanctus

2103 4983 2403 5056 apostolus
2461 4986 2676 5041 Paulus
2732 4984 3196 5057 quantolabore
3251 4987 3565 5056 sudaverit,
3625 4991 3751 5064 Epi-

2105 5074 2262 5129 stolas
2292 5077 2422 5146 ejus
2452 5079 2630 5131 testes
2662 5079 2819 5142 sunt,
2852 5073 3161 5130 scribentis
3207 5077 3276 5130 ad
3310 5077 3662 5150 Corinthios,
3695 5085 3753 5136 et

2106 5164 2176 5218 ad
2223 5162 2794 5228 Thessalonicenses,
2851 5164 2922 5217 ad
2977 5180 3180 5220 omnes
3235 5167 3501 5238 gentium
3557 5169 3750 5225 Eccle-

2106 5252 2244 5319 sias,
2279 5256 2344 5305 ut
2375 5257 2767 5323 praepararent
2816 5269 3032 5307 munus
3092 5253 3200 5308 hoc
3249 5271 3351 5326 per
3403 5273 3465 5312 se
3509 5259 3598 5314 vel
3652 5274 3757 5331 per

2109 5341 2255 5396 alios
2286 5341 2385 5412 qui
2429 5342 2512 5395 eis
2547 5340 2925 5412 placuissent,
2979 5341 3443 5416 Hierosolymam
3493 5347 3755 5404 deferen-

2109 5502 2176 5541 ex
2223 5483 2440 5564 Latinas
2490 5483 2698 5564 linguae
2755 5482 2986 5564 ingenio
3033 5485 3299 5564 S.__l_>ater_
3343 5506 3456 5544 non
3509 5490 3758 5564 repetit;

2111 5557 2502 5636 nequicquam
2549 5556 2726 5636 enim,
2773 5560 3038 5636 tenerent,
3087 5556 3380 5636 Victorius.
3410 5556 3756 5636 rescripsit,

2109 5626 2216 5683 cui
2234 5627 2494 5704 alioquin
2525 5626 2854 5686 claudicare
2884 5629 3088 5685 Latina
3118 5626 3332 5686 locutio
3372 5632 3491 5688 τίθει
3521 5626 3629 5691 est:

3370 5833 3444 5888 12
