4144 6202
359 347 478 409 359

1600 343 1667 404 S.
1711 340 2026 405 EUSEBII
2070 335 2516 402 HIERONYMI

3648 337 3770 398 360

363 475 630 550 compelli
661 479 797 532 ante
827 490 943 532 non
975 475 1167 548 potuit
1197 477 1267 531 ad
1310 475 1837 543 circumcisionem,
1872 490 1998 530 rur-
2031 476 2084 542 Α
2117 473 2417 546 potuimus
2446 472 2500 527 vi
2531 488 2597 527 ac
2629 469 2852 526 ratione
2899 465 3190 541 compelli,
3224 471 3289 523 ut
3316 467 3769 527 observaremus

360 584 492 623 sum
531 565 918 621 circumcisus
971 565 1068 630 sit,
1101 569 1276 637 atque
1329 565 1631 635 subjectus
1654 564 1681 618 ?
1711 569 1845 636 Aut,
1881 582 2004 635 quae

359 660 449 712 est
480 655 590 710 ista
618 654 829 711 veritas
873 654 1189 726 Evangelii,
1222 654 1512 726 hypocrisi
1543 655 1743 710 cedere
1772 654 1999 709 Juda-o-

358 761 529 814 rum;
584 747 642 800 et
689 759 757 799 ea
813 760 940 815 qua
990 742 1152 815 prius
1199 743 1434 815 scybala
1490 743 1888 810 aestimaveris,
1948 748 2004 798 et

359 832 529 905 quasi
583 833 802 888 damna
849 832 1313 904 comtempseris,
1373 832 1704 899 observare,
1766 835 1821 887 et
1873 848 2003 887 esse

357 921 579 994 aliquid
629 921 939 990 aestimare,
973 937 1106 976 cum
1154 920 1300 975 nihil
1352 921 1519 976 sint?
1550 921 1658 976 Sed
1708 925 1765 976 et
1816 921 2003 992 ipsius

356 1010 626 1084 Epistolm
678 1010 879 1067 sensui
924 1009 1091 1065 valde
1140 1015 1447 1083 repugnat,
1489 1009 1722 1066 Galatas
1771 1011 1843 1065 ad
1891 1011 2000 1065 cir-

358 1099 776 1156 cumcisionem
833 1114 1120 1155 revocare.
1183 1103 1302 1154 Hoc
1364 1103 1487 1154 toto
1563 1098 1852 1154 sermonis
1910 1098 2002 1154 sui

353 1194 514 1246 textu
569 1190 705 1262 agit,
747 1192 811 1243 ut
868 1189 1072 1244 doceat
1126 1204 1187 1243 se
1245 1188 1548 1243 Hebraeum
1599 1204 1668 1243 ex
1727 1188 1999 1256 Hebraeis,

355 1277 553 1334 omnia
583 1278 875 1348 quondam
904 1275 1051 1348 legis
1091 1292 1267 1348 opera
1314 1279 1663 1343 servantem,
1695 1277 2000 1332 circumci-

354 1383 487 1423 sum
527 1371 730 1422 octava
777 1365 869 1420 die
918 1365 1243 1420 secundum
1287 1365 1476 1437 legem
1528 1365 1948 1421 Pharisaeorum
1984 1382 1996 1420 :

352 1453 736 1511 nihilominus
782 1457 980 1509 tamen
1033 1454 1104 1509 ob
1155 1453 1367 1509 Christi
1434 1453 1682 1526 gratiam
1732 1454 2002 1510 universa

351 1546 739 1598 contemnere.
773 1541 920 1596 Nam
943 1557 1076 1596 cum
1111 1541 1254 1596 isset
1273 1541 1754 1613 Hierosolymam,
1784 1547 1838 1597 et
1868 1542 1998 1599 falsi

351 1633 562 1687 fratres
624 1630 722 1701 qui
779 1647 848 1685 ex
919 1629 1362 1685 circumcisione
1442 1631 1808 1686 crediderant
1863 1649 1998 1687 eum

350 1719 563 1776 vellent
609 1718 909 1788 impellere
955 1720 1104 1774 401
1143 1723 1209 1773 ut
1260 1719 1703 1774 circumcideret
1748 1720 1992 1776 Titum:

351 1825 455 1864 nec
503 1807 722 1874 Titum,
757 1823 860 1862 nec
904 1823 965 1862 se
1012 1807 1261 1862 cessisse
1299 1807 1603 1878 violentiae,
1637 1824 1752 1878 quo
1798 1808 1996 1862 minus

349 1897 709 1952 custodirent
756 1895 1050 1968 Evangelii
1099 1896 1420 1951 veritatem.
1455 1896 1618 1960 Quod
1670 1897 1720 1951 si
1765 1897 1905 1951 dicit
1933 1914 1994 1952 se

348 1985 690 2042 necessitate
739 1989 1080 2057 superatum
1131 1989 1196 2040 ut
1243 1985 1688 2041 circumcideret
1735 1985 1933 2041 Titum
1976 2003 1988 2041 :

346 2076 640 2147 quomodo
691 2073 925 2129 Galatas
957 2079 1186 2129 revocat
1233 2093 1266 2129 a
1317 2075 1784 2142 circumcisione,
1817 2093 1849 2129 a
1879 2092 1995 2147 qua

345 2181 451 2220 nec
479 2164 696 2231 Titum,
730 2163 830 2234 qui
862 2180 1060 2218 secum
1094 2164 1280 2218 fuerat
1304 2181 1372 2218 ex
1401 2167 1695 2235 gentibus,
1728 2163 1994 2220 Hieroso-

344 2253 518 2326 lymis
569 2251 759 2325 potuit
805 2253 1123 2307 excusare?
1157 2254 1357 2322 Itaque
1403 2257 1504 2306 aut
1541 2252 1713 2322 juxta
1763 2252 1992 2308 Graecos

346 2343 575 2398 codices
605 2345 694 2398 est
723 2340 1034 2412 legendum
1071 2358 1083 2394 :
1118 2341 1321 2408 Quibus
1350 2357 1526 2412 neque
1554 2341 1628 2394 ad
1657 2341 1849 2396 horam
1877 2359 1993 2396 ces-
2052 2417 2054 2419 ,

345 2433 518 2487 simus
545 2430 905 2500 subjectioni;
938 2435 1004 2484 ut
1033 2435 1456 2500 consequenter
1486 2430 1670 2500 possit
1697 2430 1942 2503 intelligi
1977 2447 1989 2486 :

348 2525 411 2574 ut
452 2521 656 2574 veritas
706 2519 995 2586 Evangelii
1045 2526 1368 2588 permaneat
1418 2519 1564 2588 apud
1624 2535 1734 2573 vos.
1784 2521 1897 2572 Aut
1945 2517 1993 2573 si

349 2608 538 2664 Latini
587 2605 935 2679 exemplaris
984 2605 1155 2662 alicui
1210 2606 1356 2661 ﬁdes
1406 2607 1612 2677 placet,
1665 2607 1991 2662 secundum

347 2696 706 2769 superiorem
737 2711 977 2751 sensum
1024 2695 1284 2767 accipere
1332 2696 1614 2751 debemus
1648 2713 1660 2750 :
1699 2701 1761 2750 ut
1790 2697 1862 2754 ad
1895 2696 1992 2752 ho-

347 2803 473 2842 ram
532 2786 720 2841 cessio
778 2801 892 2840 non
960 2783 1416 2839 circumcidendi
1463 2784 1599 2852 Titi,
1659 2785 1760 2839 sed
1818 2785 1993 2840 eundi

346 2874 810 2948 Hierosolymam
856 2873 1049 2928 fuerit.
1084 2875 1205 2939 Quo
1255 2872 1476 2929 scilicet
1504 2873 1716 2929 idcirco
1769 2874 1994 2945 subjec-

343 2963 487 3021 tioni
519 2963 802 3020 cesserint
837 2961 1056 3018 Paulus
1104 2971 1159 3018 et
1189 2949 1485 3018 Barnabas
1515 2963 1691 3018 eundi
1722 2963 1991 3018 Hieroso-

343 3052 583 3126 lymam,
617 3051 902 3108 seditione
949 3053 1020 3106 ob
1070 3050 1257 3124 legem
1290 3051 1606 3107 Antiochia:
1653 3052 1989 3109 concitata:

345 3148 409 3196 ut
440 3159 543 3214 per
587 3141 907 3212 Epistolam
956 3142 1375 3212 apostolorum,
1411 3158 1519 3196 sua
1562 3141 1850 3196 sententia
1888 3142 1987 3196 {ir-

345 3211 652 3300 meretur;
694 3234 752 3284 et
827 3211 1086 3284 maneret
1154 3231 1306 3300 apud
1374 3229 1604 3284 Galatas
1689 3211 2059 3302 EvangeliiC

342 3319 578 3386 veritas,
614 3335 742 3390 quae
789 3334 902 3372 non
951 3317 1193 3373 essetin
1227 3317 1438 3387 littera,
1472 3319 1570 3373 sed
1621 3318 1681 3372 in
1732 3319 1982 3390 spiritu;

343 3426 458 3464 non
491 3409 550 3462 in
582 3406 801 3462 carnali
832 3407 1146 3476 sensu,sed
1170 3405 1227 3458 in
1260 3405 1641 3477 intelligentia
1660 3407 1982 3477 spirituali;

341 3514 446 3553 nec
474 3498 535 3552 in
570 3497 878 3551 manifesto
927 3495 1254 3563 Judaismo,
1290 3495 1391 3550 sed
1441 3495 1497 3548 in
1553 3495 1778 3550 occulto
1809 3498 1980 3562 (Rom.

340 3603 403 3656 II,
437 3586 528 3653 28,
577 3585 689 3656 29).
727 3584 1041 3640 Sciendum
1091 3601 1244 3655 vero,
1295 3584 1473 3656 quod,
1504 3587 1704 3650 autem,
1738 3585 1983 3655 conjun-

340 3675 453 3731 ctio
486 3691 615 3746 quas
646 3674 703 3728 in
746 3673 1014 3745 praesenti
1063 3673 1184 3728 loco
1216 3673 1453 3744 ponitur
1480 3689 1492 3726 :
1523 3674 1753 3740 Propter
1796 3674 1986 3728 subin-

337 3763 606 3819 troductos
655 3770 836 3818 autem
880 3760 1053 3832 falsos
1094 3765 1318 3832 fratres,
1351 3761 1650 3833 superflua
1697 3763 1813 3817 sit:
1848 3763 1982 3818 etsi

336 3853 585 3926 legatur,
619 3868 733 3908 non
766 3851 978 3906 habeat
1020 3851 1173 3922 quod
1206 3850 1256 3904 ei
1302 3853 1667 3922 respondeat,
1703 3851 1982 3924 illamque

336 3943 682 4010 concludat;
717 3941 816 3998 sed
867 3957 995 3996 esse
1025 3940 1290 3996 ordinem
1341 3939 1605 3995 lectionis
1636 3945 1692 3996 et
1722 3959 1931 3997 sensus
1965 3959 1977 3997 :

335 4031 446 4088 Sed
485 4048 675 4103 neque
721 4031 888 4086 Titus
937 4029 1038 4101 qui
1083 4044 1312 4083 mecum
1356 4034 1500 4099 erat,
1536 4046 1667 4084 cum
1715 4036 1870 4085 esset
1913 4047 1981 4086 ex

331 4121 630 4194 gentibus,
691 4118 1034 4191 compulsus
1091 4122 1182 4173 est
1239 4118 1594 4173 circumcidi.
1656 4119 1979 4192 Statimque

334 4210 657 4281 subjungat
703 4225 829 4280 quae
879 4223 1056 4263 causa
1101 4206 1296 4272 fuerit,
1343 4211 1408 4261 ut
1459 4207 1530 4261 ad
1583 4206 1977 4263 circumcisio-

335 4313 472 4354 nem
524 4297 923 4369 impelleretur
978 4296 1196 4352 invitus
1251 4313 1263 4351 :
1319 4300 1549 4367 Propter
1593 4297 1977 4352 subintroduc-

333 4390 431 4455 tos,
509 4386 723 4457 inquit,
808 4387 976 4456 falsos
1058 4388 1282 4457 fratres,
1360 4387 1456 4456 qui
1539 4386 1978 4442 subintroierunt

328 4477 622 4549 explorare
687 4475 999 4530 libertatm
1051 4483 1296 4530 nostram
1366 4491 1533 4545 quam
1604 4476 1862 4531 habemus
1915 4479 1975 4530 in

331 4565 553 4622 Christo
629 4566 774 4635 Jesu,
835 4574 898 4620 ut
947 4580 1045 4619 nos
1121 4567 1182 4619 in
1258 4566 1574 4618 servitutem
1647 4565 1974 4635 redigerent.
2007 4583 2056 4650 D

329 4654 436 4720 Qui
486 4670 620 4710 cum
670 4653 851 4708 minis
899 4655 1198 4718 terrerent,
1233 4656 1290 4706 et
1336 4652 1714 4708 multitudine
1763 4653 1977 4709 vellent

327 4761 434 4800 nos
463 4761 496 4799 ιι
524 4743 790 4800 libertate
824 4745 840 4778 ¹
873 4740 1088 4798 Christi
1130 4741 1189 4794 in
1222 4739 1367 4812 legis
1397 4743 1700 4797 traducere
1728 4743 1973 4798 servitu-

325 4837 468 4899 tem,
500 4849 572 4888 ne
620 4832 692 4888 ad
737 4837 974 4904 tempus
1022 4830 1259 4902 quidem
1293 4829 1377 4885 eis
1425 4830 1735 4900 cessimus,
1768 4836 1834 4886 ut
1863 4832 1973 4886 cir-

327 4920 795 4978 cumcideremus
839 4921 1036 4976 Titum
1073 4936 1086 4974 :
1122 4919 1375 4974 maxime
1423 4935 1558 4973 cum
1592 4924 1646 4974 et
1675 4919 1870 4990 aliqua
1900 4921 1972 4975 ob

326 5008 782 5065 ecclesiasticam
861 5025 1063 5081 pacem
1151 5008 1402 5079 potuerit
1474 5023 1578 5062 nos
1657 5009 1973 5064 necessitas

324 5114 602 5154 excusare
637 5113 650 5153 :
685 5101 742 5152 et
788 5098 896 5153 hoc
943 5103 1134 5152 totum
1180 5097 1446 5162 fecimus,
1479 5101 1545 5152 ut
1593 5096 1756 5151 vobis
1809 5096 1973 5153 nulla

323 5187 490 5243 fieret
551 5186 776 5242 occasio
826 5186 898 5241 ab
945 5185 1237 5258 Evangelii
1295 5186 1482 5259 gratia
1529 5187 1856 5242 recedendi.
1910 5187 1969 5244 Si

321 5274 504 5348 igitur
531 5291 638 5330 nos
669 5275 1047 5348 Jerosolymis
1097 5277 1247 5330 inter
1275 5280 1470 5331 tantos
1499 5276 1734 5332 Judazos
1773 5276 1968 5332 immi-

326 5364 628 5420 mentibus
688 5365 825 5420 hinc
876 5363 1011 5419 inde
1061 5363 1223 5419 falsis
1274 5366 1574 5430 fratribus,
1623 5370 1679 5420 et
1726 5365 1817 5420 his
1868 5367 1967 5438 qui

322 5455 577 5526 majores
609 5458 776 5509 erant
801 5452 997 5524 aliqua
1043 5469 1110 5508 ex
1155 5460 1312 5524 parte
1342 5455 1772 5521 cohibentibus,
1807 5453 1970 5509 nulla

394 5599 410 5633 ¹
445 5596 608 5653 Unus
637 5595 941 5651 Palatinus
970 5610 983 5650 :
1012 5595 1126 5668 Qui
1153 5610 1274 5649 cum
1304 5596 1467 5651 minis
1494 5603 1699 5655 terrere
1717 5598 1967 5654 multitu-

315 5667 501 5752 dinem
528 5668 747 5742 vellent,
780 5673 836 5735 et
863 5682 961 5728 nos
988 5684 1022 5729 α
1040 5667 1324 5742 libertate,
1357 5671 1466 5727 etc.

2116 562 2616 618 circumcisionem
2675 575 2853 631 quam
2913 558 3245 614 sciebamus
3296 574 3424 614 esse
3475 559 3699 616 ﬁnitam
3750 579 3764 618 :

2113 670 2214 707 vos
2245 670 2312 708 ex
2360 651 2656 724 gentibus,
2689 650 2840 704 402
2871 665 2972 704 vos
3004 649 3062 703 in
3116 646 3362 714 Galatia,
3395 665 3497 704 vos
3547 649 3765 720 quibus

2112 742 2198 796 vis
2230 741 2391 797 nulla
2430 741 2629 796 inferri
2663 744 2870 811 potest,
2908 737 3057 792 ultro
3107 754 3141 790 a
3170 736 3356 808 gratia
3405 738 3763 807 recedentes,

2113 830 2180 884 ad
2240 830 2404 902 chis
2446 831 2572 900 jam
2620 826 2845 883 abolitae
2889 825 3339 882 transcendistis
3386 831 3763 884 vetustatem.

2183 917 2367 988 (Vers.
2399 919 2479 986 6.)
2509 941 2536 967 «
2569 917 2653 971 Ab
2703 916 2796 971 his
2845 921 3038 972 autem
3089 915 3189 986 qui
3237 914 3590 971 videbantur
3634 933 3763 973 esse

2112 1006 2356 1079 aliquid,
2389 1007 2591 1078 quales
2624 1005 2940 1077 aliquando
2972 1005 3215 1070 fuerint,
3252 1003 3401 1059 nihil
3435 1021 3564 1061 mea
3588 1005 3765 1062 inter-

2111 1101 2200 1151 est
2257 1114 2270 1152 :
2337 1098 2486 1152 Deus
2541 1111 2850 1167 personam
2923 1094 3183 1149 hominis
3259 1093 3666 1167 non'accipit.
3729 1119 3753 1149 ι

2111 1183 2286 1255 Licet,
2317 1185 2528 1255 inquit,
2559 1184 2794 1239 Petrum
2826 1186 2883 1238 et
2911 1183 3197 1238 Joannem
3242 1183 3525 1239 Dominus
3557 1200 3758 1241 secum

2111 1273 2404 1346 apostolos
2427 1272 2714 1340 habuerit,
2733 1277 2790 1326 et
2810 1271 3295 1344 transﬁguratum
3316 1288 3449 1327 eum
3476 1272 3536 1326 in
3559 1278 3758 1329 monte

2108 1362 2359 1418 viderint
2388 1361 2614 1433 (Matth.
2648 1378 2784 1431 xvn,
2814 1362 2866 1428 1,
2899 1364 2965 1427 2;
2999 1360 3162 1416 Marc.
3199 1378 3274 1425 1x,
3312 1361 3361 1431 1,
3385 1361 3462 1431 2),
3496 1365 3552 1416 et
3581 1378 3759 1434 super

2109 1451 2269 1523 ipsos
2301 1451 2564 1506 Ecclesiae
2589 1450 2664 1505 sit
2686 1450 2940 1521 positum
2982 1449 3470 1505 fundamentum:
3503 1449 3646 1505 mihi
3677 1456 3760 1506 ta-

2109 1557 2243 1596 men
2285 1539 2433 1595 nihil
2482 1541 2675 1605 refert,
2708 1539 2848 1610 quia
2895 1554 3008 1593 non
3062 1539 3370 1593 adversum
3404 1553 3518 1594 'eos
3552 1540 3760 1612 loquor

2108 1629 2207 1701 qui
2239 1645 2304 1684 eo
2334 1633 2594 1701 tempore
2629 1629 2935 1683 Dominum
2972 1628 3388 1699 sequebantur,
3417 1629 3518 1684 sed
3549 1629 3758 1686 adver-

2108 1735 2240 1773 sum
2272 1733 2369 1773 eos
2398 1717 2608 1789 loquor
2635 1718 2733 1789 qui
2754 1733 2910 1772 nunc
2939 1715 3125 1789 legem
3155 1722 3501 1789 praeponunt
3523 1714 3757 1790 gratiae:

2108 1823 2212 1862 nec
2261 1807 2504 1862 detraho
2565 1805 3030 1878 praecessoribus,
3081 1821 3186 1860 nec
3237 1806 3295 1860 in
3348 1805 3543 1877 aliqua
3594 1812 3758 1879 parte

2104 1913 2313 1952 accuso
2352 1899 2623 1966 majores,
2648 1896 2748 1951 sed
2772 1895 2880 1950 hoc
2918 1894 3065 1964 dico,
3091 1895 3232 1965 quia
3257 1896 3406 1950 Deus
3442 1912 3754 1967 personam

2102 1986 2358 2042 hominis
2389 2002 2504 2040 non
2536 1985 2764 2056 accipit.
2801 1985 2926 2039 Non
2957 1984 3114 2039 enim
3146 1983 3370 2056 accepit
3401 1985 3605 2057 Moysi,
3632 2003 3748 2041 non

2101 2075 2323 2146 accepit
2366 2074 2564 2141 David,
2599 2091 2715 2128 non
2764 2072 2988 2145 accepit
3039 2072 3339 2129 aliorum:
3388 2090 3494 2129 nec
3547 2090 3751 2131 eorum

2101 2180 2236 2236 ergo
2275 2162 2536 2234 accipiet,
2569 2162 2667 2233 qui
2723 2163 2934 2217 cedere
2967 2162 3323 2233 quibusdam
3356 2157 3648 2219 ‘videntur
3677 2165 3750 2219 ad

2102 2257 2360 2324 tempus,
2389 2251 2624 2307 tametsi
2653 2251 2763 2322 ipsi
2797 2267 3025 2306 mecum
3079 2252 3356 2320 sentiant,
3404 2255 3571 2308 Petro
3603 2269 3750 2324 quo-

2103 2357 2215 2412 que
2262 2342 2489 2396 dicente
2537 2357 2549 2394 :
2601 2341 2665 2394 In
2719 2342 2950 2395 veritate
3002 2355 3279 2411 cognosco,
3323 2342 3455 2411 quia
3508 2357 3618 2398 non
3673 2345 3754 2398 est

2103 2434 2350 2501 acceptor
2388 2445 2747 2502 personarum
2797 2430 2960 2494 Deus,
3020 2429 3116 2484 sed
3172 2431 3231 2483 in
3287 2431 3440 2484 omni
3487 2431 3600 2486 loco
3658 2433 3755 2502 qui

2104 2521 2259 2574 timet
2287 2535 2430 2584 eum,
2462 2523 2514 2574 et
2559 2528 2819 2590 operatur
2838 2520 3141 2590 justitiam,
3173 2520 3530 2590 acceptabitis
3580 2521 3633 2575 ei
3676 2523 3754 2576 est

2101 2609 2240 2677 (Act.
2264 2625 2320 2678 Χ,
2342 2609 2430 2678 34,
2457 2608 2566 2676 35).
2604 2610 2726 2672 Quo
2747 2608 2943 2679 itaque
2972 2613 3311 2680 argamento
3343 2609 3468 2680 ipse
3511 2613 3751 2665 sanctus

2102 2697 2400 2768 apostolus
2431 2697 2634 2752 Petrus
2666 2698 2974 2752 adversum
3005 2713 3103 2753 eos
3152 2697 3252 2768 qui
3283 2697 3342 2752 in
3386 2698 3651 2754 Cornelio
3680 2713 3750 2754 ex

2101 2786 2374 2857 gentibus
2434 2785 2744 2856 baptizato,
2806 2801 2910 2840 nec
2980 2785 3350 2853 circumciso,
3400 2786 3747 2842 scandalum

2103 2875 2495 2945 sustinebant,
2527 2873 2730 2940 utitur,
2763 2879 2820 2930 et
2863 2873 3053 2944 placat
3098 2891 3198 2929 eos
3227 2891 3290 2930 se
3321 2891 3436 2950 non
3489 2877 3752 2947 potuisse
3789 2915 3822 2950 τ

2101 2980 2311 3037 negare
2341 2980 2554 3034 aquam
2602 2963 2694 3018 his
2726 2962 2827 3034 qui
2875 2962 3157 3034 Spiritum
3189 2933 3460 3019 sanctum
3509 2981 3748 3036 accepe-
3785 2932 3942 3061 μμ

2101 3058 2232 3107 rant
2292 3069 2304 3106 :
2365 3053 2569 3107 eodem
2637 3068 2792 3106 nunc
2862 3056 3099 3106 sanctus
3157 3053 3456 3124 apostolus
3529 3053 3747 3109 Paulus

2098 3143 2407 3197 adversum
2440 3141 2634 3212 ipsum
2686 3141 2919 3196 Petrum
2953 3141 3234 3213 disputat,
3269 3143 3422 3212 quod
3476 3158 3748 3214 persona-

2097 3248 2227 3286 rum
2281 3248 2395 3286 non
2455 3231 2532 3285 sit
2578 3234 2846 3301 acceptor
2891 3230 3063 3296 Deus,
3108 3229 3209 3286 sed
3260 3247 3744 3305 unumquemque

2095 3338 2197 3392 pro
2230 3321 2464 3374 veritate
2484 3313 2813 3389 judicetlEt
2834 3319 2918 3373 ita
2947 3323 3116 3374 caute
3141 3323 3198 3373 et
3216 3319 3572 3390 pedetentim
3592 3321 3747 3376 inter

2095 3409 2327 3466 laudem
2361 3415 2418 3462 et
2462 3408 2927 3479 obiurgationem
2960 3407 3113 3463 Petri
3146 3409 3375 3464 medius
3409 3409 3648 3477 incedit,
3683 3414 3748 3465 ut

2093 3503 2150 3552 et
2207 3497 2540 3570 praecessori
2591 3497 2848 3568 apostolo
2924 3498 3165 3564 deferat,
3227 3502 3284 3552 et
3354 3498 3742 3554 nihilominus

2095 3587 2369 3642 audacter
2417 3586 2467 3640 ei
2515 3586 2749 3640 resistat
2798 3585 2858 3639 in
2907 3584 3114 3641 faciem
3165 3586 3327 3657 (vers.
3362 3588 3468 3654 11),
3501 3587 3746 3643 veritate

2092 3675 2451 3746 compulsus.
2487 3698 2514 3724 «
2550 3674 2688 3729 Mihi
2721 3674 2876 3729 enim
2908 3674 3008 3746 qui
3034 3673 3404 3746 videbantur,
3438 3675 3588 3730 nihil
3616 3693 3753 3732 con-

2091 3764 2370 3819 tulerunt.
2432 3786 2461 3813 ››
2517 3765 2645 3835 lpse
2694 3762 2966 3835 superius
3005 3779 3140 3818 cum
3199 3763 3318 3820 illis
3373 3764 3641 3835 contulit,
3695 3769 3754 3821 et

2093 3853 2280 3909 multa
2309 3853 2380 3908 ad
2413 3869 2510 3908 eos
2543 3851 2759 3919 retulit,
2787 3869 2914 3923 quae
2944 3852 3002 3906 in
3035 3853 3314 3924 gentibus
3345 3859 3705 3926 perpetraret
3731 3872 3746 3911 :

2090 3943 2174 3997 illi
2209 3942 2351 3996 nihil
2376 3941 2750 3997 contulerunt
2769 3941 2843 4006 ei,
2872 3942 2973 4010 sed
2997 3943 3406 3998 tantummodo
3424 3959 3556 4014 quae
3581 3943 3655 3998 ab
3675 3959 3745 4000 eo

2089 4031 2243 4086 dicta
2262 4030 3124 4101 suntcomprobantes,dextera
3140 4031 3355 4086 dederu
3367 4031 3740 4099 ntconsortii,

2089 4124 2146 4174 et
2177 4137 2360 4175 unum
2391 4137 2566 4175 suum
2600 4118 2881 4190 Paulique
2925 4118 3300 4191 Evangelium
3332 4120 3738 4176 firmaverunt.

2091 4208 2344 4264 Rursum
2397 4209 2740 4279 notandum,
2794 4208 2948 4279 quod
2995 4209 3348 4264 contulerunt
3397 4210 3439 4278 ³,
3497 4210 3742 4266 verbum

2088 4297 2283 4368 ipsum
2316 4297 2392 4352 sit
2421 4297 2479 4351 in
2513 4297 2729 4364 Graeco,
2762 4297 2834 4351 de
2866 4313 2981 4368 quo
3012 4301 3146 4353 ante
3176 4298 3577 4354 tractavimus.

2158 4386 2342 4458 (Vers.
2389 4385 2528 4457 7-9.)
2581 4405 2603 4433 α
2651 4385 2763 4440 Sed
2818 4390 3020 4440 contra
3067 4403 3200 4442 cum
3257 4386 3542 4444 vidissent
3581 4387 3741 4458 quod

2087 4476 2371 4531 creditum
2393 4479 2482 4532 est
2513 4474 2656 4530 mihi
2680 4473 3058 4547 Evangelium
3085 4476 3381 4547 prteputii,
3405 4477 3559 4532 sicut
3587 4477 3743 4532 408

2088 4565 2254 4620 Petro
2285 4563 2773 4620 circumcisionis.
2805 4564 2914 4626 Qui
2947 4565 3104 4619 enim
3158 4568 3432 4637 operatus
3457 4570 3547 4621 est
3575 4565 3744 4622 Petro

2090 4655 2146 4709 in
2203 4655 2596 4727 apostolatum
2656 4653 3142 4721 circumcisionis,
3203 4657 3478 4726 operatus
3541 4659 3633 4710 est
3684 4658 3744 4710 et

2086 4744 2232 4798 mihi
2279 4744 2428 4799 inter
2474 4747 2697 4815 gentes.
2730 4743 2799 4797 Et
2845 4759 2979 4797 cum
3027 4744 3437 4816 cognovissent
3485 4743 3742 4815 gratiam

2083 4850 2211 4905 qua:
2262 4835 2399 4889 data
2447 4838 2536 4888 est
2582 4831 2746 4897 mihi,
2779 4831 2985 4887 Petrus
3036 4836 3093 4886 et
3139 4832 3418 4898 Jacobus,
3451 4836 3509 4887 et
3558 4833 3740 4888 Joan-

2061 4940 2204 4998 ines,
2233 4923 2334 4994 qui
2379 4922 2728 4977 videbantur
2758 4920 3040 4977 columnae
3094 4937 3244 4988 esse,
3277 4923 3508 4978 dextras
3562 4921 3739 4977 dede-

2081 5016 2220 5066 runt
2275 5011 2417 5066 mihi
2478 5015 2534 5064 et
2594 5009 2891 5078 Barnabas,
2950 5009 3244 5065 societatis
3305 5025 3318 5065 :
3381 5015 3446 5065 ut
3504 5027 3612 5066 nos
3670 5010 3733 5065 in

2081 5106 2325 5171 gentes;
2360 5099 2471 5172 ipsi
2516 5103 2708 5154 autem
2744 5099 2803 5153 in
2847 5098 3371 5155 circumcisionem.
3409 5119 3438 5148 »
3465 5091 3735 5171 ΪΥπὲρϐα-

2079 5208 2175 5241 του
2203 5193 2311 5258 est,
2343 5193 2398 5243 et
2446 5187 2650 5243 multis
2701 5204 2828 5259 quae
2878 5188 2936 5241 in
2988 5188 3180 5242 medio
3235 5192 3373 5243 sunt
3423 5187 3735 5258 interjecta

2081 5277 2349 5346 sublatis,
2403 5276 2487 5332 sic
2533 5276 2783 5332 breviter
2829 5276 2942 5347 legi
2993 5280 3202 5347 potest.
3237 5275 3379 5332 Mihi
3421 5276 3580 5332 enim
3633 5275 3739 5348 qui

2077 5367 2424 5422 videbantur
2479 5382 2608 5421 esse
2665 5365 2811 5420 nihil
2867 5364 3289 5420 contulerunt:
3325 5364 3425 5420 sed
3485 5369 3728 5420 econtra

2079 5457 2344 5511 dexteras
2402 5455 2688 5510 dederunt
2745 5454 2889 5509 mihi
2940 5459 2997 5509 et
3044 5454 3343 5520 Barnaba,
3405 5452 3731 5510 societatis.

2147 5600 2168 5633 ⁸
2197 5577 2435 5654 Veteres
2463 5598 2601 5654 editi
2651 5599 2848 5654 ipsum
2879 5597 3121 5654 verbum
3170 5597 3436 5654 Gracum
3479 5597 3729 5654 interse-

2076 5674 2217 5731 runt
2246 5687 2260 5732 :
2291 5670 2433 5745 quod
2460 5669 2869 5748 προσανέθεντο,
2899 5671 3272 5743 contulerunt,
3301 5675 3412 5734 etc.
