4144 6202
335 313 501 376 361’

1023 311 1537 374 COMMENTAR.
1586 315 1662 372 ΙΝ
1717 314 1956 374 EPIST.
2002 317 2104 373 AD
2155 317 2433 376 GALA'I‘.
2480 319 2622 376 LIB.
2680 323 2720 388 l,
2770 322 2940 378 CAP.
2990 321 3066 379 ll.

3630 324 3746 383 36?.

338 449 451 506 Aut
499 448 655 504 certe
706 443 804 500 ille
843 445 1063 517 absque
1105 445 1420 517 jactatione
1453 446 1566 511 sui,
1599 445 1860 502 occultus
1903 451 1991 502 est
2017 451 2072 515 Α
2103 464 2236 503 mus
2266 449 2587 521 principale
2620 449 2870 521 singulis
2901 451 2958 505 in
2991 453 3222 508 Judacos
3253 458 3307 508 et
3328 458 3530 525 gentes
3563 455 3746 511 fuisse

337 551 597 593 sensus:
633 533 776 590 Mihi
828 533 929 605 qui
977 535 1323 590 videbantur
1369 552 1496 591 esse
1545 535 1787 607 aliquid,
1839 535 1983 590 nihil

337 623 749 690 contulerunt;
786 624 887 680 sed
920 628 1156 680 econtra
1204 642 1238 680 a
1287 642 1378 681 me
1425 625 1508 682 eis
1557 624 1835 680 collatum
1877 628 1984 691 est,

337 717 482 772 dum
536 715 688 770 fiunt
735 713 793 768 in
844 713 1137 786 Evangelii
1195 715 1383 786 gratia
1436 714 1742 770 ﬁrmiores.
1773 714 1986 768 Totum

335 811 530 866 autem
563 805 722 877 quod
755 803 911 870 dicit,
945 803 1054 859 hoc
1085 808 1174 859 est
1205 821 1217 858 :
1254 821 1407 860 unus
1439 807 1614 876 atque
1648 804 1802 858 idem
1841 802 1984 857 mihi

335 892 716 966 Evangelium
749 892 1040 966 przeputii,
1073 896 1130 948 et
1165 892 1325 949 Petro
1357 892 1819 949 circumcisionis
1868 907 1987 948 cre-

335 983 504 1038 didit.
539 983 629 1039 Me
661 981 820 1038 misit
848 981 920 1036 ad
951 985 1175 1053 gentes,
1210 980 1378 1036 illum
1412 982 1607 1053 posuit
1655 981 1714 1036 in
1761 981 1981 1036 Judtea.

334 1072 454 1128 Nec
475 1076 678 1144 gentes
702 1074 968 1142 poterant
990 1070 1058 1125 ad
1070 1068 1191 1125 ulta
1206 1071 1332 1139 jam
1357 1074 1522 1126 aetate
1544 1087 1658 1125 non
1679 1071 1984 1148 profuturo

335 1159 805 1218 circumcisionis
837 1158 1035 1215 dolore
1066 1159 1334 1227 cruciari,
1366 1163 1422 1214 et
1453 1158 1756 1214 abstinens
1805 1175 1867 1212 se
1913 1159 1985 1212 ab

335 1249 509 1319 escis,
539 1249 754 1321 quibus
799 1263 1030 1320 semper
1082 1253 1483 1315 assueverant,
1538 1250 1594 1304 et
1643 1264 1790 1319 quas
1842 1251 1988 1302 Deus

333 1342 632 1395 creaverat
657 1337 728 1393 ad
761 1337 1044 1393 utendum
1075 1355 1088 1404 ;
1122 1352 1226 1392 nec
1260 1336 1319 1391 hi
1351 1337 1450 1408 qui
1491 1353 1560 1392 ex
1601 1335 1818 1391 Judaeis
1867 1352 1989 1390 cre-

334 1428 607 1483 diderant
639 1430 696 1484 et
734 1425 1066 1482 circumcisi
1115 1428 1297 1492 erant,
1350 1430 1407 1481 et
1449 1442 1516 1480 ex
1567 1424 1989 1480 consuetudine

336 1516 508 1590 quasi
552 1516 810 1573 secunda
862 1519 1091 1582 natura,
1127 1514 1413 1586 putabant
1444 1531 1504 1570 se
1537 1531 1569 1569 a
1599 1513 1819 1570 caeteris
1848 1529 1986 1586 gen-

334 1606 494 1662 tibus
526 1605 659 1678 plus
689 1603 922 1670 habere,
973 1601 1141 1660 facile
1190 1607 1561 1659 contemnere
1609 1607 1876 1675 poterant
1922 1618 1990 1657 ea

334 1695 397 1750 in
455 1693 674 1766 quibus
732 1691 1155 1764 gloriabantur.
1213 1691 1579 1748 Providentia
1628 1691 1826 1762 itaque
1867 1691 1984 1757 Dei,

333 1782 488 1840 alius
535 1781 836 1854 apostolus
887 1780 1253 1837 circumcisis
1306 1780 1478 1836 datus
1527 1785 1637 1850 est,
1684 1780 1784 1851 qui
1841 1779 1986 1852 legis
2021 1815 2066 1881 Β

337 1872 561 1929 umbris
607 1871 905 1928 videretur
951 1873 1339 1942 acquiescere,
1387 1869 1540 1926 alius
1597 1869 1657 1923 in
1700 1868 1985 1940 praeputio

335 1959 815 2033 constitutis,qui
850 1957 1140 2031 Evangelii
1172 1958 1424 2031 gratiam
1457 1975 1574 2014 non
1601 1961 1834 2031 putaret
1860 1973 1987 2012 esse

334 2050 665 2120 servitium,
697 2049 798 2106 sed
832 2047 1075 2105 liberam
1106 2048 1301 2104 ﬁdem.
1337 2047 1418 2104 Ne
1449 2048 1558 2104 sub
1590 2046 1786 2119 aliqua
1816 2062 1987 2102 occa-

336 2140 500 2196 sione
530 2138 1015 2211 impedimentum
1061 2136 1194 2194 ﬁdei
1245 2141 1583 2193 nasceretur
1616 2152 1628 2190 :
1664 2142 1724 2190 et
1754 2140 1986 2207 propter

334 2226 843 2287 circumcisionem
892 2225 1010 2282 sive
1063 2225 1437 2298 praeputium,
1487 2242 1603 2281 non
1651 2225 1986 2280 crederetur

333 2320 398 2374 in
425 2317 743 2373 Christum.
776 2315 890 2371 Nec
920 2315 1030 2371 hoc
1061 2315 1312 2372 dicimus
1344 2315 1499 2387 quod
1535 2314 1759 2383 Petrus,
1793 2313 1890 2385 qui
1929 2316 1986 2367 et

330 2408 466 2480 ipse
523 2405 581 2461 in
637 2404 876 2461 Actibus
933 2403 1332 2476 apostolorum
1394 2402 1624 2458 nullum
1683 2401 1982 2457 hominem

333 2509 710 2554 communem
755 2509 885 2549 esse
933 2497 1186 2549 testatus
1231 2498 1319 2550 est
1371 2492 1508 2564 (Act.
1561 2509 1616 2563 x,
1650 2491 1738 2562 34,
1771 2491 1883 2560 35),
1931 2493 1988 2544 et

331 2585 396 2640 in
428 2583 528 2638 illo
558 2598 713 2647 vase,
735 2583 887 2654 quod
922 2585 1174 2653 quatuor
1202 2580 1433 2653 angulis
1466 2581 1536 2635 de
1569 2579 1711 2635 coelo
1736 2580 1983 2633 missum

331 2671 560 2728 viderat
615 2670 772 2741 (Ibid.
827 2670 913 2734 14,
968 2671 1078 2738 15),
1137 2670 1411 2726 edocetur
1473 2667 1619 2722 nihil
1676 2667 1981 2733 interesse,

326 2761 576 2818 Judaeus
606 2758 683 2815 sit
708 2757 944 2830 aliquis,
978 2775 1048 2812 an
1081 2757 1339 2831 gentilis,
1373 2757 1541 2828 quasi
1583 2755 1800 2811 oblitus
1831 2755 1984 2826 prio-

333 2866 490 2916 rum,
563 2864 740 2920 super
811 2846 1102 2920 Evangelii
1173 2847 1380 2919 gratia,
1450 2845 1639 2920 legem
1699 2843 1989 2917 putaverit

334 2937 762 2994 observandam
798 2951 810 2990 :
845 2937 944 2992 sed
968 2940 1032 2990 ut
1053 2935 1177 3006 ipse
1209 2948 1441 3006 quoque
1470 2933 1658 3008 legem
1690 2933 1986 2989 custodire

336 3045 401 3085 se
431 3025 742 3096 simulans,
771 3025 1053 3097 paulatim
1082 3024 1316 3080 Judaeos
1355 3025 1427 3079 ab
1472 3025 1712 3095 antiquo
1756 3022 1987 3078 vivendi

339 3133 501 3174 more
528 3116 862 3172 deduceret.
901 3115 1025 3170 Non
1053 3113 1211 3169 enim
1243 3117 1512 3186 poterant
1540 3118 1769 3168 tantum
1794 3113 1985 3168 obser-

337 3206 592 3266 vationis
618 3205 975 3272 laborem,et
1004 3202 1214 3260 veteris
1243 3203 1370 3258 vitae
1399 3202 1802 3258 cautissimam
1833 3202 1988 3256 404

340 3291 1039 3364 conversationem,quasi
1062 3299 1450 3366 purgamenta
1476 3291 1669 3346 subito
1690 3294 1747 3345 et
1775 3289 1992 3344 damna

339 3381 824 3441 contemnere.Ex
853 3397 967 3452 quo
999 3380 1408 3452 perspicimus,
1445 3383 1748 3451 propterea
1797 3379 1989 3434 dexte-

340 3489 437 3530 ras
479 3473 645 3528 datas
691 3469 871 3526 Paulo
921 3473 978 3524 et
1026 3469 1304 3532 Barnabas
1336 3468 1629 3524 societatis
1665 3471 1706 3533 ¹,
1737 3485 1770 3523 a
1802 3467 1986 3538 Petro,

335 3562 550 3620 Jacobo
579 3564 636 3617 et
661 3563 885 3615 Joanne
935 3575 948 3613 :
1006 3574 1078 3613 ne
1128 3558 1530 3614 observatione
1583 3557 1760 3626 varia,
1795 3557 1986 3611 diver-

337 3666 475 3706 sum
504 3648 718 3705 Christi
749 3646 1128 3720 Evangelium
1160 3651 1496 3720 putaretur;
1531 3647 1629 3701 sed
1652 3651 1708 3702 et
1738 3645 1985 3701 circum-

335 3739 594 3796 cisorum
629 3742 685 3796 et
714 3736 1058 3793 habentium
1104 3736 1455 3808 praeputium
1497 3739 1651 3792 esset
1679 3753 1797 3791 una
1827 3751 1990 3790 com-I

334 3827 563 3884 munio.
615 3825 859 3882 Pulchre
903 3829 1099 3882 autem
1150 3824 1502 3896 priestruxit,
1563 3824 1764 3880 dicens
1816 3842 1828 3879 :
1881 3825 1987 3892 Qui

331 3917 492 3972 enim
542 3922 794 3986 operatus
841 3917 919 3970 est
962 3915 1122 3971 Petro
1171 3916 1233 3970 in
1283 3914 1653 3986 apostolatum
1699 3914 1986 3968 circumci-

331 4005 511 4061 sionis
543 4022 563 4058 ,ο
597 4019 666 4058 ne
697 4003 828 4074 quis
859 4019 994 4060 eum
1040 4005 1270 4074 putaret
1317 4001 1621 4060 detrahere
1666 4002 1850 4066 Petro,
1883 4001 1984 4056 sed

336 4097 403 4148 ut
459 4090 736 4149 laudibus
791 4093 920 4161 ejus
969 4095 1104 4147 ante
1161 4089 1502 4163 praemissis,
1563 4089 1987 4164 intelligeretur

335 4181 542 4238 Petrus
573 4180 703 4238 ideo
736 4180 1240 4238 circumcisionem
1289 4179 1487 4250 aliqua
1533 4194 1602 4235 ex
1649 4183 1813 4251 parte
1855 4195 1984 4234 sus-

334 4270 548 4342 cipere,
584 4275 651 4324 ut
678 4285 777 4326 eos
812 4269 912 4341 qui
965 4269 1078 4324 sibi
1127 4285 1195 4324 ex
1236 4268 1456 4324 Judaeis
1507 4268 1712 4323 crediti
1757 4269 1988 4324 fuerant

332 4356 724 4426 lucrifaceret,
754 4362 811 4414 et
839 4358 895 4413 in
927 4356 1140 4414 Christi
1183 4357 1296 4412 ﬁde
1347 4361 1405 4412 et
1452 4356 1760 4429 Evangelio
1791 4361 1981 4412 custo-

334 4446 512 4502 diret.
546 4445 943 4517 Subintelligit
996 4446 1173 4502 etiam
1232 4445 1386 4517 quod
1444 4445 1492 4499 si
1551 4444 1647 4500 ille
1695 4446 1716 4478 ³
1763 4445 1984 4516 absque

2098 538 2464 604 mandatum,
2516 544 2581 592 ut
2627 539 2726 610 qui
2778 539 3167 595 defendebant
3220 540 3427 614 legem,
3461 542 3748 600 haberent

2098 642 2270 696 quem
2304 631 2721 697 sequerentur;
2757 627 2857 698 qui
2891 627 3000 700 legi
3042 628 3290 700 gratiam
3339 630 3742 702 praeferebant,

2095 731 2210 769 non
2260 715 2488 770 deesset
2537 716 2621 769 eis
2671 717 2870 771 doctor
2917 722 2973 771 et
3023 717 3289 789 praevius.
3325 720 3386 772 In
3432 736 3743 777 commune

2096 819 2232 858 vero
2280 803 2389 858 hoc
2440 820 2539 858 eos
2593 803 2872 859 habuisse
2925 805 3231 878 propositi,
3279 810 3344 861 ut
3393 807 3620 864 Christo
3676 827 3744 865 ex

2097 891 2324 948 cunctis
2354 892 2630 964 gentibus
2659 893 2978 948 Ecclesium
3012 901 3450 968 congregarent.
3471 897 3746 969 Legimus

2098 979 2252 1035 enim
2284 984 2340 1035 et
2370 997 2403 1035 a
2431 984 2634 1036 sancto
2666 981 2832 1036 Petro
2867 981 3143 1054 gentilem
3175 983 3534 1057 baptizatum
3567 986 3748 1042 fuisse

2099 1067 2430 1124 Cornelium
2479 1070 2614 1140 (Act.
2666 1087 2720 1136 x,
2769 1070 2878 1141 48),
2931 1075 2986 1124 et
3037 1087 3069 1125 a
3117 1071 3296 1126 Paulo
3341 1073 3401 1129 in
3434 1075 3748 1148 synagogis

2097 1158 2457 1228 Judaeorum,
2488 1156 2787 1213 Christum
2838 1159 3162 1231 sepissime
3197 1162 3575 1232 praedicatum
3609 1164 3746 1235 (Act.

2101 1263 2176 1312 1x,
2207 1248 2305 1312 20;
2336 1263 2473 1317 xvn,
2509 1250 2562 1314 1,
2604 1246 2682 1317 2).
2727 1252 2939 1315 Petrus,
2991 1253 3040 1303 et
3082 1253 3345 1316 Joannes,
3398 1259 3448 1306 et
3488 1253 3748 1324 Jacobus,

2097 1336 2195 1404 qui
2221 1335 2546 1390 videbant-ur
2574 1336 2842 1392 columnw
2891 1353 3024 1392 esse.
3074 1339 3185 1393 Ter
3231 1339 3634 1411 supradictum
3677 1343 3749 1397 de

2097 1423 2378 1494 apostolis
2409 1425 2660 1497 legimus
2695 1442 2706 1478 :
2743 1425 2995 1480 Seorsum
3022 1431 3215 1482 autem
3245 1427 3331 1482 his
3359 1431 3455 1499 qui
3484 1430 3746 1485 videban-

2097 1521 2204 1567 tur.
2258 1514 2326 1567 Et
2377 1531 2388 1568 :
2441 1515 2517 1568 Ab
2565 1513 2651 1568 his
2704 1516 2801 1584 qui
2850 1515 3177 1570 videbantur
3213 1532 3327 1572 esse
3356 1519 3593 1590 aliquid.
3626 1519 3742 1576 Et:

2096 1601 2230 1655 Mihi
2256 1603 2405 1656 enim
2436 1604 2533 1673 qui
2559 1603 2885 1658 videbantur
2913 1620 3026 1659 esse
3058 1605 3283 1677 aliquid
3311 1625 3329 1660 :
3359 1606 3506 1662 nihil
3551 1612 3743 1664 contu-

2099 1690 2296 1745 lerunt.
2376 1690 2670 1746 Sollicitus
2738 1692 2936 1764 itaque
3002 1694 3391 1764 requirebam,
3460 1697 3744 1768 quidnam

2097 1783 2251 1834 esset
2293 1780 2447 1850 quod
2499 1779 2736 1846 diceret,
2790 1783 2885 1851 qui
2926 1782 3300 1837 videbantur:
3334 1785 3435 1839 sed
3469 1803 3624 1841 nunc
3653 1803 3747 1842 me

2097 1867 2258 1922 omni
2285 1866 2562 1946 scrupulo
2594 1868 2883 1935 liberavit,
2926 1870 3228 1941 adjiciens,
3278 1875 3375 1943 qui
3419 1874 3748 1946 videbantur

2096 1957 2369 2012 columnae
2397 1945 2857 2012 esse-{Columnae
2907 1957 3086 2029 igitur
3132 1964 3269 2014 sunt
3308 1961 3574 2017 Ecclesiae
3607 1945 3745 2035 apo-

2097 2044 2254 2110 stoli,
2293 2050 2349 2099 et
2380 2044 2633 2099 maxime
2666 2045 2888 2111 Petrus,
2920 2045 3196 2116 Jacobus,
3253 2053 3309 2103 et
3349 2049 3626 2117 Joannes,
3677 2068 3746 2108 ex

2096 2133 2312 2204 quibus
2340 2133 2455 2186 duo
2489 2149 2623 2187 cum
2655 2125 2902 2188 Domino
2924 2137 3236 2192 ascendere
3258 2144 3560 2194 merentur
3589 2141 3738 2198 405

2095 2221 2152 2275 in
2186 2224 2442 2276 montem
2473 2223 2692 2291 (Matth.
2728 2238 2862 2290 xvu,
2899 2224 2971 2294 1),
3004 2242 3252 2294 quorum
3285 2244 3440 2282 unus
3490 2227 3547 2282 in
3597 2234 3747 2300 Apo-

2097 2309 2312 2382 calypsi
2342 2309 2697 2365 Salvatorem
2737 2311 3057 2368 introducit
3099 2313 3434 2386 loquentem
3470 2334 3482 2372 :
3513 2319 3628 2389 Qui
3655 2321 3744 2374 vi-

2094 2400 2248 2465 cerit,
2307 2400 2518 2470 faciam
2563 2415 2689 2454 eum
2735 2401 3058 2456 colu-mnam
3113 2404 3170 2456 in
3229 2405 3427 2476 templo
3486 2405 3586 2461 Dei
3633 2409 3747 2462 mei

2097 2488 2276 2558 (Apoc.
2313 2505 2395 2554 Ill,
2434 2489 2541 2558 12),
2575 2490 2788 2543 docens
2820 2505 3021 2545 omnes
3053 2491 3354 2548 credentes
3397 2493 3499 2564 qui
3542 2495 3742 2551 adver-

2097 2578 2318 2631 sarium
2346 2575 2608 2643 vicerint,
2643 2594 2815 2649 posse
2847 2577 3152 2636 columnas
3181 2581 3448 2637 Ecclesia:
3481 2583 3628 2640 ﬁeri.
3654 2585 3742 2640 Ad

2095 2665 2467 2721 Timotheum
2497 2681 2628 2721 vero
2662 2667 2876 2722 Paulus
2905 2667 3168 2724 scribens
3200 2669 3281 2725 ait
3310 2687 3321 2724 :
3359 2671 3421 2727 Ut
3439 2673 3580 2727 scias
3609 2689 3741 2744 quo-

2093 2754 2250 2809 modo
2279 2758 2518 2826 oporteat
2565 2759 2614 2811 te
2665 2757 2724 2809 in
2771 2756 2932 2811 domo
2987 2759 3095 2812 Dei
3140 2762 3470 2828 conversari,
3505 2777 3623 2832 qua
3663 2771 3743 2817 est

2095 2843 2334 2898 Ecclesia
2378 2844 2477 2898 Dei
2520 2845 2652 2913 vivi,
2706 2845 2964 2900 columna
3015 2850 3198 2900 autem
3226 2851 3277 2902 ct
3319 2847 3739 2919 ﬁrmamentum

2095 2933 2342 2986 veritatis
2373 2934 2425 3002 (Ι
2452 2933 2582 2986 Tim.
2617 2949 2700 3002 In,
2737 2933 2843 3000 15).
2874 2933 2974 2988 llis
3005 2938 3061 2988 et
3091 2935 3311 2990 caeteris
3360 2936 3734 3005 instruimur,

2097 3025 2215 3074 tam
2247 3020 2540 3091 apostolos
2572 3037 2892 3090 omnesque
2940 3023 3260 3090 credentes,
3316 3037 3494 3095 quam
3547 3026 3739 3097 ipsam

2099 3125 2333 3181 quoque
2362 3109 2677 3164 Ecclesiam
2709 3108 3041 3164 columnam
3091 3110 3150 3165 in
3200 3112 3514 3184 Scripturis
3544 3114 3744 3186 appel-

2022 3182 2064 3248 C
2103 3198 2228 3265 lari,
2289 3202 2346 3252 et
2393 3197 2539 3251 nihil
2586 3197 2867 3254 interesse
2915 3199 2985 3254 de
3035 3216 3275 3272 corpore
3318 3182 3458 3274 quid
3493 3182 3743 3272 dicatur,

2101 3304 2175 3341 an
2209 3286 2509 3354 membris,
2542 3302 2674 3342 cum
2702 3292 2758 3342 et
2787 3304 2998 3358 corpus
3046 3289 3340 3346 dividatur
3369 3292 3428 3346 in
3460 3295 3744 3364 membra,

2099 3382 2156 3431 et
2187 3376 2454 3452 membra;
2479 3375 2598 3430 sint
2627 3377 2906 3448 corporis.
2944 3378 3233 3433 Dederunt
3279 3379 3475 3452 itaque
3520 3379 3746 3456 Petrus,

2099 3469 2156 3519 et
2184 3464 2461 3534 Jacobus,
2513 3469 2569 3520 et
2613 3467 2884 3533 Joannes,
2939 3467 3038 3538 qui
3075 3467 3424 3524 videbantur
3461 3471 3746 3528 columnae

2098 3569 2248 3622 esse,
2305 3555 2536 3611 dextras
2583 3555 2763 3609 Paulo
2809 3558 2864 3609 et
2912 3554 3211 3628 Barnabas,
3259 3557 3589 3630 societatis;
3644 3562 3745 3618 sed

2095 3643 2222 3699 Tito
2256 3643 2355 3714 qui
2387 3660 2520 3698 cum
2559 3644 2643 3698 eis
2671 3646 2812 3713 erat,
2845 3644 3079 3700 dextras
3112 3661 3227 3700 non
3258 3647 3563 3704 dederunt.
3597 3648 3745 3704 Nec-

2096 3731 2238 3786 dum
2271 3731 2484 3804 quippe
2512 3733 2582 3786 ad
2614 3749 2741 3787 eam
2776 3748 3113 3788 mensuram
3146 3742 3503 3806 pervenerat,
3530 3742 3593 3792 ut
3613 3755 3742 3810 pos-

2096 3825 2227 3874 sent
2274 3820 2380 3888 [Al.
2428 3821 2673 3892 possint]
2725 3821 2774 3875 ei
2825 3821 3035 3877 Christi
3086 3825 3467 3880 mercimonia
3505 3843 3741 3898 exaequo

2095 3925 2227 3963 cum
2262 3909 2585 3980 majoribus
2616 3910 2792 3976 credi,
2823 3915 2878 3965 et
2906 3911 3177 3965 eumdem
3210 3917 3404 3968 tenere
3435 3916 3456 3946 ⁴
3488 3915 3742 3986 negotia-

2093 3998 2274 4080 tionis
2300 3997 2494 4052 locum
2526 4015 2700 4070 quem
2731 4001 3028 4055 Barnabas
3057 4003 3312 4069 tenebat,
3346 4007 3402 4057 et
3431 4003 3668 4059 Paulus.

2165 4091 2352 4156 (Vers.
2402 4089 2512 4159 10.)
2565 4109 2592 4137 ‹‹
2638 4089 2892 4156 Tantum
2951 4093 3016 4142 ut
3073 4107 3395 4161 pauperum
3454 4108 3744 4149 memores

2095 4192 2381 4244 essemus,
2416 4177 2570 4248 quod
2605 4177 2782 4232 etiam
2816 4177 3102 4232 sollicitus
3142 4177 3224 4231 lui
3273 4179 3382 4234 hoc
3430 4179 3629 4252 ipsum
3661 4182 3744 4237 fa-

2096 4280 2240 4320 cere.
2301 4287 2328 4314 ››
2382 4265 2577 4319 Sancti
2637 4281 2944 4336 pauperes,
3011 4282 3261 4336 quorum
3315 4269 3605 4343 praecipue
3670 4272 3741 4328 ab

2095 4352 2374 4424 apostolis
2404 4353 2581 4407 Paulo
2613 4357 2669 4408 et
2695 4354 2972 4408 Barnabas
2995 4370 3135 4409 cura
3156 4357 3556 4429 mandatur,hi
3581 4364 3746 4427 sunt,

2097 4443 2196 4515 qui
2264 4458 2330 4496 ex
2385 4441 2602 4497 Judaeis
2668 4443 2989 4512 credentes,
3059 4445 3244 4517 pretia
3300 4449 3743 4518 possessionum

331 4534 512 4608 culpa
544 4534 839 4604 faceret,et
869 4535 941 4590 ad
973 4539 1206 4606 tempus
1239 4535 1618 4602 observando,
1662 4534 1816 4606 quod
1868 4551 1982 4588 non
2016 4547 2064 4615 D
2097 4548 2340 4587 suarum
2374 4532 2444 4586 ad
2479 4532 2656 4602 pedes
2687 4531 3079 4604 apostolorum
3133 4535 3470 4591 deferebant
3515 4539 3746 4609 egenti-

332 4623 488 4696 licet,
549 4639 622 4682 ne
674 4623 786 4678 sibi
845 4623 1095 4680 creditos
1155 4623 1442 4694 perderet,
1516 4639 1576 4678 se
1634 4624 1823 4695 magis
1883 4640 1984 4694 pro

333 4711 634 4786 Evangelii
665 4711 906 4768 veritate
938 4713 1128 4768 facere
1175 4713 1384 4768 debere
1431 4711 1584 4784 quod
1639 4712 1750 4767 sibi
1799 4711 1988 4784 credi-

335 4807 468 4857 tum
529 4807 618 4858 est
670 4801 730 4858 in
791 4801 1092 4875 praeputio,
1144 4818 1216 4856 ne
1268 4807 1470 4876 gentes
1523 4801 1665 4871 legis
1713 4816 1887 4856 onere
1936 4805 1994 4856 et

335 4889 686 4947 difﬁcultate
715 4890 1026 4958 deterritas,
1062 4906 1095 4946 a
1125 4889 1340 4946 Christi
1373 4891 1484 4947 ﬁde
1517 4895 1573 4945 et
1603 4888 1942 4944 credulitate
1970 4891 1993 4924 ³

337 4979 725 5036 discederent.
760 4979 1000 5038 Occulta
1045 4979 1142 5036 hic
1187 4979 1372 5035 oritur
1405 4980 1646 5051 quaestio
1681 4979 1865 5044 :Quid
1895 4979 1995 5051 igi-

338 5067 477 5124 tur?
529 5072 740 5132 Petrue
788 5069 840 5126 si
891 5069 1209 5125 invenisset
1255 5085 1323 5124 ex
1369 5069 1665 5142 gentibus,
1726 5085 1841 5124 non
1897 5085 1996 5125 eos

340 5157 674 5214 adducebat
725 5158 796 5214 ad
855 5157 1076 5213 ﬁdem?
1105 5160 1219 5214 Aut
1267 5157 1483 5216 Paulus
1529 5159 1577 5212 si
1626 5175 1694 5214 ex
1743 5158 1997 5213 circum-

339 5245 560 5300 cisisne
615 5245 846 5317 aliquos
903 5246 1234 5317 reperisset,
1297 5263 1410 5302 non
1470 5263 1569 5302 eos
1635 5247 1704 5300 ad
1777 5245 1994 5301 Christi

336 5333 708 5406 baptismum
741 5334 1130 5406 provocabat?
1158 5335 1292 5401 Quae
1323 5335 1403 5391 ita
1432 5334 1695 5403 solvitur,
1730 5341 1794 5391 ut
1843 5335 1997 5391 dica-

413 5479 433 5550 ξ
461 5475 681 5550 Yocem
710 5478 984 5533 societatis
1015 5477 1257 5550 Palatia.
1295 5496 1384 5535 ms
1417 5478 1667 5550 ignorat.

408 5548 430 5622 ξ
460 5547 620 5622 idem
655 5565 794 5614 ms.,
823 5549 1184 5622 subintelligi
1212 5552 1400 5616 etiam,
1433 5547 1573 5622 quod
1605 5552 1723 5617 ille,
1750 5555 1856 5605 etc.

406 5619 430 5654 ³
455 5620 538 5674 Su
585 5619 684 5682 ino
715 5637 908 5676 errore
939 5620 1245 5691 legebatur
1270 5619 1461 5689 antea,
1494 5623 1842 5677 crudelitate.

409 5690 434 5730 ⁴
463 5637 871 5751 Βυὲἱηῐθιιὶεθ.
926 5695 1117 5751 posset.
1172 5693 1326 5751 quod
1386 5694 1628 5751 verbum
1677 5693 1839 5751 elega

409 5690 871 5766 ‘Subintellige,
923 5690 1117 5770 posset,
1172 5693 1326 5767 quod
1386 5694 1628 5756 verbum
1677 5693 2001 5772 elegantius

671 5820 934 5885 Paeon.
987 5821 1205 5886 XXVI.

2099 4622 2209 4677 bus
2240 4621 2561 4693 largienda,
2592 4620 2678 4676 vel
2711 4622 2851 4692 quia
2897 4622 3346 4693 contribulibus,
3379 4626 3643 4697 cognatis
3692 4632 3749 4683 et

2099 4711 2439 4783 parentibus
2473 4711 2618 4776 suis,
2653 4711 2820 4782 quasi
2851 4712 3174 4767 desertores
3225 4712 3390 4784 legis,
3428 4719 3484 4769 et
3523 4715 3582 4769 in
3613 4731 3744 4770 cru-

2102 4801 2337 4856 ciﬁxum
2389 4801 2688 4855 hominem
2740 4801 3062 4866 credentes,
3097 4801 3464 4857 detestationi
3521 4811 3574 4859 et
3623 4805 3744 4876 pia-

2103 4888 2232 4944 culo
2290 4889 2673 4944 ducebantur.
2735 4889 2797 4944 In
2856 4889 3064 4944 horum
3125 4889 3450 4946 ministerio
3508 4900 3748 4950 sanctus

2105 4977 2405 5051 apostolus
2464 4979 2679 5034 Paulus
2734 4977 3567 5051 quanto—labore-sudaverit,
3627 4983 3753 5056 Epi-

2107 5069 2264 5124 stolas
2295 5070 2424 5140 ejus
2455 5072 2633 5125 testes
2664 5072 2821 5134 sunt,
2855 5067 3163 5123 scribentis
3210 5070 3279 5123 ad
3313 5069 3664 5142 Corinthios,
3697 5077 3755 5129 et

2109 5158 2179 5212 ad
2225 5156 2796 5222 Thessalonicenses,
2853 5157 2925 5211 ad
2979 5173 3183 5212 omnes
3239 5159 3503 5230 gentium
3560 5161 3752 5217 Eccle-

2109 5246 2247 5313 sias,
2281 5249 2346 5299 ut
2376 5251 2770 5317 praepararent
2818 5262 3035 5301 munus
3094 5246 3203 5302 hoc
3251 5264 3354 5319 per
3405 5266 3467 5304 se
3512 5251 3600 5306 vel
3655 5267 3759 5323 per

2112 5335 2258 5390 alios
2289 5335 2387 5406 qui
2431 5336 2515 5389 eis
2549 5334 2928 5406 placuissent,
2983 5334 3446 5408 Hierosolymam
3495 5340 3758 5397 deferen-

2111 5495 2180 5534 ex
2226 5477 2442 5558 Latinae
2491 5477 2701 5558 linguae
2755 5476 2989 5558 ingenio
3036 5477 3302 5558 SLPater
3345 5498 3460 5537 non
3511 5483 3760 5558 repetit;

2114 5551 2505 5630 nequicquam
2551 5549 2729 5630 enim,
2776 5553 3041 5630 tenerent,
3090 5549 3383 5630 Victorius
3413 5549 3759 5630 rescripsit,

2112 5622 2206 5678 cui
2237 5620 2497 5698 alioquin
2529 5620 2857 5678 claudicare
2888 5621 3092 5678 Latina
3122 5620 3335 5679 locutio
3375 5625 3494 5681 :"sa
3524 5620 3632 5683 est:

3373 5825 3447 5881 12
