4144 6202
416 372 533 432 363

1668 368 1735 426 S.
1779 366 2094 428 EUSEBII
2141 366 2587 429 HIERONYMI

3706 360 3827 427 364

415 505 578 560 dum.
614 500 778 558 Unde
809 514 964 556 nunc
995 498 1351 555 conﬁdenter
1375 498 1535 570 dicit,
1576 499 1715 571 quod
1762 502 1927 556 etiam
1955 501 2062 555 sol-
2092 502 2148 568 Α
2178 515 2429 573 arguens
2476 499 2879 573 propositum;
2931 499 3030 555 sed
3083 497 3252 570 quasi
3302 496 3363 552 in
3412 496 3642 569 publico
3692 515 3828 554 con-

418 591 608 648 ticitus
635 592 727 658 fui
750 593 931 663 facere
962 588 1059 644 hoc
1087 589 1287 659 ipsum.
1321 588 1572 645 Possunt
1602 594 1796 645 autem
1847 594 1903 644 et
1952 590 2063 645 alio

417 697 628 754 genere
672 694 957 751 pauperes
1010 677 1212 748 accipi,
1267 678 1338 731 de
1387 678 1602 748 quibus
1650 678 1709 732 in
1757 672 2065 750 Evangelio

417 768 633 825 dicitur
665 784 679 822 :
714 766 867 822 Beati
892 782 1159 838 pauperes
1196 766 1394 837 spiritu
1444 786 1463 821 :
1508 768 1770 836 quoniam
1817 768 2065 837 ipsorum

415 861 495 912 est
524 872 752 926 regnum
782 855 1042 910 cistarum
1069 854 1280 924 (Matth.
1308 872 1366 922 v,
1397 854 1472 926 3).
1504 854 1799 910 Mereatur
1853 856 2066 928 quippe

417 943 566 1001 tales
594 943 655 1000 in
687 943 972 1000 memoria
999 959 1125 998 esse
1157 942 1574 1014 apostolorum.
1608 944 1843 1000 Necnon
1879 949 1935 1000 et
1980 945 2063 1000 illi

416 1034 801 1106 pauperes,de
814 1032 1031 1104 quibus
1048 1031 1104 1086 in
1124 1030 1434 1088 Salomone
1451 1032 2065 1106 scribiturzltedemptio

418 1121 532 1178 viri
580 1123 804 1189 animm,
851 1122 1099 1193 propriae
1146 1120 1363 1177 divitiae
1413 1121 1595 1191 (Prov.
1627 1140 1752 1195 xm,
1782 1124 1858 1195 8).
1911 1125 2063 1183 406

418 1211 646 1284 Pauper
664 1226 798 1267 vero
816 1227 930 1266 non
949 1210 1202 1266 sustinet
1216 1211 1887 1270 comminationem.Non
1908 1214 2064 1269 enim

419 1304 620 1372 potest
650 1299 913 1355 futurum
960 1298 1070 1372 (At.
1123 1299 1479 1370 futurarum)
1513 1316 1815 1371 pcenarum
1862 1302 2067 1357 audire

412 1394 720 1457 terrorem,
753 1404 976 1460 pauper
1025 1387 1083 1442 in
1139 1386 1273 1459 ﬁde,
1325 1404 1546 1460 pauper
1591 1389 1646 1441 in
1693 1388 1903 1461 gratia,
1948 1407 2063 1445 non
2113 1446 2127 1459 ,

416 1476 641 1533 habens
672 1476 905 1533 divitias
935 1475 1295 1549 spirituales,
1328 1493 1433 1531 nec
1464 1477 1771 1533 scientiam
1804 1478 2063 1550 Scriptu-

425 1582 647 1633 rarum,
675 1582 802 1638 quae
851 1582 993 1621 auro
1042 1570 1100 1620 et
1148 1570 1411 1638 argento,
1461 1570 1518 1621 et
1578 1567 1829 1637 pretioso
1883 1567 2063 1640 lapidi

427 1658 861 1727 comparantur.
898 1654 1184 1718 Quoniam
1215 1655 1397 1726 igitur
1428 1672 1542 1710 non
1580 1661 1753 1728 egent
1781 1658 1906 1713 sani
1939 1674 2062 1713 me-

419 1744 569 1813 dico,
603 1744 705 1799 sed
736 1743 796 1798 hi
824 1743 922 1815 qui
952 1743 1105 1798 male
1137 1743 1373 1815 habent,
1406 1747 1712 1815 propterea
1741 1749 1798 1800 et
1827 1751 2063 1817 aposto—

414 1829 489 1887 lis
540 1831 596 1886 in
658 1833 1026 1887 dexterarum
1078 1831 1607 1888 communicatione
1664 1834 1949 1905 convenit,
1991 1851 2064 1891 ne
2093 1871 2141 1935 Β

419 1925 762 1992 spernerent
811 1937 1119 1994 pauperes,
1162 1938 1234 1976 ne
1290 1922 1656 1993 despicerent
1686 1928 2060 1994 peccatores;

417 2010 519 2065 sed
577 2026 810 2083 semper
864 2010 1277 2066 meminissent
1332 2027 1560 2078 eorum,
1627 2012 1780 2067 sicut
1844 2012 2061 2069 Paulus

413 2098 672 2157 Corinthi
703 2099 862 2155 illius
892 2099 1182 2170 meminit,
1216 2116 1392 2171 quem
1423 2116 1559 2155 cum
1590 2100 1649 2154 in
1692 2101 1883 2173 priore
1926 2101 2061 2174 Epi-

411 2188 564 2244 stola
594 2189 1002 2244 contristasset
1030 2189 1102 2244 ad
1134 2194 1466 2260 tempus,ut
1494 2206 1732 2261 corpore
1754 2208 1856 2262 per
1885 2191 2063 2263 poeni-

412 2277 656 2334 tentiam
712 2276 1033 2344 laborante,
1065 2278 1277 2348 spiritu
1325 2278 1523 2333 salvus
1572 2280 1735 2335 ﬁeret
1765 2281 1813 2346 (I
1846 2281 1971 2337 Cor.
2003 2297 2057 2352 v,

414 2367 505 2422 1-5
535 2382 549 2423 :
581 2368 641 2421 in
671 2366 949 2436 secunda,
981 2381 1053 2421 ne
1084 2366 1291 2436 majori
1338 2368 1579 2422 tristitia
1629 2369 2057 2441 absorberetur,

411 2459 642 2511 revocat
670 2456 743 2511 ad
776 2453 1091 2510 Ecclesiam
1150 2455 1223 2526 (II
1278 2454 1397 2510 Cor.
1461 2473 1523 2522 ιι,
1572 2458 1625 2522 7,
1675 2458 1751 2527 8).
1794 2458 2060 2529 Petitque

412 2546 676 2614 cunctos,
732 2549 799 2598 ut
856 2544 1204 2599 confirment
1262 2543 1321 2597 in
1388 2561 1522 2600 eum
1580 2544 1944 2613 charitatcm,
2003 2553 2061 2604 et

411 2633 633 2688 donent
660 2631 823 2688 fratri
853 2632 1006 2687 sicut
1033 2632 1160 2704 ipse
1189 2632 1508 2704 unicuique
1557 2650 1759 2688 eorum
1808 2636 1868 2689 in
1915 2636 2060 2692 facie

410 2720 629 2777 Christi
654 2720 975 2793 donaverit,
1007 2721 1261 2794 implens
1294 2727 1528 2793 pactum
1553 2724 1708 2794 quod
1736 2724 2061 2799 Hierosoly-

409 2811 524 2869 mis
558 2811 790 2882 fecerat,
822 2816 888 2866 ut
916 2827 1148 2883 semper
1177 2828 1500 2884 pauperum
1528 2813 1947 2869 recordaretur.

485 2902 675 2973 (Vers.
712 2900 924 2973 11-13.)
970 2923 999 2951 α
1049 2902 1193 2957 Cum
1243 2906 1439 2956 autem
1488 2902 1741 2957 venisset
1789 2903 1996 2959 Petrus
2040 2905 2055 2939 ¹

414 2989 804 3058 Antiochiam,
835 2990 894 3045 in
928 2990 1133 3046 faciem
1165 2990 1217 3045 ei
1247 2990 1431 3046 restiti
1468 3008 1479 3046 :
1514 2991 1651 3062 quia
1694 2991 2057 3063 reprehensi-

410 3078 547 3134 bilis
592 3082 734 3135 erat.
789 3079 952 3135 Prius
998 3079 1155 3135 enim
1206 3095 1383 3150 quam
1433 3078 1694 3135 venirent
1742 3081 1981 3151 quidam
2025 3099 2060 3138 a

410 3167 649 3237 Jacobo,
682 3183 815 3221 cum
847 3168 1122 3238 gentibus
1170 3168 1395 3223 edebat.
1446 3172 1589 3223 Cum
1630 3174 1829 3225 autem
1860 3170 2055 3225 venis-

2173 589 2489 655 tradicens,
2539 594 2605 645 ut
2656 606 2725 645 ex
2772 605 2838 644 eo
2895 588 3050 660 quod
3100 587 3320 643 Paulus
3377 602 3514 642 eum
3572 602 3826 659 arguens

2172 680 2501 743 resistebat,
2537 679 2597 734 hi
2630 679 2731 751 qui
2762 678 3130 733 crediderant
3177 692 3247 733 ex
3301 676 3597 749 gentibus,
3630 691 3826 732 serva-

2173 772 2396 824 rentur.
2432 770 2594 833 Quod
2635 769 2684 824 si
2716 772 2883 840 putat
2921 766 3154 838 aliquis,
3200 782 3335 821 vere
3378 764 3624 820 Paulum
3657 768 3824 821 Petro

2174 856 2437 929 apostolo
2468 858 2773 923 restitisse,
2806 860 2865 911 et
2890 872 2992 927 pro
3022 855 3263 910 veritate
3306 853 3601 926 Evangelii
3642 853 3821 909 intre-

2173 947 2305 1016 pide
2359 946 2564 1002 fecisse
2612 945 2893 1016 injuriam
2940 942 3295 1016 praecessori,
3341 959 3459 998 non
3489 942 3512 976 ³
3553 942 3605 997 ei
3645 940 3823 998 stabit

2172 1034 2316 1090 illud
2344 1036 2502 1107 quod
2553 1039 2610 1090 et
2656 1034 2781 1106 ipse
2833 1032 3050 1089 Paulus
3096 1032 3318 1088 Judazis
3365 1031 3606 1087 Judaaus
3637 1031 3825 1086 factus

2174 1128 2283 1189 est,
2317 1129 2384 1178 ut
2412 1123 2649 1178 Judaaos
2678 1121 3046 1178 lucrifaceret
3075 1121 3124 1192 (Ι
3150 1123 3275 1177 Cor.
3302 1137 3382 1187 1x,
3413 1120 3527 1192 20),
3562 1123 3620 1175 et
3667 1119 3823 1191 ejus-

2174 1213 2305 1266 dem
2358 1210 2754 1267 simulationis
2803 1209 3095 1266 tenebitur
3142 1226 3298 1280 reus,
3352 1207 3593 1281 quando
3652 1211 3826 1281 caput

2171 1301 2427 1356 totondit
2466 1300 2527 1356 in
2557 1301 2789 1356 Cencris
2818 1300 2951 1367 (Act.
3000 1317 3159 1367 xvm,
3213 1300 3322 1370 18),
3363 1302 3421 1354 et
3468 1298 3617 1354 tacto
3648 1296 3821 1354 calvi-

2174 1390 2275 1457 tio,
2323 1389 2676 1446 oblationem
2721 1389 2935 1445 obtulit
2978 1389 3038 1444 in
3094 1387 3422 1444 Jerusalem
3479 1388 3614 1457 (Act.
3672 1404 3822 1458 χειν,

2175 1480 2285 1550 lt),
2336 1483 2392 1533 et
2440 1479 2812 1535 Timotheum
2862 1476 3230 1533 circumcidit
3285 1476 3421 1549 (Act.
3481 1493 3598 1545 xv1,
3649 1476 3724 1548 3),
3769 1478 3827 1531 et

2174 1567 2550 1638 nudipedalia
2592 1567 2868 1637 exercuit,
2915 1583 3044 1638 quae
3091 1565 3294 1637 utique
3341 1563 3825 1621 manifestissime

2172 1656 2244 1711 de
2274 1655 2636 1712 caeremoniis
2664 1656 3003 1711 Judaeorum
3035 1659 3193 1710 sunt.
3226 1653 3286 1710 Si
3318 1653 3519 1727 itaque
3547 1655 3674 1727 ipse
3722 1652 3824 1725 qui

2172 1746 2243 1800 ad
2276 1745 2747 1817 praedicationem
2780 1744 3044 1817 gentium
3072 1744 3295 1799 missus
3325 1747 3473 1810 erat,
3505 1760 3619 1799 non
3653 1753 3827 1815 puta-

2171 1834 2256 1889 vit
2308 1835 2411 1889 ahs
2459 1851 2519 1889 re
2563 1834 2755 1890 dicere
2806 1850 2819 1889 ε
2873 1833 3002 1890 Sine
3052 1833 3381 1905 offendicula
3418 1837 3580 1890 estote
3623 1836 3826 1894 Judzis

2171 1932 2221 1978 et
2264 1924 2513 1978 Ecclesiae
2566 1925 2670 1978 Dei
2718 1923 2762 1994 (I
2814 1923 2938 1979 Cor.
2983 1940 3040 1989 x,
3090 1923 3213 1994 32);
3262 1911 3556 1995 quomodo
3607 1929 3665 1980 et
3718 1943 3824 2000 ego

2171 2013 2446 2068 omnibus
2495 2029 2597 2084 per
2644 2011 2844 2067 omnia
2889 2012 3108 2083 placeo,
3170 2027 3287 2067 non
3347 2027 3617 2083 quaerens
3665 2015 3821 2086 quod

2172 2100 2315 2156 mihi
2348 2100 2488 2156 utile
2517 2105 2626 2166 est,
2659 2101 2759 2156 sed
2788 2100 2943 2172 quod
2976 2099 3204 2166 multis,
3237 2104 3303 2155 ut
3334 2099 3632 2158 salventur
3661 2104 3821 2173 (Ibid,

2170 2190 2293 2262 33);
2322 2194 2379 2245 et
2406 2190 2543 2245 facit
2573 2189 2771 2262 aliqua
2800 2206 2927 2261 quae
2962 2189 3253 2245 contraria
3282 2194 3483 2246 essent
3524 2190 3822 2266 Evangelii

2170 2267 2446 2345 libertati,
2479 2296 2550 2334 ne
2581 2276 3003 2335 scandalizaret
3030 2278 3265 2334 Judaaos
3300 2296 3313 2334 :
3348 2295 3465 2350 qua
3495 2282 3820 2338 auctorita-

2168 2372 2243 2435 te,
2280 2386 2396 2441 qua
2426 2369 2612 2424 fronte
2659 2368 2834 2424 audet
2883 2367 2992 2422 hoc
3040 2367 3100 2422 in
3150 2367 3319 2423 Petro
3370 2368 3814 2441 reprehendere,

2170 2458 2270 2529 qui
2298 2457 2760 2514 circumcisionis
2791 2455 3092 2529 apostolus
3121 2461 3264 2524 erat,
3298 2457 3452 2527 quod
3501 2459 3627 2531 ipse
3678 2476 3821 2532 apo-

2169 2546 2356 2601 stolus
2385 2546 2649 2619 gentium
2681 2546 2949 2617 arguitur
2980 2545 3388 2602 commisisse?
3419 2545 3531 2603 Sed
3574 2552 3639 2602 ut
3687 2552 3819 2604 ante

2159 2635 2288 2703 jam
2317 2633 2594 2704 diximus,
2626 2634 2843 2689 restitit
2887 2634 3211 2690 secundum
3266 2634 3473 2690 faciem
3522 2635 3818 2707 publicam

2168 2723 2336 2778 Petro
2368 2727 2425 2778 et
2454 2721 2695 2793 caeteris,
2742 2726 2807 2777 ut
2848 2722 3177 2795 hypocrisis
3226 2722 3600 2779 observandae
3650 2723 3815 2797 legis,

2168 2828 2295 2883 quae
2330 2812 2574 2867 nocebat
2602 2811 2687 2866 eis
2718 2811 2815 2883 qui
2847 2828 2914 2867 ex
2944 2811 3220 2883 gentibus
3270 2812 3662 2878 crediderant,
3692 2830 3819 2870 cor-

2167 2899 2447 2971 reptionis
2496 2899 2790 2972 hypocrisi
2841 2900 3272 2967 emendaretur,
3318 2905 3374 2956 et
3431 2904 3679 2974 uterque
3716 2919 3817 2975 po-

2166 2988 2343 3060 pulus
2398 2988 2597 3044 salvus
2654 2990 2836 3057 fieret,
2888 2989 3030 3044 dum
3088 2994 3145 3045 et
3202 2989 3304 3061 qui
3362 2989 3817 3048 circumsionem

2167 3076 2428 3147 laudant,
2489 3081 2726 3133 Petrum
2784 3081 3146 3148 sequuntur;
3201 3082 3260 3133 et
3317 3078 3417 3149 qui
3478 3078 3820 3136 circumcidi

2166 3165 2393 3230 nolunt,
2446 3164 2607 3220 Pauli
2657 3165 2977 3237 praedicant
3024 3165 3372 3221 libertatem.
3406 3166 3570 3230 Quod
3619 3172 3818 3225 autem

412 3258 565 3322 sent,
596 3255 978 3310 subtrahebat
997 3261 1053 3310 et
1082 3256 1429 3327 segregabat
1458 3274 1542 3325 se,
1573 3258 1789 3314 timens
1828 3276 1925 3315 eos
1957 3260 2057 3332 qui
2088 3238 2130 3307 (ἶ
2170 3256 2271 3326 ait,
2308 3255 2751 3327 reprehensibilis
2796 3259 2932 3321 erat,
2984 3258 3290 3328 propterea
3335 3254 3543 3311 inediae
3595 3260 3814 3330 tempe-

411 3360 481 3399 ex
512 3343 958 3400 circumcisione
988 3348 1237 3409 erant,et
1266 3344 1632 3400 simulationi
1663 3348 1790 3417 ejus
1812 3363 2056 3404 consen-

411 3437 636 3502 serunt,
669 3438 727 3489 et
757 3433 946 3488 cazteri
972 3432 1162 3487 Judaei
1194 3449 1206 3486 :
1242 3433 1323 3487 ita
1354 3436 1418 3487 ut
1449 3437 1504 3488 et
1534 3434 1831 3491 Barnabas
1878 3439 2054 3493 duce-

409 3525 572 3577 retur
629 3521 702 3577 ab
751 3521 836 3576 eis
881 3521 941 3575 in
996 3520 1096 3576 illa
1143 3520 1539 3577 simulatione.
1582 3544 1609 3573 »
1662 3524 1738 3578 Ε(
1785 3541 1850 3579 eo
1899 3527 2053 3596 quod

410 3610 613 3666 Petrus
643 3614 956 3681 antequam
989 3609 1228 3681 quidam
1278 3611 1349 3666 de
1395 3610 1814 3684 Hierosolymis
1853 3615 2055 3671 Antio-

408 3698 603 3754 chiam
631 3698 915 3766 venirent,
949 3698 1158 3754 edebat
1205 3715 1340 3753 cum
1399 3700 1693 3772 gentibus,
1729 3702 2056 3758 ostenditur

405 3803 524 3844 non
557 3804 692 3843 eum
722 3785 969 3843 oblitum
1000 3787 1182 3843 fuisse
1233 3788 1503 3859 praecepti
1539 3804 1552 3843 :
1587 3788 1816 3844 nullum
1870 3789 2056 3846 homi-

408 3892 543 3933 nem
575 3892 949 3932 communem
999 3880 1057 3931 et
1104 3876 1481 3931 immundum
1515 3877 1740 3945 dicere;
1774 3880 1874 3934 sed
1917 3880 2054 3951 quia

406 3971 646 4039 propter
672 3983 791 4033 eos,
825 3965 924 4038 qui
955 3964 1148 4021 adhuc
1178 3965 1367 4038 legem
1415 3967 1837 4022 observandam
1880 3974 2051 4040 puta-

401 4055 565 4125 bant,
598 4053 908 4128 paululum
939 4070 1003 4110 se
1032 4070 1066 4108 a
1095 4053 1363 4108 convictu
1394 4053 1757 4108 subtraxerat
1788 4056 2049 4127 gentium

2166 3344 2350 3412 ravit;
2384 3348 2445 3398 ut
2476 3343 2877 3417 intelligamus
2909 3360 3025 3399 non
3057 3348 3179 3399 tam
3223 3342 3401 3401 Paulo
3450 3361 3586 3401 eum
3635 3345 3815 3403 fuisse

2165 3430 2707 3502 reprehensibilem,
2741 3448 2918 3504 quam
2948 3430 3041 3487 his
3080 3431 3365 3488 fratribus
3417 3448 3550 3489 cum
3599 3434 3816 3506 quibus

2166 3524 2298 3573 ante
2341 3520 2539 3585 edens,
2594 3536 2657 3576 se
2710 3520 2782 3575 ab
2830 3520 2914 3576 eis
2973 3524 3175 3593 postea
3221 3521 3549 3594 separabat.
3602 3521 3814 3580 Utilem

2162 3624 2295 3663 vero
2333 3608 2792 3677 simulationem,
2841 3613 2899 3664 et
2948 3610 3365 3666 assumendam
3417 3610 3477 3666 in
3526 3616 3814 3683 tempore,

2162 3695 2312 3750 Jehu
2344 3697 2497 3769 regis
2529 3696 2705 3752 Israel
2736 3713 2844 3753 nos
2890 3698 3096 3753 doceat
3121 3698 3480 3770 exemplum,
3513 3699 3613 3772 qui
3642 3700 3665 3733 ‘
3691 3717 3810 3757 non

2162 3784 2451 3855 potuisset
2482 3786 2805 3842 interﬁcere
2831 3788 3162 3843 sacerdotes
3192 3787 3348 3854 Baal,
3378 3788 3495 3844 nisi
3520 3805 3583 3845 se
3614 3788 3815 3846 ﬁnxis-

2162 3878 2250 3928 set
2291 3873 2436 3929 velle
2483 3874 2707 3929 idolum
2756 3874 2964 3942 colere,
3019 3875 3219 3932 dicens
3268 3893 3281 3932 :
3331 3875 3670 3946 Congregate
3695 3877 3804 3946 (Al.

2159 3964 2445 4034 congrege)
2499 3962 2642 4018 mihi
2692 3979 2875 4019 omnes
2931 3963 3232 4020 sacerdotes
3278 3964 3433 4020 408
3489 3967 3630 4022 Baal
3686 3984 3705 4021 :
3757 3968 3811 4021 si

2159 4053 2316 4106 anim
2364 4052 2538 4108 Achab
2581 4054 2805 4108 servivit
2850 4051 2998 4109 Baal
3045 4054 3108 4108 in
3153 4056 3368 4125 paucis,
3426 4070 3524 4124 ego
3572 4057 3811 4111 serviam

403 4145 597 4215 (itaut
626 4145 802 4201 etiam
836 4143 1026 4200 caeteri
1057 4142 1154 4214 qui
1187 4159 1256 4198 ex
1283 4141 1505 4197 Judaeis
1551 4148 1737 4213 erant,
1780 4143 2053 4201 similiter
2160 4143 2221 4194 in
2250 4141 2439 4197 multis
2470 4142 2562 4213 (IV
2590 4143 2712 4213 Reg.
2739 4158 2797 4209 x,
2832 4142 2943 4214 18).
2977 4143 3047 4198 Et
3097 4142 3275 4199 David
3325 4145 3562 4216 quando
3610 4149 3805 4200 muta-

402 4234 679 4302 facerent,
713 4238 771 4289 et
799 4233 1096 4289 Barnabas
1143 4232 1244 4305 qui
1287 4248 1423 4288 cum
1475 4231 1649 4287 Paulo
1680 4233 1738 4286 in
1774 4233 2049 4305 gentibus
2159 4228 2240 4283 vit
2266 4229 2470 4285 faciem
2503 4247 2675 4286 suam
2707 4247 2904 4286 coram
2934 4231 3290 4300 Abimelerh,
3316 4236 3374 4288 et
3402 4232 3629 4289 dimisit
3646 4248 3808 4302 eum,

398 4322 777 4395 Evangelium
844 4322 1212 4393 praedicabat,
1286 4321 1394 4377 hoc
1458 4322 1645 4376 facere
1702 4324 2046 4395 cogeretur),
2158 4323 2214 4374 et
2270 4320 2413 4374 abiit
2457 4323 2501 4387 (ι
2566 4322 2690 4390 Reg.
2746 4338 2866 4391 m,
2919 4321 3025 4392 13).
3075 4321 3187 4377 Nec
3240 4322 3479 4388 mirum,
3535 4323 3809 4395 quamvis

399 4409 462 4465 hi
516 4411 615 4483 qui
662 4410 979 4466 Antiochia:
1047 4409 1414 4466 crediderant
1462 4426 1529 4465 ex
1588 4410 1882 4482 gentibus,
1943 4428 2049 4467 nec
2146 4408 2345 4479 justos
2375 4409 2665 4475 homines,
2708 4414 2905 4465 tamen
2954 4408 3153 4482 aliqua
3199 4410 3479 4466 simulare
3528 4428 3631 4484 pro
3661 4416 3809 4468 tem-

398 4499 633 4556 fuerant
662 4498 1013 4567 circumcisi,
1045 4498 1546 4570 compellebantur
1574 4500 1643 4554 ad
1677 4498 1822 4572 legis
1870 4517 2047 4556 onera
2128 4484 2312 4572 pore,
2346 4498 2419 4552 ob
2452 4515 2619 4553 suam
2671 4502 2728 4554 et
2772 4498 3021 4554 aliorum
3074 4498 3344 4568 salutem,
3392 4516 3528 4556 cum
3574 4505 3632 4557 et
3676 4498 3805 4573 ipse

393 4587 809 4646 transcendere
864 4602 877 4643 :
940 4603 1056 4642 non
1104 4586 1495 4658 intelligentes
1543 4588 2041 4659 dispensationem
2075 4608 2120 4673 ι)
2156 4588 2436 4641 Dominus
2467 4591 2665 4642 noster
2710 4604 2826 4643 non
2875 4587 3099 4644 habens
3139 4592 3468 4661 peccatum,
3519 4604 3625 4644 nec
3673 4605 3803 4645 car-

391 4676 567 4747 Petri,
615 4695 731 4750 qua
773 4676 1009 4732 Judaaos
1066 4675 1281 4731 salvari
1342 4681 1597 4748 cuperet,
1631 4678 1732 4731 sed
1764 4683 2038 4748 putantes
2150 4691 2282 4730 nem
2314 4676 2556 4748 peccati,
2586 4675 3026 4732 simulationem
3067 4676 3406 4749 peccatricis
3461 4678 3655 4734 carnis
3703 4694 3797 4735 as-

383 4764 470 4820 ita
526 4782 588 4822 se
645 4762 936 4837 Evangelii
994 4763 1207 4818 habere
1264 4763 1569 4819 rationem.
1628 4768 1771 4820 Cum
1838 4765 2036 4838 itaque
2145 4765 2484 4835 sumpserit,
2534 4769 2615 4820 aut
2670 4767 3068 4822 condemnans
3118 4765 3178 4821 in
3231 4782 3405 4821 carne
3464 4772 3794 4838 peccatum,

382 4854 628 4911 vidisset
656 4851 961 4926 apostolus
992 4852 1207 4908 Paulus
1236 4851 1549 4923 periclitari
1590 4853 1837 4925 gratiam
1869 4855 2032 4910 Chri-
2143 4870 2249 4909 nos
2298 4854 2358 4909 in
2407 4870 2469 4909 se
2518 4854 2731 4910 faceret
2777 4854 3075 4926 justitiam
3123 4854 3245 4910 Dei.
3298 4854 3545 4928 Legerat
3593 4856 3798 4928 utique

382 4942 483 5007 sti,
514 4959 666 4999 nova
714 4940 963 4998 bellator
991 4946 1157 4997 vetus
1189 4943 1211 4975 ²
1241 4958 1387 4997 usus
1416 4946 1505 4996 est
1533 4947 1654 4997 arte
1705 4946 2029 5017 pugnandi,
2141 4941 2357 4999 Paulus
2385 4943 2449 4998 in
2477 4941 2787 5015 Evangelio
2820 4942 3134 4999 Dominum
3184 4943 3620 5016 praecipientem
3670 4961 3685 4997 :
3734 4944 3800 5000 Si

380 5033 450 5085 ut
487 5030 989 5103 dispensationem
1041 5032 1191 5086 407
1240 5031 1412 5097 Petri,
1467 5047 1584 5102 qua
1635 5031 1868 5088 Judaeos
1914 5034 2031 5089 sal-
2138 5039 2321 5087 autem
2362 5033 2673 5104 peccaverit
2722 5033 2783 5087 in
2827 5035 2879 5087 te
2924 5035 3102 5103 frater
3145 5035 3290 5100 tuus,
3332 5031 3469 5089 vade
3497 5041 3552 5090 et
3578 5035 3798 5105 corripe

375 5118 502 5174 vari
532 5119 820 5192 cupiebat,
855 5137 1001 5175 nova
1030 5121 1154 5192 ipse
1197 5119 1673 5176 contradictionis
1724 5122 2027 5195 dispensa-
2137 5136 2261 5175 eum
2307 5123 2453 5177 inter
2483 5126 2533 5176 te
2562 5125 2612 5175 et
2655 5123 2834 5187 ipsum
2863 5122 3060 5176 solum.
3110 5121 3171 5176 Si
3210 5126 3260 5178 te
3307 5122 3570 5193 audierit,
3602 5122 3798 5177 ‘tucri-

372 5206 536 5264 tione
567 5207 902 5281 corrigeret,
934 5213 994 5264 et
1023 5209 1319 5265 resisteret
1366 5209 1417 5265 ei
1472 5210 1531 5264 in
1583 5209 1787 5266 faciem
1847 5229 1858 5266 :
1911 5229 2027 5268 non
2132 5211 2327 5280 feceris
2376 5212 2606 5280 fratrem
2644 5220 2809 5286 tuum,
2857 5212 3008 5280 (Luc.
3060 5227 3196 5281 xvr,
3250 5211 3327 5281 3).
3378 5211 3448 5267 Et
3497 5210 3797 5284 quomodo

2133 5405 2663 5482 nu_it_Martianaeus
2697 5407 2896 5465 minus
2926 5408 3093 5482 bene,
3126 5408 3262 5482 ejus.

2199 5480 2220 5513 ³
2251 5479 2516 5536 Fortasse
2546 5480 2846 5549 verius,ei,
2880 5479 3159 5537 voculam'
3179 5482 3294 5536 duo
3324 5497 3355 5536 e
3386 5479 3611 5537 nostris
3633 5496 3780 5539 mss.

2126 5548 2435 5606 inducunt;

2196 5623 2236 5697 ‘_
2266 5627 2350 5697 ,ΒΧ
2399 5622 2618 5697 iisdem
2649 5640 2803 5697 mss.
2854 5627 3183 5680 amovimus
3245 5623 3406 5697 hinc,
3455 5640 3606 5697 eam,
3672 5625 3780 5697 ad-

2122 5691 2571 5766 yerbium,quod
2605 5694 2866 5766 hiantem
2897 5697 3179 5754 reddebat
3206 5691 3644 5754 sensuin.Unus
3666 5695 3777 5753 Pa-

2121 5760 2224 5822 lat.
2252 5760 2485 5838 nomen,
2513 5764 2846 5841 Iudaeorum,
2876 5769 3163 5844 praeponit
3188 5768 3404 5845 verbis,
3432 5783 3535 5830 nos
3563 5767 3774 5834 doceat.

443 5402 699 5476 ‘Iterum
731 5404 907 5476 audet
930 5403 1221 5476 Victorius
1252 5420 1427 5476 super
1457 5421 1633 5476 quam
1666 5406 1860 5461 liceat:
1884 5425 2019 5464 nam

370 5475 526 5547 quod
560 5475 618 5530 in
652 5474 903 5547 Vulgata
932 5479 989 5530 et
1018 5475 1235 5539 Graeco,
1270 5474 1510 5546 cep/mg,
1537 5494 1639 5547 pro
1670 5479 1853 5544 Petro,
1885 5480 2023 5534 scri-

368 5544 553 5617 bitur,
589 5551 653 5602 ut
681 5544 946 5622 eamdem
982 5550 1171 5622 servet
1202 5544 1708 5622 nomenclaturam
1752 5554 1872 5604 tam
1904 5551 2015 5622 hic,

413 5634 547 5673 uam
579 5617 754 5692 paulo
786 5617 959 5692 infra,
992 5617 1326 5692 Hieronymi
1356 5617 1663 5676 lectionem
1712 5626 1917 5692 mutat,
1951 5617 2017 5679 ac

412 5692 537 5763 etne
568 5689 825 5763 Cepham
858 5689 1185 5746 substituit.

433 5761 455 5797 ²
486 5760 888 5833 Rescribimus
914 5766 1090 5833 vetus,
1122 5777 1256 5820 cum
1290 5760 1564 5832 Victoria,
1597 5778 1698 5836 pro
1729 5778 1844 5837 quo
1875 5764 2011 5821 reti-
