4144 6202
336 348 451 435 aes

1046 378 1560 441 COMMENTAR.
1612 384 1686 441 ΙΝ
1738 384 1977 444 EPIST.
2026 384 2127 445 AD
2175 390 2454 450 GALA'l‘.
2505 382 2651 453 LiB.
2704 396 2747 465 l,
2799 398 2968 459 CAP.
3022 401 3097 459 ll.

3639 410 3755 470 366

333 522 466 562 cum
516 507 696 565 etiam
746 508 816 563 de
870 502 1466 568 minimis‘fratribus
1517 513 1625 569 hoc
1654 515 1984 572 faciendum
2016 518 2072 585 Α
2105 520 2217 589 3)?
2249 528 2378 593 post
2425 527 2818 584 narrationem
2868 530 3129 602 visionis,
3179 534 3279 589 tali
3312 540 3753 609 responsionem

325 595 592 668 jusserit,
626 613 808 653 ausus
840 603 930 653 est
977 598 1376 670 apostolorum
1428 603 1753 659 maximum
1785 604 1842 659 in
1876 622 1987 677 pu-

332 684 489 741 blica
517 685 660 741 facie
689 690 809 741 tam
832 687 1171 758 procaciter,
1196 693 1317 744 tam
1341 696 1676 747 constanter
1704 709 1946 765 arguere
1975 719 1988 759 ;

333 773 449 829 nisi
479 780 535 829 et
562 773 735 829 Petro
768 775 852 830 sic
884 774 1198 847 placuisset
1226 780 1417 850 argui,
1452 784 1510 836 et
1546 780 1757 837 Paulus
1789 799 1903 837 non
1936 782 1986 838 ei

333 863 854 935 taceretinjuriam
912 866 980 920 dc
1035 881 1149 937 quo
1190 872 1324 923 ante
1382 869 1641 926 dixerat:
1699 872 1828 927 Veni
1855 874 1984 928 Hie-

329 953 661 1025 rosolymam
692 952 877 1009 videre
902 959 1149 1022 Petrum,
1180 961 1232 1012 et
1261 960 1443 1013 mansi
1470 961 1619 1030 apud
1643 975 1768 1016 eum
1798 960 1986 1017 diebus

329 1042 681 1113 quindecim:
710 1044 889 1097 alium
918 1050 1100 1099 autem
1142 1045 1516 1116 apostolorum
1560 1047 1676 1103 vidi
1701 1051 1983 1106 nominem

329 1129 536 1201 (Galat.
570 1148 608 1203 1,
660 1131 767 1203 18).
802 1131 871 1185 Et
926 1149 1206 1189 rursum:
1261 1136 1369 1203 Qui
1414 1138 1563 1191 enim
1609 1146 1871 1209 operatus
1899 1146 1983 1195 est

325 1220 492 1276 Petro
547 1220 608 1275 in
660 1221 1028 1292 apostolatum
1081 1223 1522 1280 circumcisionis
1579 1227 1740 1298 (vers.
1800 1228 1875 1300 8).
1917 1229 1982 1283 Et

324 1307 516 1364 infra:
550 1308 774 1375 Pdtrus,
805 1316 860 1365 et
902 1310 1156 1381 Iacobus,
1196 1319 1254 1368 et
1301 1314 1561 1381 Joannes,
1594 1318 1692 1386 qui
1716 1316 1978 1373 videban-

322 1403 421 1454 tur
444 1399 711 1455 columnae
740 1414 857 1454 esse
901 1401 1067 1469 (vers.
1121 1401 1201 1472 9),
1249 1407 1307 1457 et
1350 1407 1554 1459 caetera
1601 1421 1729 1476 quas
1757 1405 1817 1460 in
1850 1407 1978 1477 ejus

322 1486 530 1543 laudes
587 1492 843 1560 pororat.
916 1489 1241 1561 Aliquoties
1310 1508 1445 1547 cum
1501 1492 1978 1551 adolescentulus

323 1576 522 1631 Romae
553 1576 977 1632 controversias
1026 1578 1437 1647 declamarem,
1475 1585 1531 1637 et
1578 1582 1648 1636 ad
1688 1600 1821 1639 vera
1851 1599 1972 1639 cer-

321 1664 548 1721 tamina
605 1666 757 1722 ﬁctis
819 1683 911 1722 me
949 1665 1154 1723 litibus
1212 1670 1230 1702 ¹
1283 1685 1633 1749 exercerem,
1667 1674 1973 1729 currebam

322 1753 397 1808 ad
426 1753 748 1809 tribunalia
767 1754 1063 1825 judicum,
1112 1759 1170 1811 et
1221 1757 1643 1816 disertissimos
1675 1765 1973 1817 oratorum

320 1846 486 1943 tanta
510 1842 666 1942 inter
712 1859 775 1899 se
820 1843 1088 1944 videbam
1146 1847 1461 1944 acerbitate
1507 1850 1877 1918 contendere,
1911 1856 1976 1906 ut
2004 1880 2053 1944 Β

318 1931 558 1987 omissis
589 1947 741 2004 sape
769 1932 1038 2005 negotiis,
1062 1933 1122 1988 in
1147 1934 1411 2006 proprias
1433 1938 1820 1995 contumelias
1852 1956 1973 1996 ver-

317 2025 602 2092 terentur,
634 2026 693 2077 et
715 2021 965 2092 joculari
1004 2039 1066 2077 se
1111 2022 1360 2078 invicem
1411 2025 1584 2081 dente
1616 2028 1968 2084 morderent.

315 2110 374 2165 Si
406 2109 516 2166 hoc
544 2109 628 2164 illi
660 2110 905 2178 faciunt,
957 2116 1020 2166 ut
1049 2111 1205 2184 apud
1258 2129 1387 2168 reos
1428 2113 1654 2171 nullam
1684 2118 1970 2189 suspicio-

315 2215 454 2255 nem
478 2199 968 2273 praevaricationis
1006 2199 1329 2273 incurrant,
1357 2208 1415 2258 et
1444 2203 1657 2260 fallunt
1686 2206 1969 2278 populum

312 2288 840 2345 circumstantem:
901 2288 1040 2360 quid
1100 2295 1381 2361 putamus
1445 2296 1640 2348 tantas
1704 2293 1969 2350 Ecclesiae

310 2378 647 2443 columnas,
678 2382 910 2433 Petrum
942 2381 999 2433 et
1027 2378 1297 2447 Paulum,
1318 2384 1483 2436 tanta
1502 2398 1643 2437 vasa
1670 2383 1968 2455 sapientiae

310 2467 479 2523 inter
522 2466 876 2523 dissidentes
923 2465 1157 2523 Judeos
1187 2474 1362 2541 atque
1383 2471 1630 2543 gentiles
1661 2473 1846 2528 facere
1878 2473 1970 2529 de-

308 2555 572 2612 buisse?
626 2554 739 2611 nisi
795 2560 861 2611 ut
909 2572 1112 2612 eorum
1169 2557 1449 2637 simulata
1495 2561 1809 2628 contentio,
1857 2578 1968 2632 pax

308 2643 678 2700 credentium
730 2645 912 2713 ﬁeret,
961 2649 1019 2700 et
1065 2645 1332 2702 Ecclesiae
1379 2647 1523 2703 ﬁdes
1571 2653 1773 2705 sancto
1815 2649 1970 2705 inter

307 2748 413 2789 eos
441 2733 548 2802 (Al.
584 2733 886 2806 se)jurgio
934 2736 1329 2791 concordaret.
1382 2737 1532 2792 Sunt
1575 2738 1675 2809 qui
1706 2737 1964 2811 Cephan,

309 2821 407 2878 cui
442 2821 536 2877 hic
567 2822 625 2877 in
659 2822 867 2878 faciem
915 2822 1134 2879 Paulus
1173 2825 1459 2881 restitisse
1504 2842 1565 2882 se
1595 2827 1821 2899 scribit,
1852 2845 1966 2884 non

308 2914 525 2983 putant
570 2909 900 2983 apostolum
952 2911 1186 2967 Petrum
1213 2912 1256 2984 ’,
1281 2914 1382 2968 sed
1422 2914 1605 2970 alium
1633 2916 1704 2970 de
1728 2916 1967 2989 Septua-

307 2999 477 3072 ginta
500 3000 651 3055 409
696 3000 1004 3073 discipulis
1049 3000 1160 3057 isto
1208 3003 1489 3058 vocabulo
1535 3009 1963 3077 nuncupatum.

307 3088 385 3142 Et
413 3088 617 3144 dicunt
646 3105 1017 3160 nequaquam
1062 3088 1297 3145 Petrum
1330 3107 1363 3146 a
1404 3093 1672 3148 convictu
1700 3094 1963 3165 gentium

310 3192 381 3232 se
406 3176 668 3249 potuisse
698 3177 1066 3248 subtrahere,
1099 3179 1199 3251 qui
1229 3184 1287 3234 et
1317 3181 1717 3236 centurionem
1748 3181 1961 3238 Corne-

2102 625 2270 665 suam
2320 614 2435 667 ﬁne
2491 614 2883 673 concluserit:
2918 620 2978 673 Si
3031 637 3160 692 ergo
3216 625 3466 681 eamdem
3506 631 3751 696 gratiam
3828 626 3831 635 ’

2096 698 2245 755 dedit
2303 700 2425 756 illis
2481 703 2638 770 Deus,
2698 707 2840 761 sicut
2885 718 2939 762 et
2993 709 3150 764 nobis
3203 713 3302 781 qui
3328 714 3661 773 credidimus
3688 720 3750 776 in

2100 791 2400 844 Dominum
2451 793 2629 847 Iesum
2684 793 3002 851 Christum:
3061 814 3188 868 ergo
3257 803 3380 872 quis
3448 820 3601 860 eram
3654 809 3752 879 qui

2088 892 2305 955 possem
2332 881 2625 949 prohibere
2675 884 2891 938 Deum?
2925 886 3127 952 Quibus
3176 889 3405 958 auditis,
3434 894 3747 965 tacuerunt,

2092 969 2143 1020 et
2169 966 2614 1038 gloriﬁcaverunt
2671 971 2837 1027 Deum
2887 973 3167 1031 dicentes:
3207 994 3331 1049 ergo
3388 984 3447 1035 et
3486 982 3748 1054 gentibus

2094 1054 2242 1145 Deus
2269 1058 2649 1127 paenitentiam
2706 1059 2778 1115 ad
2825 1063 2995 1117 vitam
3050 1063 3200 1120 dedit
3257 1067 3418 1138 (Ibid.
3483 1070 3569 1142 17,
3632 1072 3743 1145 18),

2091 1142 2345 1199 maxime
2366 1162 2501 1200 cum
2530 1151 2713 1203 Lucas
2736 1148 2983 1222 scriptor
3012 1151 3288 1223 historiae,
3314 1155 3538 1213 nullam
3565 1142 3744 1232 hujus

2091 1231 2476 1289 dissensionis
2498 1234 2672 1291 faciat
2720 1239 3113 1310 mentionem;
3147 1258 3253 1297 nec
3297 1243 3452 1301 dicat
3482 1231 3744 1320 unquam

2089 1318 2324 1376 Petrum
2383 1323 2699 1379 Antiochia
2756 1326 2938 1382 fuisse
2996 1344 3130 1385 cum
3191 1332 3387 1402 Paulo,
3445 1336 3503 1391 et
3545 1318 3743 1393 locum

2088 1408 2214 1463 dari
2271 1412 2587 1485 Porphyrio
2644 1412 3114 1487 blasphemanti:
3172 1421 3220 1475 si
3278 1427 3475 1479 autem
3533 1425 3739 1483 Petrus

2087 1514 2332 1569 errasse,
2366 1507 2469 1556 aut
2490 1502 2706 1559 Paulus
2735 1506 3055 1576 procaciter
3084 1510 3485 1581 apostolorum
3517 1513 3738 1585 princi-

2086 1604 2218 1659 pem
2246 1590 2576 1647 confutasse
2604 1594 2893 1649 credatur.
2940 1597 3164 1661 Quibus
3206 1598 3462 1671 primum
3489 1618 3735 1674 respon-

2085 1676 2363 1733 dendum.
2397 1678 2640 1736 alterius
2680 1683 2877 1738 nescio
2916 1686 3087 1756 cujus
3138 1686 3343 1760 Cephea
3374 1689 3598 1747 nescire
3630 1708 3737 1749 nos

2085 1767 2445 1849 nomen_nisi
2476 1769 2605 1849 ejus
2663 1771 2763 1841 qui
2815 1772 2958 1826 etin
3020 1774 3352 1849 Evangelio,
3414 1782 3472 1834 et
3512 1779 3572 1834 in
3604 1779 3739 1837 aliis

2084 1845 2249 1900 Pauli
2282 1846 2580 1919 Epistolis,
2604 1854 2662 1904 et
2696 1850 2756 1904 in
2780 1851 2886 1907 hac
2910 1869 3144 1925 quoque
3166 1845 3294 1927 ipsa
3315 1845 3488 1914 modo
3514 1859 3738 1931 Cephas,

2085 1935 2260 1989 modo
2289 1936 2503 2004 Petrus,
2536 1936 2831 1993 scribitur.
2880 1940 3004 1995 Non
3056 1944 3210 2013 quod
3254 1944 3413 2000 aliud
3446 1945 3739 2019 signiﬁcet

2082 2021 2311 2089 Petrus,
2343 2024 2503 2079 aliud
2553 2026 2813 2097 Cephas:
2847 2029 2949 2083 sed
2982 2031 3137 2101 quod
3181 2048 3358 2102 quam
3391 2050 3499 2090 nos
3534 2034 3737 2092 Latine

2082 2114 2138 2166 et
2162 2114 2353 2167 Graece
2391 2121 2601 2183 petram
2652 2131 2926 2172 vocemus
2954 2118 2995 2185 ³,
3046 2118 3197 2175 hanc
3246 2122 3473 2178 Hebraei
3521 2127 3577 2179 et
3606 2124 3736 2196 Syri

2080 2204 2316 2271 propter
2339 2199 2551 2273 lingua:
2597 2202 2750 2258 inter
2798 2221 2860 2259 se
2910 2204 3206 2277 viciniam,
3253 2208 3471 2281 Cephan
3502 2228 3735 2269 nuncu-

2080 2292 2239 2359 pent.
2273 2288 2489 2345 Deinde
2549 2295 2740 2347 totum
2798 2300 3213 2365 argumentum
3273 2298 3529 2371 epistolae
3576 2301 3734 2372 quod

2078 2375 2314 2448 oblique
2343 2378 2415 2433 de
2467 2379 2650 2448 Petro,
2700 2381 2915 2438 Jacobo
2963 2387 3019 2438 et
3063 2384 3289 2441 Joanne
3330 2386 3562 2459 dicitur,
3596 2388 3734 2445 huic

2077 2465 2468 2537 intelligentia:
2501 2462 2847 2542 repugnare.
2892 2471 3007 2527 Nec
3052 2472 3267 2529 mirum
3299 2490 3431 2531 esse
3459 2477 3509 2532 si
3544 2477 3733 2533 Lucas

2078 2553 2228 2609 hanc
2259 2571 2382 2610 rem
2429 2558 2700 2626 tacuerit,
2749 2576 2884 2614 cum
2915 2564 2972 2615 et
3021 2561 3136 2617 alia
3185 2562 3368 2620 multa
3415 2581 3540 2637 quae
3571 2566 3729 2622 410

2077 2643 2295 2700 Paulus
2343 2645 2700 2702 sustinuisse
2748 2664 2810 2703 se
2860 2648 3118 2721 replicat,
3170 2651 3629 2726 historiographi
3660 2653 3733 2709 1i-

2076 2734 2267 2789 centia
2295 2735 2772 2806 praetermiserit:
2825 2742 2883 2794 et
2930 2755 3046 2794 non
3093 2740 3295 2795 statim
3341 2757 3472 2798 esse
3500 2747 3731 2797 contra-

2076 2821 2251 2888 rium,
2300 2823 2351 2877 si
2396 2824 2551 2895 quod
2606 2823 2756 2886 alius
2807 2826 2879 2880 ob
2929 2842 3167 2882 causam
3208 2828 3455 2901 dignum
3505 2828 3731 2902 putavit

2075 2910 2281 2979 relatu,
2314 2911 2465 2968 alius
2495 2912 2649 2968 inter
2695 2918 2899 2968 caetera
2944 2915 3278 2987 dereliquit.
3312 2917 3574 2988 Denique
3604 2919 3727 2990 pri-

2076 3016 2240 3055 mum
2307 3002 2643 3072 episcopum
2712 3002 3087 3058 Antiochense
3160 3004 3428 3060 Ecclesiae
3486 3009 3725 3062 Petrum

2074 3088 2256 3144 fuisse
2295 3089 2650 3161 accepimus,
2701 3094 2757 3144 et
2805 3091 3051 3146 Romam
3090 3092 3296 3149 exinde
3343 3094 3723 3164 translatum,

2077 3178 2231 3249 quod
2269 3183 2447 3232 Lucas
2478 3177 2711 3249 penitus
2744 3178 2962 3234 omisit.
2996 3183 3082 3235 Ad
3115 3185 3440 3238 extremum
3474 3184 3524 3239 si
3555 3199 3725 3256 prop-

306 3245 463 3321 lium
485 3266 825 3338 baptizarat.
849 3267 920 3322 Et
941 3245 1075 3321 cum
1098 3245 1458 3324 ascendisset
1478 3269 1961 3344 Hierosolymam,
1995 3245 2037 3312 (ἶ
2075 3245 2163 3321 ter
2193 3245 2496 3338 Porphyrii
2531 3264 2983 3339 blasphemiam,
3027 3268 3179 3325 alius
3208 3270 3380 3326 nobis
3413 3245 3724 3343 ﬁngendus

311 3354 761 3427 deceptantibus
790 3355 1070 3412 adversus
1101 3373 1163 3413 se
1211 3358 1310 3429 qui
1358 3362 1525 3413 erant
1560 3375 1628 3414 ex
1657 3359 1963 3415 circumci-

315 3444 501 3516 sione,
532 3450 591 3500 et
619 3445 953 3500 dicentibus
979 3463 991 3500 :
1041 3449 1226 3514 Quare
1252 3448 1500 3503 introisti
1540 3448 1622 3504 ad
1648 3451 1794 3505 viros
1819 3466 1964 3520 prae-

307 3535 531 3605 putium
560 3532 836 3601 habentes,
884 3543 937 3590 et
985 3534 1339 3591 manducasti
1387 3553 1506 3592 cum
1557 3537 1672 3593 illis
1714 3537 1851 3609 (Act.
1882 3556 1963 3609 x1,

392 3664 408 3695 ³
440 3658 851 3737 νει-ιξῳμὴαιλο
907 3659 1480 3737 lectionem__retinet
1519 3663 1964 3737 codequegius

315 3748 432 3788 ms.
482 3748 542 3785 n.
571 3733 730 3788 3758.
785 3732 1130 3789 Erasmiana
1183 3732 1362 3789 editio
1414 3739 1470 3790 et
1511 3734 1779 3790 nonnulli
1819 3732 1965 3791 mss.

313 3802 486 3930 ﬁdd.
547 3808 817 3874 corrupte
873 3802 1077 3877 legunt
1128 3804 1271 3875 ﬁctis
1326 3806 1603 3861 militibus
1662 3823 1963 3863 exercerem

380 3891 510 3929 sar.
776 3900 787 3907 -

380 3891 510 3929 ΛΒΤ.
776 3900 787 3907 ⁸

394 3975 465 4018 -έ
498 3944 663 4018 Quod
693 3944 828 4018 olim
858 3951 1004 4018 erat,
1038 3947 1177 4014 ﬁctis
1202 3946 1499 4013 militibus,
1529 3945 1744 4003 Victor.
1773 3963 1968 4004 emen-

314 4016 498 4084 davit,
529 4031 618 4070 me
644 4016 849 4087 litibus,
883 4034 952 4072 ex
989 4016 1142 4073 mss.
1177 4019 1393 4089 quibus
1440 4023 1498 4074 et
1548 4020 1732 4073 nostri
1763 4036 1967 4075 conso-

315 4092 482 4167 nant,
515 4103 631 4143 uno
681 4092 912 4143 tantum
971 4089 1285 4146 abludente
1333 4090 1391 4144 in
1449 4106 1608 4167 voce,
1638 4092 1821 4162 factis,
1864 4108 1967 4163 pro

414 4176 481 4214 ις.

414 4176 481 4214 is.

315 4161 701 4285 ﬁchearum
758 4230 1002 4287 minime
1055 4234 1145 4286 est
1200 4232 1454 4300 partium
1506 4228 1971 4289 vetustissimam

318 4302 734 4373 quastionem,
752 4319 997 4374 quaeque
1013 4304 1477 4374 spectatissimos
1494 4308 1758 4361 auctores
1775 4306 1908 4361 stud
1921 4304 1974 4359 ia

315 4374 380 4446 in
433 4374 732 4446 contraria
784 4374 1081 4446 distraxit,L
1127 4374 1383 4446 hicloci
1435 4391 1765 4446 recoquere.
1818 4376 1972 4430 Satis

316 4443 785 4518 abundefuerit,
820 4445 960 4518 sive
989 4461 1139 4517 quos
1195 4443 1603 4518 Hieronymus
1629 4451 1808 4513 notat,
1854 4447 1972 4518 sive

317 4531 471 4590 quos
501 4512 642 4590 tulit
667 4516 902 4587 sequior
932 4512 1092 4587 aetas,
1129 4520 1327 4573 Patres
1357 4512 1428 4572 de
1458 4517 1694 4590 nomine
1726 4517 1976 4590 compel-

314 4586 465 4653 lare,
496 4586 598 4657 qui
629 4586 688 4641 in
736 4586 865 4642 eam
915 4586 1252 4644 concessere
1282 4588 1655 4655 sententiam,
1700 4594 1765 4645 ut
1793 4586 1974 4644 ali—um

324 4675 359 4713 a
391 4658 561 4731 Petro
593 4658 874 4731 Cepham.
906 4675 1083 4731 quem
1120 4659 1339 4714 Paulus
1387 4660 1780 4731 reprehendit,
1821 4660 1974 4715 arbi-
2006 4674 2009 4677 λ

320 4729 461 4802 trati
517 4729 689 4802 sunt;
739 4729 1096 4787 Laudandus
1153 4746 1285 4785 cum
1336 4729 1543 4802 primis
1601 4732 1659 4787 S.
1711 4731 1979 4787 Clemens

318 4799 754 4874 Alexandrinus
811 4802 1035 4874 quinto
1075 4799 1494 4874 Hypotyposeon
1546 4801 1732 4874 libro:
1763 4801 1976 4874 etqui

320 4874 454 4945 ejus
484 4873 691 4928 recitat
740 4872 1147 4929 testimonium
1198 4872 1482 4928 Eusebius
1530 4873 1794 4945 Pamphii
1828 4872 1977 4945 libro

318 4943 687 5016 EcclesJIist.
725 4961 783 5016 ι,Δ
821 4960 947 5016 cap.
1012 4946 1097 4999 12.
1161 4945 1259 4999 llis
1316 4943 1715 5016 subscripsere
1768 4943 1977 5001 saeculo

322 5018 536 5089 quarto
589 5013 918 5089 Dorotheus
976 5016 1207 5089 Tyrius,
1269 5017 1370 5089 qui
1428 5013 1683 5089 Cepham
1735 5034 1769 5071 a
1801 5016 1977 5071 Paulo

321 5085 706 5159 redargutum
739 5103 853 5159 non
885 5085 1045 5142 inter
1068 5087 1381 5159 apostolos,
1427 5085 1526 5142 sed
1559 5088 1712 5144 inter
1743 5092 1980 5159 septua-

323 5156 491 5280 ginta
506 5156 844 5239 discipulos
880 5163 1080 5213 censet
1105 5156 1138 5241 Ξ.
1156 5163 1213 5212 et
1258 5158 1704 5241 Chrysostomus
1734 5156 1875 5240 tom.
1909 5157 1977 5214 V.

371 5226 535 5280 omll.
587 5228 679 5280 64.
720 5230 938 5280 auibus
986 5229 1093 5280 hoc
1124 5246 1319 5280 insum
1352 5234 1684 5280 Hieronvmi
1716 5236 1977 5280 testimo-

371 5226 535 5301 omil.
587 5226 691 5295 6/1,-
720 5230 938 5301 quibus
986 5229 1097 5301 hoc
1124 5230 1329 5301 ipsum,
1352 5226 1685 5301 Hieronymi
1716 5231 1979 5286 testimo-

323 5297 523 5373 nium,
555 5304 676 5373 tum
737 5297 898 5373 aliud
958 5300 1016 5355 S.
1077 5297 1337 5373 Gregorii
1396 5300 1471 5373 M_.
1522 5297 1588 5355 in
1622 5301 1979 5373 Ezechielem

322 5367 537 5444 homil.
573 5371 636 5424 18
663 5371 1079 5444 astipulantur,
1114 5367 1331 5444 utpote,
1361 5371 1461 5444 qui
1491 5372 1839 5444 testessint,
1873 5389 1981 5428 suo

364 5440 745 5515 uilibetaavo,
779 5440 1096 5498 nonnullos
1144 5440 1460 5515 eistitisse,
1513 5444 1612 5515 qui
1652 5443 1917 5515 ,Cepham
1951 5461 1984 5498 a

364 5457 574 5497 uinnet
604 5459 745 5509 aevo,
779 5457 1096 5498 nonnullos
1144 5457 1460 5513 exstitisse,
1554 5460 1612 5497 ui
1663 5457 1917 5515 uepnam
1951 5461 1981 5498 a

316 5457 492 5568 Petro
546 5513 1000 5587 distinguerent.
1050 5460 1665 5570 TaceoAlexangrini
1710 5514 1981 5587 Chronici

318 5588 622 5658 auctorem
655 5586 729 5640 ad
750 5586 975 5641 Christi
1000 5603 1222 5641 annum
1249 5586 1317 5639 30
1348 5591 1403 5641 et
1428 5586 1613 5642 multo
1645 5590 1776 5658 post
1805 5586 1984 5658 OEcu-

316 5656 627 5728 manium:
684 5658 938 5728 denique
995 5664 1051 5711 et
1109 5660 1403 5728 auctorem
1464 5656 1876 5713 Comnientarii
1923 5657 1984 5712 in

317 5725 945 5812 Pauli-.Epistolas_'S.
1009 5727 1285 5810 Anselmo
1342 5745 1643 5812 perperam
1688 5728 1982 5812 inscripti,

313 5797 802 5876 recentioresque
832 5799 979 5861 alios
1012 5798 1209 5874 magni
1254 5797 1510 5859 nominis
1539 5801 1715 5876 viros,
1748 5801 1853 5875 qui
1876 5797 1989 5862 aut

2074 3359 2159 3411 est
2187 3356 2430 3427 Cephas,
2464 3372 2536 3410 ne
2585 3355 2791 3411 Petrus
2840 3360 3080 3428 putetur
3109 3374 3358 3426 errasse,
3392 3360 3623 3416 infinita
3652 3361 3724 3416 de

2072 3444 2391 3516 Scripturis
2416 3444 2864 3523 eruntradenda
2885 3445 3117 3515 divinis,
3143 3463 3270 3518 quas
3293 3446 3411 3513 ille,
3433 3448 3574 3520 quia
3603 3463 3723 3504 non

2072 3532 2365 3605 intelligit,
2425 3532 2789 3589 criminatur.
2836 3533 2947 3589 Sed
3001 3540 3058 3590 et
3105 3535 3416 3592 adversum
3467 3535 3723 3609 Porphy-

2073 3657 2526 3733 propriam,_aut
2572 3656 2822 3733 aliorum
2852 3659 2923 3714 de
2971 3660 3203 3716 diversa
3248 3661 3400 3716 Petri
3432 3660 3723 3733 apostolo-

2074 3728 2205 3785 rum
2228 3729 2510 3806 principis
2533 3745 2565 3783 a
2586 3728 2799 3806 Cepha,
2820 3747 2934 3785 uno
2955 3747 2985 3806 e
3002 3732 3372 3806 septuaginta
3390 3728 3717 3806 discipulis,

2075 3800 2323 3875 persona
2379 3800 2774 3872 opinationem
2817 3800 3435 3876 _probarunt._'Multa
3493 3800 3726 3876 quoque

2075 3872 2234 3940 sunt,
2278 3888 2403 3944 quas
2435 3888 2529 3945 me
2577 3888 2648 3945 es
2680 3872 3067 3945 sacri’textus
3117 3874 3285 3945 serie,
3321 3872 3727 3931 Paulin'aru'm-

2077 3961 2189 4016 que
2218 3942 2414 3999 rerum
2446 3942 2688 3998 historia
2723 3944 2780 3997 in
2821 3946 3087 4017 eamdem
3121 3942 3470 4002 sententiam
3503 3951 3726 4017 pertras

2075 4015 2265 4072 haut:
2319 4019 2494 4085 atque
2554 4019 2619 4068 ut
2673 4015 2853 4088 semel
2900 4016 3114 4084 dicam,
3174 4015 3548 4088 potissimum
3580 4015 3728 4071 illud

2079 4093 2514 4159 argumentum,
2548 4086 2704 4156 quod
2736 4091 3092 4159 eo_tempore
3147 4086 3353 4159 Petrus
3385 4104 3500 4142 non
3531 4094 3731 4159 ageret

2079 4157 2421 4225 Antiochia},
2500 4172 2614 4226 quo
2701 4157 3247 4230 Cepheum—Paulus
3333 4157 3727 4230 reprehendit,

2082 4230 2141 4285 in
2174 4235 2447 4301 promptu
2488 4232 2641 4282 esset
2688 4228 2855 4282 novis
2899 4229 3194 4301 rationum
3244 4228 3561 4285 momentis
3587 4228 3730 4285 vali-

2081 4299 2397 4374 dissimum
2420 4300 2842 4363 demonstrare,
2870 4299 2981 4374 nisi
3011 4316 3127 4374 nos
3150 4300 3269 4374 haec
3296 4300 3528 4374 longius
3551 4316 3730 4374 quam

2083 4372 2303 4444 patitur
2331 4371 2621 4444 Notar_um_
2659 4371 3026 4444 propositum
3079 4371 3453 4428 abducerent.
3488 4371 3731 4428 Interim

2083 4439 2309 4515 certum
2339 4446 2446 4508 est,
2500 4439 3093 4515 L_atinu_s_plerosque
3122 4460 3353 4515 omnes
3385 4444 3731 4515 Scriptores,

2083 4513 2456 4586 Cyprianum,
2481 4510 2966 4586 ‘fl‘ertullia'num,
3000 4510 3015 4515 ⁷
3047 4513 3332 4570 Hilarium
3387 4510 3729 4580 Diaconum,

2085 4582 2447 4659 Griegorium
2479 4582 2577 4651 M.,
2608 4582 2917 4659 Thomam,
2955 4601 3021 4640 ac
3042 4586 3348 4659 aequiores
3378 4602 3591 4659 magno
3622 4601 3733 4640 nu-

2088 4655 2245 4712 mero
2276 4656 2622 4728 interpretes
2654 4655 2749 4728 (ne
2798 4656 2924 4727 ipso
2956 4655 3193 4728 quidem
3235 4655 3734 4728 excepto'Aiugus-

2086 4729 2229 4796 tino,
2254 4727 2355 4798 qui
2379 4731 2580 4781 contra
2601 4726 2905 4800 probatam
2928 4726 3277 4800 Hieronymo
3295 4729 3341 4782 si
3348 4726 3735 4800 mulationem

2086 4797 2291 4867 sensit)
2322 4814 2423 4870 pro
2456 4812 2571 4851 uno
2603 4798 2924 4871 eodemque
2957 4797 3189 4854 Petrum
3226 4797 3602 4871 Cephamque
3630 4797 3735 4871 ha-

2088 4868 2727 4941 buissem—nostrumque
2752 4868 3168 4941 Hieronymum
3190 4868 3362 4925 etiam
3393 4868 3526 4941 cum
3550 4868 3738 4924 multo

2086 4947 2238 5015 post,
2274 4958 2341 4996 ac
2374 4943 2488 4996 lere
2520 4940 2629 5015 sub
2660 4941 2786 4995 vita:
2837 4940 3032 5015 ﬁnem,
3066 4942 3344 4997 adversus
3383 4940 3735 5015 Pelagianos

2089 5012 2390 5077 scriberet,
2464 5012 2729 5066 eamdem
2808 5012 3070 5066 tenuisse
3146 5012 3556 5082 sententiamf
3604 5027 3737 5067 vere

2087 5086 2322 5157 Petrum
2381 5087 2523 5137 tunc
2572 5098 2819 5157 errasse,
2877 5082 3046 5157 eique
3086 5085 3238 5157 ,jure
3296 5084 3491 5157 plana
3527 5082 3738 5140 merito

2088 5153 2836 5228 Paulum_succen_suisse_:
2902 5176 2952 5228 «_
2992 5153 3153 5223 Quis,
3213 5153 3314 5221 ait,
3374 5155 3740 5228 indignatur,

2088 5228 2146 5334 id
2169 5226 2289 5334 sibi
2317 5224 2619 5334 9denegari
2677 5225 2833 5295 quod
2868 5224 3136 5297 princeps
3194 5224 3592 5300 apostolorum
3625 5242 3744 5281 non

2134 5317 2160 5334 ο
2211 5297 2293 5334 ..ει
2379 5317 2404 5334 η

2089 5297 2344 5354 habuit?
2377 5317 2404 5343 ››

2160 5371 2182 5403 ³
2212 5366 2458 5423 Palatio.
2493 5382 2634 5421 mss.
2667 5382 2827 5438 quem
2861 5384 2955 5423 nos
2983 5369 3175 5424 Latine
3220 5374 3272 5425 el
3301 5369 3481 5426 Graece
3516 5372 3746 5425 Petrum

2093 5456 2361 5505 vocemus,
2386 5443 2555 5514 [tunc
2588 5439 2823 5514 Hebraei,
2870 5445 3113 5514 etc._Est
3157 5458 3290 5496 vero
3324 5442 3553 5514 Cephas
3576 5449 3744 5505 N973.

2093 5523 2251 5575 ast:
2302 5511 2514 5573 radice,
2566 5510 2720 5564 unde
2764 5521 2908 5573 Dis:
2949 5511 3207 5581 plurium
3253 5510 3495 5569 numero
3524 5513 3746 5568 Jerem.

2092 5601 2169 5649 1v,
2201 5584 2289 5649 30,
2349 5586 2405 5637 et
2431 5581 2539 5656 Job
2570 5598 2723 5656 ἕως,
2765 5584 2818 5649 6,
2874 5586 3039 5653 petra:
3093 5581 3752 5656 appellantursDesipit

2094 5656 2395 5722 Erasmus,
2434 5652 2530 5723 qui
2567 5652 2987 5727 Hieronymum
3010 5652 3218 5727 negare
3249 5662 3347 5712 ait.
3383 5654 3607 5727 Gephas
3641 5652 3753 5708 He-

2095 5727 2359 5800 braieum
2416 5740 2544 5780 esse
2601 5724 2834 5797 nomen,
2885 5726 2984 5782 sed
3031 5724 3261 5800 Syrum,
3315 5733 3367 5781 ct
3414 5724 3752 5797 significare

2095 5798 2353 5859 solidum.
