4144 6202
427 354 542 415 36⁸7

1676 354 1741 413 S.
1790 351 2102 414 EUSEBlI
2142 351 2595 412 HIERONYMI

3727 348 3853 437 36s

429 482 606 553 rium,
635 485 693 540 in
724 483 859 553 alio,
891 483 940 541 si
968 484 1235 540 Christus
1265 485 1534 556 jusserit,
1586 500 1758 556 opere
1788 484 2076 556 pugnabi-
2107 485 2162 551 Α
2193 484 2483 556 quomodo
2513 481 2602 540 vel
2635 482 2853 539 Paulus
2876 485 3219 555 persecutus
3241 480 3319 537 sit
3343 482 3479 537 ante
3499 478 3852 551 Ecclesium,

429 590 600 630 mus:
635 590 793 629 nunc
825 572 1050 646 reliqua
1078 590 1525 644 prosequamur.

502 663 688 734 (Vers.
722 662 831 725 14).
865 685 894 713 ‹‹
926 662 1037 718 Sed
1088 679 1223 717 cum
1268 662 1544 718 vidissem
1598 663 1752 733 quod
1787 680 1900 717 non
1932 665 2085 717 recto

428 752 578 824 pede
617 751 899 806 incedunt
928 751 942 785 ¹
990 752 1060 807 ad
1087 751 1389 806 veritatem
1423 750 1740 823 Evangelii,
1764 750 1879 805 dixi
1921 751 2086 806 Petro

434 855 633 897 coram
691 837 984 895 omnibus.
1043 861 1072 890 »
1125 839 1288 894 Sicut
1345 838 1404 893 hi
1437 839 1536 911 qui
1595 838 1756 895 sanis
1788 839 2088 911 gressibus

430 928 763 997 claudicare
792 945 855 984 se
885 927 1188 993 simulant,
1223 944 1334 982 non
1384 927 1591 984 vitium
1641 926 1861 982 habent
1896 926 1955 981 in
1987 942 2085 998 pe-

435 1006 632 1085 dibus,
663 1016 764 1081 sed
795 1021 885 1073 est
914 1016 1113 1089 aliqua
1162 1032 1341 1071 causa
1385 1031 1491 1071 cur
1540 1015 1886 1083 claudicent,
1919 1017 2003 1070 ita
2033 1019 2090 1071 et

433 1106 642 1162 Petrus
672 1105 863 1161 sciens
902 1104 1406 1160 circumcisionem
1453 1109 1510 1160 et
1539 1105 1893 1177 praeputium
1943 1102 2088 1158 nihil

434 1210 584 1265 esse,
616 1195 718 1263 sed
772 1193 1234 1249 observationem
1275 1192 1685 1247 mandatorum
1726 1192 1850 1259 Dei,
1883 1191 2091 1246 edebat

436 1283 674 1356 quidem
706 1286 839 1338 ante
871 1298 1005 1338 cum
1027 1281 1326 1355 gentibus,
1360 1281 1459 1337 sed
1493 1298 1596 1353 pro
1619 1285 1879 1353 tempore
1909 1281 1980 1335 ab
2004 1280 2091 1335 eis

436 1388 519 1443 se,
553 1389 626 1428 ne
648 1372 883 1428 Judzeos
913 1389 946 1426 a
1000 1371 1115 1426 ﬁde
1169 1370 1384 1426 Christi
1444 1371 1733 1442 perderet,
1779 1368 2089 1424 subtrahe-

438 1462 558 1529 bat.
592 1460 757 1516 Unde
786 1466 845 1516 et
869 1459 1084 1517 Paulus
1107 1461 1308 1515 eadem
1333 1463 1453 1514 arte
1483 1477 1601 1529 qua
1626 1458 1724 1515 ille
1749 1458 2088 1525 simulabat,

437 1549 490 1605 ei
522 1548 740 1605 restitit
766 1548 826 1603 in
876 1548 1107 1616 faciem,
1157 1552 1213 1617 et
1241 1547 1502 1619 loquitur
1549 1563 1743 1601 coram
1776 1546 2087 1612 omnibus;

436 1655 554 1694 non
584 1643 704 1693 tam
736 1641 801 1692 ut
830 1638 1067 1692 Petrum
1098 1640 1308 1709 arguat
1338 1638 1379 1705 ²,
1424 1652 1600 1707 quam
1636 1639 1700 1691 ut
1728 1635 1809 1701 hi,
1843 1651 2090 1706 quorum

440 1743 618 1782 causa
640 1726 851 1782 Petrus
873 1725 1272 1795 simulaverat,
1297 1724 1681 1795 corrigantur,
1706 1723 1793 1778 vel
1818 1728 1883 1777 ut
1913 1722 2088 1778 etiam

439 1813 658 1883 Judzeis
707 1814 1001 1887 superbia,
1062 1813 1337 1888 gentibus
1385 1814 1711 1885 desperatio
1767 1811 2088 1868 tolleretur.

441 1903 603 1970 Quod
636 1903 687 1960 si
745 1904 835 1959 cui
892 1903 1002 1961 iste
1054 1920 1170 1959 non
1231 1902 1419 1975 placet
1474 1919 1685 1957 sensus
1736 1901 1778 1968 ³,
1825 1918 1941 1971 quo
1986 1917 2091 1955 nec

440 1994 648 2049 Petrus
677 2009 970 2067 peccasse,
1005 2008 1109 2049 nec
1150 1981 1368 2048 Paulus
1417 1991 1737 2063 procaciter
1764 1989 2093 2045 ostenditur

442 2083 708 2156 arguisse
737 2083 1041 2153 majorem,
1075 2083 1246 2137 debet
1275 2096 1557 2153 exponere
1587 2096 1704 2151 qua
1729 2094 2091 2149 consequen-

438 2171 523 2227 tia
548 2173 699 2247 441
733 2170 841 2227 hoc
891 2170 1104 2231 Paulus
1146 2170 1205 2224 in
1254 2168 1437 2225 altero
1491 2168 1899 2242 reprehendat,
1933 2167 2092 2239 quod

439 2259 568 2333 ipse
604 2258 919 2316 commisit.

514 2369 544 2400 «
573 2348 635 2407 Si
662 2353 749 2419 tu,
781 2364 915 2404 cum
946 2347 1183 2404 Judaaus
1215 2348 1317 2415 sis,
1371 2346 1687 2420 gentiliter,
1743 2352 1800 2402 et
1839 2364 1955 2402 non
1985 2346 2090 2401 Ju-

386 2504 397 2509 _
438 2436 602 2493 daice
637 2428 823 2494 vivis:
874 2437 1167 2508 quomodo
1217 2441 1420 2509 gentes
1478 2436 1637 2509 cogis
1676 2435 2027 2506 judaizare?
2062 2455 2090 2484 »

438 2524 840 2582 Indissolubili
888 2530 1233 2597 argumento
1276 2524 1626 2596 constringit
1673 2525 1930 2591 Petrum,
1973 2523 2092 2578 imo

438 2628 545 2686 per
568 2611 823 2683 Petrum,
855 2629 953 2669 eos
1004 2613 1102 2685 qui
1135 2613 1461 2685 pugnantia
1511 2611 1679 2667 illum
1733 2612 1884 2667 inter
1913 2628 1973 2667 se
2008 2613 2090 2668 fa-

440 2717 571 2761 cere
603 2702 907 2775 cogebant.
961 2702 1042 2769 Si,
1093 2701 1306 2773 inquit,
1362 2717 1395 2755 ο
1424 2704 1613 2769 Petre,
1660 2705 1723 2756 tu
1755 2705 1965 2755 natura
1992 2701 2093 2756 Ju-

440 2790 604 2861 daaus
634 2807 717 2861 es,
769 2790 1151 2846 circumcisus
1199 2806 1233 2844 a
1281 2805 1461 2860 parva
1510 2793 1698 2857 aetate,
1740 2792 1797 2845 et
1827 2788 2097 2845 universa

434 2878 592 2959 legis
622 2882 912 2951 praecepta
939 2878 1298 2944 custodiens,
1332 2894 1485 2933 nunc
1529 2879 1601 2933 ob
1647 2877 1893 2949 gratiam
1927 2877 2097 2932 Chri-

453 2968 529 3025 sti
558 2967 674 3025 scis
705 2984 773 3029 ea
802 2967 945 3023 nihil
977 2984 1079 3041 per
1110 2984 1172 3023 se
1202 2967 1415 3022 habere
1448 2965 1739 3037 utilitalis,
1771 2966 1872 3021 sed
1905 2981 2096 3022 exem-

452 3055 638 3130 plaria
665 3073 794 3113 esse
823 3062 881 3113 et
910 3056 1197 3130 imagines
1228 3057 1579 3125 futurorum,
1625 3058 1682 3111 et
1710 3072 1844 3110 cum
1875 3055 1968 3110 bis
1999 3055 2098 3127 qui

2196 573 2243 627 si
2277 572 2348 627 de
2380 576 2588 629 natura
2619 571 2911 644 spirituali
2960 572 3105 627 fuit:
3142 574 3247 626 aut
3289 572 3493 642 postea
3534 569 3855 642 Apostolus

2196 661 2403 729 factus,
2439 661 2488 717 si
2517 661 2588 717 de
2636 666 2868 717 terrena
2915 660 3053 716 fasce
3090 663 3403 731 generatus
3431 657 3568 714 est?
3599 658 3765 730 Quod
3798 658 3856 715 si

2195 754 2487 805 terrenum
2511 767 2642 806 eum
2668 767 2786 806 non
2809 749 2990 805 fuisse
3012 748 3436 812 contenderint,
3462 736 3653 820 ipsius
3675 748 3851 829 verba

2197 854 2522 910 ponamus:
2554 840 2792 894 Eramus
2829 839 2943 908 ﬁlii
2993 841 3200 893 natura
3257 837 3385 907 iraa,
3416 837 3560 892 sicut
3587 843 3639 892 et
3664 838 3857 903 caeteri

2199 926 2406 999 (Ep/tes.
2443 944 2504 994 ιι,
2555 928 2629 998 3).
2665 927 2885 982 Natura
2914 927 2935 960 ⁵
2982 926 3224 983 Judaeus
3252 929 3343 993 est
3392 924 3497 998 qui
3540 925 3610 980 de
3642 940 3853 1005 genere

2196 1020 2287 1070 est
2315 1015 2632 1083 Abraham,
2663 1020 2719 1069 et
2750 1033 2782 1070 a
2814 1015 3155 1087 parentibus
3186 1013 3280 1069 die
3309 1018 3510 1083 octavo
3542 1012 3854 1069 circumci-

2197 1120 2303 1159 sus
2332 1108 2440 1158 est.
2472 1104 2598 1159 Non
2630 1109 2843 1159 natura
2871 1102 3132 1171 Judzsus,
3182 1102 3282 1174 qui
3317 1106 3517 1174 postea
3545 1106 3635 1169 est
3663 1102 3852 1173 factus

2199 1209 2266 1247 ex
2296 1192 2588 1265 gentibus.
2644 1192 2711 1247 Ut
2757 1196 2954 1248 autem
3002 1196 3194 1247 totum
3243 1195 3659 1265 argumentum
3689 1189 3859 1261 brevi

2201 1296 2468 1336 sermone
2490 1280 3001 1353 comprehendam,
3022 1273 3232 1336 sensus
3248 1286 3337 1337 est
3357 1280 3467 1336 iste
3488 1279 3851 1352 quitexitur:

2200 1369 2338 1432 Nos,
2372 1369 2429 1423 id
2462 1374 2570 1441 est,
2602 1386 2707 1442 ego
2739 1372 2796 1425 et
2822 1374 2910 1441 tu,
2956 1367 3122 1425 Petre
3172 1368 3433 1441 (miscuit
3462 1368 3619 1424 enim
3648 1384 3857 1442 pereo,-

2207 1475 2344 1513 nam
2370 1475 2563 1529 suam,
2595 1474 2666 1513 ne
2697 1457 2781 1512 illi
2812 1458 2999 1513 facere
3028 1457 3321 1514 videretur
3342 1458 3496 1531 412
3529 1456 3857 1548 injuriamj,

2200 1564 2336 1602 cum
2369 1563 2658 1614 essemus,
2708 1546 2920 1619 inquit,
2973 1551 3181 1602 natura
3227 1545 3436 1615 Judaei,
3478 1563 3547 1603 ea
3576 1545 3856 1609 facientes

2201 1652 2327 1707 quae
2356 1633 2481 1707 lege
2512 1639 2798 1707 prmcepta
2841 1639 3002 1699 sunt,
3047 1639 3105 1691 et
3145 1652 3262 1691 non
3292 1651 3362 1690 ex
3405 1634 3682 1709 gentibus
3711 1650 3856 1711 pec,-

2200 1728 2448 1794 catores,
2481 1723 2582 1795 qui
2613 1723 2699 1778 vel
2746 1723 3113 1796 generaliter,
3171 1723 3311 1796 quia
3356 1723 3527 1781 idolis
3564 1723 3855 1801 serviunt,

2201 1817 2554 1885 peccatores,
2571 1815 2728 1883 sunt,
2751 1812 3004 1884 velquos
3018 1829 3172 1868 nunc
3198 1808 3856 1889 putamusimmnndos,

2202 1902 2452 1958 scientes
2485 1902 2639 1973 quod
2670 1917 2787 1957 non
2812 1917 3134 1973 possumus
3159 1918 3228 1957 ex
3252 1900 3397 1976 legis
3422 1917 3616 1975 opere,
3648 1900 3749 1969 sed
3780 1916 3852 1979 eg

2202 1989 2414 2046 Christi
2463 1988 2672 2046 salvari
2722 1990 2858 2059 fide,
2907 1990 3267 2065 credidimus
3324 1990 3384 2045 in
3433 1988 3754 2056 Christum,
3788 1992 3855 2063 ut

2202 2080 2355 2152 quod
2390 2079 2480 2135 lex
2510 2078 2680 2135 nobis
2710 2096 2826 2134 non
2876 2079 3135 2147 dederat,
3185 2079 3330 2142 ﬁdes
3360 2079 3643 2135 tribueret
3671 2094 3852 2155 quan}

2201 2169 2563 2225 habebamus
2613 2166 2717 2240 (Al.
2751 2167 3063 2239 habemus)
3094 2167 3153 2222 in
3202 2167 3451 2225 Christo.
3485 2167 3646 2241 Quod
3677 2166 3730 2223 si
3760 2181 3851 2222 re-

2201 2258 2471 2313 cedentes
2503 2274 2536 2312 a
2567 2255 2712 2328 lege,
2744 2256 2805 2310 in
2828 2272 2945 2328 qua
2966 2255 3177 2312 salvari
3208 2273 3330 2326 non,
3347 2255 3670 2329 potuimus,
3694 2258 3854 2314 tran-

2202 2346 2540 2403 scendimus
2572 2346 2644 2400 ad
2677 2345 2874 2415 fidem,
2923 2344 2983 2399 in
3028 2361 3145 2419 qua
3191 2361 3309 2401 non
3347 2344 3541 2403 carnis
3571 2345 3857 2423 qumritur

2202 2433 2592 2503 circumcisio,
2625 2433 2726 2489 sed
2775 2432 2969 2489 cordis
3021 2434 3151 2505 puri
3200 2433 3464 2490 devotio:
3513 2436 3573 2490 et
3622 2450 3777 2515 nunc
3821 2450 3857 2515 ᾳ

2201 2524 2477 2597 gentibus
2508 2523 2827 2578 recedendo
2858 2522 2968 2578 hoc
2996 2522 3248 2599 agimus,
3280 2526 3348 2578 ut
3369 2522 3708 2594 quicunque
3737 2539 3853 2600 non

2204 2614 2282 2669 sit
2310 2611 2713 2682 circumcisus,
2746 2611 3090 2668 immundus
3121 2612 3234 2667 sit:
3267 2628 3404 2685 ergo
3425 2611 3572 2668 fides
3599 2610 3659 2668 in
3693 2610 3855 2667 Chri-

2204 2705 2383 2768 stum,
2416 2701 2475 2755 in
2507 2717 2623 2773 qua
2653 2716 2761 2756 nos
2814 2700 3170 2771 putabamus
3217 2705 3351 2757 ante
3398 2698 3634 2767 salvari,
3663 2698 3854 2781 magis

2205 2789 2422 2862 peccati
2445 2792 2534 2844 est
2563 2787 2852 2855 ministra,
2878 2805 3056 2860 quam
3088 2788 3346 2860 iustitiae,
3373 2806 3499 2863 qua:
3529 2789 3720 2845 aufert
3745 2788 3855 2846 cir—

2206 2876 2644 2941 cumcisionem,
2676 2892 2855 2948 quam
2886 2876 2989 2949 qui
3030 2894 3146 2933 non
3186 2877 3476 2946 habuerit,
3508 2878 3855 2948 immundus

2208 2970 2315 3021 est.
2349 2966 2457 3022 Sed
2487 2965 2660 3037 absit,
2688 2971 2754 3021 ut
2775 2966 2928 3038 quod
2958 2965 3139 3022 semel
3160 2966 3440 3035 destruxi,
3463 2972 3521 3023 et
3549 2966 3687 3024 scivi
3710 2965 3857 3043 mihi

2210 3071 2327 3110 non
2383 3054 2691 3128 profuisse,
2752 3071 2987 3110 rursum
3038 3054 3350 3112 vindicem.
3407 3055 3596 3112 Semel
3649 3072 3685 3135 a
3729 3054 3857 3135 lege

458 3127 528 3205 ex
555 3144 828 3219 gentibus
854 3150 1012 3214 sunt,
1035 3127 1231 3201 cibum
1265 3144 1445 3217 capis,
1475 3161 1844 3216 nequaquam
1878 3148 1943 3199 ut
1967 3149 2102 3199 ante
2152 3218 2157 3219 γ
2212 3127 2539 3212 discedens,
2570 3144 2684 3217 legi
2714 3160 2847 3199 sum
2898 3148 3186 3212 mortuus,
3229 3149 3295 3200 ut
3338 3145 3400 3201 in
3442 3130 3671 3207 Christo
3702 3127 3855 3201 vive-

459 3233 885 3306 superstitiose,
912 3235 1015 3290 sed
1052 3234 1232 3290 libere
1260 3239 1316 3289 et
1361 3233 1759 3290 indifferenter
1790 3234 2097 3290 victitans:
2131 3218 2174 3287 C
2213 3249 2357 3300 rem,
2391 3232 2667 3305 crucique
2715 3233 2843 3303 ejus
2889 3232 3123 3301 affixus,
3169 3236 3227 3289 et
3271 3233 3332 3288 in
3370 3231 3586 3295 novum
3618 3239 3856 3311 renatus

456 3324 750 3401 quomodo
780 3340 878 3379 eos
926 3323 1025 3394 qui
1058 3340 1126 3378 ex
1178 3323 1451 3395 gentibus
1499 3322 1887 3390 crediderunt,
1945 3339 2102 3379 nunc
2210 3321 2530 3390 hominem,
2582 3322 2694 3376 fide
2736 3320 2924 3393 magis
2954 3337 3133 3393 quam
3164 3337 3335 3377 carne
3365 3321 3769 3390 subsisterem,
3799 3324 3858 3387 et

452 3413 731 3472 recedens
751 3412 824 3471 ab
845 3411 950 3479 eis,
972 3418 1030 3467 et
1052 3411 1219 3482 quasi
1246 3427 1279 3465 a
1300 3410 1716 3465 contaminatis
1744 3414 1798 3465 te
1820 3428 2099 3482 separans

432 3504 509 3563 et
523 3516 854 3566 secernens,
873 3498 1488 3570 compellisjudaizare
1502 3498 1528 3552 ‘2
1548 3498 1605 3553 Si
1625 3498 1781 3552 enim
1805 3498 2097 3555 immundi

450 3591 592 3642 sunt
619 3588 901 3659 aquibus
927 3588 1169 3652 recedis,
1202 3587 1415 3643 idcirco
1456 3592 1648 3641 autem
1683 3587 1926 3653 recedis,
1957 3587 2096 3658 quia

448 3692 566 3731 non
592 3676 809 3732 habent
836 3676 1343 3732 circumcisionem
1387 3675 1689 3747 compellis
1718 3693 1815 3731 eos
1843 3676 2092 3731 circum-

448 3764 559 3823 cidi
594 3771 653 3822 et
678 3765 915 3820 Judaeos
963 3766 1127 3821 fieri:
1179 3781 1313 3819 cum
1344 3769 1408 3818 tu
1463 3764 1585 3835 ipse
1625 3768 1801 3820 natus
1829 3765 2090 3835 Judmus,

445 3853 744 3927 gentiliter
792 3853 1025 3919 vixeris.
1080 3853 1150 3909 Et
1223 3852 1486 3915 laetantur
1540 3854 1796 3909 ostendit
1851 3870 2089 3910 causam

445 3959 627 4015 quare
674 3944 984 3999 adversum
1042 3959 1175 3998 eum
1220 3941 1640 4014 disputaverit:
1691 3942 1829 4014 quia
1873 3943 2092 3999 scilicet

441 4037 647 4106 gentes
676 4032 1050 4088 simulatione
1080 4048 1187 4087 sua
1198 4032 1501 4104 judaizare
1531 4030 1920 4102 compelleret,
1947 4033 2087 4087 dum

442 4137 578 4179 eum
609 4123 632 4155 ‘
658 4121 904 4193 cupiunt
933 4119 1215 4176 aemulari.

514 4210 699 4282 (Vers.
734 4211 838 4283 15).
875 4231 902 4261 ‹‹
936 4210 1052 4265 Nos
1098 4213 1306 4266 natura
1352 4208 1562 4275 Judaei,
1611 4212 1667 4264 et
1705 4225 1820 4265 non
1851 4225 1920 4265 ex
1947 4226 2086 4282 gen-

437 4297 599 4354 tibus
628 4304 985 4372 peccatores.
1044 4320 1072 4347 »
1122 4297 1459 4370 Subrepunt
1506 4297 1614 4353 hoc
1656 4296 1779 4352 loco
1811 4296 2085 4367 haeretici,

439 4386 542 4459 qui
573 4386 820 4442 ridicula
874 4388 1141 4458 quaedam
1193 4392 1249 4442 et
1304 4387 1503 4460 inepta
1557 4387 1865 4459 ﬁngentes,
1898 4386 2081 4457 aiunt,

437 4492 542 4535 nec
575 4475 939 4549 spiritualem
974 4491 1210 4547 peccare
1239 4492 1409 4547 posse
1453 4479 1757 4530 naturam:
1795 4491 1898 4530 nec
1921 4476 2083 4547 justo

2208 3427 2340 3465 cum
2373 3409 2603 3465 Christo
2635 3410 2973 3482 egrederere
3005 3410 3246 3483 mundo.
3270 3412 3432 3476 Quod
3465 3409 3645 3477 semel
3675 3411 3853 3466 ador-

2207 3515 2309 3553 sus
2340 3515 2493 3569 sum,
2518 3502 2708 3553 teneo.
2738 3497 2863 3553 Non
2890 3497 3035 3553 mihi
3074 3498 3260 3573 gratis
3288 3498 3554 3555 Christus
3582 3504 3672 3556 est
3701 3516 3834 3576 mor

2204 3592 2342 3641 tuus
2366 3604 2378 3642 :
2414 3588 2474 3643 in
2504 3603 2618 3658 quo
2651 3587 2867 3642 frustra
2893 3587 3138 3657 credidi,
3165 3588 3216 3644 si
3243 3587 3407 3660 potui
3434 3590 3455 3624 ⁸
3483 3589 3706 3661 absque
3735 3588 3855 3645 ﬁde

2203 3678 2253 3747 ej
2265 3693 2332 3732 us
2362 3675 2423 3731 in
2452 3676 2632 3732 veteri
2662 3674 2789 3749 lege
2814 3674 3046 3732 salvari.

2271 3766 2459 3837 (Vers.
2492 3765 2581 3834 46,
2633 3765 2742 3834 17).
2778 3788 2806 3815 ‹‹
2858 3764 3121 3821 Scientes
3174 3769 3370 3822 autem
3422 3767 3579 3846 quod
3611 3766 3851 3839 nonju-

2199 3853 2487 3910 stificatur
2510 3853 2685 3909 homo
2732 3869 2801 3908 ex
2849 3854 3126 3926 cperibus
3175 3853 3347 3927 legis,
3396 3854 3510 3911 nisi
3542 3871 3644 3927 per
3669 3855 3847 3919 ﬁdem

2196 3943 2335 4003 Jesu
2367 3942 2599 4012 Christi,
2631 3946 2689 3998 et
2715 3959 2821 3999 nos
2849 3941 2907 3999 in
2938 3942 3168 4000 Christo
3196 3944 3749 4013 Jesucredidimus,
3781 3950 3850 4001 ut

2188 4032 2548 4103 justificetur
2576 4030 2636 4087 in
2663 4031 2777 4087 ﬁde
2835 4031 3073 4103 Christi,
3105 4037 3164 4088 et
3194 4049 3310 4089 non
3340 4048 3410 4089 ex
3456 4034 3735 4105 operibus
3761 4032 3848 4090 le-

2196 4122 2306 4192 gis.
2339 4141 2366 4173 »
2403 4119 2579 4175 Aiunt
2607 4120 2850 4192 quidam
2879 4120 2930 4176 si
2960 4136 3161 4176 verum
3195 4120 3305 4177 hoc
3334 4120 3412 4177 sit
3441 4122 3596 4194 quod
3627 4121 3848 4179 Paulus

2197 4209 2471 4275 affirmat,
2497 4224 2564 4265 ex
2594 4209 2870 4280 operibus
2897 4208 3045 4283 legis
3070 4210 3362 4266 neminem
3383 4209 3721 4282 justiﬁcari,’
3738 4210 3847 4277 sed

2195 4315 2263 4354 ex
2293 4298 2406 4354 fide
2434 4297 2571 4355 Jesu
2620 4298 2869 4365 Christi,
2912 4298 3273 4371 patriarchas
3323 4303 3382 4356 et
3420 4299 3759 4373 prophetas,
3790 4304 3850 4369 et

2194 4392 2449 4455 sanctos,
2484 4387 2583 4458 qui
2641 4392 2777 4443 ante
2826 4387 3041 4444 Christi
3072 4389 3387 4445 adventum
3442 4389 3680 4445 fuerunt
3732 4388 3845 4445 im-

2192 4478 2478 4548 perfectos
2511 4477 2710 4533 fuisse.
2758 4478 2912 4543 Quas
2942 4478 3254 4534 admonere
3300 4478 3587 4537 debemus
3615 4476 3843 4535 eoshic

433 4552 656 4637 aliquid
688 4565 874 4622 facere
904 4571 1215 4620 terrenam.
1248 4564 1400 4628 Quos
1446 4563 1873 4636 interrogemus
1902 4581 2082 4635 quare
2107 4588 2156 4654 D
2191 4564 2304 4621 dici
2325 4565 2620 4636 justitiam
2652 4582 2767 4622 non
2813 4571 3178 4636 consecutos,
3212 4567 3315 4639 qui
3344 4571 3575 4624 tantum
3604 4582 3674 4625 ex
3702 4582 3841 4645 ope-

431 4654 502 4710 de
531 4654 686 4711 bona
715 4654 863 4711 oliva
891 4654 1039 4709 rami
1090 4654 1254 4709 fracti
1304 4657 1461 4723 sunt,
1492 4658 1548 4708 et
1594 4670 1697 4707 cur
1727 4652 1798 4707 de
1829 4652 2078 4709 oleastro
2108 4652 2145 4693 ί
2188 4654 2351 4709 ribus
2379 4654 2686 4726 iustiﬁcari
2716 4670 2888 4726 posse
2928 4671 2991 4711 se
3022 4656 3287 4723 credunt,
3342 4656 3588 4723 Sanctus
3616 4660 3837 4726 autem,

427 4743 485 4798 in
519 4744 773 4800 radicem
807 4744 970 4800 bona:
1004 4742 1164 4798 olivae
1196 4742 1400 4798 inserti
1431 4743 1567 4809 sint,
1609 4742 1657 4797 si
1689 4757 1793 4796 nec
1823 4742 1894 4798 de
1926 4742 2076 4798 bono
2187 4743 2288 4815 qui
2320 4742 2646 4815 antiquitus
2690 4744 2927 4812 fuerint,
2962 4760 3031 4800 ex
3077 4744 3192 4799 fide
3220 4744 3432 4800 Christi
3455 4733 3836 4816 justiﬁcatos.

428 4833 632 4911 cadere
662 4834 987 4906 quidquam
1011 4836 1218 4905 potest,
1254 4847 1358 4887 nec
1380 4832 1451 4886 de
1481 4830 1635 4887 malo
1656 4847 1895 4903 surgere
1915 4830 1943 4885 ?
1968 4833 2080 4888 Aut
2188 4832 2490 4906 Siquidem
2521 4832 2815 4889 Abraham
2852 4833 3002 4891 vidit
3045 4832 3201 4890 diem
3249 4833 3487 4906 Christi,
3520 4837 3579 4889 et
3606 4832 3837 4889 lmtatus

500 5066 517 5101 ¹
548 5064 837 5126 Rescribit
865 5064 1179 5131 Victorius,
1233 5064 1566 5135 incederent,
1601 5071 1668 5124 ut
1696 5066 1753 5124 in
1786 5066 2069 5135 Vulgata:

424 5136 844 5214 contenditque
877 5137 1268 5214 minus‘recte
1313 5137 1393 5214 in_
1424 5139 1617 5214 Graeco
1656 5140 1879 5214 haberi,
1900 5136 2069 5214 ἶρθο-

421 5202 648 5288 ίποδᾳῦσι
710 5202 813 5280 ρὶο
868 5205 1245 5283 ὀρθοποδῶσιε
1299 5210 1438 5281 quin
1496 5213 1675 5267 etiam
1724 5202 2070 5288 impressam

421 5278 731 5357 lectionem
790 5278 910 5336 nec"
954 5298 1215 5349 sensum,
1269 5278 1374 5338 nec
1431 5278 1844 5353 grammatices
1901 5286 2070 5357 sequi

417 5349 701 5419 regulam.

488 5422 510 5456 ³
539 5423 706 5478 Haud
737 5422 822 5479 sio
854 5440 997 5478 num
1029 5425 1246 5481 rectius
1276 5425 1335 5479 in
1370 5442 1485 5479 uno
1527 5424 1775 5481 Palatin.
1811 5444 1921 5482 ms.
1954 5443 2069 5483 non

412 5497 526 5567 tam
558 5503 617 5567 ut
644 5495 864 5565 Petrus,
924 5513 1087 5567 quam
1147 5506 1207 5551 ut
1249 5498 1329 5563 hi,
1390 5513 1621 5567 quorum
1678 5514 1837 5552 causa
1870 5503 2067 5555 Petrus

410 5566 814 5643 simulaverat,_
837 5566 1219 5643 corrigantur,
1260 5566 1520 5643 reliquis,
1560 5568 1690 5639 ’quai
1735 5569 1828 5643 hic
1860 5571 2062 5643 subse-
2174 5639 2210 5643 μ
2245 5572 2266 5606 ⁸
2295 5571 2638 5643 Nostrorum
2670 5570 2836 5643 codd.
2862 5576 2918 5643 et
2945 5566 3091 5643 quos
3120 5570 3337 5643 Victor.
3362 5567 3678 5643 consuluit,
3708 5582 3832 5643 me:

409 5638 925 5731 quatiturjerbi‘s,
947 5640 1317 5731 vcla'tuet‘ia‘ni
1348 5640 1561 5731 {admit
1583 5638 1883 5722 superbia.
1919 5640 2063 5731 Gen:
2174 5639 2286 5731 lior
2314 5642 2435 5725 hisc
2466 5640 2589 5699 visa
2615 5644 2704 5697 est
2749 5640 2918 5699 lectio
2948 5638 3065 5723 pra:
3114 5642 3215 5709 illa
3262 5659 3389 5724 quae
3420 5641 3747 5731 obtinebat,
3777 5641 3832 5703 si

404 5709 557 5788 {itus
609 5709 927 5788 desperatio
983 5711 1295 5788 tolleretur.
1347 5709 1779 5788 prestermis'sis,
1830 5729 1957 5787 quae
2004 5717 2063 5771 et
2165 5714 2381 5788 putavi.

402 5779 721 5868 yictorius',
754 5784 813 5839 et
840 5784 1009 5841 vetus
1035 5780 1211 5838 editio
1236 5779 1487 5855 ignorat,

2253 5068 2275 5105 ³
2302 5065 2593 5142 Nimirum
2621 5073 2678 5124 8.
2712 5085 2847 5142 cum
2880 5067 3087 5142 primis
3122 5066 3514 5142 Augustinus,
3547 5065 3649 5142 qui
3679 5064 3835 5142 datis

2182 5142 2253 5197 ad
2286 5141 2703 5214 Hieronymum
2751 5138 3014 5213 epistolis
3046 5142 3105 5197 in
3154 5138 3354 5199 nostra
3399 5138 3736 5200 recensione
3762 5138 3835 5201 56

2184 5220 2241 5269 et
2270 5214 2339 5266 57
2370 5213 2571 5267 contra
2601 5213 2751 5268 hanc
2783 5214 3132 5269 sententiam
3164 5214 3454 5270 velitatur.

2249 5285 2272 5318 ⁴
2300 5283 2521 5339 Vitiose
2567 5289 2690 5340 erat
2735 5284 2865 5339 dum
2914 5285 3088 5340 enim.
3142 5284 3491 5355 Huiusmodi
3523 5282 3834 5351 manifesta

2180 5355 2394 5411 menda
2423 5355 2637 5428 saepius
2666 5356 2828 5411 taciti
2861 5358 3245 5428 castigamus.
3620 5364 3625 5369 ”

2248 5428 2268 5461 ⁵
2300 5423 2523 5482 Ιῐθνυιῑῐ
2546 5427 2747 5482 vitiose
2778 5432 2834 5482 et
2863 5423 3365 5500 contrariohsensu
3396 5443 3574 5500 penes
3602 5423 3835 5493 Martia-

2179 5516 2370 5573 nzcum
2401 5505 2546 5564 erat,
2577 5500 2715 5553 Nam
2742 5509 2970 5573 natura,
3004 5517 3107 5573 pro
3136 5498 3279 5573 Non,
3309 5498 3419 5555 etc}
