4144 6202
350 345 472 427 m

1041 361 1561 428 COMMENTAR.
1608 362 1685 425 ΙΝ
1733 363 1983 425 EPIST.
2029 360 2131 423 AD
2177 362 2454 424 GALAT.
2502 362 2649 423 LlB.
2694 363 2745 440 Ι,
2791 363 2960 424 CAP.
3007 359 3083 424 ll.

3653 334 3776 417 sio

352 496 442 557 est
473 492 652 569 (Joan.
675 512 799 561 VIII,
828 494 943 569 36).
974 496 1041 551 Et
1060 496 1285 570 Moyses
1316 499 1569 569 majores
1599 497 1832 553 divitias
1854 496 2003 553 aesti-
2032 497 2085 564 Α
2116 495 2169 551 ei
2235 501 2547 569 antequam
2616 503 2959 568 moreretur,
3020 496 3333 552 observans
3387 494 3644 553 Sabbata
3709 496 3769 553 et

352 587 535 645 mavit
562 585 844 641 tbeSauro
873 585 1297 658 Egyptiorum,
1320 585 1742 659 improperium
1766 585 2003 643 Christi.

348 675 692 750 Aspiciebat
717 674 876 730 enim
908 674 967 728 in
998 675 1528 731 remunerationem
1561 675 1747 748 (Hebr.
1780 693 1859 742 ιιι,
1890 674 2004 746 26).

351 761 425 825 Et
473 764 658 821 Isaias
707 761 856 819 vidit
909 760 1155 835 gloriam
1206 763 1423 819 Christi
1472 764 1600 836 (Isa.
1633 782 1711 831 VI,
1748 766 1800 830 1,
1830 764 1909 835 9),
1944 768 2009 819 ut

349 854 610 912 Joannes
658 850 1018 925 evangelista
1064 858 1487 909 commemorat
1533 855 1711 922 (Joan.
1756 871 1858 919 x11,
1892 853 2003 923 41),

349 944 442 1000 et!
451 942 602 998 udas
620 940 692 997 de
708 941 984 997 omnibus
1004 941 1382 1014 generaliter:
1408 942 1775 1009 Commonere,
1791 942 2003 1014 inquit,

349 1030 443 1088 vos
471 1031 600 1087 volo
628 1026 777 1086 413
806 1031 1034 1085 scientes
1060 1031 1232 1086 semel
1278 1030 1463 1086 omnia
1493 1049 1512 1086 :
1558 1032 1821 1104 quoniam
1847 1035 2005 1088 Iesus

341 1120 625 1195 papillam
668 1119 731 1175 de
775 1123 927 1174 terra
954 1119 1178 1191 Algypti
1209 1120 1431 1177 salvans
1459 1136 1479 1174 :
1527 1121 1762 1177 secundo
1792 1136 1880 1176 eos
1910 1121 2007 1191 qui

345 1221 467 1265 non
514 1207 879 1278 crediderunt,
929 1208 1173 1277 perdidit
1220 1208 1362 1271 (Jud.
1394 1211 1469 1278 5).
1506 1209 1667 1265 Unde
1718 1226 1832 1265 non
1881 1213 2003 1264 tam

349 1296 508 1371 legis
528 1312 704 1369 opera
721 1297 1101 1365 damnantur,
1127 1313 1304 1369 quam
1329 1286 1513 1371 hi‘qui
1533 1303 1762 1355 tantum
1787 1316 1855 1353 ex
1876 1315 2004 1369 ope-

344 1386 517 1443 ribus
539 1385 857 1457 justiﬁcari
890 1403 952 1442 se
981 1402 1154 1458 posse
1185 1388 1508 1458 conﬁdunt,
1535 1387 1825 1443 Salvatore
1859 1404 2004 1459 quo-

347 1476 464 1548 que
513 1476 586 1531 ad
636 1473 961 1547 discipulos
1000 1474 1297 1547 loquente,
1329 1477 1448 1532 Nisi
1473 1477 2004 1548 superabundaverit

337 1566 573 1639 iustitia
616 1573 800 1620 vestra
852 1566 978 1635 plus
1024 1580 1190 1636 quam
1234 1565 1561 1621 Scribarum
1605 1575 1657 1621 et
1688 1567 2000 1622 Pharisaeo-

345 1650 497 1721 rum,
528 1666 636 1709 non
688 1649 974 1709 intrabitis
1021 1656 1086 1710 in
1129 1670 1361 1723 regnum
1403 1655 1661 1711 caelorum
1692 1655 1910 1727 (Matth.
1942 1672 1999 1724 ν,

344 1741 967 1816 21)).Congregan'dum
990 1742 1097 1815 (Al.
1122 1744 1639 1816 considerandum)
1662 1744 1771 1799 hoc
1796 1744 1854 1798 in
1874 1743 2000 1799 loco

350 1826 684 1930 quantaéin
732 1831 859 1905 lege
897 1831 1352 1930 praecepta-sint,
1385 1849 1512 1904 quae
1540 1833 1771 1930 explere
1800 1833 2001 1930 nullus
2032 1864 2080 1930 Β

348 1925 547 1994 queat.
573 1912 640 1976 Et
658 1920 982 1977 econtrario
1003 1920 1340 1990 dicendum,
1368 1923 1636 1994 quaedam
1658 1922 1804 1995 legis
1825 1921 2001 1978 etiam

346 2009 422 2066 ab
453 2008 547 2065 his
578 2009 702 2066 ﬁeri
734 2009 837 2081 qui
863 2007 1136 2081 ignorent
1164 2024 1316 2065 eam.
1351 2010 1462 2067 Sed
1496 2012 1625 2067 ideo
1666 2029 1781 2067 non
1815 2009 2004 2083 justi-

347 2097 516 2154 ﬂcari
566 2102 902 2170 o'peratores
959 2099 1109 2169 ejus,
1160 2099 1300 2170 quia
1351 2100 1574 2171 absque
1627 2100 1739 2155 ﬁde
1788 2090 2001 2155 Christi

347 2188 497 2244 ﬂant
526 2202 543 2243 :
597 2188 759 2243 verbi
792 2188 998 2260 gratia,
1032 2202 1149 2243 non
1181 2188 1435 2244 dormire
1466 2190 1750 2254 cumviro
1782 2189 2003 2245 dormi-

346 2272 576 2334 tatione
606 2276 893 2345 mulieris,
928 2293 1045 2333 non
1095 2276 1435 2345 adulterari,
1480 2294 1596 2334 non
1646 2295 1867 2350 rapere,
1901 2278 2001 2333 sed

346 2358 549 2437 magis
576 2364 859 2421 honorare
890 2370 1115 2438 patrem
1146 2369 1205 2422 et
1237 2370 1505 2435 matrem,
1534 2370 1592 2423 et
1622 2372 1847 2434 caetera,
1874 2384 2002 2438 quae

348 2455 646 2526 imperata
690 2458 848 2523 sunt,
902 2455 1115 2516 facere.
1157 2454 1320 2519 Quod
1370 2455 1418 2510 si
1470 2455 1541 2511 de
1589 2455 1809 2511 sanctis
1862 2455 2003 2511 viris

348 2540 524 2598 nobis
554 2542 821 2612 ciempla
851 2540 1201 2614 protulerint
1231 2561 1244 2600 :
1296 2543 1454 2614 quod
1502 2543 1563 2598 in
1610 2542 1737 2616 lege
1766 2544 2001 2611 versati,

348 2644 421 2687 ea
444 2646 571 2703 qua
599 2630 748 2703 legis
778 2632 1029 2699 fuerant,
1064 2632 1473 2704 perpetrarint,
1508 2632 1771 2688 dicemus
1808 2651 1821 2687 :
1858 2633 2004 2698 Quia

342 2720 511 2793 justo
558 2717 651 2775 lex
700 2735 818 2776 non
869 2725 959 2775 est
1002 2721 1211 2793 posita,
1244 2722 1345 2777 sed
1378 2721 1600 2793 iniquis
1631 2727 1688 2776 et
1716 2739 1831 2777 non
1863 2723 2001 2777 sub-

349 2806 515 2880 ditis,
544 2807 745 2881 impiis
794 2812 853 2864 et
901 2810 1324 2881 peccatoribus,
1358 2809 1772 2866 contaminatis
1804 2816 1860 2866 et
1891 2811 2001 2866 im-

350 2896 592 2969 mundis
620 2897 667 2968 (ι
700 2899 850 2953 Tim.
885 2915 923 2968 ι,
956 2898 1012 2967 9,
1047 2898 1155 2969 10).
1191 2898 1298 2962 Qui
1331 2904 1528 2954 autem
1565 2915 1599 2954 θ.
1649 2900 1763 2955 Deo
1794 2901 2002 2956 doctus

347 2984 452 3052 sit,
483 2988 599 3042 non
629 2985 843 3042 habere
872 3000 1009 3041 eum
1052 3002 1309 3055 necesse,
1344 2992 1409 3042 ut
1462 2984 1549 3043 vel
1600 2988 1671 3044 de
1719 2988 2003 3044 charitate

345 3072 625 3131 doceatur
655 3075 695 3142 ί,
730 3075 912 3131 Paulo
943 3075 1172 3132 dicente
1204 3092 1218 3132 :
1272 3076 1349 3131 De
1377 3078 1649 3133 charitate
1676 3082 1862 3134 autem
1891 3094 2001 3134 non

345 3166 560 3220 necesse
586 3163 759 3220 habeo
785 3164 1025 3220 scribere
1062 3164 1209 3220 vobis
1242 3183 1260 3220 :
1311 3167 1420 3234 ipsi
1471 3167 1620 3221 enim
1668 3183 1757 3221 vos
1803 3184 1837 3221 a
1888 3172 2002 3223 Deo

2117 586 2475 654 neomenias,
2510 591 2567 641 et
2615 585 2739 641 dies
2789 586 2986 655 festos,
3019 590 3075 642 et
3103 585 3472 641 victimarum
3502 586 3760 663 typicam

2115 675 2537 741 curiositatem,
2569 678 2626 730 et
2674 673 2902 730 fabulas
2940 674 3233 741 ludaicas,
3265 679 3321 730 et
3367 674 3762 748 genealogias.

2114 766 2432 835 Postquam
2458 768 2652 818 autem
2683 764 2843 819 venit
2867 763 3138 819 Christus
3167 767 3225 819 et
3248 763 3359 827 lex.
3384 763 3455 819 de
3479 772 3596 835 qua
3617 762 3762 820 scri-

2115 858 2279 925 ptum
2305 858 2424 908 est:
2449 852 2663 908 Scimus
2683 861 2863 908 autem
2888 855 3019 923 quia
3042 853 3131 909 lea:
3154 851 3465 924 spiritualis
3484 855 3564 907 est
3585 852 3758 923 (Rom.

2114 958 2209 1012 vn,
2272 942 2389 1012 14),
2451 958 2554 1013 per
2608 940 3001 1012 evangelicum
3057 941 3269 1013 legem,
3329 940 3441 1013 legi
3498 932 3760 1013 pristina;

2115 1036 2383 1086 mortuus
2424 1035 2557 1085 est:
2609 1034 2667 1086 et
2713 1031 2928 1097 anima,
2963 1047 3091 1101 qum
3123 1029 3448 1086 secundum
3496 1027 3555 1084 id
3605 1027 3761 1103 quod

2113 1118 2393 1174 scribitur
2421 1120 2493 1173 ad
2527 1119 2820 1178 Romanos
2855 1135 2869 1173 :
2913 1118 3046 1174 Viro
3076 1118 3322 1185 vivente,
3355 1118 3405 1173 si
3438 1117 3758 1189 nupsisset,

2111 1207 2377 1264 adultera
2402 1208 2721 1263 vocabatur
2752 1224 2764 1261 :
2818 1211 3047 1263 mortuo
3088 1207 3211 1261 viro
3242 1222 3369 1273 suo,
3403 1205 3461 1260 id
3495 1210 3604 1275 est,
3636 1205 3763 1278 lege

2112 1295 2310 1363 veteri,
2346 1296 2549 1369 nupsit
2593 1295 2707 1368 legi
2755 1296 3068 1368 spirituali,
3101 1299 3166 1351 ut
3212 1295 3592 1352 fructificaret
3621 1300 3758 1351 Deo.

2116 1383 2274 1442 Unde
2295 1388 2351 1441 et
2380 1386 2439 1440 in
2461 1385 2606 1441 Osee
2634 1386 2704 1440 ad
2726 1401 2855 1440 eam
2887 1383 3103 1440 dicitur
3128 1402 3141 1440 :
3170 1385 3254 1440 Ex
3286 1398 3369 1440 me
3393 1387 3609 1457 fructus
3629 1389 3761 1447 tuus

2111 1478 2368 1531 inventus
2399 1483 2475 1531 est
2504 1474 2658 1545 (Osee
2685 1491 2801 1540 xiv,
2834 1475 2907 1545 9).
2944 1473 3046 1528 Cui
3079 1473 3319 1545 pulchre
3349 1474 3664 1546 mysticum
3695 1471 3762 1527 il-

2109 1564 2209 1619 lud
2243 1564 2490 1620 infertur
2524 1582 2536 1619 :
2573 1565 2705 1632 Quis
2733 1564 2982 1635 sapiens,
3013 1572 3063 1618 et
3090 1563 3361 1634 intelliget
3390 1564 3497 1618 ista
3518 1580 3544 1619 -:
3587 1562 3758 1617 intel-

2112 1652 2282 1725 ligens
2314 1654 2354 1719 ⁵,
2409 1657 2461 1708 et
2505 1661 2785 1725 cognoscet
2831 1669 2896 1707 ea
2943 1652 3103 1724 (Ibid.
3137 1652 3273 1721 10)?
3300 1651 3407 1716 Qui
3438 1666 3539 1725 per
3565 1650 3755 1723 legem

2110 1743 2290 1815 igitur
2319 1742 2706 1814 spiritualem,
2738 1741 2852 1814 legi
2902 1742 3106 1797 littere
3147 1741 3418 1809 moritur,
3453 1746 3566 1796 Deo
3594 1739 3754 1807 vivit,

2111 1848 2245 1887 cum
2280 1848 2392 1886 non
2437 1832 2516 1886 sit
2561 1831 2687 1887 sine
2729 1831 2855 1903 lege
2889 1830 3006 1896 Dei,
3040 1830 3141 1886 sed
3171 1830 3231 1886 in
3261 1830 3384 1902 lege
3416 1828 3492 1885 sit
3520 1827 3755 1886 Christi.
3854 1862 3855 1865 η

2111 1921 2221 1986 Qui
2249 1934 2382 1977 vero
2412 1920 2524 1993 legi
2557 1918 2808 1975 moritur
2836 1920 2909 1974 ob
2940 1923 3194 1990 peccata,
3220 1923 3488 1974 mortuus
3518 1917 3757 1989 quidem

2111 2015 2235 2079 est;
2270 2011 2370 2066 sed
2400 2026 2514 2066 non
2561 2013 2751 2080 potest
2795 2009 2865 2063 de
2913 2026 2979 2063 eo
3029 2007 3143 2062 dici
3194 2008 3349 2079 quod
3380 2006 3669 2078 sequitur,
3700 2008 3762 2061 ut

2110 2102 2257 2156 vivat
2312 2104 2442 2155 Deo.
2490 2100 2631 2154 Esse
2680 2101 2875 2152 autem
2926 2098 3113 2169 legem
3164 2096 3339 2151 aliam
3388 2094 3757 2167 spiritualem

2111 2194 2273 2244 extra
2302 2188 2489 2261 legem
2528 2187 2756 2257 litterae,
2790 2191 2846 2241 et
2896 2185 3033 2241 alibi
3077 2185 3394 2257 Apostolus
3442 2185 3629 2251 docet,
3664 2182 3757 2238 di-

2113 2294 2249 2333 cens
2283 2294 2295 2331 :
2348 2279 2536 2348 Itaque
2582 2277 2672 2332 lea:
2712 2276 2930 2348 quidem
2956 2280 3166 2342 sancta,
3198 2278 3249 2329 et
3277 2273 3602 2329 mandatum
3628 2288 3760 2329 san-

2112 2374 2278 2431 ctum,
2309 2369 2363 2420 et
2402 2366 2639 2437 justum,
2670 2372 2721 2420 et
2769 2366 2970 2420 bonum
3020 2364 3190 2435 (Rom.
3223 2363 3467 2435 vn,,12).
3513 2356 3580 2417 Et
3627 2366 3762 2418 Eze-

2112 2454 2260 2511 chiel
2311 2471 2380 2510 ex
2431 2470 2680 2525 persona
2730 2454 2826 2507 Dei
2865 2470 2877 2507 :
2922 2452 3138 2520 'Edumi,
3172 2451 3389 2523 inquit,
3420 2468 3528 2522 eos,
3561 2452 3618 2507 id
3650 2455 3759 2518 est,

2113 2543 2395 2617 populum
2447 2543 2808 2614 Judaaorum,
2840 2543 2908 2598 de
2958 2550 3107 2597 terra
3153 2543 3376 2613 Αἴθρη)ιί
3401 2558 3420 2596 .·
3460 2548 3512 2596 et
3552 2539 3765 2603 adduxi

2110 2650 2198 2689 eos
2230 2636 2285 2687 in
2317 2632 2594 2688 desertum
2624 2650 2643 2686 :
2691 2636 2741 2687 et
2781 2632 2908 2687 dedi
2936 2634 3013 2687 eis
3037 2635 3313 2703 prmeepta
3341 2646 3483 2695 mea,
3515 2633 3567 2685 et
3588 2629 3763 2702 justi;

2109 2723 2389 2793 ﬁcationes
2425 2737 2579 2776 meas
2624 2722 2835 2776 ostendi
2882 2722 3046 2775 illis:
3098 2736 3235 2791 quas
3280 2720 3452 2791 faciet
3498 2717 3676 2788 homo,
3710 2723 3764 2774 et

2109 2813 2252 2866 vivet
2278 2812 2337 2864 in
2368 2813 2447 2866 eis
2476 2810 2687 2880 (Esech.
2720 2826 2814 2879 xx,
2847 2810 2932 2873 10,
2968 2809 3076 2879 1|).
3108 2807 3186 2862 De
3217 2823 3285 2863 ea
3312 2822 3444 2862 vero
3473 2805 3599 2878 lege
3630 2816 3762 2876 qua

2110 2898 2259 2954 iram
2292 2904 2566 2971 Operatur
2594 2900 2770 2965 (Rom.
2804 2914 2881 2967 1v,
2907 2898 3019 2965 15),
3050 2895 3144 2951 cui
3177 2898 3234 2951 et
3262 2892 3578 2965 Apostolus
3608 2909 3760 2951 mor-

2110 2993 2253 3043 tuus
2284 2993 2393 3053 est,
2427 2992 2627 3059 postea
2659 2986 2834 3041 infert
2867 3001 2879 3039 :
2935 2988 3009 3039 Et
3059 3000 3153 3055 ego
3199 2983 3326 3038 dedi
3365 2985 3444 3038 eis
3480 2984 3759 3053 prxcepta

2111 3092 2220 3132 non
2253 3077 2413 3141 bona,
2444 3084 2494 3131 et
2514 3075 2943 3146 justiﬁcationes
2990 3074 3051 3128 in
3098 3072 3296 3143 quibus
3337 3084 3449 3126 non
3485 3068 3670 3125 vivent
3696 3064 3759 3124 in

2113 3167 2194 3221 eis
2221 3165 2434 3236 (Ezech.
2466 3180 2558 3233 xx,
2592 3163 2703 3234 25).
2738 3162 3001 3234 Idipsum
3033 3160 3401 3233 signiﬁcatur
3429 3163 3486 3214 et
3513 3158 3573 3214 in
3597 3156 3759 3214 Psal-

342 3252 491 3310 ddcti
543 3252 697 3323 estis,
746 3261 810 3309 ut
868 3252 1128 3326 diligatis
1190 3229 1423 3309 invicem
1476 3256 1524 3327 (ι
1574 3255 1749 3311 Thess.
1799 3252 1873 3323 xv,
1920 3258 1997 3327 9).
2032 3229 2075 3296 C
2112 3229 2303 3310 terio:
2361 3229 2630 3321 Quoniam
2666 3229 2785 3307 non
2828 3229 3061 3319 cognovi
3088 3229 3493 3318 litteraturam,
3525 3248 3762 3304 introibo

416 3338 610 3409 (Vers.
645 3340 859 3409 16-18).
916 3363 936 3391 ι
974 3341 1214 3413 Propter
1260 3343 1414 3413 quod
1456 3359 1524 3398 ex
1553 3343 1829 3414 operibus
1860 3343 2007 3417 legis

347 3438 473 3487 non
490 3429 922 3502 justiticabitur
955 3429 1151 3487 omnis
1180 3446 1313 3486 caro
1334 3430 1374 3487 ³.
1408 3432 1570 3495 Quod
1602 3433 1652 3487 si
1683 3439 2007 3505 quaerentes

340 3517 660 3590 justitlcari
704 3518 765 3573 in
796 3514 1052 3587 Christo,
1083 3519 1302 3575 inventi
1350 3537 1558 3576 sumus
1607 3526 1665 3577 et
1712 3521 1825 3593 ipsi
1874 3538 2006 3593 pec-

347 3610 581 3664 caturos
615 3625 629 3663 :
676 3607 950 3679 nunquid
980 3607 1248 3664 Christus
1287 3609 1507 3681 peccati
1554 3609 1822 3665 minister
1870 3609 2009 3665 est?

349 3695 547 3752 Absit.
570 3695 628 3751 8i
656 3697 814 3752 enim
842 3712 972 3767 quae
999 3696 1285 3766 destruxi,
1315 3697 1437 3754 hac
1459 3698 1671 3754 iterum
1701 3698 2003 3765 reaediﬁco,

349 3785 859 3858 prevaricatorem
893 3801 987 3840 me
1013 3785 1328 3842 constituo.
1366 3807 1393 3835 »
1437 3785 1563 3843 Non
1588 3786 2010 3857 justiﬁcahitur

350 3873 467 3946 (Al.
489 3873 869 3945 jus'titlcatur)
899 3888 969 3928 ex
998 3874 1276 3945 operibus
1304 3873 1449 3945 legis
1480 3891 1612 3929 caro
1643 3874 1764 3942 illa,
1791 3876 1862 3930 de
1891 3892 2009 3947 qua

351 3961 642 4019 scribitur
677 3978 690 4017 :
733 3962 917 4018 Omnis
949 3977 1078 4018 caro
1106 3963 1298 4033 fenum
1319 3980 1343 4027 ;
1370 3967 1420 4018 et
1446 3965 1624 4017 omnis
1650 3965 1837 4035 gloria
1867 3965 2006 4036 ejus,

350 4052 523 4125 quasi
554 4051 657 4121 ﬂos
701 4053 827 4120 agri
852 4052 876 4085 ³
927 4051 1050 4123 (Isa.
1086 4067 1177 4116 XL,
1206 4052 1283 4123 6).
1315 4050 1684 4107 Justiﬁcatur
1713 4058 1909 4107 autem
1941 4069 2010 4108 ex

352 4140 473 4196 ﬁde
491 4140 631 4197 Jesu
657 4139 873 4196 Christi
905 4156 1040 4195 caro
1071 4138 1192 4207 illa,
1227 4140 1298 4195 de
1328 4156 1446 4213 qua
1474 4141 1531 4195 in
1566 4140 2008 4196 resurrectionis

355 4227 576 4307 dicitur
621 4231 1038 4285 sacramento:
1099 4229 1288 4285 Omnis
1332 4245 1459 4285 caro
1504 4229 1706 4285 videbit
1759 4230 2009 4287 salutare

355 4317 629 4389 DeMLuc.
665 4335 752 4387 ιιι,
784 4319 863 4390 6).
891 4316 1003 4373 Sed
1050 4320 1110 4373 et
1139 4315 1311 4389 juxta
1342 4317 1714 4375 humiliorem
1748 4318 2005 4375 intellec-

350 4394 511 4473 tum,
537 4406 974 4478 ludificabatur
1014 4406 1310 4478 quondam
1362 4424 1430 4462 ex
1484 4407 1606 4479 lege
1654 4424 1768 4463 non
1800 4408 2008 4463 ’omnis

352 4497 517 4566 ca‘ro,
548 4495 650 4551 sed
699 4499 927 4551 tantum
982 4495 1043 4550 hi
1105 4495 1374 4551 homines
1431 4496 1532 4567 qui
1592 4496 1651 4551 in
1700 4496 2009 4552 Palaestina

2115 3345 2179 3400 in
2207 3342 2590 3415 fortitudinem
2620 3342 2840 3397 Domini
2868 3339 3043 3412 (Psal.
3078 3355 3201 3407 Lxx,
3236 3338 3345 3405 15).

2191 3455 2217 3483 ‹‹
2250 3432 2478 3487 Christo
2509 3431 2772 3486 confixus
2804 3446 2936 3484 sum
2969 3428 3147 3484 cruci.
3185 3450 3212 3476 »
3262 3426 3410 3491 Quia
3447 3426 3673 3481 dixerat
3702 3440 3765 3480 se

2115 3537 2218 3594 per
2247 3520 2432 3594 legem
2465 3519 2576 3592 legi
2610 3524 2930 3584 mortuum,
2951 3517 3243 3589 quomodo
3275 3519 3545 3571 mortuus
3568 3506 3763 3579 fuerit,

2116 3611 2372 3666 ostendit
2397 3627 2409 3665 :
2445 3611 2657 3666 Christo
2679 3609 2923 3677 conﬁxus
2952 3622 3075 3662 sum
3104 3606 3274 3672 cruci,
3298 3602 3509 3660 tollens
3531 3617 3765 3658 crucem

2117 3717 2307 3768 suam,
2343 3704 2399 3755 et
2428 3699 2722 3754 Christum
2766 3713 3039 3769 sequens,
3073 3699 3131 3749 et
3171 3695 3230 3749 in
3274 3693 3405 3766 ipsa
3449 3693 3765 3749 obsecrans

2115 3789 2388 3861 passione
2416 3788 2437 3822 ⁶
2470 3805 2482 3841 :
2534 3788 2791 3842 Memento
2836 3787 2967 3849 mei,
3002 3802 3130 3840 cum
3168 3784 3379 3839 veneris
3428 3783 3489 3837 in
3534 3794 3765 3852 regnum

2117 3860 2276 3933 tuum
2336 3879 2488 3944 (Luc.
2547 3894 2711 3941 χχιιι,
2771 3876 2881 3946 42).
2933 3873 3257 3945 Statimque
3315 3872 3608 3927 audiens:
3656 3871 3762 3925 Ho-

2114 3967 2202 4022 die
2258 3983 2473 4021 mecum
2528 3967 2641 4021 eris
2695 3967 2757 4020 in
2811 3963 3066 4033 paradiso
3123 3960 3278 4032 (Ibid.
3341 3960 3451 4030 43).
3509 3958 3570 4013 Si
3628 3958 3762 4029 quis

2118 4054 2483 4110 mortiﬁcatis
2506 4053 2787 4108 membris
2818 4068 2995 4123 super
3023 4055 3262 4114 terram,
3280 4052 3337 4103 et
3357 4046 3576 4102 mundo
3607 4061 3762 4100 mor-

2115 4148 2276 4208 tuus,
2309 4144 2710 4215 conﬁguratus
2741 4142 2890 4197 415
2943 4139 3120 4194 fuerit
3149 4136 3325 4191 morti
3353 4135 3492 4190 Jesu
3522 4132 3759 4201 Christi,

2117 4231 2478 4304 cruciﬁgitur
2520 4247 2653 4287 cum
2691 4229 2855 4293 Jesu,
2888 4232 2947 4282 et
2975 4233 3259 4297 tropaeum
3292 4221 3762 4278 mortiﬁcationis

2117 4338 2235 4375 suae
2268 4321 2323 4375 in
2357 4319 2515 4391 ligno
2548 4317 2861 4373 Dominicae
2894 4313 3185 4386 passionis
3216 4311 3420 4385 afﬁgit.

2188 4409 2373 4479 (Vers.
2419 4409 2534 4477 20.)
2589 4430 2608 4454 α
2642 4405 2783 4459 Vivo
2833 4409 3029 4459 autem
3070 4404 3196 4474 jam
3246 4418 3363 4458 non
3417 4416 3570 4474 ego:
3620 4399 3765 4456 vivit

2119 4504 2314 4553 autem
2347 4498 2406 4551 in
2440 4511 2531 4550 me
2562 4494 2849 4549 Christus.
2883 4515 2911 4542 »
2966 4492 3087 4548 Non
3120 4491 3260 4546 vivit
3288 4488 3385 4547 ille
3432 4490 3532 4562 qui
3576 4504 3795 4561 quon--

352 4576 542 4641 erant.
572 4584 738 4641 Nune
768 4588 963 4640 autem
996 4601 1065 4641 ex
1095 4585 1211 4641 ﬁde
1234 4584 1375 4641 Jesu
1406 4584 1618 4641 Christi
1644 4586 2009 4656 justiticatur
2035 4596 2083 4660 Β
2116 4589 2250 4643 dam
2268 4586 2494 4641 vivebat
2513 4585 2570 4640 in
2592 4582 2967 4656 lege,quippe
2984 4582 3081 4654 qui
3106 4573 3764 4653 persequebaturEccle-

355 4673 554 4730 dmnis
601 4689 759 4740 caro,
791 4674 932 4729 dum
963 4673 1223 4730 Ecclesia
1250 4673 1379 4745 ejus
1431 4673 1491 4729 in
1538 4678 1658 4730 toto
1701 4676 1839 4732 orbe
1870 4676 2002 4730 fun-

355 4761 555 4818 datur.

427 4851 616 4922 (Vers.
651 4851 765 4922 19).
821 4873 850 4901 «
883 4851 1002 4923 Ego
1042 4850 1199 4907 enim
1241 4867 1344 4923 per
1370 4851 1557 4926 legem
1590 4852 1704 4925 legi
1737 4856 2006 4907 mortuus

356 4944 517 5006 dum,
547 4941 706 4997 414
735 4943 803 4995 ut
831 4940 948 4996 Deo
985 4939 1196 4996 vivam.
1232 4963 1259 4990 »
1310 4940 1484 4997 Aliud
1532 4945 1621 4997 est
1670 4958 1773 5013 per
1819 4940 2006 5013 legem

356 5029 509 5085 mori
535 5030 580 5099 ‘,
629 5030 791 5086 aliud
838 5028 953 5102 legi
998 5029 1168 5085 mori.
1201 5029 1309 5094 Qui
1340 5028 1451 5103 legi
1483 5029 1753 5101 moritur,
1785 5029 2011 5086 vivebat

432 5172 452 5205 ¹
485 5170 613 5246 Duo
659 5188 692 5246 e
736 5170 956 5228 nostris
1005 5188 1148 5228 mss.
1182 5177 1241 5228 et
1285 5172 1581 5246 Rabanus,
1612 5182 1671 5229 ut
1711 5174 1905 5230 saltem
1946 5173 2011 5228 de

360 5242 635 5299 dubitate
659 5244 944 5300 domatur.

437 5313 616 5389 ’Quse
663 5314 803 5389 hinc
849 5314 1233 5388 subsequitur
1281 5315 1433 5372 sacri
1474 5321 1665 5372 textus
1703 5316 2009 5389 pericopen

362 5385 552 5441 nostri
578 5387 749 5443 codd.
782 5390 996 5442 tacent.

436 5456 784 5533 {Rescribit
824 5456 1093 5533 Victoris
1129 5460 1267 5529 feni,
1317 5474 1386 5533 ex
1420 5460 1628 5533 ,Grazco
1656 5457 1920 5533 χόρτου,Δ
1956 5466 2015 5515 et

278 5592 285 5597 ,
360 5527 634 5604 codicum
665 5528 968 5603 suffragio.
994 5527 1284 5604 Putatque
1311 5531 1384 5586 ab
1415 5527 2016 5604 imperitis'substitu-

358 5603 484 5657 tam
533 5617 761 5685 vocem,
790 5601 946 5674 agri,
981 5601 1091 5729 £319
1141 5603 1475 5683 Ilieronymi
1503 5601 2013 5685 consuetudinem

358 5671 713 5729 Ignorannt.
747 5674 906 5729 auod
935 5672 979 5729 L
1104 5671 1342 5729 scillcet.
1375 5691 1490 5729 non
1521 5672 1691 5729 suam
1731 5672 1827 5729 Ille
1873 5678 2013 5729 cita-

356 5671 713 5745 lgnorarint,
747 5671 906 5746 quod
935 5671 1075 5729 LXX
1104 5671 1342 5744 scilicet,
1361 5671 1490 5731 'non
1521 5672 1691 5732 suam
1731 5672 1827 5729 ille
1873 5675 2014 5729 cita-

2115 4677 2285 4733 siam.
2318 4674 2473 4730 Vivit
2521 4679 2714 4729 autem
2761 4673 2820 4727 in
2871 4688 2936 4727 eo
2980 4670 3269 4735 Christus,
3304 4666 3610 4739 sapientia,
3645 4665 3762 4721 for-

2113 4765 2324 4833 titudo,
2359 4780 2571 4831 sermo,
2614 4779 2746 4834 pax,
2778 4761 3081 4833 gaudium,
3113 4762 3447 4827 castamque
3474 4755 3759 4821 virtutes;

2116 4871 2264 4927 quas
2286 4854 2383 4925 qui
2416 4869 2531 4907 non
2564 4852 2758 4916 habet,
2783 4866 2897 4905 non
2932 4850 3123 4920 potest
3142 4846 3369 4901 dicere:
3409 4845 3550 4900 Vivit
3579 4846 3765 4897 autem

2117 4945 2179 4998 in
2206 4958 2291 4998 me
2322 4941 2584 5007 Christus,
2618 4940 2727 4995 hoc
2758 4942 2952 4993 autem
2983 4940 3173 4991 totum
3204 4935 3315 4989 sub
3359 4948 3467 4988 sua
3513 4942 3765 5004 persona

2116 5032 2427 5088 adversum
2450 5033 2686 5085 Petrum
2716 5028 2787 5082 de
2809 5030 2974 5081 Petro
3004 5024 3281 5096 disputat.
3320 5042 3347 5074 «
3376 5020 3540 5085 Quod
3562 5024 3762 5076 autem

2117 5178 2207 5230 ret
2251 5173 2587 5228 editionem.
2640 5168 2818 5226 Nobis
2864 5166 2924 5221 in
2978 5166 3129 5221 hanc
3184 5165 3313 5236 ejus
3363 5161 3762 5236 opinationem

2118 5248 2445 5315 concedere
2466 5259 2568 5315 per
2597 5258 2740 5315 mss.
2776 5238 3181 5315 auctoritatem
3214 5234 3331 5315 non
3364 5234 3517 5315 licet.
3548 5306 3557 5315 _
3734 5304 3745 5315 ο

2148 5337 2163 5346 ο
2189 5316 2212 5350 ⁸
2242 5315 2404 5371 Unus
2436 5306 2758 5381 Palatinus,
2784 5310 2953 5366 Aliud
2982 5312 3059 5365 est
3086 5325 3185 5380 per
3224 5309 3415 5378 legem,
3450 5306 3557 5377 legi
3594 5306 3764 5373 mori,

2119 5387 2296 5455 aliud,
2338 5390 2446 5442 etc.

2191 5461 2212 5494 ι
2248 5454 2422 5514 Idem,
2459 5472 2595 5528 ηιξ..
2626 5456 2721 5528 aut
2752 5454 3082 5528 intelligens.
3260 5522 3270 5528 _
3598 5454 3607 5457 ἦ
3701 5518 3711 5528 .

2191 5533 2212 5566 ⁸
2246 5532 2309 5585 In
2362 5528 2492 5584 aliis
2540 5526 2728 5595 libris,
2778 5533 2831 5583 et
2881 5522 2947 5580 in
2990 5526 3173 5593 ipsam
3217 5522 3507 5578 observans
3562 5522 3768 5590 passio-

2120 5618 2266 5673 nem,
2304 5605 2415 5656 etc.
