4144 6202
341 311 454 375 371

1594 306 1659 369 8.
1707 303 2019 369 EUSEBII
2063 301 2511 366 HIERONYMI

3638 295 3761 362 372

349 460 508 503 nunc
536 439 660 500 vivo
688 439 748 498 in
779 458 974 499 carne.
1003 465 1029 492 »
1062 442 1238 499 Aliud
1272 445 1362 498 est
1392 440 1453 496 in
1483 457 1655 496 carne
1683 456 1833 506 esse,
1856 442 1912 493 et
1943 437 2001 491 in
2032 437 2088 503 Α
2117 436 2299 510 gratis
2330 439 2597 492 mortuus
2622 451 2634 503 ;
2670 436 2725 490 et
2754 430 3098 491 concludere
3131 448 3146 488 :
3178 430 3304 488 Non
3335 428 3516 504 igitur
3543 445 3651 505 per
3679 430 3765 488 le-

349 550 520 591 carne
550 533 760 588 vivere.
795 533 901 600 Qui
945 534 1096 588 enim
1155 534 1213 587 in
1264 547 1432 586 carne
1471 536 1623 598 sunt,
1654 531 1760 586 Deo
1786 530 2001 600 placere

343 639 457 680 non
504 625 728 694 possunt
775 622 947 693 (Rom.
978 639 1101 689 vm,
1135 624 1212 689 8).
1249 620 1412 676 Unde
1442 621 1513 675 ad
1559 621 1703 675 bene
1746 618 2004 674 viventes

348 711 566 768 dicitur
589 729 601 767 :
634 711 728 767 Vos
749 717 942 766 autem
970 727 1080 767 non
1104 712 1234 767 estis
1256 712 1316 764 in
1336 725 1503 765 carne
1526 712 1565 763 ί.
1602 729 1629 756 ι(
1653 709 1715 762 In
1739 708 1851 763 fide
1875 707 2002 762 vivo

346 802 482 860 Filii
533 800 636 857 Dei
691 800 848 872 (Ibid.
880 801 971 871 9),:
1009 799 1108 872 qui
1142 798 1347 854 dilexit
1387 814 1480 853 me
1533 802 1589 853 et
1635 796 1879 852 tradidit
1909 812 2003 851 se-

352 891 674 963 metipsum
707 906 809 961 pro
841 906 950 946 me.
984 912 1002 938 n
1040 890 1127 944 Ad
1151 890 1445 944 Romanos
1478 888 1548 942 de
1582 888 1693 942 Deo
1723 885 2001 957 loquitur,

354 980 511 1053 quod
542 978 689 1035 Filio
720 995 830 1034 suo
860 995 977 1035 non
1008 977 1285 1051 pepercit,
1320 977 1421 1032 sed
1452 993 1555 1048 pro
1612 975 1781 1031 nobis
1826 974 2004 1030 tradi-

354 1069 506 1126 derit
552 1083 686 1124 eum
721 1069 898 1139 (ltum.
929 1084 1053 1134 vm,
1084 1068 1196 1138 32).
1230 1067 1396 1122 Nunc
1443 1082 1578 1120 vero
1631 1066 1701 1120 de
1754 1063 2003 1132 Christo,

353 1159 512 1232 quod
560 1175 621 1213 se
671 1158 796 1229 ipse
839 1156 1131 1212 tradidit:
1190 1157 1296 1224 Qui
1342 1154 1550 1211 dilexit
1580 1171 1685 1221 me,
1714 1153 1928 1225 inquit,
1958 1155 2008 1208 et

356 1247 587 1305 tradidit
613 1246 955 1318 semetipsum
1006 1262 1108 1315 pro
1156 1261 1261 1301 me.
1313 1246 1375 1299 In
1406 1242 1714 1315 Evangelio
1744 1259 1877 1299 vero
1913 1241 2011 1297 ubi

354 1336 619 1410 Apostoli
650 1338 1093 1405 enumerantur,
1127 1334 1376 1388 infertur
1411 1350 1424 1388 :
1478 1335 1542 1387 Et
1577 1332 1743 1387 Judas
1772 1334 2009 1388 Isauria-

362 1430 438 1483 tis
467 1426 577 1499 (ΑΙ.
612 1426 880 1495 Scarioth)
914 1426 1011 1495 qui
1054 1433 1104 1479 et
1150 1422 1385 1479 tradidit
1435 1439 1561 1477 eum
1606 1422 1756 1493 (Luc.
1789 1439 1864 1491 v1,
1900 1422 2009 1491 16).

360 1515 617 1571 Rursum
650 1513 710 1568 in
740 1513 944 1569 eodem
979 1529 991 1566 :
1047 1513 1175 1567 Ecce
1203 1512 1661 1583 appropinquavit
1702 1511 1796 1581 qui
1831 1508 2013 1564 tradet

360 1620 450 1660 me
493 1602 702 1675 (Matth.
735 1618 888 1667 xxvr,
922 1600 1032 1672 46).
1085 1600 1164 1656 De
1216 1598 1584 1671 principibus
1635 1615 1769 1655 vero
1823 1614 2011 1653 sacer-

365 1694 593 1761 dotum,
606 1695 663 1747 et
680 1689 1010 1746 senioribus
1036 1688 1234 1761 populi
1250 1688 1553 1760 Scriptura
1569 1689 2012 1755 commemorat,

2111 542 2243 597 gem
2275 524 2533 596 justitia.
2567 528 2882 596 Hucusque
2930 526 3134 580 contra
3185 520 3443 589 Petrum,
3477 537 3634 577 nunc
3689 522 3764 579 ad

2113 614 2346 671 Galatas
2394 614 2719 670 revertitur.

2184 706 2342 777 (Cap.
2376 704 2470 759 ΙΙΙ.
2506 735 2575 745 --
2603 704 2768 760 Vers.
2802 703 2879 773 1.)
2913 724 2934 751 α
2969 702 3013 757 Ο
3044 700 3329 757 insensati
3361 699 3600 769 Galata,
3625 700 3759 772 quis

2113 810 2215 850 vos
2265 792 2576 849 fascinavit
2606 794 2628 827 ²
2660 796 2682 847 ?
2713 815 2740 842 »
2791 790 3112 863 Dupliciter
3157 789 3253 845 hic
3300 789 3465 846 locus
3512 788 3764 863 intelligi

2114 887 2325 955 potest.
2357 882 2460 937 Vel
2508 882 2640 938 ideo
2690 882 3018 936 insensatos
3069 878 3305 936 Galatas
3353 878 3697 952 appellatos,
3729 897 3764 937 a

2115 972 2438 1043 majoribus
2464 972 2535 1026 ad
2567 970 2796 1026 minora
2823 968 3140 1036 venientes,
3160 968 3301 1039 quia
3330 967 3613 1041 coeperint
3642 968 3762 1041 spi-

2116 1062 2256 1131 ritu,
2287 1066 2346 1117 et
2374 1075 2549 1115 carne
2577 1063 3063 1115 consummentur
3093 1059 3261 1130 (Vers.
3293 1059 3349 1130 3)
3382 1074 3395 1113 :
3447 1056 3537 1114 vel
3577 1058 3650 1114 ob
3683 1058 3766 1127 id,

2118 1151 2273 1223 quod
2293 1165 2656 1221 unaquaque
2669 1148 2961 1222 provincia
2975 1164 3114 1204 suas
3131 1146 3344 1204 habeat
3356 1146 3763 1220 proprietates.

2119 1240 2423 1297 Cretenses
2445 1256 2675 1311 semper
2697 1241 3029 1309 mendaces,
3054 1237 3241 1293 malas
3272 1236 3513 1305 bestias,
3538 1242 3770 1295 ventres

2121 1330 2340 1403 pigros,
2374 1344 2505 1384 vere
2536 1328 2607 1383 ab
2637 1327 2977 1401 Epimenide
3007 1331 3177 1399 poeta
3213 1325 3424 1393 dictos,
3453 1326 3766 1397 Apostolus

2123 1418 2464 1491 comprobat
2510 1418 2633 1489 (Tit.
2678 1436 2719 1488 ι,
2760 1419 2869 1485 12).
2924 1416 3119 1472 Vanos
3165 1418 3419 1481 Mauros,
3450 1418 3508 1470 et
3554 1414 3774 1472 feroces

2122 1507 2445 1578 Dalmatas,
2468 1507 2710 1563 Latinus
2736 1506 2932 1579 pulsat
2955 1504 3294 1561 historicus.
3314 1504 3579 1561 Timidos
3601 1504 3775 1577 Phry-

2122 1613 2248 1670 gas,
2298 1612 2503 1652 omnes
2552 1600 2733 1668 poeta
2791 1595 3069 1651 lacerant.
3115 1593 3361 1649 Athenis
3415 1593 3775 1666 expeditiora

2125 1686 2285 1741 nasci
2318 1684 2573 1757 ingenia,
2598 1684 2933 1757 philosophi
2964 1683 3308 1757 gloriantur.
3337 1682 3564 1739 Graecos
3593 1682 3771 1751 leves,

363 1782 520 1854 quod
540 1778 1275 1873 condemnaverintJesum
1299 1776 1836 1873 morti,et-l-igantes
1854 1792 2012 1845 eum,
2047 1809 2096 1873 B
2126 1775 2280 1873 apud
2331 1775 2417 1873 CL
2443 1774 2725 1830 Casarem
2773 1772 3052 1873 suggillat
3087 1772 3337 1873 Tullius,
3368 1771 3569 1873 dicens
3602 1789 3617 1827 :
3666 1775 3777 1873 Aut

365 1869 640 1927 duxerint
687 1873 745 1924 et
787 1867 1135 1923 tradiderint
1174 1866 1355 1922 Pilato
1386 1866 1616 1939 prasidi
1649 1865 1807 1937 (Ibid.
1842 1882 2015 1932 xxvu,

367 1961 419 2028 1,
451 1963 521 2027 2;
556 1960 719 2014 Marc.
754 1974 847 2027 xv,
884 1957 956 2028 1).
990 1957 1061 2011 Et
1094 1956 1369 2027 deinceps
1410 1956 1480 2010 de
1508 1954 1693 2010 Pilato
1727 1972 1739 2010 :
1797 1956 2020 2010 Dimisit

366 2050 449 2106 eis
477 2047 808 2115 Barabbam,
839 2048 1022 2103 Iesum
1050 2049 1238 2102 autem
1270 2046 1611 2116 ﬂagellatam
1650 2044 1874 2100 tradidit
1920 2046 2018 2111 eis,

366 2143 429 2194 ut
477 2138 857 2208 cruciﬁgerent
906 2136 1069 2190 illum
1117 2134 1332 2206 (Matth.
1363 2152 1542 2201 xxvn,
1571 2135 1681 2205 26).
1733 2133 1918 2207 Igitur
1965 2137 2023 2189 et

367 2228 538 2283 Pater
565 2224 808 2281 tradidit
841 2223 1072 2291 Filium,
1107 2228 1164 2278 ct
1210 2223 1390 2279 Filius
1441 2225 1566 2295 ipse
1616 2240 1679 2279 se
1727 2222 1970 2279 tradidit
2005 2238 2018 2277 :

371 2320 429 2373 et
446 2315 478 2371 J
485 2315 631 2370 udas
652 2316 708 2369 et
727 2313 1058 2368 sacerdotes
1080 2328 1214 2367 eum
1238 2312 1601 2383 principibus
1632 2311 2021 2381 tradiderunt,

373 2409 430 2461 et
450 2404 523 2460 ad
546 2407 875 2459 extremum
898 2401 1179 2456 traditum
1204 2400 1341 2469 sibi,
1365 2400 1607 2455 tradidit
1631 2399 1756 2471 ipse
1778 2400 2020 2455 Pilatus.

375 2492 486 2548 Sed
509 2492 678 2547 Pater
708 2489 969 2559 tradidit,
994 2493 1059 2543 ut
1084 2488 1335 2545 salvaret
1356 2488 1654 2560 perditum
1687 2488 1976 2542 mundum
2008 2505 2022 2543 :

374 2581 548 2638 Jesus
595 2579 722 2651 ipse
770 2595 832 2634 se
879 2577 1143 2645 tradidit,
1178 2581 1242 2631 ut
1272 2577 1457 2632 Patris
1497 2593 1784 2648 suamque
1813 2577 2026 2632 faceret

374 2669 736 2726 voluntatem
766 2684 778 2722 :
814 2667 997 2722 Judas
1020 2669 1215 2721 autem
1249 2671 1306 2721 et
1333 2666 1666 2721 sacerdotes
1688 2670 1745 2721 et
1766 2666 2025 2722 seniores

377 2758 600 2834 populi,
634 2761 688 2813 et
718 2755 963 2827 Pilatus,
994 2756 1174 2811 vitam
1206 2755 1379 2810 morti
1411 2754 1592 2811 nescii
1636 2754 2022 2811 tradiderunt.

377 2850 513 2916 Qua
558 2863 693 2903 cum
740 2844 871 2917 ipsa
909 2861 1141 2917 quoque
1171 2860 1233 2900 se
1264 2861 1367 2916 pro
1401 2848 1597 2900 nostra
1625 2843 1814 2900 salute
1843 2844 2023 2900 tradi-

378 2936 548 3008 derit,
586 2937 790 2992 beatus
822 2934 1195 3006 multumque
1246 2933 1399 3000 felix,
1435 2932 1535 3005 qui
1582 2934 1807 2989 vivente
1854 2932 1913 2987 in
1964 2950 2028 2989 se

377 3026 625 3097 Christo,
659 3042 763 3098 per
791 3022 1058 3097 singulas
1091 3023 1473 3096 cogitationes
1524 3027 1581 3078 et
1631 3038 1806 3095 opera
1836 3027 2029 3095 potest

378 3116 568 3172 dicere
602 3132 615 3171 :
669 3117 729 3171 In
774 3114 881 3185 ﬁde
917 3115 1037 3169 vivo
1065 3113 1199 3168 Filii
1229 3114 1381 3170 416
1412 3113 1527 3178 Dei,
1559 3114 1656 3185 qui
1683 3111 1889 3168 dilexit
1916 3129 2023 3182 me,

379 3212 431 3262 et
458 3203 692 3260 tradidit
737 3204 1088 3271 semetipsum
1112 3218 1212 3273 pro
1242 3219 1350 3257 me.

455 3292 640 3365 (Vere.
671 3290 786 3363 21.)
841 3313 868 3339 ‹‹
900 3289 1025 3346 Non
1056 3289 1264 3359 abjicio
1294 3290 1543 3362 gratiam
1575 3290 1676 3345 Dei
1711 3307 1723 3345 :
1776 3290 1826 3346 si
1872 3289 2029 3346 enim

384 3398 489 3457 per
517 3385 726 3453 Legem
757 3378 1032 3451 justitia;
1086 3393 1220 3449 ergo
1252 3376 1519 3432 Christus
1549 3377 1732 3449 gratis
1763 3383 2031 3435 mortuus

386 3475 494 3529 est.
527 3492 555 3522 »
591 3468 807 3540 Abjicit
834 3466 1083 3540 gratiam
1114 3465 1235 3531 Dei,
1270 3470 1391 3521 tam
1423 3465 1520 3521 ille
1550 3466 1651 3537 qui
1684 3470 1817 3538 post
1845 3468 2030 3523 Evan-

384 3559 606 3633 gelium
634 3556 775 3613 vivit
820 3556 877 3611 in
934 3560 1099 3629 Lege,
1132 3571 1309 3626 quam
1362 3554 1412 3610 is
1464 3554 1563 3626 qui
1609 3554 1861 3628 peccatis
1900 3560 2035 3628 post

385 3646 751 3720 baptismum
802 3644 1154 3701 sordidatur.
1209 3644 1316 3709 Qui
1371 3649 1567 3700 autem
1626 3647 1817 3717 potest
1861 3645 2035 3716 juxta

384 3733 729 3809 Apostolum
761 3732 953 3789 dicere
986 3749 999 3788 :
1056 3732 1244 3789 Gratia
1274 3735 1392 3805 ejus
1429 3735 1490 3787 in
1542 3749 1629 3788 me
1668 3750 1779 3789 non
1804 3736 1914 3806 fuit
1944 3751 2034 3789 va-

383 3842 488 3882 cua
535 3826 583 3897 (I
612 3824 735 3881 Cor.
769 3840 865 3889 xv,
899 3822 1007 3893 10),
1058 3821 1171 3877 iste
1213 3826 1268 3877 et
1307 3822 1414 3878 hoc
1445 3822 1706 3894 loquitur
1735 3823 2031 3879 confiden-

385 3919 474 3970 ter
500 3931 514 3970 :
548 3912 665 3969 Non
690 3912 896 3985 adjicio
915 3913 1169 3981 gratiam
1189 3912 1305 3967 Dei.
1330 3911 1494 3975 Quod
1521 3916 1715 3967 autem
1745 3912 2032 3983 sequitur,

384 4003 553 4075 valde
574 4000 973 4059 necessarium
994 4005 1083 4058 est
1103 4001 1412 4057 adversum
1438 4016 1535 4056 eos
1569 4001 1669 4073 qui
1700 4006 1832 4073 post
1859 4002 2034 4057 ﬁdem

384 4092 596 4149 Christi
628 4094 840 4165 putant
869 4089 1014 4163 legis
1055 4093 1344 4162 pracepta
1371 4090 1674 4145 servanda.
1708 4088 2033 4145 Dicendum

386 4182 602 4256 quippe
648 4184 785 4237 est:
840 4179 900 4235 Si
951 4195 1055 4251 per
1099 4178 1285 4251 legem
1327 4177 1563 4250 justitia
1614 4183 1721 4245 est,
1756 4194 1893 4251 ergo
1925 4180 2033 4248 (Al.

386 4271 565 4342 quod)
617 4269 886 4324 Christus
927 4268 1178 4340 gratiam
1211 4270 1484 4323 mortuus
1514 4270 1603 4322 est
1632 4267 1739 4338 (Al.
1774 4266 1891 4336 sit).
1922 4269 2038 4322 Aut

386 4362 541 4415 certe
570 4359 835 4425 doceant,
884 4357 1175 4428 quomodo
1219 4373 1335 4411 non
1366 4355 1635 4412 Christus
1664 4356 1847 4429 gratis
1880 4373 2036 4413 mor-

389 4452 529 4504 tuus
577 4446 673 4517 sit,
707 4447 755 4502 si
806 4462 983 4518 opera
1020 4445 1354 4516 justiﬁcant
1385 4446 1491 4517 (At.
1518 4445 1888 4518 justiﬁcent).
1922 4447 2033 4502 Sed

2128 1864 2331 1920 levium
2380 1863 2709 1932 Graecorum,
2759 1870 2856 1918 aut
2906 1863 3235 1918 immanium
3283 1862 3664 1918 barbarorum.
3708 1861 3776 1918 Et

2129 1969 2230 2026 pro
2278 1952 2479 2009 Flacco
2525 1953 2798 2023 Ingentia,
2830 1951 3042 2023 inquit,
3076 1952 3293 2019 levitas,
3324 1960 3378 2008 et
3417 1951 3631 2007 erudita
3672 1968 3774 2007 va-

2128 2044 2294 2098 nitas.
2329 2042 2529 2114 Ipsum
2564 2040 2760 2113 Israel,
2792 2041 2953 2113 gravi
3002 2041 3195 2112 corde,
3225 2045 3284 2096 et
3333 2042 3482 2097 dura
3530 2040 3774 2112 cervice,

2130 2146 2335 2186 omnes
2366 2130 2677 2202 Scriptura
2723 2134 2979 2202 arguunt
3006 2130 3204 2199 (Exod.
3235 2147 3414 2209 xxxii,
3453 2131 3507 2197 9,
3548 2138 3603 2186 et
3648 2146 3778 2199 pas-

2129 2219 2276 2292 sim).
2309 2220 2373 2275 In
2404 2219 2561 2275 hunc
2590 2210 2727 2292 ergo
2759 2219 2998 2275 modum
3032 2218 3283 2275 arbitror
3330 2223 3389 2275 et
3431 2217 3776 2291 Apostolutn

2134 2311 2282 2366 417
2326 2306 2561 2365 Galatas
2610 2308 2868 2380 regionis
2919 2325 3038 2364 sua
3090 2306 3440 2381 proprietate
3488 2307 3776 2380 pulsasse.

2137 2399 2291 2455 Licet
2319 2398 2559 2470 quidam
2593 2397 2899 2469 profundis
2953 2414 3013 2453 se
3055 2397 3479 2469 quastionibus
3516 2397 3781 2454 inseren-

2133 2493 2242 2555 tes,
2276 2487 2445 2560 quasi
2495 2487 2604 2543 sub
2636 2487 2877 2542 obtentu
2910 2486 3161 2543 vitanda
3189 2486 3498 2556 hareseos,
3530 2504 3659 2560 qua
3689 2486 3781 2544 di-

2132 2593 2331 2633 versas
2380 2580 2622 2631 naturas
2671 2575 2867 2645 infert,
2916 2575 3133 2644 dicant,
3185 2576 3389 2649 Tyrios
3443 2594 3677 2650 quoque
3727 2581 3785 2634 et

2135 2665 2430 2732 Sidonios,
2488 2665 2774 2720 Moabitae
2824 2673 2881 2721 et
2928 2658 3319 2735 Ammonitas,
3365 2669 3423 2722 et
3472 2666 3777 2733 Idumaos,

2134 2753 2481 2826 Babylonios
2521 2757 2579 2810 et
2605 2753 2922 2826 Egyptios,
2953 2770 3279 2827 omnesque
3307 2759 3530 2827 gentes,
3563 2771 3690 2827 qua
3722 2754 3780 2809 in

2134 2842 2447 2915 Scripturis
2498 2842 2900 2909 nominantur,
2931 2843 3144 2900 habere
3190 2844 3460 2915 quadam
3499 2843 3783 2900 idiomata

2136 2949 2204 2988 ex
2233 2932 2428 2987 causis
2467 2932 2951 3004 praecedentibus,
2984 2937 3040 2988 et
3071 2933 3281 2989 merito
3310 2948 3553 3005 operum
3585 2933 3782 3006 pristi-

2136 3037 2367 3092 norum,
2400 3036 2476 3076 ne
2506 3021 2741 3093 justitia
2787 3021 2889 3078 Dei
2937 3021 3132 3078 veniat
3182 3022 3241 3077 in
3295 3022 3591 3079 dubium:
3647 3039 3781 3079 cum

2139 3126 2506 3183 unaquaque
2552 3127 2696 3183 gens
2746 3110 2835 3166 vel
2884 3110 3126 3178 bonum,
3160 3110 3247 3167 vel
3301 3110 3527 3168 malum
3574 3112 3785 3168 habere

2140 3204 2457 3267 asseratur,
2490 3200 2644 3272 quod
2677 3198 2792 3255 alia
2835 3216 2951 3255 non
2990 3200 3217 3256 habeat.
3250 3200 3375 3257 Non
3406 3202 3552 3258 istas
3583 3201 3785 3258 altitu-

2139 3290 2309 3346 dines
2339 3289 2719 3359 declinantes,
2744 3289 3046 3362 superiora
3072 3290 3469 3347 sectabimur:
3505 3297 3607 3347 aut
3633 3290 3789 3347 stul-

2140 3378 2280 3434 titia
2303 3394 2402 3434 eos
2424 3377 2611 3450 argui,
2630 3377 2912 3447 dicentes,
2936 3395 3038 3451 per
3063 3396 3242 3451 quam
3263 3379 3540 3452 spiritum
3560 3379 3708 3453 legis
3728 3383 3788 3437 et

2140 3466 2393 3523 litteram
2424 3467 2747 3538 dijudicare
2777 3484 2892 3524 non
2925 3468 3154 3540 possint
3187 3484 3200 3525 :
3234 3474 3336 3525 aut
3365 3468 3502 3525 vitio
3532 3470 3638 3541 (Al.
3672 3469 3787 3542 via)

2140 3556 2333 3629 gentis
2365 3555 2600 3627 corripi,
2632 3556 2789 3627 quod
2821 3557 3102 3614 indociles
3143 3558 3262 3614 sint
3308 3563 3366 3615 ct
3407 3558 3704 3627 vecordes,
3732 3564 3791 3615 et

2142 3646 2215 3701 ad
2248 3644 2598 3718 sapientiam
2647 3645 2954 3703 tardiores.
3002 3648 3165 3713 Quod
3224 3651 3421 3704 autem
3474 3649 3787 3721 sequitur:

2144 3735 2251 3803 Qui
2291 3750 2383 3790 vos
2420 3736 2739 3806 fascinavit,
2774 3735 2947 3808 digne
2975 3735 3156 3792 Paulo
3187 3737 3310 3810 (qui
3340 3737 3447 3793 etsi
3478 3736 3788 3810 imperitus

2143 3828 2233 3880 est
2280 3840 2569 3894 sermone,
2624 3841 2739 3880 non
2790 3828 2987 3881 tamen
3038 3825 3285 3882 scientia
3330 3828 3403 3898 (Il
3445 3828 3578 3883 Cor.
3621 3844 3701 3895 x1,
3731 3828 3787 3898 6)

2144 3913 2427 3970 debemus
2459 3929 2763 3986 exponere,
2794 3930 2907 3969 non
2941 3931 3057 3986 quo
3088 3915 3284 3973 scierit
3314 3931 3443 3971 esse
3474 3916 3785 3985 fascinum,

2108 4001 2247 4087 .qui
2276 4001 2449 4074 vulgo
2482 4006 2723 4074 putatur
2751 4018 2996 4070 nocere;
3048 4004 3148 4058 sed
3204 4020 3349 4060 usus
3394 4021 3666 4061 sermone
3712 4004 3790 4060 sit

2144 4091 2298 4146 trivii
2330 4091 2437 4162 (Al.
2470 4090 2650 4162 trito),
2679 4095 2737 4146 et
2768 4094 2832 4146 ut
2860 4092 2918 4147 in
2951 4092 3197 4159 cateris,
3220 4091 3302 4149 ita
3331 4097 3387 4149 et
3416 4094 3476 4149 in
3506 4093 3615 4150 hoc
3644 4110 3789 4165 quo-

2094 4256 2103 4260 ,
2148 4196 2261 4252 que
2291 4180 2437 4248 loco,
2470 4180 2711 4236 verbum
2758 4181 3115 4252 quotidiana.
3157 4182 3665 4239 sermocinationis
3694 4199 3790 4238 as-

2149 4269 2489 4340 sumpserit.
2525 4268 2795 4341 Legimus
2843 4268 2903 4324 in
2953 4270 3323 4327 Proverbiis:
3374 4273 3587 4328 Donum
3615 4272 3793 4328 invidi

2145 4359 2355 4413 cruciat
2399 4358 2581 4414 oculos
2631 4360 2820 4426 (Prov.
2852 4376 3015 4427 xxm,
3047 4361 3125 4429 6).
3158 4360 3266 4424 Qui
3299 4362 3454 4433 apud
3496 4378 3604 4418 nos
3648 4361 3791 4417 invi-

2146 4446 2269 4515 dus,
2323 4446 2385 4502 in
2435 4446 2629 4503 Graco
2683 4447 3114 4520 signiﬁcantius
3164 4449 3422 4522 ponitur,
3461 4452 3788 4523 fascinator,

390 4535 661 4610 quamvis
708 4536 845 4601 sint,
875 4534 1135 4601 hebetes,
1167 4534 1358 4590 dicere
1398 4551 1513 4590 non
1546 4535 1848 4591 audebunt
1876 4535 2037 4591 Chri-
2071 4542 2114 4607 D
2147 4541 2205 4592 et
2250 4536 2309 4591 in
2355 4536 2658 4608 Sapientia
2702 4553 2828 4608 qua
2868 4535 3196 4595 Salomonis
3227 4538 3505 4611 scripitur
3536 4555 3549 4594 :
3600 4540 3793 4596 Fasci-

386 4631 547 4682 stum
565 4624 691 4681 sine
710 4641 887 4680 causa
906 4626 1225 4678 mortuum.
1241 4624 1327 4678 Ad
1348 4622 1695 4694 particulam
1713 4623 1910 4696 itaque
1932 4623 2039 4698 syl-

2150 4628 2301 4682 natio
2329 4626 2707 4697 malignitatis
2737 4626 2988 4683 obscurat
3032 4627 3171 4683 bona
3217 4627 3368 4701 (Sap.
3402 4645 3478 4697 xv,
3514 4628 3624 4696 12).
3655 4627 3793 4694 Qui--

387 4714 646 4788 logismi,
679 4731 806 4787 qua
839 4713 934 4769 hic
967 4712 1334 4784 preponilur,
1368 4711 1424 4767 id
1459 4717 1549 4767 est
1583 4730 1595 4768 :
1644 4712 1706 4767 Si
1757 4715 1907 4769 enim
1940 4730 2041 4785 per
2148 4714 2259 4771 bus
2292 4715 2570 4771 docemur
2599 4713 2899 4787 exemplis,
2925 4716 3080 4788 quod
3113 4714 3199 4772 vel
3231 4716 3463 4773 invidus
3492 4715 3687 4773 aliena
3714 4717 3793 4773 fe-

388 4805 561 4876 legem
603 4804 854 4875 justitia,
915 4818 1043 4873 ergo
1104 4801 1350 4857 Christus
1399 4802 1576 4873 gratis
1630 4807 1881 4857 mortuus
1938 4807 2035 4869 est,

388 4893 674 4950 debemus
705 4891 851 4947 illud
885 4906 1188 4947 assumere
1217 4890 1372 4961 quod
1402 4894 1826 4961 consequenter
1856 4889 2038 4946 infer-

387 4985 506 5051 tur,
536 4986 593 5037 et
622 4981 821 5054 negari
851 4997 965 5036 non
998 4984 1190 5053 potest
1222 4996 1234 5035 :
1269 4978 1537 5034 Christus
1569 4983 1766 5034 autem
1800 4994 1915 5034 non
1948 4985 2038 5036 cst

462 5144 876 5200 ‘Interserunt
926 5142 1042 5196 duo
1087 5156 1229 5195 mss.
1283 5145 1340 5196 et
1388 5140 1684 5208 Rabanus,
1716 5143 1766 5196 et
1805 5140 2033 5208 Christi,

388 5232 529 5293 qu_a_
547 5215 723 5293 verba
754 5214 989 5269 Graecus
1019 5211 1145 5293 ipse
1174 5216 1369 5293 textus
1401 5216 1647 5293 recusat.

457 5289 479 5322 ²
510 5289 571 5342 In
622 5289 755 5341 ante
807 5300 915 5339 nos
967 5282 1139 5339 editis
1193 5282 1337 5338 falso
1380 5284 1635 5348 additur,
1668 5301 1773 5339 non
1816 5285 2035 5340 credere

388 5360 629 5425 veritati,
663 5373 816 5428 cum
844 5356 969 5428 ipse
1007 5353 1395 5428 Hieronymus
1446 5355 1648 5428 doceat
1692 5357 1816 5428 (hac
1862 5358 2035 5411 verba

387 5447 503 5487 non
535 5427 754 5507 haberi
911 5425 1345 5507 exemplaribus
1392 5427 1906 5507 édamantii,‘qua
1947 5427 2034 5507 vir

385 5503 627 5556 sanctus
660 5502 897 5553 secutus
929 5501 1035 5552 est.
1072 5496 1258 5550 MART.
1293 5528 1359 5537 —
1392 5499 1526 5563 Qua
1567 5498 1703 5553 olim
1732 5496 1847 5553 hic
1893 5499 2031 5553 sub-

378 5571 878 5643 jungebanturex
906 5567 1154 5643 Vulgato
1175 5567 1497 5643 interprete
1527 5570 1721 5643 verba,
1774 5584 1881 5625 non
1912 5586 2029 5643 ere-

385 5638 525 5700 dere
534 5641 771 5707 veritati,
790 5638 1081 5697 Victorius
1103 5638 1474 5711 pridemjure
1491 5638 1713 5713 optimo
1729 5642 2027 5713 expunxit,

2146 4803 2365 4860 licitate
2394 4804 2707 4870 crucietur,
2736 4803 2824 4861 vel
2871 4804 2923 4861 is
2972 4806 3031 4861 in
3081 4822 3197 4876 quo
3240 4806 3394 4862 bona
3422 4805 3543 4862 sint
3568 4805 3788 4878 aliqua,

2145 4893 2257 4950 alio
2311 4893 2657 4959 fascinante,
2690 4894 2744 4949 id
2778 4899 2885 4960 est,
2918 4893 3212 4951 invidente
3242 4899 3535 4952 noceatur.
3569 4894 3794 4951 Dicitur

2146 4984 2407 5039 fascinus
2447 4982 2678 5055 proprie
2724 4983 3049 5039 infantibus
3097 5000 3325 5054 nocere,
3358 4989 3415 5040 et
3456 4984 3611 5042 atati
3659 5001 3792 5057 par-

2144 5143 2297 5215 quod
2329 5160 2398 5199 ex
2440 5143 2752 5216 ipsiusmet
2780 5143 3114 5218 Hieronymi
3144 5145 3500 5218 expositione
3529 5146 3793 5218 subnexa

2143 5220 2369 5290 constet
2415 5232 2445 5269 a
2468 5215 3015 5290 ’segpratermissa,
3047 5215 3351 5290 propterea
3381 5218 3538 5290 quod
3573 5218 3631 5290 in
3662 5217 3791 5275 Ori-

2142 5285 2308 5361 genis
2356 5285 2791 5361 exemplaribus
2839 5304 2954 5341 non
2999 5285 3465 5361 inveniebantur.
3525 5288 3788 5361 Idipsum

2142 5357 2606 5432 luculentissima
2654 5360 2961 5432 conﬁrmat
3006 5359 3065 5432 S.
3114 5360 3284 5432 Pater
3313 5361 3484 5432 infra,
3518 5357 3661 5416 dum
3691 5377 3790 5417 ex-

2142 5431 2308 5501 ponit
2356 5447 2426 5486 ea
2472 5430 2645 5502 verba
2701 5429 2909 5501 capitis
2966 5431 3201 5502 quinti:
3256 5429 3577 5489 Currebatis
3633 5433 3786 5497 bene,

2140 5503 2380 5576 quisvos
2410 5501 2691 5576 impedivit
2720 5502 2944 5576 veritati
2970 5501 3080 5558 non
3108 5503 3327 5576 obedire
3348 5508 3373 5558 .9
3418 5503 3582 5562 Adde
3630 5503 3789 5576 quod

2139 5573 2200 5628 in
2232 5572 2345 5645 his,
2378 5572 2597 5646 quibus
2627 5589 2733 5629 nos
2764 5572 3008 5646 utimur,
3040 5590 3183 5631 mss.
3216 5573 3354 5633 sint.
