  <div class='ocr_page' id='page_1' title='image "/cluster/home/n/w/nwhite01/storage/ocr_20150623/26/hvd.32044052772472/194.png"; bbox 0 0 4144 6202; ppageno 0'>
   <div class='ocr_carea' id='block_1_1' title="bbox 357 341 475 407">
    <p class='ocr_par' dir='ltr' id='par_1_1' title="bbox 357 341 475 407">
     <span class='ocr_line' id='line_1_1' title="bbox 357 341 475 407; baseline -0.017 0"><span class='ocrx_word' id='word_1_1' title='bbox 357 341 475 407; x_wconf 83' lang='lat'>373</span> 
     </span>
    </p>
   </div>
   <div class='ocr_carea' id='block_1_2' title="bbox 1032 328 3095 418">
    <p class='ocr_par' dir='ltr' id='par_1_2' title="bbox 1032 328 3095 418">
     <span class='ocr_line' id='line_1_2' title="bbox 1032 328 3095 418; baseline -0.001 -12"><span class='ocrx_word' id='word_1_2' title='bbox 1032 339 1541 406; x_wconf 77' lang='lat' dir='ltr'>COMMENTAR.</span> <span class='ocrx_word' id='word_1_3' title='bbox 1587 343 1666 405; x_wconf 84' lang='lat' dir='ltr'><strong>1N</strong></span> <span class='ocrx_word' id='word_1_4' title='bbox 1711 342 1961 406; x_wconf 82' lang='lat' dir='ltr'>EPIST.</span> <span class='ocrx_word' id='word_1_5' title='bbox 2004 342 2108 407; x_wconf 85' lang='lat' dir='ltr'>AD</span> <span class='ocrx_word' id='word_1_6' title='bbox 2153 344 2431 408; x_wconf 83' lang='lat' dir='ltr'>GALAT.</span> <span class='ocrx_word' id='word_1_7' title='bbox 2478 345 2626 406; x_wconf 89' lang='lat' dir='ltr'>LIB.</span> <span class='ocrx_word' id='word_1_8' title='bbox 2672 342 2720 418; x_wconf 87' lang='lat'>1,</span> <span class='ocrx_word' id='word_1_9' title='bbox 2766 343 2940 406; x_wconf 84' lang='lat' dir='ltr'>CAP.</span> <span class='ocrx_word' id='word_1_10' title='bbox 2988 328 3095 405; x_wconf 84' lang='lat' dir='ltr'>Ili.</span> 
     </span>
    </p>
   </div>
   <div class='ocr_carea' id='block_1_3' title="bbox 3658 332 3791 399">
    <p class='ocr_par' dir='ltr' id='par_1_3' title="bbox 3658 332 3791 399">
     <span class='ocr_line' id='line_1_3' title="bbox 3658 332 3791 399; baseline -0.008 -1"><span class='ocrx_word' id='word_1_11' title='bbox 3658 332 3791 399; x_wconf 70' lang='grc'>374</span> 
     </span>
    </p>
   </div>
   <div class='ocr_carea' id='block_1_4' title="bbox 355 471 3770 551">
    <p class='ocr_par' dir='ltr' id='par_1_4' title="bbox 355 471 3770 551">
     <span class='ocr_line' id='line_1_4' title="bbox 355 471 3770 551; baseline -0.001 -17"><span class='ocrx_word' id='word_1_12' title='bbox 355 476 528 547; x_wconf 73' lang='lat' dir='ltr'>vulsa,</span> <span class='ocrx_word' id='word_1_13' title='bbox 564 480 627 533; x_wconf 77' lang='lat' dir='ltr'>et</span> <span class='ocrx_word' id='word_1_14' title='bbox 659 475 753 533; x_wconf 91' lang='lat' dir='ltr'>his</span> <span class='ocrx_word' id='word_1_15' title='bbox 786 480 889 550; x_wconf 93' lang='lat' dir='ltr'>qui</span> <span class='ocrx_word' id='word_1_16' title='bbox 922 479 1172 535; x_wconf 83' lang='lat' dir='ltr'>necdum</span> <span class='ocrx_word' id='word_1_17' title='bbox 1201 477 1366 532; x_wconf 90' lang='lat' dir='ltr'>ﬁrmo</span> <span class='ocrx_word' id='word_1_18' title='bbox 1396 476 1637 551; x_wconf 87' lang='lat' dir='ltr'>vestigio</span> <span class='ocrx_word' id='word_1_19' title='bbox 1670 478 1850 551; x_wconf 85' lang='lat' dir='ltr'>ﬁgant</span> <span class='ocrx_word' id='word_1_20' title='bbox 1878 493 2012 551; x_wconf 89' lang='lat' dir='ltr'>gra-</span> <span class='ocrx_word' id='word_1_21' title='bbox 2042 481 2095 546; x_wconf 84' lang='grc' dir='ltr'><strong>Α</strong></span> <span class='ocrx_word' id='word_1_22' title='bbox 2125 478 2359 534; x_wconf 88' lang='lat' dir='ltr'>uiarum</span> <span class='ocrx_word' id='word_1_23' title='bbox 2383 477 2726 550; x_wconf 79' lang='lat' dir='ltr'>superstitio</span> <span class='ocrx_word' id='word_1_24' title='bbox 2756 478 3041 546; x_wconf 82' lang='lat' dir='ltr'>dederint,</span> <span class='ocrx_word' id='word_1_25' title='bbox 3075 493 3148 533; x_wconf 89' lang='lat' dir='ltr'>an</span> <span class='ocrx_word' id='word_1_26' title='bbox 3178 474 3415 532; x_wconf 89' lang='lat' dir='ltr'>auditus</span> <span class='ocrx_word' id='word_1_27' title='bbox 3447 471 3606 544; x_wconf 89' lang='lat' dir='ltr'>ﬁdei,</span> <span class='ocrx_word' id='word_1_28' title='bbox 3663 488 3770 549; x_wconf 85' lang='lat' dir='ltr'>per</span> 
     </span>
    </p>
   </div>
   <div class='ocr_carea' id='block_1_5' title="bbox 359 566 1489 640">
    <p class='ocr_par' dir='ltr' id='par_1_5' title="bbox 359 566 1489 640">
     <span class='ocr_line' id='line_1_5' title="bbox 359 566 1489 640; baseline -0.004 -15"><span class='ocrx_word' id='word_1_29' title='bbox 359 568 524 625; x_wconf 89' lang='lat' dir='ltr'>dum.</span> <span class='ocrx_word' id='word_1_30' title='bbox 562 566 725 624; x_wconf 90' lang='lat' dir='ltr'>Unde</span> <span class='ocrx_word' id='word_1_31' title='bbox 753 570 812 622; x_wconf 92' lang='lat' dir='ltr'>et</span> <span class='ocrx_word' id='word_1_32' title='bbox 843 566 1089 639; x_wconf 89' lang='lat' dir='ltr'>quidam</span> <span class='ocrx_word' id='word_1_33' title='bbox 1118 582 1148 622; x_wconf 94' lang='lat' dir='ltr'>e</span> <span class='ocrx_word' id='word_1_34' title='bbox 1177 566 1489 640; x_wconf 83' lang='lat' dir='ltr'>gentibus:</span> 
     </span>
    </p>
   </div>
   <div class='ocr_carea' id='block_1_6' title="bbox 452 716 1849 782">
    <p class='ocr_par' dir='ltr' id='par_1_6' title="bbox 452 716 1849 782">
     <span class='ocr_line' id='line_1_6' title="bbox 452 716 1849 782; baseline -0.002 -13"><span class='ocrx_word' id='word_1_35' title='bbox 452 717 642 769; x_wconf 82' lang='lat' dir='ltr'>Nescio</span> <span class='ocrx_word' id='word_1_36' title='bbox 670 717 793 782; x_wconf 85' lang='lat' dir='ltr'><strong>quis</strong></span> <span class='ocrx_word' id='word_1_37' title='bbox 811 719 1026 768; x_wconf 86' lang='lat' dir='ltr'>teneros</span> <span class='ocrx_word' id='word_1_38' title='bbox 1052 716 1237 767; x_wconf 86' lang='lat' dir='ltr'><strong>oculus</strong></span> <span class='ocrx_word' id='word_1_39' title='bbox 1267 716 1396 782; x_wconf 83' lang='lat' dir='ltr'>mihi</span> <span class='ocrx_word' id='word_1_40' title='bbox 1417 717 1636 782; x_wconf 70' lang='lat' dir='ltr'>fascinat</span> <span class='ocrx_word' id='word_1_41' title='bbox 1665 731 1849 780; x_wconf 84' lang='lat' dir='ltr'>agnos.</span> 
     </span>
    </p>
   </div>
   <div class='ocr_carea' id='block_1_7' title="bbox 1241 779 1741 844">
    <p class='ocr_par' dir='ltr' id='par_1_7' title="bbox 1241 779 1741 844">
     <span class='ocr_line' id='line_1_7' title="bbox 1241 779 1741 844; baseline -0.006 -13"><span class='ocrx_word' id='word_1_42' title='bbox 1241 781 1457 843; x_wconf 78' lang='lat' dir='ltr'>(VIRGIL.</span> <span class='ocrx_word' id='word_1_43' title='bbox 1488 779 1659 844; x_wconf 83' lang='lat' dir='ltr'>Eclog.</span> <span class='ocrx_word' id='word_1_44' title='bbox 1692 779 1741 843; x_wconf 86' lang='lat'>3)</span> 
     </span>
    </p>
   </div>
   <div class='ocr_carea' id='block_1_8' title="bbox 354 921 2006 996">
    <p class='ocr_par' dir='ltr' id='par_1_8' title="bbox 354 921 2006 996">
     <span class='ocr_line' id='line_1_8' title="bbox 354 921 2006 996; baseline -0.001 -14"><span class='ocrx_word' id='word_1_45' title='bbox 354 924 473 982; x_wconf 85' lang='lat' dir='ltr'>Hoc</span> <span class='ocrx_word' id='word_1_46' title='bbox 503 929 707 980; x_wconf 90' lang='lat' dir='ltr'>utrum</span> <span class='ocrx_word' id='word_1_47' title='bbox 737 939 962 994; x_wconf 90' lang='lat' dir='ltr'>verum,</span> <span class='ocrx_word' id='word_1_48' title='bbox 995 939 1178 979; x_wconf 86' lang='lat' dir='ltr'>necne</span> <span class='ocrx_word' id='word_1_49' title='bbox 1220 921 1317 989; x_wconf 85' lang='lat' dir='ltr'>sit,</span> <span class='ocrx_word' id='word_1_50' title='bbox 1374 926 1525 978; x_wconf 91' lang='lat' dir='ltr'>Deus</span> <span class='ocrx_word' id='word_1_51' title='bbox 1568 922 1815 979; x_wconf 89' lang='lat' dir='ltr'>viderit:</span> <span class='ocrx_word' id='word_1_52' title='bbox 1867 925 2006 996; x_wconf 89' lang='lat' dir='ltr'>quia</span> 
     </span>
    </p>
   </div>
   <div class='ocr_carea' id='block_1_9' title="bbox 349 1011 2001 1087">
    <p class='ocr_par' dir='ltr' id='par_1_9' title="bbox 349 1011 2001 1087">
     <span class='ocr_line' id='line_1_9' title="bbox 349 1011 2001 1087; baseline -0.001 -17"><span class='ocrx_word' id='word_1_53' title='bbox 349 1018 552 1087; x_wconf 82' lang='lat' dir='ltr'>potest</span> <span class='ocrx_word' id='word_1_54' title='bbox 580 1011 727 1080; x_wconf 89' lang='lat' dir='ltr'>ﬁeri,</span> <span class='ocrx_word' id='word_1_55' title='bbox 758 1015 823 1067; x_wconf 90' lang='lat' dir='ltr'>ut</span> <span class='ocrx_word' id='word_1_56' title='bbox 853 1017 911 1068; x_wconf 90' lang='lat' dir='ltr'>et</span> <span class='ocrx_word' id='word_1_57' title='bbox 941 1011 1234 1068; x_wconf 82' lang='lat' dir='ltr'>daemones</span> <span class='ocrx_word' id='word_1_58' title='bbox 1262 1011 1401 1066; x_wconf 87' lang='lat' dir='ltr'>huic</span> <span class='ocrx_word' id='word_1_59' title='bbox 1433 1016 1667 1084; x_wconf 88' lang='lat' dir='ltr'>peccato</span> <span class='ocrx_word' id='word_1_60' title='bbox 1707 1012 2001 1081; x_wconf 82' lang='lat' dir='ltr'>serviant;</span> 
     </span>
    </p>
   </div>
   <div class='ocr_carea' id='block_1_10' title="bbox 350 1100 2001 1175">
    <p class='ocr_par' dir='ltr' id='par_1_10' title="bbox 350 1100 2001 1175">
     <span class='ocr_line' id='line_1_10' title="bbox 350 1100 2001 1175; baseline -0.001 -16"><span class='ocrx_word' id='word_1_61' title='bbox 350 1107 412 1159; x_wconf 85' lang='lat' dir='ltr'>et</span> <span class='ocrx_word' id='word_1_62' title='bbox 440 1116 826 1175; x_wconf 90' lang='lat' dir='ltr'>quoscunque</span> <span class='ocrx_word' id='word_1_63' title='bbox 855 1101 915 1157; x_wconf 90' lang='lat' dir='ltr'>in</span> <span class='ocrx_word' id='word_1_64' title='bbox 958 1101 1055 1156; x_wconf 86' lang='lat' dir='ltr'>Dei</span> <span class='ocrx_word' id='word_1_65' title='bbox 1087 1117 1259 1173; x_wconf 89' lang='lat' dir='ltr'>opere</span> <span class='ocrx_word' id='word_1_66' title='bbox 1289 1100 1378 1156; x_wconf 89' lang='lat' dir='ltr'>vel</span> <span class='ocrx_word' id='word_1_67' title='bbox 1435 1101 1699 1173; x_wconf 77' lang='lat' dir='ltr'>coepisse,</span> <span class='ocrx_word' id='word_1_68' title='bbox 1730 1102 1820 1158; x_wconf 88' lang='lat' dir='ltr'>vel</span> <span class='ocrx_word' id='word_1_69' title='bbox 1870 1119 2001 1174; x_wconf 85' lang='lat' dir='ltr'>pro-</span> 
     </span>
    </p>
   </div>
   <div class='ocr_carea' id='block_1_11' title="bbox 346 1189 1997 1263">
    <p class='ocr_par' dir='ltr' id='par_1_11' title="bbox 346 1189 1997 1263">
     <span class='ocr_line' id='line_1_11' title="bbox 346 1189 1997 1263; baseline -0.001 -15"><span class='ocrx_word' id='word_1_70' title='bbox 346 1190 566 1248; x_wconf 78' lang='lat' dir='ltr'>fecisse</span> <span class='ocrx_word' id='word_1_71' title='bbox 594 1189 986 1263; x_wconf 83' lang='lat' dir='ltr'>cognoverint,</span> <span class='ocrx_word' id='word_1_72' title='bbox 1027 1206 1127 1246; x_wconf 88' lang='lat' dir='ltr'>eos</span> <span class='ocrx_word' id='word_1_73' title='bbox 1158 1206 1192 1245; x_wconf 88' lang='lat' dir='ltr'>a</span> <span class='ocrx_word' id='word_1_74' title='bbox 1223 1190 1390 1246; x_wconf 86' lang='lat' dir='ltr'>bonis</span> <span class='ocrx_word' id='word_1_75' title='bbox 1422 1190 1699 1262; x_wconf 88' lang='lat' dir='ltr'>cperibus</span> <span class='ocrx_word' id='word_1_76' title='bbox 1719 1196 1997 1247; x_wconf 82' lang='lat' dir='ltr'>avertant.</span> 
     </span>
    </p>
   </div>
   <div class='ocr_carea' id='block_1_12' title="bbox 342 1278 1999 1353">
    <p class='ocr_par' dir='ltr' id='par_1_12' title="bbox 342 1278 1999 1353">
     <span class='ocr_line' id='line_1_12' title="bbox 342 1278 1999 1353; baseline 0.001 -18"><span class='ocrx_word' id='word_1_77' title='bbox 342 1279 518 1336; x_wconf 89' lang='lat' dir='ltr'>Nunc</span> <span class='ocrx_word' id='word_1_78' title='bbox 545 1278 691 1335; x_wconf 90' lang='lat' dir='ltr'>illud</span> <span class='ocrx_word' id='word_1_79' title='bbox 721 1279 783 1335; x_wconf 92' lang='lat' dir='ltr'>in</span> <span class='ocrx_word' id='word_1_80' title='bbox 813 1295 995 1336; x_wconf 87' lang='lat' dir='ltr'>causa</span> <span class='ocrx_word' id='word_1_81' title='bbox 1040 1283 1148 1347; x_wconf 88' lang='lat' dir='ltr'>est,</span> <span class='ocrx_word' id='word_1_82' title='bbox 1195 1280 1352 1350; x_wconf 92' lang='lat' dir='ltr'>quod</span> <span class='ocrx_word' id='word_1_83' title='bbox 1392 1296 1461 1336; x_wconf 83' lang='lat' dir='ltr'>ex</span> <span class='ocrx_word' id='word_1_84' title='bbox 1516 1279 1789 1351; x_wconf 90' lang='lat' dir='ltr'>opinione</span> <span class='ocrx_word' id='word_1_85' title='bbox 1840 1280 1999 1353; x_wconf 86' lang='lat' dir='ltr'>vulgi</span> 
     </span>
    </p>
   </div>
   <div class='ocr_carea' id='block_1_13' title="bbox 342 1367 2002 1442">
    <p class='ocr_par' dir='ltr' id='par_1_13' title="bbox 342 1367 2002 1442">
     <span class='ocr_line' id='line_1_13' title="bbox 342 1367 2002 1442; baseline 0 -17"><span class='ocrx_word' id='word_1_86' title='bbox 342 1373 657 1442; x_wconf 88' lang='lat' dir='ltr'>sumptum</span> <span class='ocrx_word' id='word_1_87' title='bbox 684 1374 969 1442; x_wconf 79' lang='lat' dir='ltr'><strong>putamus</strong></span> <span class='ocrx_word' id='word_1_88' title='bbox 999 1367 1355 1441; x_wconf 85' lang='lat' dir='ltr'>exempium,</span> <span class='ocrx_word' id='word_1_89' title='bbox 1392 1369 1763 1440; x_wconf 90' lang='lat' dir='ltr'>utquomodo</span> <span class='ocrx_word' id='word_1_90' title='bbox 1802 1377 2002 1425; x_wconf 88' lang='lat' dir='ltr'>tenera</span> 
     </span>
    </p>
   </div>
   <div class='ocr_carea' id='block_1_14' title="bbox 344 1456 1996 1515">
    <p class='ocr_par' dir='ltr' id='par_1_14' title="bbox 344 1456 1996 1515">
     <span class='ocr_line' id='line_1_14' title="bbox 344 1456 1996 1515; baseline 0.001 -1"><span class='ocrx_word' id='word_1_91' title='bbox 344 1462 488 1515; x_wconf 66' lang='lat' dir='ltr'>aetas</span> <span class='ocrx_word' id='word_1_92' title='bbox 534 1457 729 1515; x_wconf 83' lang='lat' dir='ltr'>noceri</span> <span class='ocrx_word' id='word_1_93' title='bbox 763 1457 978 1513; x_wconf 90' lang='lat' dir='ltr'>dicitur</span> <span class='ocrx_word' id='word_1_94' title='bbox 1004 1457 1268 1514; x_wconf 87' lang='lat' dir='ltr'>fascino:</span> <span class='ocrx_word' id='word_1_95' title='bbox 1303 1456 1386 1513; x_wconf 92' lang='lat' dir='ltr'>sic</span> <span class='ocrx_word' id='word_1_96' title='bbox 1442 1457 1618 1513; x_wconf 90' lang='lat' dir='ltr'>etiam</span> <span class='ocrx_word' id='word_1_97' title='bbox 1674 1458 1888 1514; x_wconf 66' lang='lat' dir='ltr'>Galatae</span> <span class='ocrx_word' id='word_1_98' title='bbox 1935 1458 1996 1515; x_wconf 92' lang='lat' dir='ltr'>in</span> 
     </span>
    </p>
   </div>
   <div class='ocr_carea' id='block_1_15' title="bbox 341 1545 1995 1619">
    <p class='ocr_par' dir='ltr' id='par_1_15' title="bbox 341 1545 1995 1619">
     <span class='ocr_line' id='line_1_15' title="bbox 341 1545 1995 1619; baseline -0.001 -14"><span class='ocrx_word' id='word_1_99' title='bbox 341 1547 560 1606; x_wconf 86' lang='lat' dir='ltr'>Christi</span> <span class='ocrx_word' id='word_1_100' title='bbox 580 1547 697 1602; x_wconf 91' lang='lat' dir='ltr'>ﬁde</span> <span class='ocrx_word' id='word_1_101' title='bbox 727 1563 916 1619; x_wconf 88' lang='lat' dir='ltr'>nuper</span> <span class='ocrx_word' id='word_1_102' title='bbox 940 1546 1083 1616; x_wconf 89' lang='lat' dir='ltr'>nati,</span> <span class='ocrx_word' id='word_1_103' title='bbox 1114 1550 1172 1603; x_wconf 90' lang='lat' dir='ltr'>et</span> <span class='ocrx_word' id='word_1_104' title='bbox 1200 1546 1406 1602; x_wconf 89' lang='lat' dir='ltr'>nutriti</span> <span class='ocrx_word' id='word_1_105' title='bbox 1440 1545 1611 1614; x_wconf 86' lang='lat' dir='ltr'>lacte,</span> <span class='ocrx_word' id='word_1_106' title='bbox 1669 1552 1726 1603; x_wconf 92' lang='lat' dir='ltr'>et</span> <span class='ocrx_word' id='word_1_107' title='bbox 1752 1564 1868 1603; x_wconf 90' lang='lat' dir='ltr'>non</span> <span class='ocrx_word' id='word_1_108' title='bbox 1900 1564 1995 1604; x_wconf 83' lang='lat' dir='ltr'>so—</span> 
     </span>
    </p>
   </div>
   <div class='ocr_carea' id='block_1_16' title="bbox 336 1635 1995 1709">
    <p class='ocr_par' dir='ltr' id='par_1_16' title="bbox 336 1635 1995 1709">
     <span class='ocr_line' id='line_1_16' title="bbox 336 1635 1995 1709; baseline -0.001 -16"><span class='ocrx_word' id='word_1_109' title='bbox 336 1636 464 1693; x_wconf 88' lang='lat' dir='ltr'>lido</span> <span class='ocrx_word' id='word_1_110' title='bbox 503 1636 631 1693; x_wconf 89' lang='lat' dir='ltr'>cibo</span> <span class='ocrx_word' id='word_1_111' title='bbox 662 1637 713 1709; x_wconf 93' lang='lat' dir='ltr'>(I</span> <span class='ocrx_word' id='word_1_112' title='bbox 740 1635 863 1692; x_wconf 86' lang='lat' dir='ltr'>Cor.</span> <span class='ocrx_word' id='word_1_113' title='bbox 900 1654 985 1702; x_wconf 79' lang='grc' dir='ltr'>ιιι,</span> <span class='ocrx_word' id='word_1_114' title='bbox 1033 1636 1115 1706; x_wconf 88' lang='lat'>2),</span> <span class='ocrx_word' id='word_1_115' title='bbox 1157 1635 1318 1692; x_wconf 88' lang='lat' dir='ltr'>velut</span> <span class='ocrx_word' id='word_1_116' title='bbox 1367 1636 1624 1709; x_wconf 90' lang='lat' dir='ltr'>quodam</span> <span class='ocrx_word' id='word_1_117' title='bbox 1672 1635 1995 1692; x_wconf 89' lang='lat' dir='ltr'>fascinante</span> 
     </span>
    </p>
   </div>
   <div class='ocr_carea' id='block_1_17' title="bbox 341 1724 1989 1795">
    <p class='ocr_par' dir='ltr' id='par_1_17' title="bbox 341 1724 1989 1795">
     <span class='ocr_line' id='line_1_17' title="bbox 341 1724 1989 1795; baseline -0.002 -12"><span class='ocrx_word' id='word_1_118' title='bbox 341 1725 499 1784; x_wconf 70' lang='grc'>418</span> <span class='ocrx_word' id='word_1_119' title='bbox 530 1724 652 1781; x_wconf 89' lang='lat' dir='ltr'>sint</span> <span class='ocrx_word' id='word_1_120' title='bbox 672 1724 848 1781; x_wconf 90' lang='lat' dir='ltr'>nociti</span> <span class='ocrx_word' id='word_1_121' title='bbox 875 1740 887 1780; x_wconf 90' lang='lat'>:</span> <span class='ocrx_word' id='word_1_122' title='bbox 923 1727 979 1780; x_wconf 90' lang='lat' dir='ltr'>et</span> <span class='ocrx_word' id='word_1_123' title='bbox 1006 1724 1310 1781; x_wconf 84' lang='lat' dir='ltr'>stomacho</span> <span class='ocrx_word' id='word_1_124' title='bbox 1340 1724 1475 1781; x_wconf 88' lang='lat' dir='ltr'>ﬁdei</span> <span class='ocrx_word' id='word_1_125' title='bbox 1506 1728 1826 1781; x_wconf 87' lang='lat' dir='ltr'>nauseante</span> <span class='ocrx_word' id='word_1_126' title='bbox 1882 1726 1989 1795; x_wconf 85' lang='lat' dir='ltr'>(Al.</span> 
     </span>
    </p>
   </div>
   <div class='ocr_carea' id='block_1_18' title="bbox 341 1813 1988 1886">
    <p class='ocr_par' dir='ltr' id='par_1_18' title="bbox 341 1813 1988 1886">
     <span class='ocr_line' id='line_1_18' title="bbox 341 1813 1988 1886; baseline -0.002 -14"><span class='ocrx_word' id='word_1_127' title='bbox 341 1817 722 1883; x_wconf 87' lang='lat' dir='ltr'>nauseantes)</span> <span class='ocrx_word' id='word_1_128' title='bbox 776 1813 1032 1886; x_wconf 85' lang='lat' dir='ltr'>Spiritus</span> <span class='ocrx_word' id='word_1_129' title='bbox 1081 1814 1268 1870; x_wconf 87' lang='lat' dir='ltr'>sancti</span> <span class='ocrx_word' id='word_1_130' title='bbox 1327 1813 1525 1869; x_wconf 88' lang='lat' dir='ltr'>cibum</span> <span class='ocrx_word' id='word_1_131' title='bbox 1605 1815 1988 1870; x_wconf 90' lang='lat' dir='ltr'>evomuerint.</span> 
     </span>
    </p>
   </div>
   <div class='ocr_carea' id='block_1_19' title="bbox 342 1902 1989 1975">
    <p class='ocr_par' dir='ltr' id='par_1_19' title="bbox 342 1902 1989 1975">
     <span class='ocr_line' id='line_1_19' title="bbox 342 1902 1989 1975; baseline -0.001 -15"><span class='ocrx_word' id='word_1_132' title='bbox 342 1905 508 1971; x_wconf 86' lang='lat' dir='ltr'>Quod</span> <span class='ocrx_word' id='word_1_133' title='bbox 539 1903 592 1959; x_wconf 90' lang='lat' dir='ltr'>si</span> <span class='ocrx_word' id='word_1_134' title='bbox 630 1902 849 1975; x_wconf 85' lang='lat' dir='ltr'>aliquis</span> <span class='ocrx_word' id='word_1_135' title='bbox 879 1902 1246 1972; x_wconf 84' lang='lat' dir='ltr'>contradicit,</span> <span class='ocrx_word' id='word_1_136' title='bbox 1279 1906 1530 1975; x_wconf 87' lang='lat' dir='ltr'>exponat</span> <span class='ocrx_word' id='word_1_137' title='bbox 1585 1905 1878 1974; x_wconf 91' lang='lat' dir='ltr'>quomodo</span> <span class='ocrx_word' id='word_1_138' title='bbox 1919 1905 1989 1959; x_wconf 90' lang='lat' dir='ltr'>de</span> 
     </span>
    </p>
   </div>
   <div class='ocr_carea' id='block_1_20' title="bbox 337 1990 1992 2064">
    <p class='ocr_par' dir='ltr' id='par_1_20' title="bbox 337 1990 1992 2064">
     <span class='ocr_line' id='line_1_20' title="bbox 337 1990 1992 2064; baseline -0.001 -14"><span class='ocrx_word' id='word_1_139' title='bbox 337 1991 643 2050; x_wconf 84' lang='lat' dir='ltr'>communi</span> <span class='ocrx_word' id='word_1_140' title='bbox 693 1990 970 2064; x_wconf 81' lang='lat' dir='ltr'>Opinione</span> <span class='ocrx_word' id='word_1_141' title='bbox 1016 1990 1096 2047; x_wconf 86' lang='lat' dir='ltr'>sit</span> <span class='ocrx_word' id='word_1_142' title='bbox 1144 1998 1471 2063; x_wconf 91' lang='lat' dir='ltr'>sumptum,</span> <span class='ocrx_word' id='word_1_143' title='bbox 1518 1991 1687 2047; x_wconf 86' lang='lat' dir='ltr'>vallis</span> <span class='ocrx_word' id='word_1_144' title='bbox 1756 1992 1992 2048; x_wconf 80' lang='lat' dir='ltr'>Titano-</span> 
     </span>
    </p>
   </div>
   <div class='ocr_carea' id='block_1_21' title="bbox 338 2079 1987 2154">
    <p class='ocr_par' dir='ltr' id='par_1_21' title="bbox 338 2079 1987 2154">
     <span class='ocr_line' id='line_1_21' title="bbox 338 2079 1987 2154; baseline -0.002 -15"><span class='ocrx_word' id='word_1_145' title='bbox 338 2098 498 2148; x_wconf 83' lang='lat' dir='ltr'>rum,</span> <span class='ocrx_word' id='word_1_146' title='bbox 530 2081 590 2136; x_wconf 94' lang='lat' dir='ltr'>in</span> <span class='ocrx_word' id='word_1_147' title='bbox 623 2080 958 2153; x_wconf 82' lang='lat' dir='ltr'>Regnorum</span> <span class='ocrx_word' id='word_1_148' title='bbox 1004 2079 1174 2136; x_wconf 89' lang='lat' dir='ltr'>libris</span> <span class='ocrx_word' id='word_1_149' title='bbox 1228 2082 1301 2152; x_wconf 92' lang='lat' dir='ltr'>(II</span> <span class='ocrx_word' id='word_1_150' title='bbox 1346 2082 1475 2151; x_wconf 83' lang='lat' dir='ltr'>Reg.</span> <span class='ocrx_word' id='word_1_151' title='bbox 1528 2098 1690 2136; x_wconf 83' lang='lat' dir='ltr'>xxm.</span> <span class='ocrx_word' id='word_1_152' title='bbox 1738 2082 1848 2154; x_wconf 89' lang='grc'>13),</span> <span class='ocrx_word' id='word_1_153' title='bbox 1899 2082 1987 2138; x_wconf 90' lang='lat' dir='ltr'>Si-</span> 
     </span>
    </p>
   </div>
   <div class='ocr_carea' id='block_1_22' title="bbox 343 2169 1983 2243">
    <p class='ocr_par' dir='ltr' id='par_1_22' title="bbox 343 2169 1983 2243">
     <span class='ocr_line' id='line_1_22' title="bbox 343 2169 1983 2243; baseline -0.001 -16"><span class='ocrx_word' id='word_1_154' title='bbox 343 2187 502 2227; x_wconf 73' lang='lat' dir='ltr'>renaa</span> <span class='ocrx_word' id='word_1_155' title='bbox 547 2175 605 2227; x_wconf 90' lang='lat' dir='ltr'>et</span> <span class='ocrx_word' id='word_1_156' title='bbox 659 2169 1048 2225; x_wconf 86' lang='lat' dir='ltr'>Onocentauri</span> <span class='ocrx_word' id='word_1_157' title='bbox 1098 2170 1159 2224; x_wconf 91' lang='lat' dir='ltr'>in</span> <span class='ocrx_word' id='word_1_158' title='bbox 1214 2170 1363 2226; x_wconf 88' lang='lat' dir='ltr'>Isaia</span> <span class='ocrx_word' id='word_1_159' title='bbox 1416 2170 1572 2242; x_wconf 83' lang='lat' dir='ltr'>(Cap.</span> <span class='ocrx_word' id='word_1_160' title='bbox 1635 2188 1823 2226; x_wconf 73' lang='lat' dir='ltr'>xxxrv.</span> <span class='ocrx_word' id='word_1_161' title='bbox 1876 2172 1983 2243; x_wconf 84' lang='grc'>14),</span> 
     </span>
    </p>
   </div>
   <div class='ocr_carea' id='block_1_23' title="bbox 332 2258 1981 2332">
    <p class='ocr_par' dir='ltr' id='par_1_23' title="bbox 332 2258 1981 2332">
     <span class='ocr_line' id='line_1_23' title="bbox 332 2258 1981 2332; baseline -0.001 -16"><span class='ocrx_word' id='word_1_162' title='bbox 332 2262 625 2317; x_wconf 77' lang='lat' dir='ltr'>Arcturus</span> <span class='ocrx_word' id='word_1_163' title='bbox 676 2263 732 2314; x_wconf 86' lang='lat' dir='ltr'>et</span> <span class='ocrx_word' id='word_1_164' title='bbox 779 2258 976 2326; x_wconf 91' lang='lat' dir='ltr'>Orion,</span> <span class='ocrx_word' id='word_1_165' title='bbox 1023 2264 1081 2315; x_wconf 93' lang='lat' dir='ltr'>et</span> <span class='ocrx_word' id='word_1_166' title='bbox 1127 2258 1392 2315; x_wconf 89' lang='lat' dir='ltr'>Pleiades</span> <span class='ocrx_word' id='word_1_167' title='bbox 1440 2260 1500 2315; x_wconf 91' lang='lat' dir='ltr'>in</span> <span class='ocrx_word' id='word_1_168' title='bbox 1544 2260 1654 2315; x_wconf 90' lang='lat' dir='ltr'>Job</span> <span class='ocrx_word' id='word_1_169' title='bbox 1699 2260 1852 2332; x_wconf 84' lang='lat' dir='ltr'>(Cap.</span> <span class='ocrx_word' id='word_1_170' title='bbox 1904 2277 1981 2328; x_wconf 84' lang='lat' dir='ltr'>1x,</span> 
     </span>
    </p>
   </div>
   <div class='ocr_carea' id='block_1_24' title="bbox 334 2346 1986 2420">
    <p class='ocr_par' dir='ltr' id='par_1_24' title="bbox 334 2346 1986 2420">
     <span class='ocr_line' id='line_1_24' title="bbox 334 2346 1986 2420; baseline 0.001 -17"><span class='ocrx_word' id='word_1_171' title='bbox 334 2347 421 2419; x_wconf 85' lang='lat'>9),</span> <span class='ocrx_word' id='word_1_172' title='bbox 483 2353 542 2403; x_wconf 88' lang='lat' dir='ltr'>et</span> <span class='ocrx_word' id='word_1_173' title='bbox 588 2351 789 2403; x_wconf 63' lang='lat' dir='ltr'>cetera</span> <span class='ocrx_word' id='word_1_174' title='bbox 843 2347 938 2403; x_wconf 91' lang='lat' dir='ltr'>his</span> <span class='ocrx_word' id='word_1_175' title='bbox 1022 2346 1262 2418; x_wconf 87' lang='lat' dir='ltr'>similia,</span> <span class='ocrx_word' id='word_1_176' title='bbox 1325 2364 1454 2419; x_wconf 75' lang='lat' dir='ltr'>quae</span> <span class='ocrx_word' id='word_1_177' title='bbox 1538 2347 1743 2420; x_wconf 90' lang='lat' dir='ltr'>utique</span> <span class='ocrx_word' id='word_1_178' title='bbox 1817 2365 1986 2404; x_wconf 90' lang='lat' dir='ltr'>voca-</span> 
     </span>
    </p>
   </div>
   <div class='ocr_carea' id='block_1_25' title="bbox 331 2435 1983 2510">
    <p class='ocr_par' dir='ltr' id='par_1_25' title="bbox 331 2435 1983 2510">
     <span class='ocr_line' id='line_1_25' title="bbox 331 2435 1983 2510; baseline 0.001 -17"><span class='ocrx_word' id='word_1_179' title='bbox 331 2436 502 2505; x_wconf 84' lang='lat' dir='ltr'>bula,</span> <span class='ocrx_word' id='word_1_180' title='bbox 534 2435 841 2510; x_wconf 87' lang='lat' dir='ltr'>gentilium</span> <span class='ocrx_word' id='word_1_181' title='bbox 869 2436 1205 2493; x_wconf 80' lang='lat' dir='ltr'>fabularum</span> <span class='ocrx_word' id='word_1_182' title='bbox 1221 2440 1280 2493; x_wconf 91' lang='lat' dir='ltr'>et</span> <span class='ocrx_word' id='word_1_183' title='bbox 1300 2454 1510 2494; x_wconf 85' lang='lat' dir='ltr'>causas</span> <span class='ocrx_word' id='word_1_184' title='bbox 1533 2441 1589 2492; x_wconf 91' lang='lat' dir='ltr'>et</span> <span class='ocrx_word' id='word_1_185' title='bbox 1606 2436 1859 2509; x_wconf 87' lang='lat' dir='ltr'>origines</span> <span class='ocrx_word' id='word_1_186' title='bbox 1882 2438 1983 2494; x_wconf 89' lang='lat' dir='ltr'>ha-</span> 
     </span>
    </p>
   </div>
   <div class='ocr_carea' id='block_1_26' title="bbox 331 2525 1983 2599">
    <p class='ocr_par' dir='ltr' id='par_1_26' title="bbox 331 2525 1983 2599">
     <span class='ocr_line' id='line_1_26' title="bbox 331 2525 1983 2599; baseline -0.001 -17"><span class='ocrx_word' id='word_1_187' title='bbox 331 2526 457 2582; x_wconf 85' lang='lat' dir='ltr'>bet.</span> <span class='ocrx_word' id='word_1_188' title='bbox 490 2525 922 2599; x_wconf 88' lang='lat' dir='ltr'>Interrogemus</span> <span class='ocrx_word' id='word_1_189' title='bbox 951 2542 1088 2598; x_wconf 85' lang='lat' dir='ltr'>ergo</span> <span class='ocrx_word' id='word_1_190' title='bbox 1118 2526 1226 2581; x_wconf 91' lang='lat' dir='ltr'>hoc</span> <span class='ocrx_word' id='word_1_191' title='bbox 1275 2525 1401 2582; x_wconf 92' lang='lat' dir='ltr'>loco</span> <span class='ocrx_word' id='word_1_192' title='bbox 1451 2525 1827 2596; x_wconf 88' lang='lat' dir='ltr'>Marcionem,</span> <span class='ocrx_word' id='word_1_193' title='bbox 1880 2527 1983 2597; x_wconf 91' lang='lat' dir='ltr'>qui</span> 
     </span>
    </p>
   </div>
   <div class='ocr_carea' id='block_1_27' title="bbox 331 2614 1980 2688">
    <p class='ocr_par' dir='ltr' id='par_1_27' title="bbox 331 2614 1980 2688">
     <span class='ocr_line' id='line_1_27' title="bbox 331 2614 1980 2688; baseline 0.001 -18"><span class='ocrx_word' id='word_1_194' title='bbox 331 2614 653 2687; x_wconf 85' lang='lat' dir='ltr'>prophetas</span> <span class='ocrx_word' id='word_1_195' title='bbox 678 2614 968 2687; x_wconf 89' lang='lat' dir='ltr'>repudiat,</span> <span class='ocrx_word' id='word_1_196' title='bbox 1002 2616 1297 2687; x_wconf 90' lang='lat' dir='ltr'>quomodo</span> <span class='ocrx_word' id='word_1_197' title='bbox 1326 2615 1690 2687; x_wconf 91' lang='lat' dir='ltr'>interpretur</span> <span class='ocrx_word' id='word_1_198' title='bbox 1737 2615 1794 2670; x_wconf 91' lang='lat' dir='ltr'>id</span> <span class='ocrx_word' id='word_1_199' title='bbox 1826 2617 1980 2688; x_wconf 93' lang='lat' dir='ltr'>quod</span> 
     </span>
    </p>
   </div>
   <div class='ocr_carea' id='block_1_28' title="bbox 332 2704 626 2776">
    <p class='ocr_par' dir='ltr' id='par_1_28' title="bbox 332 2704 626 2776">
     <span class='ocr_line' id='line_1_28' title="bbox 332 2704 626 2776; baseline -0.01 -15"><span class='ocrx_word' id='word_1_200' title='bbox 332 2704 626 2776; x_wconf 83' lang='lat' dir='ltr'>sequitur.</span> 
     </span>
    </p>
   </div>
   <div class='ocr_carea' id='block_1_29' title="bbox 412 2792 1980 2867">
    <p class='ocr_par' dir='ltr' id='par_1_29' title="bbox 412 2792 1980 2867">
     <span class='ocr_line' id='line_1_29' title="bbox 412 2792 1980 2867; baseline 0.003 -22"><span class='ocrx_word' id='word_1_201' title='bbox 412 2815 442 2844; x_wconf 73' lang='grc' dir='ltr'><strong>ι(</strong></span> <span class='ocrx_word' id='word_1_202' title='bbox 461 2795 609 2848; x_wconf 87' lang='lat' dir='ltr'>Ante</span> <span class='ocrx_word' id='word_1_203' title='bbox 635 2809 884 2865; x_wconf 91' lang='lat' dir='ltr'>quorum</span> <span class='ocrx_word' id='word_1_204' title='bbox 901 2792 1099 2849; x_wconf 92' lang='lat' dir='ltr'>oculos</span> <span class='ocrx_word' id='word_1_205' title='bbox 1109 2792 1142 2849; x_wconf 91' lang='lat' dir='ltr'><strong>J</strong></span> <span class='ocrx_word' id='word_1_206' title='bbox 1148 2809 1285 2849; x_wconf 91' lang='lat' dir='ltr'>esus</span> <span class='ocrx_word' id='word_1_207' title='bbox 1303 2792 1568 2849; x_wconf 87' lang='lat' dir='ltr'>Christus</span> <span class='ocrx_word' id='word_1_208' title='bbox 1580 2794 1943 2867; x_wconf 87' lang='lat' dir='ltr'>proscriptus</span> <span class='ocrx_word' id='word_1_209' title='bbox 1963 2796 1980 2830; x_wconf 86' lang='grc'>¹</span> 
     </span>
    </p>
   </div>
   <div class='ocr_carea' id='block_1_30' title="bbox 335 2881 1982 2949">
    <p class='ocr_par' dir='ltr' id='par_1_30' title="bbox 335 2881 1982 2949">
     <span class='ocr_line' id='line_1_30' title="bbox 335 2881 1982 2949; baseline -0.002 -9"><span class='ocrx_word' id='word_1_210' title='bbox 335 2887 447 2949; x_wconf 81' lang='lat' dir='ltr'>est,</span> <span class='ocrx_word' id='word_1_211' title='bbox 479 2883 541 2937; x_wconf 89' lang='lat' dir='ltr'>in</span> <span class='ocrx_word' id='word_1_212' title='bbox 569 2881 733 2938; x_wconf 87' lang='lat' dir='ltr'>vobis</span> <span class='ocrx_word' id='word_1_213' title='bbox 785 2882 1102 2937; x_wconf 82' lang='lat' dir='ltr'>cruciﬁxus</span> <span class='ocrx_word' id='word_1_214' title='bbox 1150 2886 1257 2937; x_wconf 90' lang='lat' dir='ltr'>est.</span> <span class='ocrx_word' id='word_1_215' title='bbox 1290 2903 1318 2932; x_wconf 83' lang='lat'>»</span> <span class='ocrx_word' id='word_1_216' title='bbox 1367 2881 1546 2937; x_wconf 86' lang='lat' dir='ltr'>Nobis</span> <span class='ocrx_word' id='word_1_217' title='bbox 1618 2882 1776 2937; x_wconf 92' lang='lat' dir='ltr'>enim</span> <span class='ocrx_word' id='word_1_218' title='bbox 1828 2888 1982 2938; x_wconf 90' lang='lat' dir='ltr'>recte</span> 
     </span>
    </p>
   </div>
   <div class='ocr_carea' id='block_1_31' title="bbox 338 2970 1980 3045">
    <p class='ocr_par' dir='ltr' id='par_1_31' title="bbox 338 2970 1980 3045">
     <span class='ocr_line' id='line_1_31' title="bbox 338 2970 1980 3045; baseline 0.001 -19"><span class='ocrx_word' id='word_1_219' title='bbox 338 2971 719 3045; x_wconf 63' lang='lat' dir='ltr'>praescriptus</span> <span class='ocrx_word' id='word_1_220' title='bbox 740 2975 832 3027; x_wconf 91' lang='lat' dir='ltr'>est</span> <span class='ocrx_word' id='word_1_221' title='bbox 860 2970 1147 3038; x_wconf 90' lang='lat' dir='ltr'>Christus,</span> <span class='ocrx_word' id='word_1_222' title='bbox 1179 2972 1249 3026; x_wconf 93' lang='lat' dir='ltr'>de</span> <span class='ocrx_word' id='word_1_223' title='bbox 1278 2972 1449 3041; x_wconf 89' lang='lat' dir='ltr'>cujus</span> <span class='ocrx_word' id='word_1_224' title='bbox 1478 2970 1738 3042; x_wconf 91' lang='lat' dir='ltr'>patibulo</span> <span class='ocrx_word' id='word_1_225' title='bbox 1763 2976 1819 3026; x_wconf 91' lang='lat' dir='ltr'>et</span> <span class='ocrx_word' id='word_1_226' title='bbox 1847 2989 1980 3043; x_wconf 83' lang='lat' dir='ltr'>pas-</span> 
     </span>
    </p>
   </div>
   <div class='ocr_carea' id='block_1_32' title="bbox 336 3058 1979 3132">
    <p class='ocr_par' dir='ltr' id='par_1_32' title="bbox 336 3058 1979 3132">
     <span class='ocr_line' id='line_1_32' title="bbox 336 3058 1979 3132; baseline 0 -17"><span class='ocrx_word' id='word_1_227' title='bbox 336 3059 524 3127; x_wconf 83' lang='lat' dir='ltr'>sione,</span> <span class='ocrx_word' id='word_1_228' title='bbox 557 3058 743 3131; x_wconf 87' lang='lat' dir='ltr'>alapis</span> <span class='ocrx_word' id='word_1_229' title='bbox 763 3063 821 3115; x_wconf 89' lang='lat' dir='ltr'>et</span> <span class='ocrx_word' id='word_1_230' title='bbox 849 3058 1116 3132; x_wconf 86' lang='lat' dir='ltr'>ﬂagellis,</span> <span class='ocrx_word' id='word_1_231' title='bbox 1150 3060 1344 3115; x_wconf 90' lang='lat' dir='ltr'>omnis</span> <span class='ocrx_word' id='word_1_232' title='bbox 1376 3059 1795 3131; x_wconf 89' lang='lat' dir='ltr'>prophetarum</span> <span class='ocrx_word' id='word_1_233' title='bbox 1835 3077 1979 3132; x_wconf 68' lang='lat' dir='ltr'>prae-</span> 
     </span>
    </p>
   </div>
   <div class='ocr_carea' id='block_1_33' title="bbox 334 3147 1980 3221">
    <p class='ocr_par' dir='ltr' id='par_1_33' title="bbox 334 3147 1980 3221">
     <span class='ocr_line' id='line_1_33' title="bbox 334 3147 1980 3221; baseline 0 -17"><span class='ocrx_word' id='word_1_234' title='bbox 334 3148 483 3204; x_wconf 88' lang='lat' dir='ltr'>dicit</span> <span class='ocrx_word' id='word_1_235' title='bbox 512 3147 746 3214; x_wconf 90' lang='lat' dir='ltr'>chorus,</span> <span class='ocrx_word' id='word_1_236' title='bbox 797 3152 863 3203; x_wconf 90' lang='lat' dir='ltr'>ut</span> <span class='ocrx_word' id='word_1_237' title='bbox 892 3163 1123 3205; x_wconf 90' lang='lat' dir='ltr'>crucem</span> <span class='ocrx_word' id='word_1_238' title='bbox 1152 3148 1342 3220; x_wconf 88' lang='lat' dir='ltr'>ipsius</span> <span class='ocrx_word' id='word_1_239' title='bbox 1390 3164 1505 3203; x_wconf 92' lang='lat' dir='ltr'>non</span> <span class='ocrx_word' id='word_1_240' title='bbox 1549 3148 1621 3203; x_wconf 93' lang='lat' dir='ltr'>de</span> <span class='ocrx_word' id='word_1_241' title='bbox 1672 3149 1980 3221; x_wconf 88' lang='lat' dir='ltr'>Evangelio</span> 
     </span>
    </p>
   </div>
   <div class='ocr_carea' id='block_1_34' title="bbox 2120 564 3771 640">
    <p class='ocr_par' dir='ltr' id='par_1_34' title="bbox 2120 564 3771 640">
     <span class='ocr_line' id='line_1_34' title="bbox 2120 564 3771 640; baseline -0.001 -17"><span class='ocrx_word' id='word_1_242' title='bbox 2120 584 2301 639; x_wconf 89' lang='lat' dir='ltr'>quam</span> <span class='ocrx_word' id='word_1_243' title='bbox 2331 585 2399 623; x_wconf 84' lang='lat' dir='ltr'>ex</span> <span class='ocrx_word' id='word_1_244' title='bbox 2432 567 2705 640; x_wconf 86' lang='lat' dir='ltr'>gentibus</span> <span class='ocrx_word' id='word_1_245' title='bbox 2736 566 3067 623; x_wconf 86' lang='lat' dir='ltr'>credidistis</span> <span class='ocrx_word' id='word_1_246' title='bbox 3088 566 3116 622; x_wconf 83' lang='lat'><strong>?</strong></span> <span class='ocrx_word' id='word_1_247' title='bbox 3147 566 3310 632; x_wconf 89' lang='lat' dir='ltr'>Quod</span> <span class='ocrx_word' id='word_1_248' title='bbox 3343 566 3392 622; x_wconf 92' lang='lat' dir='ltr'>si</span> <span class='ocrx_word' id='word_1_249' title='bbox 3423 564 3626 638; x_wconf 88' lang='lat' dir='ltr'>negari</span> <span class='ocrx_word' id='word_1_250' title='bbox 3650 580 3771 621; x_wconf 90' lang='lat' dir='ltr'>non</span> 
     </span>
    </p>
   </div>
   <div class='ocr_carea' id='block_1_35' title="bbox 2116 653 3770 729">
    <p class='ocr_par' dir='ltr' id='par_1_35' title="bbox 2116 653 3770 729">
     <span class='ocr_line' id='line_1_35' title="bbox 2116 653 3770 729; baseline -0.001 -17"><span class='ocrx_word' id='word_1_251' title='bbox 2116 660 2327 729; x_wconf 89' lang='lat' dir='ltr'>potest.</span> <span class='ocrx_word' id='word_1_252' title='bbox 2362 656 2644 728; x_wconf 89' lang='lat' dir='ltr'>Spiritum</span> <span class='ocrx_word' id='word_1_253' title='bbox 2675 660 2946 713; x_wconf 90' lang='lat' dir='ltr'>sanctum</span> <span class='ocrx_word' id='word_1_254' title='bbox 2977 660 3033 711; x_wconf 91' lang='lat' dir='ltr'>et</span> <span class='ocrx_word' id='word_1_255' title='bbox 3060 655 3325 722; x_wconf 89' lang='lat' dir='ltr'>virtutes,</span> <span class='ocrx_word' id='word_1_256' title='bbox 3362 671 3489 726; x_wconf 64' lang='lat' dir='ltr'>quae</span> <span class='ocrx_word' id='word_1_257' title='bbox 3519 655 3580 709; x_wconf 94' lang='lat' dir='ltr'>in</span> <span class='ocrx_word' id='word_1_258' title='bbox 3614 653 3770 727; x_wconf 82' lang='lat' dir='ltr'>prin-</span> 
     </span>
    </p>
   </div>
   <div class='ocr_carea' id='block_1_36' title="bbox 2117 744 3767 817">
    <p class='ocr_par' dir='ltr' id='par_1_36' title="bbox 2117 744 3767 817">
     <span class='ocr_line' id='line_1_36' title="bbox 2117 744 3767 817; baseline -0.001 -17"><span class='ocrx_word' id='word_1_259' title='bbox 2117 744 2266 817; x_wconf 90' lang='lat' dir='ltr'>cipio</span> <span class='ocrx_word' id='word_1_260' title='bbox 2300 746 2433 801; x_wconf 89' lang='lat' dir='ltr'>ﬁdei</span> <span class='ocrx_word' id='word_1_261' title='bbox 2460 749 2760 816; x_wconf 88' lang='lat' dir='ltr'>acceptum</span> <span class='ocrx_word' id='word_1_262' title='bbox 2792 745 3076 817; x_wconf 90' lang='lat' dir='ltr'>Spiritum</span> <span class='ocrx_word' id='word_1_263' title='bbox 3108 744 3531 815; x_wconf 88' lang='lat' dir='ltr'>sequebantur,</span> <span class='ocrx_word' id='word_1_264' title='bbox 3554 759 3670 799; x_wconf 93' lang='lat' dir='ltr'>non</span> <span class='ocrx_word' id='word_1_265' title='bbox 3695 760 3767 799; x_wconf 84' lang='lat' dir='ltr'>ex</span> 
     </span>
    </p>
   </div>
   <div class='ocr_carea' id='block_1_37' title="bbox 2115 832 3767 907">
    <p class='ocr_par' dir='ltr' id='par_1_37' title="bbox 2115 832 3767 907">
     <span class='ocr_line' id='line_1_37' title="bbox 2115 832 3767 907; baseline -0.001 -17"><span class='ocrx_word' id='word_1_266' title='bbox 2115 834 2390 906; x_wconf 89' lang='lat' dir='ltr'>operibus</span> <span class='ocrx_word' id='word_1_267' title='bbox 2420 834 2587 907; x_wconf 87' lang='lat' dir='ltr'>legis,</span> <span class='ocrx_word' id='word_1_268' title='bbox 2629 834 2729 889; x_wconf 91' lang='lat' dir='ltr'>sed</span> <span class='ocrx_word' id='word_1_269' title='bbox 2762 850 2829 889; x_wconf 82' lang='lat' dir='ltr'>ex</span> <span class='ocrx_word' id='word_1_270' title='bbox 2863 834 2974 888; x_wconf 90' lang='lat' dir='ltr'>ﬁde</span> <span class='ocrx_word' id='word_1_271' title='bbox 3019 832 3234 889; x_wconf 89' lang='lat' dir='ltr'>Christi</span> <span class='ocrx_word' id='word_1_272' title='bbox 3282 833 3470 900; x_wconf 87' lang='lat' dir='ltr'>datas,</span> <span class='ocrx_word' id='word_1_273' title='bbox 3524 832 3767 889; x_wconf 81' lang='lat' dir='ltr'>manife-</span> 
     </span>
    </p>
   </div>
   <div class='ocr_carea' id='block_1_38' title="bbox 2114 921 3763 993">
    <p class='ocr_par' dir='ltr' id='par_1_38' title="bbox 2114 921 3763 993">
     <span class='ocr_line' id='line_1_38' title="bbox 2114 921 3763 993; baseline -0.001 -14"><span class='ocrx_word' id='word_1_274' title='bbox 2114 929 2271 979; x_wconf 90' lang='lat' dir='ltr'>stum</span> <span class='ocrx_word' id='word_1_275' title='bbox 2302 927 2410 990; x_wconf 90' lang='lat' dir='ltr'>est,</span> <span class='ocrx_word' id='word_1_276' title='bbox 2437 940 2537 978; x_wconf 90' lang='lat' dir='ltr'>vos</span> <span class='ocrx_word' id='word_1_277' title='bbox 2559 940 2593 978; x_wconf 90' lang='lat' dir='ltr'>a</span> <span class='ocrx_word' id='word_1_278' title='bbox 2614 922 2955 979; x_wconf 88' lang='lat' dir='ltr'>melioribus</span> <span class='ocrx_word' id='word_1_279' title='bbox 2984 938 3221 978; x_wconf 85' lang='lat' dir='ltr'>exorsos</span> <span class='ocrx_word' id='word_1_280' title='bbox 3267 921 3374 993; x_wconf 79' lang='grc' dir='ltr'>[Αἰ.</span> <span class='ocrx_word' id='word_1_281' title='bbox 3407 921 3660 993; x_wconf 86' lang='lat' dir='ltr'>exesos],</span> <span class='ocrx_word' id='word_1_282' title='bbox 3699 921 3763 977; x_wconf 90' lang='lat' dir='ltr'>in</span> 
     </span>
    </p>
   </div>
   <div class='ocr_carea' id='block_1_39' title="bbox 2112 1009 3760 1085">
    <p class='ocr_par' dir='ltr' id='par_1_39' title="bbox 2112 1009 3760 1085">
     <span class='ocr_line' id='line_1_39' title="bbox 2112 1009 3760 1085; baseline -0.001 -18"><span class='ocrx_word' id='word_1_283' title='bbox 2112 1013 2311 1085; x_wconf 85' lang='lat' dir='ltr'>pejora</span> <span class='ocrx_word' id='word_1_284' title='bbox 2349 1029 2635 1068; x_wconf 87' lang='lat' dir='ltr'>corruere.</span> <span class='ocrx_word' id='word_1_285' title='bbox 2689 1011 3137 1067; x_wconf 89' lang='lat' dir='ltr'>Consideremus</span> <span class='ocrx_word' id='word_1_286' title='bbox 3185 1015 3381 1067; x_wconf 87' lang='lat' dir='ltr'>autem</span> <span class='ocrx_word' id='word_1_287' title='bbox 3430 1009 3760 1082; x_wconf 87' lang='lat' dir='ltr'>diligenter,</span> 
     </span>
    </p>
   </div>
   <div class='ocr_carea' id='block_1_40' title="bbox 2111 1100 3764 1172">
    <p class='ocr_par' dir='ltr' id='par_1_40' title="bbox 2111 1100 3764 1172">
     <span class='ocr_line' id='line_1_40' title="bbox 2111 1100 3764 1172; baseline 0.001 -18"><span class='ocrx_word' id='word_1_288' title='bbox 2111 1101 2252 1172; x_wconf 89' lang='lat' dir='ltr'>quia</span> <span class='ocrx_word' id='word_1_289' title='bbox 2280 1119 2395 1157; x_wconf 92' lang='lat' dir='ltr'>non</span> <span class='ocrx_word' id='word_1_290' title='bbox 2454 1101 2688 1157; x_wconf 81' lang='lat' dir='ltr'>dixerit:</span> <span class='ocrx_word' id='word_1_291' title='bbox 2755 1102 2882 1158; x_wconf 77' lang='lat' dir='ltr'>Volo</span> <span class='ocrx_word' id='word_1_292' title='bbox 2910 1118 2945 1155; x_wconf 90' lang='lat' dir='ltr'>a</span> <span class='ocrx_word' id='word_1_293' title='bbox 2988 1101 3138 1156; x_wconf 86' lang='lat' dir='ltr'>vobis</span> <span class='ocrx_word' id='word_1_294' title='bbox 3183 1100 3391 1157; x_wconf 84' lang='lat' dir='ltr'>discere</span> <span class='ocrx_word' id='word_1_295' title='bbox 3440 1103 3635 1156; x_wconf 87' lang='lat' dir='ltr'>utrum</span> <span class='ocrx_word' id='word_1_296' title='bbox 3692 1115 3764 1155; x_wconf 76' lang='lat' dir='ltr'>ea:</span> 
     </span>
    </p>
   </div>
   <div class='ocr_carea' id='block_1_41' title="bbox 2109 1188 3754 1262">
    <p class='ocr_par' dir='ltr' id='par_1_41' title="bbox 2109 1188 3754 1262">
     <span class='ocr_line' id='line_1_41' title="bbox 2109 1188 3754 1262; baseline -0.001 -16"><span class='ocrx_word' id='word_1_297' title='bbox 2109 1192 2362 1262; x_wconf 75' lang='lat' dir='ltr'>operibus</span> <span class='ocrx_word' id='word_1_298' title='bbox 2390 1191 2657 1262; x_wconf 80' lang='lat' dir='ltr'>Spiritum</span> <span class='ocrx_word' id='word_1_299' title='bbox 2690 1191 3016 1262; x_wconf 83' lang='lat' dir='ltr'>accepistis;</span> <span class='ocrx_word' id='word_1_300' title='bbox 3042 1190 3143 1245; x_wconf 89' lang='lat' dir='ltr'>sed</span> <span class='ocrx_word' id='word_1_301' title='bbox 3174 1188 3471 1260; x_wconf 87' lang='lat' dir='ltr'>adjecerit,</span> <span class='ocrx_word' id='word_1_302' title='bbox 3495 1205 3566 1245; x_wconf 78' lang='lat' dir='ltr'>ea:</span> <span class='ocrx_word' id='word_1_303' title='bbox 3600 1188 3754 1244; x_wconf 75' lang='lat'>419</span> 
     </span>
    </p>
   </div>
   <div class='ocr_carea' id='block_1_42' title="bbox 2108 1276 3761 1351">
    <p class='ocr_par' dir='ltr' id='par_1_42' title="bbox 2108 1276 3761 1351">
     <span class='ocr_line' id='line_1_42' title="bbox 2108 1276 3761 1351; baseline -0.001 -17"><span class='ocrx_word' id='word_1_304' title='bbox 2108 1281 2361 1351; x_wconf 80' lang='lat' dir='ltr'>operibus</span> <span class='ocrx_word' id='word_1_305' title='bbox 2392 1279 2542 1350; x_wconf 80' lang='lat' dir='ltr'>tegis.</span> <span class='ocrx_word' id='word_1_306' title='bbox 2566 1278 2796 1334; x_wconf 89' lang='lat' dir='ltr'>Sciebat</span> <span class='ocrx_word' id='word_1_307' title='bbox 2826 1277 2982 1334; x_wconf 91' lang='lat' dir='ltr'>enim</span> <span class='ocrx_word' id='word_1_308' title='bbox 3013 1282 3070 1334; x_wconf 92' lang='lat' dir='ltr'>et</span> <span class='ocrx_word' id='word_1_309' title='bbox 3099 1276 3430 1334; x_wconf 90' lang='lat' dir='ltr'>Cornelium</span> <span class='ocrx_word' id='word_1_310' title='bbox 3466 1276 3761 1333; x_wconf 89' lang='lat' dir='ltr'>centurio-</span> 
     </span>
    </p>
   </div>
   <div class='ocr_carea' id='block_1_43' title="bbox 2107 1366 3758 1439">
    <p class='ocr_par' dir='ltr' id='par_1_43' title="bbox 2107 1366 3758 1439">
     <span class='ocr_line' id='line_1_43' title="bbox 2107 1366 3758 1439; baseline -0.001 -18"><span class='ocrx_word' id='word_1_311' title='bbox 2107 1383 2240 1423; x_wconf 90' lang='lat' dir='ltr'>nem</span> <span class='ocrx_word' id='word_1_312' title='bbox 2263 1367 2547 1439; x_wconf 90' lang='lat' dir='ltr'>Spiritum</span> <span class='ocrx_word' id='word_1_313' title='bbox 2575 1383 2644 1422; x_wconf 86' lang='lat' dir='ltr'>ex</span> <span class='ocrx_word' id='word_1_314' title='bbox 2672 1367 2946 1438; x_wconf 87' lang='lat' dir='ltr'>operibus</span> <span class='ocrx_word' id='word_1_315' title='bbox 2975 1366 3270 1439; x_wconf 88' lang='lat' dir='ltr'>accepisse</span> <span class='ocrx_word' id='word_1_316' title='bbox 3321 1368 3459 1439; x_wconf 73' lang='lat' dir='ltr'>(Act.</span> <span class='ocrx_word' id='word_1_317' title='bbox 3511 1383 3569 1433; x_wconf 86' lang='lat' dir='ltr'>x,</span> <span class='ocrx_word' id='word_1_318' title='bbox 3619 1366 3709 1437; x_wconf 83' lang='grc'>47)</span> <span class='ocrx_word' id='word_1_319' title='bbox 3744 1383 3758 1434; x_wconf 90' lang='lat'>;</span> 
     </span>
    </p>
   </div>
   <div class='ocr_carea' id='block_1_44' title="bbox 2106 1453 3750 1529">
    <p class='ocr_par' dir='ltr' id='par_1_44' title="bbox 2106 1453 3750 1529">
     <span class='ocr_line' id='line_1_44' title="bbox 2106 1453 3750 1529; baseline -0.002 -18"><span class='ocrx_word' id='word_1_320' title='bbox 2106 1456 2205 1512; x_wconf 91' lang='lat' dir='ltr'>sed</span> <span class='ocrx_word' id='word_1_321' title='bbox 2256 1473 2372 1512; x_wconf 92' lang='lat' dir='ltr'>non</span> <span class='ocrx_word' id='word_1_322' title='bbox 2400 1473 2470 1512; x_wconf 83' lang='lat' dir='ltr'>ex</span> <span class='ocrx_word' id='word_1_323' title='bbox 2511 1456 2786 1529; x_wconf 89' lang='lat' dir='ltr'>operibus</span> <span class='ocrx_word' id='word_1_324' title='bbox 2832 1455 3019 1529; x_wconf 89' lang='lat' dir='ltr'>Legis,</span> <span class='ocrx_word' id='word_1_325' title='bbox 3070 1471 3248 1527; x_wconf 90' lang='lat' dir='ltr'>quam</span> <span class='ocrx_word' id='word_1_326' title='bbox 3305 1454 3639 1511; x_wconf 88' lang='lat' dir='ltr'>nesciebat.</span> <span class='ocrx_word' id='word_1_327' title='bbox 3689 1453 3750 1509; x_wconf 88' lang='lat' dir='ltr'>Si</span> 
     </span>
    </p>
   </div>
   <div class='ocr_carea' id='block_1_45' title="bbox 2105 1542 3753 1617">
    <p class='ocr_par' dir='ltr' id='par_1_45' title="bbox 2105 1542 3753 1617">
     <span class='ocr_line' id='line_1_45' title="bbox 2105 1542 3753 1617; baseline -0.002 -16"><span class='ocrx_word' id='word_1_328' title='bbox 2105 1549 2301 1601; x_wconf 87' lang='lat' dir='ltr'>autem</span> <span class='ocrx_word' id='word_1_329' title='bbox 2324 1545 2649 1601; x_wconf 90' lang='lat' dir='ltr'>econtrario</span> <span class='ocrx_word' id='word_1_330' title='bbox 2696 1545 2928 1616; x_wconf 91' lang='lat' dir='ltr'>dicitur,</span> <span class='ocrx_word' id='word_1_331' title='bbox 2977 1561 3113 1617; x_wconf 88' lang='lat' dir='ltr'>ergo</span> <span class='ocrx_word' id='word_1_332' title='bbox 3162 1549 3220 1600; x_wconf 91' lang='lat' dir='ltr'>et</span> <span class='ocrx_word' id='word_1_333' title='bbox 3267 1543 3392 1600; x_wconf 91' lang='lat' dir='ltr'>sine</span> <span class='ocrx_word' id='word_1_334' title='bbox 3440 1542 3753 1599; x_wconf 89' lang='lat' dir='ltr'>auditione</span> 
     </span>
    </p>
   </div>
   <div class='ocr_carea' id='block_1_46' title="bbox 2103 1632 3756 1708">
    <p class='ocr_par' dir='ltr' id='par_1_46' title="bbox 2103 1632 3756 1708">
     <span class='ocr_line' id='line_1_46' title="bbox 2103 1632 3756 1708; baseline -0.001 -19"><span class='ocrx_word' id='word_1_335' title='bbox 2103 1634 2239 1690; x_wconf 87' lang='lat' dir='ltr'>ﬁdei</span> <span class='ocrx_word' id='word_1_336' title='bbox 2272 1635 2455 1708; x_wconf 87' lang='lat' dir='ltr'>accipi</span> <span class='ocrx_word' id='word_1_337' title='bbox 2487 1635 2737 1707; x_wconf 90' lang='lat' dir='ltr'>Spiritus</span> <span class='ocrx_word' id='word_1_338' title='bbox 2760 1638 2971 1708; x_wconf 88' lang='lat' dir='ltr'>potest,</span> <span class='ocrx_word' id='word_1_339' title='bbox 2989 1650 3107 1690; x_wconf 92' lang='lat' dir='ltr'>non</span> <span class='ocrx_word' id='word_1_340' title='bbox 3124 1632 3634 1705; x_wconf 87' lang='lat' dir='ltr'>respondebimus,</span> <span class='ocrx_word' id='word_1_341' title='bbox 3661 1647 3756 1687; x_wconf 85' lang='lat' dir='ltr'>ac-</span> 
     </span>
    </p>
   </div>
   <div class='ocr_carea' id='block_1_47' title="bbox 2102 1718 3749 1797">
    <p class='ocr_par' dir='ltr' id='par_1_47' title="bbox 2102 1718 3749 1797">
     <span class='ocr_line' id='line_1_47' title="bbox 2102 1718 3749 1797; baseline -0.002 -19"><span class='ocrx_word' id='word_1_342' title='bbox 2102 1724 2325 1795; x_wconf 90' lang='lat' dir='ltr'>cepisse</span> <span class='ocrx_word' id='word_1_343' title='bbox 2347 1724 2584 1796; x_wconf 89' lang='lat' dir='ltr'>quidem</span> <span class='ocrx_word' id='word_1_344' title='bbox 2615 1740 2750 1780; x_wconf 93' lang='lat' dir='ltr'>eum</span> <span class='ocrx_word' id='word_1_345' title='bbox 2785 1724 3095 1797; x_wconf 88' lang='lat' dir='ltr'>Spiritum,</span> <span class='ocrx_word' id='word_1_346' title='bbox 3124 1724 3224 1779; x_wconf 92' lang='lat' dir='ltr'>sed</span> <span class='ocrx_word' id='word_1_347' title='bbox 3255 1738 3324 1778; x_wconf 86' lang='lat' dir='ltr'>ex</span> <span class='ocrx_word' id='word_1_348' title='bbox 3355 1721 3557 1777; x_wconf 84' lang='lat' dir='ltr'>auditu</span> <span class='ocrx_word' id='word_1_349' title='bbox 3589 1718 3749 1788; x_wconf 89' lang='lat' dir='ltr'>ﬁdei,</span> 
     </span>
    </p>
   </div>
   <div class='ocr_carea' id='block_1_48' title="bbox 2102 1808 3749 1885">
    <p class='ocr_par' dir='ltr' id='par_1_48' title="bbox 2102 1808 3749 1885">
     <span class='ocr_line' id='line_1_48' title="bbox 2102 1808 3749 1885; baseline -0.002 -18"><span class='ocrx_word' id='word_1_350' title='bbox 2102 1816 2159 1867; x_wconf 89' lang='lat' dir='ltr'>et</span> <span class='ocrx_word' id='word_1_351' title='bbox 2177 1812 2430 1868; x_wconf 86' lang='lat' dir='ltr'>naturali</span> <span class='ocrx_word' id='word_1_352' title='bbox 2457 1813 2584 1885; x_wconf 83' lang='lat' dir='ltr'>lege</span> <span class='ocrx_word' id='word_1_353' title='bbox 2604 1815 2645 1880; x_wconf 62' lang='lat'>2,</span> <span class='ocrx_word' id='word_1_354' title='bbox 2677 1830 2804 1885; x_wconf 74' lang='lat' dir='ltr'>quae</span> <span class='ocrx_word' id='word_1_355' title='bbox 2836 1811 3100 1884; x_wconf 90' lang='lat' dir='ltr'>loquitur</span> <span class='ocrx_word' id='word_1_356' title='bbox 3119 1810 3179 1866; x_wconf 91' lang='lat' dir='ltr'>in</span> <span class='ocrx_word' id='word_1_357' title='bbox 3210 1811 3486 1867; x_wconf 91' lang='lat' dir='ltr'>cordibus</span> <span class='ocrx_word' id='word_1_358' title='bbox 3508 1808 3749 1880; x_wconf 89' lang='lat' dir='ltr'>nostris,</span> 
     </span>
    </p>
   </div>
   <div class='ocr_carea' id='block_1_49' title="bbox 2099 1899 3746 1973">
    <p class='ocr_par' dir='ltr' id='par_1_49' title="bbox 2099 1899 3746 1973">
     <span class='ocr_line' id='line_1_49' title="bbox 2099 1899 3746 1973; baseline -0.001 -18"><span class='ocrx_word' id='word_1_359' title='bbox 2099 1900 2253 1956; x_wconf 91' lang='lat' dir='ltr'>bona</span> <span class='ocrx_word' id='word_1_360' title='bbox 2281 1918 2526 1973; x_wconf 61' lang='lat' dir='ltr'>quisque</span> <span class='ocrx_word' id='word_1_361' title='bbox 2555 1901 2843 1967; x_wconf 87' lang='lat' dir='ltr'>facienda,</span> <span class='ocrx_word' id='word_1_362' title='bbox 2877 1906 2933 1957; x_wconf 92' lang='lat' dir='ltr'>et</span> <span class='ocrx_word' id='word_1_363' title='bbox 2952 1902 3188 1956; x_wconf 90' lang='lat' dir='ltr'>vitanda</span> <span class='ocrx_word' id='word_1_364' title='bbox 3218 1899 3401 1956; x_wconf 87' lang='lat' dir='ltr'>mala:</span> <span class='ocrx_word' id='word_1_365' title='bbox 3434 1915 3536 1970; x_wconf 88' lang='lat' dir='ltr'>per</span> <span class='ocrx_word' id='word_1_366' title='bbox 3566 1914 3746 1970; x_wconf 89' lang='lat' dir='ltr'>quam</span> 
     </span>
    </p>
   </div>
   <div class='ocr_carea' id='block_1_50' title="bbox 2098 1990 3743 2062">
    <p class='ocr_par' dir='ltr' id='par_1_50' title="bbox 2098 1990 3743 2062">
     <span class='ocr_line' id='line_1_50' title="bbox 2098 1990 3743 2062; baseline -0.004 -16"><span class='ocrx_word' id='word_1_367' title='bbox 2098 1990 2323 2046; x_wconf 90' lang='lat' dir='ltr'>dudum</span> <span class='ocrx_word' id='word_1_368' title='bbox 2373 2008 2606 2062; x_wconf 88' lang='lat' dir='ltr'>quoque</span> <span class='ocrx_word' id='word_1_369' title='bbox 2666 1991 2982 2057; x_wconf 86' lang='lat' dir='ltr'>Abraham,</span> <span class='ocrx_word' id='word_1_370' title='bbox 3053 1990 3309 2062; x_wconf 85' lang='lat' dir='ltr'>Moysen,</span> <span class='ocrx_word' id='word_1_371' title='bbox 3397 1991 3454 2043; x_wconf 90' lang='lat' dir='ltr'>et</span> <span class='ocrx_word' id='word_1_372' title='bbox 3506 1992 3743 2042; x_wconf 72' lang='lat' dir='ltr'>caeteros</span> 
     </span>
    </p>
   </div>
   <div class='ocr_carea' id='block_1_51' title="bbox 2096 2074 3743 2150">
    <p class='ocr_par' dir='ltr' id='par_1_51' title="bbox 2096 2074 3743 2150">
     <span class='ocr_line' id='line_1_51' title="bbox 2096 2074 3743 2150; baseline -0.004 -16"><span class='ocrx_word' id='word_1_373' title='bbox 2096 2084 2328 2135; x_wconf 89' lang='lat' dir='ltr'>sanctos</span> <span class='ocrx_word' id='word_1_374' title='bbox 2343 2081 2699 2150; x_wconf 82' lang='lat' dir='ltr'>justiﬁcatos</span> <span class='ocrx_word' id='word_1_375' title='bbox 2730 2079 3059 2146; x_wconf 88' lang='lat' dir='ltr'>retulimus,</span> <span class='ocrx_word' id='word_1_376' title='bbox 3094 2094 3272 2150; x_wconf 88' lang='lat' dir='ltr'>quam</span> <span class='ocrx_word' id='word_1_377' title='bbox 3311 2092 3523 2150; x_wconf 89' lang='lat' dir='ltr'>augere</span> <span class='ocrx_word' id='word_1_378' title='bbox 3573 2074 3743 2130; x_wconf 88' lang='lat' dir='ltr'>dein-</span> 
     </span>
    </p>
   </div>
   <div class='ocr_carea' id='block_1_52' title="bbox 2097 2163 3744 2242">
    <p class='ocr_par' dir='ltr' id='par_1_52' title="bbox 2097 2163 3744 2242">
     <span class='ocr_line' id='line_1_52' title="bbox 2097 2163 3744 2242; baseline -0.003 -19"><span class='ocrx_word' id='word_1_379' title='bbox 2097 2185 2232 2240; x_wconf 89' lang='lat' dir='ltr'>ceps</span> <span class='ocrx_word' id='word_1_380' title='bbox 2264 2173 2457 2241; x_wconf 84' lang='lat' dir='ltr'>potest</span> <span class='ocrx_word' id='word_1_381' title='bbox 2484 2186 2724 2242; x_wconf 91' lang='lat' dir='ltr'>operum</span> <span class='ocrx_word' id='word_1_382' title='bbox 2757 2168 3105 2235; x_wconf 90' lang='lat' dir='ltr'>observatio,</span> <span class='ocrx_word' id='word_1_383' title='bbox 3138 2167 3400 2240; x_wconf 91' lang='lat' dir='ltr'>legisque</span> <span class='ocrx_word' id='word_1_384' title='bbox 3455 2166 3564 2237; x_wconf 80' lang='lat' dir='ltr'>(At.</span> <span class='ocrx_word' id='word_1_385' title='bbox 3595 2163 3744 2236; x_wconf 88' lang='lat' dir='ltr'>legis</span> 
     </span>
    </p>
   </div>
   <div class='ocr_carea' id='block_1_53' title="bbox 2096 2254 3737 2329">
    <p class='ocr_par' dir='ltr' id='par_1_53' title="bbox 2096 2254 3737 2329">
     <span class='ocr_line' id='line_1_53' title="bbox 2096 2254 3737 2329; baseline -0.004 -16"><span class='ocrx_word' id='word_1_386' title='bbox 2096 2262 2350 2329; x_wconf 90' lang='lat' dir='ltr'>quoque)</span> <span class='ocrx_word' id='word_1_387' title='bbox 2378 2259 2636 2329; x_wconf 80' lang='lat' dir='ltr'>iustitia:</span> <span class='ocrx_word' id='word_1_388' title='bbox 2670 2275 2787 2312; x_wconf 90' lang='lat' dir='ltr'>non</span> <span class='ocrx_word' id='word_1_389' title='bbox 2846 2262 3040 2313; x_wconf 90' lang='lat' dir='ltr'>tamen</span> <span class='ocrx_word' id='word_1_390' title='bbox 3089 2256 3344 2312; x_wconf 82' lang='lat' dir='ltr'>carnalis</span> <span class='ocrx_word' id='word_1_391' title='bbox 3391 2254 3559 2327; x_wconf 88' lang='lat' dir='ltr'>legis,</span> <span class='ocrx_word' id='word_1_392' title='bbox 3610 2268 3737 2325; x_wconf 66' lang='lat' dir='ltr'>qua</span> 
     </span>
    </p>
   </div>
   <div class='ocr_carea' id='block_1_54' title="bbox 2095 2343 3740 2420">
    <p class='ocr_par' dir='ltr' id='par_1_54' title="bbox 2095 2343 3740 2420">
     <span class='ocr_line' id='line_1_54' title="bbox 2095 2343 3740 2420; baseline -0.002 -18"><span class='ocrx_word' id='word_1_393' title='bbox 2095 2346 2389 2420; x_wconf 64' lang='lat' dir='ltr'>praeteriit,</span> <span class='ocrx_word' id='word_1_394' title='bbox 2422 2349 2523 2403; x_wconf 88' lang='lat' dir='ltr'>sed</span> <span class='ocrx_word' id='word_1_395' title='bbox 2556 2346 2899 2419; x_wconf 89' lang='lat' dir='ltr'>spiritualis,</span> <span class='ocrx_word' id='word_1_396' title='bbox 2950 2346 3089 2419; x_wconf 90' lang='lat' dir='ltr'>quia</span> <span class='ocrx_word' id='word_1_397' title='bbox 3139 2346 3230 2400; x_wconf 85' lang='lat' dir='ltr'>lex</span> <span class='ocrx_word' id='word_1_398' title='bbox 3278 2343 3600 2418; x_wconf 90' lang='lat' dir='ltr'>spiritualis</span> <span class='ocrx_word' id='word_1_399' title='bbox 3650 2348 3740 2400; x_wconf 90' lang='lat' dir='ltr'>est</span> 
     </span>
    </p>
   </div>
   <div class='ocr_carea' id='block_1_55' title="bbox 2094 2433 3742 2509">
    <p class='ocr_par' dir='ltr' id='par_1_55' title="bbox 2094 2433 3742 2509">
     <span class='ocr_line' id='line_1_55' title="bbox 2094 2433 3742 2509; baseline -0.003 -16"><span class='ocrx_word' id='word_1_400' title='bbox 2094 2438 2272 2509; x_wconf 88' lang='lat' dir='ltr'>(Rom.</span> <span class='ocrx_word' id='word_1_401' title='bbox 2304 2454 2402 2503; x_wconf 81' lang='lat' dir='ltr'>vn,</span> <span class='ocrx_word' id='word_1_402' title='bbox 2438 2438 2548 2508; x_wconf 81' lang='grc'>14).</span> <span class='ocrx_word' id='word_1_403' title='bbox 2576 2437 2774 2508; x_wconf 90' lang='lat' dir='ltr'>Neque</span> <span class='ocrx_word' id='word_1_404' title='bbox 2794 2452 2948 2502; x_wconf 90' lang='lat' dir='ltr'>vero,</span> <span class='ocrx_word' id='word_1_405' title='bbox 2979 2436 3114 2508; x_wconf 87' lang='lat' dir='ltr'>quia</span> <span class='ocrx_word' id='word_1_406' title='bbox 3136 2436 3308 2491; x_wconf 87' lang='lat' dir='ltr'>ﬁdem</span> <span class='ocrx_word' id='word_1_407' title='bbox 3356 2433 3742 2507; x_wconf 60' lang='lat' dir='ltr'>praeferimus.</span> 
     </span>
    </p>
   </div>
   <div class='ocr_carea' id='block_1_56' title="bbox 2092 2523 3745 2599">
    <p class='ocr_par' dir='ltr' id='par_1_56' title="bbox 2092 2523 3745 2599">
     <span class='ocr_line' id='line_1_56' title="bbox 2092 2523 3745 2599; baseline -0.002 -17"><span class='ocrx_word' id='word_1_408' title='bbox 2092 2526 2260 2599; x_wconf 86' lang='lat' dir='ltr'>Legis</span> <span class='ocrx_word' id='word_1_409' title='bbox 2292 2543 2466 2598; x_wconf 88' lang='lat' dir='ltr'>opera</span> <span class='ocrx_word' id='word_1_410' title='bbox 2513 2526 2874 2581; x_wconf 89' lang='lat' dir='ltr'>destruimus</span> <span class='ocrx_word' id='word_1_411' title='bbox 2921 2526 3097 2598; x_wconf 89' lang='lat' dir='ltr'>(Rom.</span> <span class='ocrx_word' id='word_1_412' title='bbox 3154 2543 3236 2595; x_wconf 81' lang='lat' dir='ltr'>III,</span> <span class='ocrx_word' id='word_1_413' title='bbox 3286 2524 3398 2597; x_wconf 82' lang='lat' dir='ltr'>3i),</span> <span class='ocrx_word' id='word_1_414' title='bbox 3447 2540 3553 2580; x_wconf 92' lang='lat' dir='ltr'>nec</span> <span class='ocrx_word' id='word_1_415' title='bbox 3600 2523 3745 2579; x_wconf 91' lang='lat' dir='ltr'>dici-</span> 
     </span>
    </p>
   </div>
   <div class='ocr_carea' id='block_1_57' title="bbox 2093 2612 3743 2687">
    <p class='ocr_par' dir='ltr' id='par_1_57' title="bbox 2093 2612 3743 2687">
     <span class='ocr_line' id='line_1_57' title="bbox 2093 2612 3743 2687; baseline -0.001 -16"><span class='ocrx_word' id='word_1_416' title='bbox 2093 2632 2226 2671; x_wconf 91' lang='lat' dir='ltr'>mus</span> <span class='ocrx_word' id='word_1_417' title='bbox 2269 2616 2594 2671; x_wconf 91' lang='lat' dir='ltr'>secundum</span> <span class='ocrx_word' id='word_1_418' title='bbox 2644 2616 2962 2687; x_wconf 91' lang='lat' dir='ltr'>quosdam:</span> <span class='ocrx_word' id='word_1_419' title='bbox 3012 2615 3298 2671; x_wconf 84' lang='lat' dir='ltr'>Faciamus</span> <span class='ocrx_word' id='word_1_420' title='bbox 3347 2614 3520 2684; x_wconf 85' lang='lat' dir='ltr'>mata,</span> <span class='ocrx_word' id='word_1_421' title='bbox 3570 2612 3743 2669; x_wconf 85' lang='lat' dir='ltr'>donec</span> 
     </span>
    </p>
   </div>
   <div class='ocr_carea' id='block_1_58' title="bbox 2090 2702 3743 2776">
    <p class='ocr_par' dir='ltr' id='par_1_58' title="bbox 2090 2702 3743 2776">
     <span class='ocr_line' id='line_1_58' title="bbox 2090 2702 3743 2776; baseline -0.002 -17"><span class='ocrx_word' id='word_1_422' title='bbox 2090 2708 2320 2760; x_wconf 84' lang='lat' dir='ltr'>veniant</span> <span class='ocrx_word' id='word_1_423' title='bbox 2344 2706 2503 2773; x_wconf 82' lang='lat' dir='ltr'>bona,</span> <span class='ocrx_word' id='word_1_424' title='bbox 2538 2721 2765 2776; x_wconf 83' lang='lat' dir='ltr'>quorum</span> <span class='ocrx_word' id='word_1_425' title='bbox 2809 2704 3090 2760; x_wconf 82' lang='lat' dir='ltr'>damnatio</span> <span class='ocrx_word' id='word_1_426' title='bbox 3127 2705 3285 2775; x_wconf 78' lang='lat' dir='ltr'>justo</span> <span class='ocrx_word' id='word_1_427' title='bbox 3332 2709 3414 2759; x_wconf 84' lang='lat' dir='ltr'>est</span> <span class='ocrx_word' id='word_1_428' title='bbox 3464 2702 3634 2775; x_wconf 86' lang='lat' dir='ltr'>(Ibid.</span> <span class='ocrx_word' id='word_1_429' title='bbox 3664 2702 3743 2774; x_wconf 89' lang='lat'>8),</span> 
     </span>
    </p>
   </div>
   <div class='ocr_carea' id='block_1_59' title="bbox 2091 2790 3733 2866">
    <p class='ocr_par' dir='ltr' id='par_1_59' title="bbox 2091 2790 3733 2866">
     <span class='ocr_line' id='line_1_59' title="bbox 2091 2790 3733 2866; baseline -0.003 -17"><span class='ocrx_word' id='word_1_430' title='bbox 2091 2795 2192 2849; x_wconf 92' lang='lat' dir='ltr'>sed</span> <span class='ocrx_word' id='word_1_431' title='bbox 2225 2794 2491 2849; x_wconf 88' lang='lat' dir='ltr'>servituti</span> <span class='ocrx_word' id='word_1_432' title='bbox 2522 2794 2773 2866; x_wconf 89' lang='lat' dir='ltr'>gratiam</span> <span class='ocrx_word' id='word_1_433' title='bbox 2841 2792 3276 2865; x_wconf 91' lang='lat' dir='ltr'>anteponimus.</span> <span class='ocrx_word' id='word_1_434' title='bbox 3326 2790 3733 2861; x_wconf 88' lang='lat' dir='ltr'>Dicimusque,</span> 
     </span>
    </p>
   </div>
   <div class='ocr_carea' id='block_1_60' title="bbox 2091 2878 3741 2955">
    <p class='ocr_par' dir='ltr' id='par_1_60' title="bbox 2091 2878 3741 2955">
     <span class='ocr_line' id='line_1_60' title="bbox 2091 2878 3741 2955; baseline -0.004 -17"><span class='ocrx_word' id='word_1_435' title='bbox 2091 2883 2245 2955; x_wconf 93' lang='lat' dir='ltr'>quod</span> <span class='ocrx_word' id='word_1_436' title='bbox 2277 2882 2464 2938; x_wconf 78' lang='lat' dir='ltr'>Judaei</span> <span class='ocrx_word' id='word_1_437' title='bbox 2494 2887 2731 2955; x_wconf 88' lang='lat' dir='ltr'>propter</span> <span class='ocrx_word' id='word_1_438' title='bbox 2760 2885 2983 2936; x_wconf 90' lang='lat' dir='ltr'>metum</span> <span class='ocrx_word' id='word_1_439' title='bbox 3034 2880 3275 2947; x_wconf 86' lang='lat' dir='ltr'>faciunt,</span> <span class='ocrx_word' id='word_1_440' title='bbox 3308 2878 3367 2934; x_wconf 94' lang='lat' dir='ltr'>id</span> <span class='ocrx_word' id='word_1_441' title='bbox 3398 2895 3505 2933; x_wconf 92' lang='lat' dir='ltr'>nos</span> <span class='ocrx_word' id='word_1_442' title='bbox 3552 2878 3741 2933; x_wconf 80' lang='lat' dir='ltr'>facere</span> 
     </span>
    </p>
   </div>
   <div class='ocr_carea' id='block_1_61' title="bbox 2089 2965 3722 3045">
    <p class='ocr_par' dir='ltr' id='par_1_61' title="bbox 2089 2965 3722 3045">
     <span class='ocr_line' id='line_1_61' title="bbox 2089 2965 3722 3045; baseline -0.005 -18"><span class='ocrx_word' id='word_1_443' title='bbox 2089 2976 2327 3045; x_wconf 87' lang='lat' dir='ltr'>propter</span> <span class='ocrx_word' id='word_1_444' title='bbox 2352 2972 2714 3027; x_wconf 86' lang='lat' dir='ltr'>charitatem.</span> <span class='ocrx_word' id='word_1_445' title='bbox 2766 2970 2903 3025; x_wconf 94' lang='lat' dir='ltr'>Illos</span> <span class='ocrx_word' id='word_1_446' title='bbox 2930 2986 3126 3025; x_wconf 91' lang='lat' dir='ltr'>servos</span> <span class='ocrx_word' id='word_1_447' title='bbox 3174 2984 3324 3035; x_wconf 90' lang='lat' dir='ltr'>esse,</span> <span class='ocrx_word' id='word_1_448' title='bbox 3376 2983 3483 3021; x_wconf 90' lang='lat' dir='ltr'>nos</span> <span class='ocrx_word' id='word_1_449' title='bbox 3532 2965 3722 3020; x_wconf 87' lang='lat' dir='ltr'>ﬁlios:</span> 
     </span>
    </p>
   </div>
   <div class='ocr_carea' id='block_1_62' title="bbox 2088 3054 3733 3133">
    <p class='ocr_par' dir='ltr' id='par_1_62' title="bbox 2088 3054 3733 3133">
     <span class='ocr_line' id='line_1_62' title="bbox 2088 3054 3733 3133; baseline -0.004 -17"><span class='ocrx_word' id='word_1_450' title='bbox 2088 3060 2223 3116; x_wconf 91' lang='lat' dir='ltr'>illos</span> <span class='ocrx_word' id='word_1_451' title='bbox 2253 3061 2381 3133; x_wconf 90' lang='lat' dir='ltr'>cogi</span> <span class='ocrx_word' id='word_1_452' title='bbox 2415 3061 2485 3115; x_wconf 90' lang='lat' dir='ltr'>ad</span> <span class='ocrx_word' id='word_1_453' title='bbox 2537 3061 2780 3130; x_wconf 87' lang='lat' dir='ltr'>bonum,</span> <span class='ocrx_word' id='word_1_454' title='bbox 2813 3075 2921 3114; x_wconf 92' lang='lat' dir='ltr'>nos</span> <span class='ocrx_word' id='word_1_455' title='bbox 2968 3059 3187 3113; x_wconf 92' lang='lat' dir='ltr'>bonum</span> <span class='ocrx_word' id='word_1_456' title='bbox 3235 3055 3554 3128; x_wconf 91' lang='lat' dir='ltr'>suscipere.</span> <span class='ocrx_word' id='word_1_457' title='bbox 3606 3054 3733 3110; x_wconf 90' lang='lat' dir='ltr'>Non</span> 
     </span>
    </p>
   </div>
   <div class='ocr_carea' id='block_1_63' title="bbox 2088 3140 3733 3221">
    <p class='ocr_par' dir='ltr' id='par_1_63' title="bbox 2088 3140 3733 3221">
     <span class='ocr_line' id='line_1_63' title="bbox 2088 3140 3733 3221; baseline -0.005 -18"><span class='ocrx_word' id='word_1_458' title='bbox 2088 3149 2273 3221; x_wconf 89' lang='lat' dir='ltr'>igitur</span> <span class='ocrx_word' id='word_1_459' title='bbox 2300 3165 2369 3203; x_wconf 86' lang='lat' dir='ltr'>ex</span> <span class='ocrx_word' id='word_1_460' title='bbox 2400 3149 2513 3203; x_wconf 90' lang='lat' dir='ltr'>ﬁde</span> <span class='ocrx_word' id='word_1_461' title='bbox 2540 3146 2756 3202; x_wconf 87' lang='lat' dir='ltr'>Christi</span> <span class='ocrx_word' id='word_1_462' title='bbox 2786 3145 3017 3201; x_wconf 87' lang='lat' dir='ltr'>licentia</span> <span class='ocrx_word' id='word_1_463' title='bbox 3048 3143 3312 3199; x_wconf 89' lang='lat' dir='ltr'>nascitur</span> <span class='ocrx_word' id='word_1_464' title='bbox 3331 3140 3733 3214; x_wconf 88' lang='lat' dir='ltr'>delinquendi;</span> 
     </span>
    </p>
   </div>
   <div class='ocr_carea' id='block_1_64' title="bbox 332 3226 3736 3307">
    <p class='ocr_par' dir='ltr' id='par_1_64' title="bbox 332 3226 3736 3307">
     <span class='ocr_line' id='line_1_64' title="bbox 332 3226 3736 3307; baseline -0.002 -16"><span class='ocrx_word' id='word_1_465' title='bbox 332 3240 593 3305; x_wconf 80' lang='lat' dir='ltr'>tantum,</span> <span class='ocrx_word' id='word_1_466' title='bbox 628 3237 687 3291; x_wconf 89' lang='lat' dir='ltr'>in</span> <span class='ocrx_word' id='word_1_467' title='bbox 719 3252 837 3307; x_wconf 87' lang='lat' dir='ltr'>quo</span> <span class='ocrx_word' id='word_1_468' title='bbox 866 3236 1180 3293; x_wconf 87' lang='lat' dir='ltr'>cruciﬁxus</span> <span class='ocrx_word' id='word_1_469' title='bbox 1211 3237 1495 3292; x_wconf 86' lang='lat' dir='ltr'>refertur:</span> <span class='ocrx_word' id='word_1_470' title='bbox 1529 3236 1629 3291; x_wconf 92' lang='lat' dir='ltr'>sed</span> <span class='ocrx_word' id='word_1_471' title='bbox 1663 3236 1848 3292; x_wconf 90' lang='lat' dir='ltr'>multo</span> <span class='ocrx_word' id='word_1_472' title='bbox 1879 3254 1980 3292; x_wconf 89' lang='lat' dir='ltr'>an-</span> <span class='ocrx_word' id='word_1_473' title='bbox 2012 3226 2054 3292; x_wconf 86' lang='lat' dir='ltr'>C</span> <span class='ocrx_word' id='word_1_474' title='bbox 2095 3238 2195 3293; x_wconf 93' lang='lat' dir='ltr'>sed</span> <span class='ocrx_word' id='word_1_475' title='bbox 2226 3254 2294 3293; x_wconf 85' lang='lat' dir='ltr'>ex</span> <span class='ocrx_word' id='word_1_476' title='bbox 2322 3236 2630 3292; x_wconf 87' lang='lat' dir='ltr'>dilectione</span> <span class='ocrx_word' id='word_1_477' title='bbox 2661 3234 2792 3291; x_wconf 89' lang='lat' dir='ltr'>ﬁdei</span> <span class='ocrx_word' id='word_1_478' title='bbox 2820 3233 3089 3289; x_wconf 88' lang='lat' dir='ltr'>voluntas</span> <span class='ocrx_word' id='word_1_479' title='bbox 3132 3232 3272 3287; x_wconf 91' lang='lat' dir='ltr'>boni</span> <span class='ocrx_word' id='word_1_480' title='bbox 3325 3231 3516 3304; x_wconf 89' lang='lat' dir='ltr'>operis</span> <span class='ocrx_word' id='word_1_481' title='bbox 3560 3246 3736 3302; x_wconf 89' lang='lat' dir='ltr'>auge-</span> 
     </span>
    </p>
   </div>
   <div class='ocr_carea' id='block_1_65' title="bbox 334 3325 1986 3398">
    <p class='ocr_par' dir='ltr' id='par_1_65' title="bbox 334 3325 1986 3398">
     <span class='ocr_line' id='line_1_65' title="bbox 334 3325 1986 3398; baseline -0.001 -16"><span class='ocrx_word' id='word_1_482' title='bbox 334 3329 576 3398; x_wconf 83' lang='lat' dir='ltr'>tequam</span> <span class='ocrx_word' id='word_1_483' title='bbox 608 3326 960 3381; x_wconf 91' lang='lat' dir='ltr'>descendere</span> <span class='ocrx_word' id='word_1_484' title='bbox 991 3325 1332 3397; x_wconf 87' lang='lat' dir='ltr'>dignaretur</span> <span class='ocrx_word' id='word_1_485' title='bbox 1352 3326 1423 3381; x_wconf 91' lang='lat' dir='ltr'>ad</span> <span class='ocrx_word' id='word_1_486' title='bbox 1460 3329 1664 3395; x_wconf 89' lang='lat' dir='ltr'>terras,</span> <span class='ocrx_word' id='word_1_487' title='bbox 1697 3329 1755 3380; x_wconf 89' lang='lat' dir='ltr'>et</span> <span class='ocrx_word' id='word_1_488' title='bbox 1798 3326 1986 3381; x_wconf 89' lang='lat' dir='ltr'>homi-</span> 
     </span>
    </p>
   </div>
   <div class='ocr_carea' id='block_1_66' title="bbox 333 3414 1985 3488">
    <p class='ocr_par' dir='ltr' id='par_1_66' title="bbox 333 3414 1985 3488">
     <span class='ocr_line' id='line_1_66' title="bbox 333 3414 1985 3488; baseline 0 -18"><span class='ocrx_word' id='word_1_489' title='bbox 333 3432 471 3472; x_wconf 89' lang='lat' dir='ltr'>nem</span> <span class='ocrx_word' id='word_1_490' title='bbox 492 3414 591 3488; x_wconf 90' lang='lat' dir='ltr'>qui</span> <span class='ocrx_word' id='word_1_491' title='bbox 623 3419 713 3471; x_wconf 91' lang='lat' dir='ltr'>est</span> <span class='ocrx_word' id='word_1_492' title='bbox 742 3415 1060 3471; x_wconf 87' lang='lat' dir='ltr'>cruciﬁxus</span> <span class='ocrx_word' id='word_1_493' title='bbox 1101 3419 1450 3478; x_wconf 86' lang='lat' dir='ltr'>assumeret.</span> <span class='ocrx_word' id='word_1_494' title='bbox 1483 3414 1839 3470; x_wconf 89' lang='lat' dir='ltr'>noverimus.</span> <span class='ocrx_word' id='word_1_495' title='bbox 1871 3415 1985 3470; x_wconf 90' lang='lat' dir='ltr'>Nec</span> 
     </span>
    </p>
   </div>
   <div class='ocr_carea' id='block_1_67' title="bbox 335 3502 1982 3576">
    <p class='ocr_par' dir='ltr' id='par_1_67' title="bbox 335 3502 1982 3576">
     <span class='ocr_line' id='line_1_67' title="bbox 335 3502 1982 3576; baseline -0.001 -17"><span class='ocrx_word' id='word_1_496' title='bbox 335 3520 517 3576; x_wconf 86' lang='lat' dir='ltr'>parva</span> <span class='ocrx_word' id='word_1_497' title='bbox 544 3502 675 3559; x_wconf 88' lang='lat' dir='ltr'>laus</span> <span class='ocrx_word' id='word_1_498' title='bbox 696 3503 1060 3569; x_wconf 88' lang='lat' dir='ltr'>Galatarum,</span> <span class='ocrx_word' id='word_1_499' title='bbox 1094 3508 1202 3569; x_wconf 90' lang='lat' dir='ltr'>est,</span> <span class='ocrx_word' id='word_1_500' title='bbox 1245 3504 1401 3576; x_wconf 91' lang='lat' dir='ltr'>quod</span> <span class='ocrx_word' id='word_1_501' title='bbox 1432 3504 1513 3559; x_wconf 89' lang='lat' dir='ltr'>ita</span> <span class='ocrx_word' id='word_1_502' title='bbox 1542 3503 1897 3559; x_wconf 89' lang='lat' dir='ltr'>crediderint</span> <span class='ocrx_word' id='word_1_503' title='bbox 1924 3504 1982 3558; x_wconf 93' lang='lat' dir='ltr'>in</span> 
     </span>
    </p>
   </div>
   <div class='ocr_carea' id='block_1_68' title="bbox 334 3591 1986 3665">
    <p class='ocr_par' dir='ltr' id='par_1_68' title="bbox 334 3591 1986 3665">
     <span class='ocr_line' id='line_1_68' title="bbox 334 3591 1986 3665; baseline -0.001 -17"><span class='ocrx_word' id='word_1_504' title='bbox 334 3591 705 3661; x_wconf 83' lang='lat' dir='ltr'>cruciﬁxum,</span> <span class='ocrx_word' id='word_1_505' title='bbox 738 3597 805 3647; x_wconf 92' lang='lat' dir='ltr'>ut</span> <span class='ocrx_word' id='word_1_506' title='bbox 820 3596 953 3649; x_wconf 88' lang='lat' dir='ltr'>ante</span> <span class='ocrx_word' id='word_1_507' title='bbox 985 3593 1173 3648; x_wconf 80' lang='lat' dir='ltr'>fuerat</span> <span class='ocrx_word' id='word_1_508' title='bbox 1192 3591 1276 3648; x_wconf 91' lang='lat' dir='ltr'>eis</span> <span class='ocrx_word' id='word_1_509' title='bbox 1306 3592 1700 3665; x_wconf 66' lang='lat' dir='ltr'>praescriptus,</span> <span class='ocrx_word' id='word_1_510' title='bbox 1734 3609 1848 3664; x_wconf 88' lang='lat' dir='ltr'>quo</span> <span class='ocrx_word' id='word_1_511' title='bbox 1878 3592 1986 3649; x_wconf 91' lang='lat' dir='ltr'>sci-</span> 
     </span>
    </p>
   </div>
   <div class='ocr_carea' id='block_1_69' title="bbox 331 3679 1985 3754">
    <p class='ocr_par' dir='ltr' id='par_1_69' title="bbox 331 3679 1985 3754">
     <span class='ocr_line' id='line_1_69' title="bbox 331 3679 1985 3754; baseline 0 -17"><span class='ocrx_word' id='word_1_512' title='bbox 331 3679 477 3737; x_wconf 77' lang='lat' dir='ltr'>licet</span> <span class='ocrx_word' id='word_1_513' title='bbox 503 3680 835 3738; x_wconf 88' lang='lat' dir='ltr'>lectitantes</span> <span class='ocrx_word' id='word_1_514' title='bbox 862 3682 1201 3754; x_wconf 89' lang='lat' dir='ltr'>prophetas,</span> <span class='ocrx_word' id='word_1_515' title='bbox 1243 3686 1301 3737; x_wconf 91' lang='lat' dir='ltr'>et</span> <span class='ocrx_word' id='word_1_516' title='bbox 1330 3682 1529 3737; x_wconf 87' lang='lat' dir='ltr'>omnia</span> <span class='ocrx_word' id='word_1_517' title='bbox 1568 3681 1779 3737; x_wconf 90' lang='lat' dir='ltr'>veteris</span> <span class='ocrx_word' id='word_1_518' title='bbox 1837 3681 1985 3754; x_wconf 87' lang='lat' dir='ltr'>legis</span> 
     </span>
    </p>
   </div>
   <div class='ocr_carea' id='block_1_70' title="bbox 332 3769 1982 3836">
    <p class='ocr_par' dir='ltr' id='par_1_70' title="bbox 332 3769 1982 3836">
     <span class='ocr_line' id='line_1_70' title="bbox 332 3769 1982 3836; baseline -0.001 -10"><span class='ocrx_word' id='word_1_519' title='bbox 332 3775 705 3827; x_wconf 84' lang='lat' dir='ltr'>sacramenta</span> <span class='ocrx_word' id='word_1_520' title='bbox 735 3776 1066 3836; x_wconf 87' lang='lat' dir='ltr'>noscentes,</span> <span class='ocrx_word' id='word_1_521' title='bbox 1094 3771 1190 3826; x_wconf 90' lang='lat' dir='ltr'>via</span> <span class='ocrx_word' id='word_1_522' title='bbox 1244 3774 1302 3825; x_wconf 85' lang='lat' dir='ltr'>et</span> <span class='ocrx_word' id='word_1_523' title='bbox 1350 3769 1553 3826; x_wconf 91' lang='lat' dir='ltr'>ordine</span> <span class='ocrx_word' id='word_1_524' title='bbox 1597 3771 1864 3827; x_wconf 89' lang='lat' dir='ltr'>venerint</span> <span class='ocrx_word' id='word_1_525' title='bbox 1911 3771 1982 3825; x_wconf 91' lang='lat' dir='ltr'>ad</span> 
     </span>
    </p>
   </div>
   <div class='ocr_carea' id='block_1_71' title="bbox 336 3858 1986 3932">
    <p class='ocr_par' dir='ltr' id='par_1_71' title="bbox 336 3858 1986 3932">
     <span class='ocr_line' id='line_1_71' title="bbox 336 3858 1986 3932; baseline 0 -18"><span class='ocrx_word' id='word_1_526' title='bbox 336 3860 722 3914; x_wconf 86' lang='lat' dir='ltr'>credendum.</span> <span class='ocrx_word' id='word_1_527' title='bbox 756 3858 991 3932; x_wconf 86' lang='lat' dir='ltr'>Legitur</span> <span class='ocrx_word' id='word_1_528' title='bbox 1022 3859 1080 3913; x_wconf 92' lang='lat' dir='ltr'>in</span> <span class='ocrx_word' id='word_1_529' title='bbox 1104 3858 1463 3931; x_wconf 90' lang='lat' dir='ltr'>quibusdam</span> <span class='ocrx_word' id='word_1_530' title='bbox 1484 3859 1784 3915; x_wconf 90' lang='lat' dir='ltr'>codicibus</span> <span class='ocrx_word' id='word_1_531' title='bbox 1812 3878 1825 3917; x_wconf 89' lang='lat'>:</span> <span class='ocrx_word' id='word_1_532' title='bbox 1850 3862 1986 3930; x_wconf 83' lang='lat' dir='ltr'>Quis</span> 
     </span>
    </p>
   </div>
   <div class='ocr_carea' id='block_1_72' title="bbox 329 3947 1986 4020">
    <p class='ocr_par' dir='ltr' id='par_1_72' title="bbox 329 3947 1986 4020">
     <span class='ocr_line' id='line_1_72' title="bbox 329 3947 1986 4020; baseline -0.001 -15"><span class='ocrx_word' id='word_1_533' title='bbox 329 3964 434 4005; x_wconf 83' lang='lat' dir='ltr'>vos</span> <span class='ocrx_word' id='word_1_534' title='bbox 463 3948 758 4018; x_wconf 77' lang='lat' dir='ltr'>faseinavit</span> <span class='ocrx_word' id='word_1_535' title='bbox 789 3964 901 4004; x_wconf 82' lang='lat' dir='ltr'>non</span> <span class='ocrx_word' id='word_1_536' title='bbox 944 3947 1162 4004; x_wconf 83' lang='lat' dir='ltr'>credere</span> <span class='ocrx_word' id='word_1_537' title='bbox 1208 3949 1470 4004; x_wconf 73' lang='lat' dir='ltr'>veritati?</span> <span class='ocrx_word' id='word_1_538' title='bbox 1527 3948 1639 4002; x_wconf 90' lang='lat' dir='ltr'>Sed</span> <span class='ocrx_word' id='word_1_539' title='bbox 1689 3947 1799 4003; x_wconf 92' lang='lat' dir='ltr'>hoc</span> <span class='ocrx_word' id='word_1_540' title='bbox 1848 3948 1986 4020; x_wconf 91' lang='lat' dir='ltr'>quia</span> 
     </span>
    </p>
   </div>
   <div class='ocr_carea' id='block_1_73' title="bbox 331 4036 1981 4108">
    <p class='ocr_par' dir='ltr' id='par_1_73' title="bbox 331 4036 1981 4108">
     <span class='ocr_line' id='line_1_73' title="bbox 331 4036 1981 4108; baseline -0.001 -15"><span class='ocrx_word' id='word_1_541' title='bbox 331 4038 395 4093; x_wconf 90' lang='lat' dir='ltr'>in</span> <span class='ocrx_word' id='word_1_542' title='bbox 421 4036 855 4108; x_wconf 83' lang='lat' dir='ltr'>exemplaribus</span> <span class='ocrx_word' id='word_1_543' title='bbox 882 4037 1216 4093; x_wconf 82' lang='lat' dir='ltr'>Adamantii</span> <span class='ocrx_word' id='word_1_544' title='bbox 1239 4054 1356 4093; x_wconf 91' lang='lat' dir='ltr'>non</span> <span class='ocrx_word' id='word_1_545' title='bbox 1374 4036 1981 4102; x_wconf 89' lang='lat' dir='ltr'>habetur,omisimus.</span> 
     </span>
    </p>
   </div>
   <div class='ocr_carea' id='block_1_74' title="bbox 404 4125 1982 4197">
    <p class='ocr_par' dir='ltr' id='par_1_74' title="bbox 404 4125 1982 4197">
     <span class='ocr_line' id='line_1_74' title="bbox 404 4125 1982 4197; baseline 0.001 -18"><span class='ocrx_word' id='word_1_546' title='bbox 404 4125 592 4197; x_wconf 89' lang='lat' dir='ltr'>(Vers.</span> <span class='ocrx_word' id='word_1_547' title='bbox 621 4126 704 4196; x_wconf 82' lang='lat'>2.)</span> <span class='ocrx_word' id='word_1_548' title='bbox 739 4150 760 4175; x_wconf 75' lang='grc' dir='ltr'>α</span> <span class='ocrx_word' id='word_1_549' title='bbox 794 4126 912 4182; x_wconf 89' lang='lat' dir='ltr'>Hoc</span> <span class='ocrx_word' id='word_1_550' title='bbox 943 4128 1136 4182; x_wconf 90' lang='lat' dir='ltr'>solum</span> <span class='ocrx_word' id='word_1_551' title='bbox 1168 4144 1202 4180; x_wconf 86' lang='lat' dir='ltr'>a</span> <span class='ocrx_word' id='word_1_552' title='bbox 1235 4125 1404 4181; x_wconf 89' lang='lat' dir='ltr'>vobis</span> <span class='ocrx_word' id='word_1_553' title='bbox 1450 4125 1579 4181; x_wconf 92' lang='lat' dir='ltr'>volo</span> <span class='ocrx_word' id='word_1_554' title='bbox 1614 4126 1857 4193; x_wconf 91' lang='lat' dir='ltr'>discere,</span> <span class='ocrx_word' id='word_1_555' title='bbox 1912 4143 1982 4181; x_wconf 83' lang='lat' dir='ltr'>ex</span> 
     </span>
    </p>
   </div>
   <div class='ocr_carea' id='block_1_75' title="bbox 331 4213 1985 4288">
    <p class='ocr_par' dir='ltr' id='par_1_75' title="bbox 331 4213 1985 4288">
     <span class='ocr_line' id='line_1_75' title="bbox 331 4213 1985 4288; baseline -0.001 -17"><span class='ocrx_word' id='word_1_556' title='bbox 331 4214 614 4288; x_wconf 87' lang='lat' dir='ltr'>cperibus</span> <span class='ocrx_word' id='word_1_557' title='bbox 644 4214 815 4287; x_wconf 88' lang='lat' dir='ltr'>Legis</span> <span class='ocrx_word' id='word_1_558' title='bbox 840 4214 1115 4287; x_wconf 88' lang='lat' dir='ltr'>spiritum</span> <span class='ocrx_word' id='word_1_559' title='bbox 1158 4213 1488 4287; x_wconf 91' lang='lat' dir='ltr'>accepistis.</span> <span class='ocrx_word' id='word_1_560' title='bbox 1543 4230 1616 4269; x_wconf 89' lang='lat' dir='ltr'>an</span> <span class='ocrx_word' id='word_1_561' title='bbox 1665 4230 1730 4269; x_wconf 85' lang='lat' dir='ltr'>ex</span> <span class='ocrx_word' id='word_1_562' title='bbox 1781 4214 1985 4269; x_wconf 88' lang='lat' dir='ltr'>auditu</span> 
     </span>
    </p>
   </div>
   <div class='ocr_carea' id='block_1_76' title="bbox 331 4302 1985 4375">
    <p class='ocr_par' dir='ltr' id='par_1_76' title="bbox 331 4302 1985 4375">
     <span class='ocr_line' id='line_1_76' title="bbox 331 4302 1985 4375; baseline -0.002 -15"><span class='ocrx_word' id='word_1_563' title='bbox 331 4302 518 4360; x_wconf 82' lang='lat' dir='ltr'>ﬁdei?</span> <span class='ocrx_word' id='word_1_564' title='bbox 540 4326 570 4354; x_wconf 86' lang='grc'><strong>››</strong></span> <span class='ocrx_word' id='word_1_565' title='bbox 597 4303 748 4359; x_wconf 88' lang='lat' dir='ltr'>Sunt</span> <span class='ocrx_word' id='word_1_566' title='bbox 776 4303 1036 4375; x_wconf 87' lang='lat' dir='ltr'>quidem,</span> <span class='ocrx_word' id='word_1_567' title='bbox 1056 4303 1157 4371; x_wconf 92' lang='lat' dir='ltr'>ait,</span> <span class='ocrx_word' id='word_1_568' title='bbox 1180 4302 1369 4358; x_wconf 87' lang='lat' dir='ltr'>multa</span> <span class='ocrx_word' id='word_1_569' title='bbox 1389 4319 1517 4375; x_wconf 71' lang='lat' dir='ltr'>quae</span> <span class='ocrx_word' id='word_1_570' title='bbox 1534 4307 1785 4374; x_wconf 90' lang='lat' dir='ltr'>possunt</span> <span class='ocrx_word' id='word_1_571' title='bbox 1806 4303 1985 4359; x_wconf 90' lang='lat' dir='ltr'>inter-</span> 
     </span>
    </p>
   </div>
   <div class='ocr_carea' id='block_1_77' title="bbox 327 4391 1986 4466">
    <p class='ocr_par' dir='ltr' id='par_1_77' title="bbox 327 4391 1986 4466">
     <span class='ocr_line' id='line_1_77' title="bbox 327 4391 1986 4466; baseline -0.002 -18"><span class='ocrx_word' id='word_1_572' title='bbox 327 4392 642 4464; x_wconf 85' lang='lat' dir='ltr'>rogatione</span> <span class='ocrx_word' id='word_1_573' title='bbox 668 4409 773 4447; x_wconf 89' lang='lat' dir='ltr'>vos</span> <span class='ocrx_word' id='word_1_574' title='bbox 828 4407 1052 4466; x_wconf 90' lang='lat' dir='ltr'>cogere,</span> <span class='ocrx_word' id='word_1_575' title='bbox 1084 4391 1219 4464; x_wconf 90' lang='lat' dir='ltr'>Legi</span> <span class='ocrx_word' id='word_1_576' title='bbox 1248 4391 1627 4463; x_wconf 89' lang='lat' dir='ltr'>Evangelium</span> <span class='ocrx_word' id='word_1_577' title='bbox 1680 4391 1986 4464; x_wconf 70' lang='lat' dir='ltr'>praeferen-</span> 
     </span>
    </p>
   </div>
   <div class='ocr_carea' id='block_1_78' title="bbox 330 4479 1988 4552">
    <p class='ocr_par' dir='ltr' id='par_1_78' title="bbox 330 4479 1988 4552">
     <span class='ocr_line' id='line_1_78' title="bbox 330 4479 1988 4552; baseline 0.001 -16"><span class='ocrx_word' id='word_1_578' title='bbox 330 4480 523 4536; x_wconf 91' lang='lat' dir='ltr'>dum:</span> <span class='ocrx_word' id='word_1_579' title='bbox 558 4479 661 4535; x_wconf 89' lang='lat' dir='ltr'>sed</span> <span class='ocrx_word' id='word_1_580' title='bbox 696 4481 970 4552; x_wconf 90' lang='lat' dir='ltr'>quoniam</span> <span class='ocrx_word' id='word_1_581' title='bbox 1002 4480 1287 4537; x_wconf 90' lang='lat' dir='ltr'>insensati</span> <span class='ocrx_word' id='word_1_582' title='bbox 1319 4479 1483 4551; x_wconf 86' lang='lat' dir='ltr'>estis,</span> <span class='ocrx_word' id='word_1_583' title='bbox 1516 4484 1573 4535; x_wconf 87' lang='lat' dir='ltr'>et</span> <span class='ocrx_word' id='word_1_584' title='bbox 1616 4497 1988 4552; x_wconf 89' lang='lat' dir='ltr'>nequaquam</span> 
     </span>
    </p>
   </div>
   <div class='ocr_carea' id='block_1_79' title="bbox 2094 3319 3737 3393">
    <p class='ocr_par' dir='ltr' id='par_1_79' title="bbox 2094 3319 3737 3393">
     <span class='ocr_line' id='line_1_79' title="bbox 2094 3319 3737 3393; baseline -0.004 -12"><span class='ocrx_word' id='word_1_585' title='bbox 2094 3330 2208 3393; x_wconf 91' lang='lat' dir='ltr'>tur,</span> <span class='ocrx_word' id='word_1_586' title='bbox 2241 3326 2382 3380; x_wconf 90' lang='lat' dir='ltr'>dum</span> <span class='ocrx_word' id='word_1_587' title='bbox 2436 3325 2591 3380; x_wconf 91' lang='lat' dir='ltr'>bona</span> <span class='ocrx_word' id='word_1_588' title='bbox 2639 3324 2770 3379; x_wconf 91' lang='lat' dir='ltr'>ideo</span> <span class='ocrx_word' id='word_1_589' title='bbox 2819 3323 3089 3389; x_wconf 85' lang='lat' dir='ltr'>facimus,</span> <span class='ocrx_word' id='word_1_590' title='bbox 3133 3338 3249 3377; x_wconf 92' lang='lat' dir='ltr'>non</span> <span class='ocrx_word' id='word_1_591' title='bbox 3294 3320 3434 3393; x_wconf 90' lang='lat' dir='ltr'>quia</span> <span class='ocrx_word' id='word_1_592' title='bbox 3472 3319 3737 3392; x_wconf 91' lang='lat' dir='ltr'>judicem</span> 
     </span>
    </p>
   </div>
   <div class='ocr_carea' id='block_1_80' title="bbox 2093 3409 3736 3485">
    <p class='ocr_par' dir='ltr' id='par_1_80' title="bbox 2093 3409 3736 3485">
     <span class='ocr_line' id='line_1_80' title="bbox 2093 3409 3736 3485; baseline -0.005 -14"><span class='ocrx_word' id='word_1_593' title='bbox 2093 3415 2501 3481; x_wconf 86' lang='lat' dir='ltr'>formidamus,</span> <span class='ocrx_word' id='word_1_594' title='bbox 2534 3414 2634 3469; x_wconf 90' lang='lat' dir='ltr'>sed</span> <span class='ocrx_word' id='word_1_595' title='bbox 2668 3412 3038 3485; x_wconf 90' lang='lat' dir='ltr'>quiascimus</span> <span class='ocrx_word' id='word_1_596' title='bbox 3068 3427 3136 3466; x_wconf 91' lang='lat' dir='ltr'>ea</span> <span class='ocrx_word' id='word_1_597' title='bbox 3155 3410 3206 3466; x_wconf 88' lang='lat' dir='ltr'>ei</span> <span class='ocrx_word' id='word_1_598' title='bbox 3238 3409 3463 3483; x_wconf 90' lang='lat' dir='ltr'>placere</span> <span class='ocrx_word' id='word_1_599' title='bbox 3484 3409 3542 3464; x_wconf 92' lang='lat' dir='ltr'>in</span> <span class='ocrx_word' id='word_1_600' title='bbox 3560 3424 3736 3481; x_wconf 91' lang='lat' dir='ltr'>quem</span> 
     </span>
    </p>
   </div>
   <div class='ocr_carea' id='block_1_81' title="bbox 2094 3497 3741 3574">
    <p class='ocr_par' dir='ltr' id='par_1_81' title="bbox 2094 3497 3741 3574">
     <span class='ocr_line' id='line_1_81' title="bbox 2094 3497 3741 3574; baseline -0.005 -14"><span class='ocrx_word' id='word_1_601' title='bbox 2094 3504 2409 3560; x_wconf 90' lang='lat' dir='ltr'>credimus.</span> <span class='ocrx_word' id='word_1_602' title='bbox 2438 3505 2665 3569; x_wconf 84' lang='lat' dir='ltr'>Quaerat</span> <span class='ocrx_word' id='word_1_603' title='bbox 2694 3502 3012 3574; x_wconf 84' lang='lat' dir='ltr'>quispiam,</span> <span class='ocrx_word' id='word_1_604' title='bbox 3046 3500 3096 3555; x_wconf 92' lang='lat' dir='ltr'>si</span> <span class='ocrx_word' id='word_1_605' title='bbox 3117 3500 3263 3555; x_wconf 87' lang='lat' dir='ltr'>ﬁdes</span> <span class='ocrx_word' id='word_1_606' title='bbox 3280 3515 3395 3554; x_wconf 92' lang='lat' dir='ltr'>non</span> <span class='ocrx_word' id='word_1_607' title='bbox 3417 3502 3507 3554; x_wconf 90' lang='lat' dir='ltr'>est</span> <span class='ocrx_word' id='word_1_608' title='bbox 3535 3497 3649 3553; x_wconf 89' lang='lat' dir='ltr'>nisi</span> <span class='ocrx_word' id='word_1_609' title='bbox 3671 3513 3741 3552; x_wconf 86' lang='lat' dir='ltr'>ex</span> 
     </span>
    </p>
   </div>
   <div class='ocr_carea' id='block_1_82' title="bbox 2095 3587 3738 3664">
    <p class='ocr_par' dir='ltr' id='par_1_82' title="bbox 2095 3587 3738 3664">
     <span class='ocr_line' id='line_1_82' title="bbox 2095 3587 3738 3664; baseline -0.005 -16"><span class='ocrx_word' id='word_1_610' title='bbox 2095 3594 2300 3648; x_wconf 90' lang='lat' dir='ltr'>auditu</span> <span class='ocrx_word' id='word_1_611' title='bbox 2323 3593 2497 3664; x_wconf 86' lang='lat' dir='ltr'>(Rom.</span> <span class='ocrx_word' id='word_1_612' title='bbox 2530 3611 2587 3656; x_wconf 84' lang='lat' dir='ltr'>x,</span> <span class='ocrx_word' id='word_1_613' title='bbox 2624 3592 2737 3662; x_wconf 84' lang='lat' dir='ltr'>l7),</span> <span class='ocrx_word' id='word_1_614' title='bbox 2768 3591 3060 3663; x_wconf 89' lang='lat' dir='ltr'>quomodo</span> <span class='ocrx_word' id='word_1_615' title='bbox 3088 3588 3189 3661; x_wconf 90' lang='lat' dir='ltr'>qui</span> <span class='ocrx_word' id='word_1_616' title='bbox 3221 3587 3384 3643; x_wconf 89' lang='lat' dir='ltr'>surdi</span> <span class='ocrx_word' id='word_1_617' title='bbox 3427 3587 3548 3642; x_wconf 87' lang='lat' dir='ltr'>nati</span> <span class='ocrx_word' id='word_1_618' title='bbox 3579 3591 3738 3643; x_wconf 88' lang='lat' dir='ltr'>sunt.</span> 
     </span>
    </p>
   </div>
   <div class='ocr_carea' id='block_1_83' title="bbox 2094 3676 3744 3754">
    <p class='ocr_par' dir='ltr' id='par_1_83' title="bbox 2094 3676 3744 3754">
     <span class='ocr_line' id='line_1_83' title="bbox 2094 3676 3744 3754; baseline -0.004 -17"><span class='ocrx_word' id='word_1_619' title='bbox 2094 3685 2344 3754; x_wconf 87' lang='lat' dir='ltr'>possunt</span> <span class='ocrx_word' id='word_1_620' title='bbox 2375 3680 2496 3735; x_wconf 90' lang='lat' dir='ltr'>ﬁeri</span> <span class='ocrx_word' id='word_1_621' title='bbox 2529 3678 2865 3735; x_wconf 90' lang='lat' dir='ltr'>Christiani.</span> <span class='ocrx_word' id='word_1_622' title='bbox 2896 3683 3081 3733; x_wconf 87' lang='lat' dir='ltr'>Deum</span> <span class='ocrx_word' id='word_1_623' title='bbox 3131 3677 3350 3750; x_wconf 90' lang='lat' dir='ltr'>quippe</span> <span class='ocrx_word' id='word_1_624' title='bbox 3400 3676 3627 3732; x_wconf 87' lang='lat' dir='ltr'>Patrem</span> <span class='ocrx_word' id='word_1_625' title='bbox 3672 3690 3744 3731; x_wconf 78' lang='lat' dir='ltr'>ex</span> 
     </span>
    </p>
   </div>
   <div class='ocr_carea' id='block_1_84' title="bbox 2094 3767 3745 3842">
    <p class='ocr_par' dir='ltr' id='par_1_84' title="bbox 2094 3767 3745 3842">
     <span class='ocr_line' id='line_1_84' title="bbox 2094 3767 3745 3842; baseline -0.004 -17"><span class='ocrx_word' id='word_1_626' title='bbox 2094 3769 2506 3842; x_wconf 88' lang='lat' dir='ltr'>magnitudine</span> <span class='ocrx_word' id='word_1_627' title='bbox 2539 3773 2596 3824; x_wconf 94' lang='lat' dir='ltr'>et</span> <span class='ocrx_word' id='word_1_628' title='bbox 2627 3767 3065 3841; x_wconf 89' lang='lat' dir='ltr'>pulchritudine</span> <span class='ocrx_word' id='word_1_629' title='bbox 3121 3770 3521 3822; x_wconf 85' lang='lat' dir='ltr'>creaturarum</span> <span class='ocrx_word' id='word_1_630' title='bbox 3554 3768 3745 3837; x_wconf 87' lang='lat' dir='ltr'>potest</span> 
     </span>
    </p>
   </div>
   <div class='ocr_carea' id='block_1_85' title="bbox 2095 3854 3740 3931">
    <p class='ocr_par' dir='ltr' id='par_1_85' title="bbox 2095 3854 3740 3931">
     <span class='ocr_line' id='line_1_85' title="bbox 2095 3854 3740 3931; baseline -0.003 -18"><span class='ocrx_word' id='word_1_631' title='bbox 2095 3859 2227 3931; x_wconf 91' lang='lat' dir='ltr'>quis</span> <span class='ocrx_word' id='word_1_632' title='bbox 2258 3857 2607 3931; x_wconf 88' lang='lat' dir='ltr'>intelligere,</span> <span class='ocrx_word' id='word_1_633' title='bbox 2637 3862 2695 3913; x_wconf 91' lang='lat' dir='ltr'>et</span> <span class='ocrx_word' id='word_1_634' title='bbox 2725 3875 2760 3912; x_wconf 89' lang='lat' dir='ltr'>a</span> <span class='ocrx_word' id='word_1_635' title='bbox 2791 3856 3227 3912; x_wconf 87' lang='lat' dir='ltr'>conditionibus</span> <span class='ocrx_word' id='word_1_636' title='bbox 3275 3854 3545 3911; x_wconf 90' lang='lat' dir='ltr'>conditor</span> <span class='ocrx_word' id='word_1_637' title='bbox 3598 3869 3740 3909; x_wconf 90' lang='lat' dir='ltr'>con-</span> 
     </span>
    </p>
   </div>
   <div class='ocr_carea' id='block_1_86' title="bbox 2095 3942 3738 4020">
    <p class='ocr_par' dir='ltr' id='par_1_86' title="bbox 2095 3942 3738 4020">
     <span class='ocr_line' id='line_1_86' title="bbox 2095 3942 3738 4020; baseline -0.005 -17"><span class='ocrx_word' id='word_1_638' title='bbox 2095 3953 2408 4020; x_wconf 89' lang='lat' dir='ltr'>sequenter</span> <span class='ocrx_word' id='word_1_639' title='bbox 2438 3946 2775 4020; x_wconf 81' lang='lat' dir='ltr'>agnoscitur</span> <span class='ocrx_word' id='word_1_640' title='bbox 2819 3946 2973 4015; x_wconf 87' lang='lat' dir='ltr'>(Sap.</span> <span class='ocrx_word' id='word_1_641' title='bbox 3022 3962 3147 4010; x_wconf 87' lang='lat' dir='ltr'>xm,</span> <span class='ocrx_word' id='word_1_642' title='bbox 3188 3945 3266 4015; x_wconf 85' lang='lat'>5].</span> <span class='ocrx_word' id='word_1_643' title='bbox 3298 3942 3511 4000; x_wconf 89' lang='lat' dir='ltr'>Christi</span> <span class='ocrx_word' id='word_1_644' title='bbox 3542 3946 3738 3997; x_wconf 89' lang='lat' dir='ltr'>autem</span> 
     </span>
    </p>
   </div>
   <div class='ocr_carea' id='block_1_87' title="bbox 2094 4029 3739 4105">
    <p class='ocr_par' dir='ltr' id='par_1_87' title="bbox 2094 4029 3739 4105">
     <span class='ocr_line' id='line_1_87' title="bbox 2094 4029 3739 4105; baseline -0.006 -13"><span class='ocrx_word' id='word_1_645' title='bbox 2094 4036 2390 4104; x_wconf 89' lang='lat' dir='ltr'>nativitas,</span> <span class='ocrx_word' id='word_1_646' title='bbox 2415 4052 2576 4105; x_wconf 85' lang='lat' dir='ltr'>crux,</span> <span class='ocrx_word' id='word_1_647' title='bbox 2610 4052 2790 4105; x_wconf 90' lang='lat' dir='ltr'>mors,</span> <span class='ocrx_word' id='word_1_648' title='bbox 2842 4032 3210 4099; x_wconf 89' lang='lat' dir='ltr'>resurrectio,</span> <span class='ocrx_word' id='word_1_649' title='bbox 3243 4031 3359 4087; x_wconf 92' lang='lat' dir='ltr'>nisi</span> <span class='ocrx_word' id='word_1_650' title='bbox 3409 4047 3477 4086; x_wconf 82' lang='lat' dir='ltr'>ex</span> <span class='ocrx_word' id='word_1_651' title='bbox 3535 4029 3739 4084; x_wconf 88' lang='lat' dir='ltr'>auditu</span> 
     </span>
    </p>
   </div>
   <div class='ocr_carea' id='block_1_88' title="bbox 2096 4115 3740 4194">
    <p class='ocr_par' dir='ltr' id='par_1_88' title="bbox 2096 4115 3740 4194">
     <span class='ocr_line' id='line_1_88' title="bbox 2096 4115 3740 4194; baseline -0.006 -15"><span class='ocrx_word' id='word_1_652' title='bbox 2096 4122 2231 4179; x_wconf 90' lang='lat' dir='ltr'>sciri</span> <span class='ocrx_word' id='word_1_653' title='bbox 2272 4140 2388 4179; x_wconf 92' lang='lat' dir='ltr'>non</span> <span class='ocrx_word' id='word_1_654' title='bbox 2422 4126 2636 4194; x_wconf 86' lang='lat' dir='ltr'>potest.</span> <span class='ocrx_word' id='word_1_655' title='bbox 2670 4125 2787 4176; x_wconf 84' lang='lat' dir='ltr'>Aut</span> <span class='ocrx_word' id='word_1_656' title='bbox 2819 4120 2983 4176; x_wconf 90' lang='lat' dir='ltr'>surdi</span> <span class='ocrx_word' id='word_1_657' title='bbox 3020 4119 3201 4192; x_wconf 88' lang='lat' dir='ltr'>igitur</span> <span class='ocrx_word' id='word_1_658' title='bbox 3253 4115 3569 4173; x_wconf 89' lang='lat' dir='ltr'>Christiani</span> <span class='ocrx_word' id='word_1_659' title='bbox 3624 4131 3740 4170; x_wconf 91' lang='lat' dir='ltr'>non</span> 
     </span>
    </p>
   </div>
   <div class='ocr_carea' id='block_1_89' title="bbox 2096 4202 3744 4272">
    <p class='ocr_par' dir='ltr' id='par_1_89' title="bbox 2096 4202 3744 4272">
     <span class='ocr_line' id='line_1_89' title="bbox 2096 4202 3744 4272; baseline -0.006 -4"><span class='ocrx_word' id='word_1_660' title='bbox 2096 4216 2272 4268; x_wconf 90' lang='lat' dir='ltr'>sunt:</span> <span class='ocrx_word' id='word_1_661' title='bbox 2331 4216 2433 4267; x_wconf 88' lang='lat' dir='ltr'>aut</span> <span class='ocrx_word' id='word_1_662' title='bbox 2480 4211 2530 4266; x_wconf 90' lang='lat' dir='ltr'>si</span> <span class='ocrx_word' id='word_1_663' title='bbox 2582 4210 2745 4265; x_wconf 91' lang='lat' dir='ltr'>surdi</span> <span class='ocrx_word' id='word_1_664' title='bbox 2796 4212 2935 4264; x_wconf 89' lang='lat' dir='ltr'>sunt</span> <span class='ocrx_word' id='word_1_665' title='bbox 2990 4204 3329 4272; x_wconf 87' lang='lat' dir='ltr'>Christiani,</span> <span class='ocrx_word' id='word_1_666' title='bbox 3381 4202 3593 4260; x_wconf 84' lang='lat' dir='ltr'>falsum</span> <span class='ocrx_word' id='word_1_667' title='bbox 3654 4207 3744 4259; x_wconf 86' lang='lat' dir='ltr'>est</span> 
     </span>
    </p>
   </div>
   <div class='ocr_carea' id='block_1_90' title="bbox 2100 4292 3742 4373">
    <p class='ocr_par' dir='ltr' id='par_1_90' title="bbox 2100 4292 3742 4373">
     <span class='ocr_line' id='line_1_90' title="bbox 2100 4292 3742 4373; baseline -0.006 -16"><span class='ocrx_word' id='word_1_668' title='bbox 2100 4302 2258 4373; x_wconf 92' lang='lat' dir='ltr'>quod</span> <span class='ocrx_word' id='word_1_669' title='bbox 2290 4300 2427 4356; x_wconf 91' lang='lat' dir='ltr'>alibi</span> <span class='ocrx_word' id='word_1_670' title='bbox 2460 4300 2530 4355; x_wconf 91' lang='lat' dir='ltr'>ab</span> <span class='ocrx_word' id='word_1_671' title='bbox 2553 4297 2830 4371; x_wconf 81' lang='lat' dir='ltr'>Apostolo</span> <span class='ocrx_word' id='word_1_672' title='bbox 2850 4296 3088 4351; x_wconf 90' lang='lat' dir='ltr'>dicitur:</span> <span class='ocrx_word' id='word_1_673' title='bbox 3125 4297 3309 4366; x_wconf 80' lang='lat' dir='ltr'>Itaque</span> <span class='ocrx_word' id='word_1_674' title='bbox 3363 4292 3494 4366; x_wconf 80' lang='lat' dir='ltr'>ﬁdes</span> <span class='ocrx_word' id='word_1_675' title='bbox 3543 4308 3613 4349; x_wconf 73' lang='lat' dir='ltr'>ea:</span> <span class='ocrx_word' id='word_1_676' title='bbox 3640 4308 3742 4347; x_wconf 87' lang='lat' dir='ltr'>au-</span> 
     </span>
    </p>
   </div>
   <div class='ocr_carea' id='block_1_91' title="bbox 2101 4381 3776 4458">
    <p class='ocr_par' dir='ltr' id='par_1_91' title="bbox 2101 4381 3776 4458">
     <span class='ocr_line' id='line_1_91' title="bbox 2101 4381 3776 4458; baseline -0.005 -13"><span class='ocrx_word' id='word_1_677' title='bbox 2101 4390 2219 4446; x_wconf 85' lang='lat' dir='ltr'>ditu</span> <span class='ocrx_word' id='word_1_678' title='bbox 2237 4408 2260 4454; x_wconf 86' lang='lat'>;</span> <span class='ocrx_word' id='word_1_679' title='bbox 2290 4390 2515 4444; x_wconf 84' lang='lat' dir='ltr'>auditus</span> <span class='ocrx_word' id='word_1_680' title='bbox 2540 4396 2723 4443; x_wconf 84' lang='lat' dir='ltr'>autem</span> <span class='ocrx_word' id='word_1_681' title='bbox 2768 4402 2869 4458; x_wconf 86' lang='lat' dir='ltr'>per</span> <span class='ocrx_word' id='word_1_682' title='bbox 2894 4385 3119 4440; x_wconf 81' lang='lat' dir='ltr'>verbum</span> <span class='ocrx_word' id='word_1_683' title='bbox 3161 4385 3260 4440; x_wconf 89' lang='lat' dir='ltr'>Dei</span> <span class='ocrx_word' id='word_1_684' title='bbox 3287 4385 3461 4453; x_wconf 85' lang='lat' dir='ltr'>(Rom.</span> <span class='ocrx_word' id='word_1_685' title='bbox 3520 4400 3577 4450; x_wconf 84' lang='lat' dir='ltr'>x,</span> <span class='ocrx_word' id='word_1_686' title='bbox 3630 4381 3741 4453; x_wconf 87' lang='grc'>17).</span> <span class='ocrx_word' id='word_1_687' title='bbox 3764 4411 3776 4423; x_wconf 84' lang='lat'><strong>-</strong></span> 
     </span>
    </p>
   </div>
   <div class='ocr_carea' id='block_1_92' title="bbox 2099 4473 3737 4549">
    <p class='ocr_par' dir='ltr' id='par_1_92' title="bbox 2099 4473 3737 4549">
     <span class='ocr_line' id='line_1_92' title="bbox 2099 4473 3737 4549; baseline -0.004 -17"><span class='ocrx_word' id='word_1_688' title='bbox 2099 4479 2188 4533; x_wconf 87' lang='lat' dir='ltr'>Ad</span> <span class='ocrx_word' id='word_1_689' title='bbox 2220 4478 2376 4549; x_wconf 89' lang='lat' dir='ltr'>quod</span> <span class='ocrx_word' id='word_1_690' title='bbox 2410 4476 2550 4548; x_wconf 92' lang='lat' dir='ltr'>quid</span> <span class='ocrx_word' id='word_1_691' title='bbox 2584 4473 2836 4546; x_wconf 88' lang='lat' dir='ltr'>simplici</span> <span class='ocrx_word' id='word_1_692' title='bbox 2868 4473 3245 4546; x_wconf 90' lang='lat' dir='ltr'>responsione</span> <span class='ocrx_word' id='word_1_693' title='bbox 3275 4475 3584 4528; x_wconf 88' lang='lat' dir='ltr'>contentus</span> <span class='ocrx_word' id='word_1_694' title='bbox 3628 4476 3737 4539; x_wconf 90' lang='lat' dir='ltr'>est,</span> 
     </span>
    </p>
   </div>
   <div class='ocr_carea' id='block_1_93' title="bbox 329 4559 3737 4663">
    <p class='ocr_par' dir='ltr' id='par_1_93' title="bbox 329 4559 3737 4663">
     <span class='ocr_line' id='line_1_93' title="bbox 329 4559 3737 4663; baseline -0.004 -38"><span class='ocrx_word' id='word_1_695' title='bbox 329 4584 405 4625; x_wconf 83' lang='lat' dir='ltr'>ea</span> <span class='ocrx_word' id='word_1_696' title='bbox 435 4569 685 4641; x_wconf 87' lang='lat' dir='ltr'>potestis</span> <span class='ocrx_word' id='word_1_697' title='bbox 715 4569 937 4639; x_wconf 89' lang='lat' dir='ltr'>audire,</span> <span class='ocrx_word' id='word_1_698' title='bbox 970 4569 1228 4642; x_wconf 89' lang='lat' dir='ltr'>simplici</span> <span class='ocrx_word' id='word_1_699' title='bbox 1258 4568 1561 4625; x_wconf 85' lang='lat' dir='ltr'>vobiscum</span> <span class='ocrx_word' id='word_1_700' title='bbox 1605 4586 1875 4625; x_wconf 88' lang='lat' dir='ltr'>sermone</span> <span class='ocrx_word' id='word_1_701' title='bbox 1914 4570 1991 4626; x_wconf 89' lang='lat' dir='ltr'>lo-</span> <span class='ocrx_word' id='word_1_702' title='bbox 2019 4598 2067 4663; x_wconf 82' lang='lat' dir='ltr'><strong>D</strong></span> <span class='ocrx_word' id='word_1_703' title='bbox 2100 4566 2262 4637; x_wconf 87' lang='lat' dir='ltr'>dicit,</span> <span class='ocrx_word' id='word_1_704' title='bbox 2296 4583 2410 4621; x_wconf 92' lang='lat' dir='ltr'>non</span> <span class='ocrx_word' id='word_1_705' title='bbox 2462 4581 2594 4620; x_wconf 91' lang='lat' dir='ltr'>eum</span> <span class='ocrx_word' id='word_1_706' title='bbox 2627 4562 2977 4636; x_wconf 89' lang='lat' dir='ltr'>generaliter</span> <span class='ocrx_word' id='word_1_707' title='bbox 3005 4563 3242 4630; x_wconf 89' lang='lat' dir='ltr'>dixisse,</span> <span class='ocrx_word' id='word_1_708' title='bbox 3274 4562 3420 4617; x_wconf 89' lang='lat' dir='ltr'>ﬁdes</span> <span class='ocrx_word' id='word_1_709' title='bbox 3470 4559 3737 4615; x_wconf 91' lang='lat' dir='ltr'>omnium</span> 
     </span>
    </p>
   </div>
   <div class='ocr_carea' id='block_1_94' title="bbox 333 4655 1987 4729">
    <p class='ocr_par' dir='ltr' id='par_1_94' title="bbox 333 4655 1987 4729">
     <span class='ocr_line' id='line_1_94' title="bbox 333 4655 1987 4729; baseline 0.001 -19"><span class='ocrx_word' id='word_1_710' title='bbox 333 4670 506 4726; x_wconf 88' lang='lat' dir='ltr'>quor,</span> <span class='ocrx_word' id='word_1_711' title='bbox 538 4659 595 4710; x_wconf 92' lang='lat' dir='ltr'>et</span> <span class='ocrx_word' id='word_1_712' title='bbox 622 4655 695 4711; x_wconf 92' lang='lat' dir='ltr'>de</span> <span class='ocrx_word' id='word_1_713' title='bbox 726 4672 792 4713; x_wconf 91' lang='lat' dir='ltr'>eo</span> <span class='ocrx_word' id='word_1_714' title='bbox 825 4658 983 4728; x_wconf 90' lang='lat' dir='ltr'>quod</span> <span class='ocrx_word' id='word_1_715' title='bbox 1016 4660 1353 4729; x_wconf 90' lang='lat' dir='ltr'>promptum</span> <span class='ocrx_word' id='word_1_716' title='bbox 1386 4662 1495 4724; x_wconf 91' lang='lat' dir='ltr'>est,</span> <span class='ocrx_word' id='word_1_717' title='bbox 1518 4656 1786 4712; x_wconf 89' lang='lat' dir='ltr'>sciscitor</span> <span class='ocrx_word' id='word_1_718' title='bbox 1818 4675 1830 4712; x_wconf 92' lang='lat'>:</span> <span class='ocrx_word' id='word_1_719' title='bbox 1860 4660 1987 4729; x_wconf 86' lang='lat' dir='ltr'>Spi-</span> 
     </span>
    </p>
   </div>
   <div class='ocr_carea' id='block_1_95' title="bbox 332 4743 2013 4818">
    <p class='ocr_par' dir='ltr' id='par_1_95' title="bbox 332 4743 2013 4818">
     <span class='ocr_line' id='line_1_95' title="bbox 332 4743 2013 4818; baseline 0.001 -18"><span class='ocrx_word' id='word_1_720' title='bbox 332 4743 519 4800; x_wconf 83' lang='lat' dir='ltr'>ritum</span> <span class='ocrx_word' id='word_1_721' title='bbox 549 4749 825 4801; x_wconf 87' lang='lat' dir='ltr'>sanctum</span> <span class='ocrx_word' id='word_1_722' title='bbox 855 4762 1030 4818; x_wconf 90' lang='lat' dir='ltr'>quem</span> <span class='ocrx_word' id='word_1_723' title='bbox 1063 4744 1394 4818; x_wconf 88' lang='lat' dir='ltr'>accepistis,</span> <span class='ocrx_word' id='word_1_724' title='bbox 1438 4750 1640 4800; x_wconf 93' lang='lat' dir='ltr'>utrum</span> <span class='ocrx_word' id='word_1_725' title='bbox 1658 4745 1822 4801; x_wconf 86' lang='lat' dir='ltr'>vobis</span> <span class='ocrx_word' id='word_1_726' title='bbox 1842 4744 2013 4818; x_wconf 55' lang='lat' dir='ltr'>legis&#39;</span> 
     </span>
    </p>
   </div>
   <div class='ocr_carea' id='block_1_96' title="bbox 334 4833 1987 4905">
    <p class='ocr_par' dir='ltr' id='par_1_96' title="bbox 334 4833 1987 4905">
     <span class='ocr_line' id='line_1_96' title="bbox 334 4833 1987 4905; baseline 0.001 -16"><span class='ocrx_word' id='word_1_727' title='bbox 334 4833 783 4905; x_wconf 84' lang='lat' dir='ltr'>opera,Sabbati</span> <span class='ocrx_word' id='word_1_728' title='bbox 805 4835 1157 4903; x_wconf 87' lang='lat' dir='ltr'>observatio,</span> <span class='ocrx_word' id='word_1_729' title='bbox 1179 4833 1666 4902; x_wconf 90' lang='lat' dir='ltr'>circumcisionis,</span> <span class='ocrx_word' id='word_1_730' title='bbox 1688 4838 1745 4889; x_wconf 91' lang='lat' dir='ltr'>et</span> <span class='ocrx_word' id='word_1_731' title='bbox 1756 4851 1987 4890; x_wconf 88' lang='lat' dir='ltr'>neome-</span> 
     </span>
    </p>
   </div>
   <div class='ocr_carea' id='block_1_97' title="bbox 410 4973 1984 5046">
    <p class='ocr_par' dir='ltr' id='par_1_97' title="bbox 410 4973 1984 5046">
     <span class='ocr_line' id='line_1_97' title="bbox 410 4973 1984 5046; baseline -0.001 -17"><span class='ocrx_word' id='word_1_732' title='bbox 410 4975 435 5046; x_wconf 71' lang='lat'>&#39;_</span> <span class='ocrx_word' id='word_1_733' title='bbox 460 4975 815 5046; x_wconf 71' lang='lat' dir='ltr'>Proscriptus</span> <span class='ocrx_word' id='word_1_734' title='bbox 843 4973 1336 5046; x_wconf 88' lang='lat' dir='ltr'>similiterlegunt</span> <span class='ocrx_word' id='word_1_735' title='bbox 1349 4974 1489 5030; x_wconf 90' lang='lat' dir='ltr'>editi</span> <span class='ocrx_word' id='word_1_736' title='bbox 1524 4974 1687 5030; x_wconf 91' lang='lat' dir='ltr'>libri:</span> <span class='ocrx_word' id='word_1_737' title='bbox 1716 4973 1817 5030; x_wconf 88' lang='lat' dir='ltr'>sed</span> <span class='ocrx_word' id='word_1_738' title='bbox 1841 4990 1984 5029; x_wconf 86' lang='lat' dir='ltr'>mss.</span> 
     </span>
    </p>
   </div>
   <div class='ocr_carea' id='block_1_98' title="bbox 331 5043 1988 5127">
    <p class='ocr_par' dir='ltr' id='par_1_98' title="bbox 331 5043 1988 5127">
     <span class='ocr_line' id='line_1_98' title="bbox 331 5043 1988 5127; baseline 0 -27"><span class='ocrx_word' id='word_1_739' title='bbox 331 5043 507 5127; x_wconf 75' lang='lat' dir='ltr'>codd.</span> <span class='ocrx_word' id='word_1_740' title='bbox 539 5043 794 5127; x_wconf 69' lang='lat' dir='ltr'>retinent</span> <span class='ocrx_word' id='word_1_741' title='bbox 833 5045 1053 5127; x_wconf 79' lang='lat' dir='ltr'>ubique</span> <span class='ocrx_word' id='word_1_742' title='bbox 1106 5043 1336 5127; x_wconf 72' lang='lat' dir='ltr'>vocem_</span> <span class='ocrx_word' id='word_1_743' title='bbox 1354 5049 1733 5127; x_wconf 62' lang='lat' dir='ltr'>praescriptas,</span> <span class='ocrx_word' id='word_1_744' title='bbox 1785 5050 1842 5100; x_wconf 93' lang='lat' dir='ltr'>et</span> <span class='ocrx_word' id='word_1_745' title='bbox 1879 5046 1988 5127; x_wconf 70' lang='lat' dir='ltr'>hoc</span> 
     </span>
    </p>
   </div>
   <div class='ocr_carea' id='block_1_99' title="bbox 331 5115 1982 5190">
    <p class='ocr_par' dir='ltr' id='par_1_99' title="bbox 331 5115 1982 5190">
     <span class='ocr_line' id='line_1_99' title="bbox 331 5115 1982 5190; baseline 0 -19"><span class='ocrx_word' id='word_1_746' title='bbox 331 5115 509 5190; x_wconf 61' lang='lat' dir='ltr'>modo</span> <span class='ocrx_word' id='word_1_747' title='bbox 568 5117 906 5190; x_wconf 8' lang='lat' dir='ltr'>legendum,</span> <span class='ocrx_word' id='word_1_748' title='bbox 936 5115 1876 5190; x_wconf 56' lang='lat' dir='ltr'>satisostenduntexp&#39;ositiones</span> <span class='ocrx_word' id='word_1_749' title='bbox 1926 5117 1982 5172; x_wconf 88' lang='lat' dir='ltr'>S.</span> 
     </span>
    </p>
   </div>
   <div class='ocr_carea' id='block_1_100' title="bbox 329 5185 1982 5268">
    <p class='ocr_par' dir='ltr' id='par_1_100' title="bbox 329 5185 1982 5268">
     <span class='ocr_line' id='line_1_100' title="bbox 329 5185 1982 5268; baseline -0.001 -25"><span class='ocrx_word' id='word_1_750' title='bbox 329 5185 697 5268; x_wconf 68' lang='lat' dir='ltr'>Hieronymi,</span> <span class='ocrx_word' id='word_1_751' title='bbox 730 5188 833 5268; x_wconf 92' lang='lat' dir='ltr'>qui</span> <span class='ocrx_word' id='word_1_752' title='bbox 859 5187 1285 5268; x_wconf 83' lang='lat' dir='ltr'>ait__Christu_m</span> <span class='ocrx_word' id='word_1_753' title='bbox 1336 5189 1512 5268; x_wconf 69' lang='lat' dir='ltr'>nobis</span> <span class='ocrx_word' id='word_1_754' title='bbox 1555 5185 1685 5245; x_wconf 79' lang='lat' dir='ltr'>esse</span> <span class='ocrx_word' id='word_1_755' title='bbox 1726 5191 1982 5268; x_wconf 46' lang='lat' dir='ltr'>praescri-</span> 
     </span>
    </p>
   </div>
   <div class='ocr_carea' id='block_1_101' title="bbox 325 5259 1981 5385">
    <p class='ocr_par' dir='ltr' id='par_1_101' title="bbox 325 5259 1981 5385">
     <span class='ocr_line' id='line_1_101' title="bbox 325 5259 1981 5385; baseline 0.002 -74"><span class='ocrx_word' id='word_1_756' title='bbox 325 5261 513 5385; x_wconf 47' lang='grc' dir='ltr'>ἔψη,</span> <span class='ocrx_word' id='word_1_757' title='bbox 560 5259 617 5313; x_wconf 91' lang='lat' dir='ltr'>id</span> <span class='ocrx_word' id='word_1_758' title='bbox 680 5259 771 5315; x_wconf 88' lang='lat' dir='ltr'>est</span> <span class='ocrx_word' id='word_1_759' title='bbox 815 5259 1157 5331; x_wconf 67' lang='lat' dir='ltr'>pmdictum,</span> <span class='ocrx_word' id='word_1_760' title='bbox 1216 5261 1277 5314; x_wconf 92' lang='lat' dir='ltr'>in</span> <span class='ocrx_word' id='word_1_761' title='bbox 1337 5260 1612 5316; x_wconf 90' lang='lat' dir='ltr'>omnibus</span> <span class='ocrx_word' id='word_1_762' title='bbox 1660 5259 1981 5332; x_wconf 87' lang='lat' dir='ltr'>prophetis.</span> 
     </span>
     <span class='ocr_line' id='line_1_102' title="bbox 393 5330 1981 5385; baseline 0.001 -2"><span class='ocrx_word' id='word_1_763' title='bbox 393 5344 526 5384; x_wconf 66' lang='lat' dir='ltr'>aur.</span> <span class='ocrx_word' id='word_1_764' title='bbox 575 5361 643 5370; x_wconf 90' lang='lat'>——</span> <span class='ocrx_word' id='word_1_765' title='bbox 709 5330 970 5385; x_wconf 87' lang='lat' dir='ltr'>Placeret</span> <span class='ocrx_word' id='word_1_766' title='bbox 1017 5331 1352 5385; x_wconf 78' lang='lat' dir='ltr'>Martiameo</span> <span class='ocrx_word' id='word_1_767' title='bbox 1418 5330 1548 5385; x_wconf 74' lang='lat' dir='ltr'>leui.</span> <span class='ocrx_word' id='word_1_768' title='bbox 1609 5334 1981 5385; x_wconf 52' lang='lat' dir='ltr'>vrascrivtus.</span> 
     </span>
    </p>
   </div>
   <div class='ocr_carea' id='block_1_102' title="bbox 393 5330 1982 5403">
    <p class='ocr_par' dir='ltr' id='par_1_102' title="bbox 393 5330 1982 5403">
     <span class='ocr_line' id='line_1_103' title="bbox 393 5330 1982 5403; baseline 0.001 -20"><span class='ocrx_word' id='word_1_769' title='bbox 393 5344 526 5384; x_wconf 66' lang='lat' dir='ltr'>aur.</span> <span class='ocrx_word' id='word_1_770' title='bbox 572 5361 643 5403; x_wconf 91' lang='lat'>_——</span> <span class='ocrx_word' id='word_1_771' title='bbox 709 5330 970 5403; x_wconf 81' lang='lat' dir='ltr'>PlaCeret</span> <span class='ocrx_word' id='word_1_772' title='bbox 1017 5331 1352 5386; x_wconf 78' lang='lat' dir='ltr'>Martiameo</span> <span class='ocrx_word' id='word_1_773' title='bbox 1418 5330 1569 5403; x_wconf 72' lang='lat' dir='ltr'>legi,</span> <span class='ocrx_word' id='word_1_774' title='bbox 1606 5330 1982 5403; x_wconf 61' lang='lat' dir='ltr'>prwscriptus,</span> 
     </span>
    </p>
   </div>
   <div class='ocr_carea' id='block_1_103' title="bbox 326 5401 1987 5474">
    <p class='ocr_par' dir='ltr' id='par_1_103' title="bbox 326 5401 1987 5474">
     <span class='ocr_line' id='line_1_104' title="bbox 326 5401 1987 5474; baseline 0.001 -21"><span class='ocrx_word' id='word_1_775' title='bbox 326 5401 837 5471; x_wconf 88' lang='lat' dir='ltr'>quemadmodum</span> <span class='ocrx_word' id='word_1_776' title='bbox 870 5407 929 5474; x_wconf 86' lang='lat' dir='ltr'>et</span> <span class='ocrx_word' id='word_1_777' title='bbox 948 5402 1007 5456; x_wconf 93' lang='lat' dir='ltr'>in</span> <span class='ocrx_word' id='word_1_778' title='bbox 1041 5404 1301 5474; x_wconf 81' lang='lat' dir='ltr'>subnexa</span> <span class='ocrx_word' id='word_1_779' title='bbox 1326 5401 1687 5474; x_wconf 83' lang='lat' dir='ltr'>expositione</span> <span class='ocrx_word' id='word_1_780' title='bbox 1705 5401 1987 5474; x_wconf 82' lang='lat' dir='ltr'>Hierony-</span> 
     </span>
    </p>
   </div>
   <div class='ocr_carea' id='block_1_104' title="bbox 327 5472 1987 5543">
    <p class='ocr_par' dir='ltr' id='par_1_104' title="bbox 327 5472 1987 5543">
     <span class='ocr_line' id='line_1_105' title="bbox 327 5472 1987 5543; baseline 0.001 -18"><span class='ocrx_word' id='word_1_781' title='bbox 327 5486 474 5543; x_wconf 86' lang='lat' dir='ltr'>mus</span> <span class='ocrx_word' id='word_1_782' title='bbox 505 5474 753 5543; x_wconf 70' lang='lat' dir='ltr'>przrfert,</span> <span class='ocrx_word' id='word_1_783' title='bbox 788 5477 843 5528; x_wconf 91' lang='lat' dir='ltr'>et</span> <span class='ocrx_word' id='word_1_784' title='bbox 873 5473 932 5527; x_wconf 89' lang='lat' dir='ltr'>in</span> <span class='ocrx_word' id='word_1_785' title='bbox 977 5472 1101 5528; x_wconf 88' lang='lat' dir='ltr'>suis</span> <span class='ocrx_word' id='word_1_786' title='bbox 1138 5474 1236 5529; x_wconf 89' lang='lat' dir='ltr'>ille</span> <span class='ocrx_word' id='word_1_787' title='bbox 1266 5472 1565 5529; x_wconf 79' lang='lat' dir='ltr'>codicibus</span> <span class='ocrx_word' id='word_1_788' title='bbox 1596 5490 1657 5527; x_wconf 91' lang='lat' dir='ltr'>se</span> <span class='ocrx_word' id='word_1_789' title='bbox 1708 5474 1787 5528; x_wconf 86' lang='lat' dir='ltr'>ait</span> <span class='ocrx_word' id='word_1_790' title='bbox 1834 5472 1987 5527; x_wconf 78' lang='lat' dir='ltr'>inve-</span> 
     </span>
    </p>
   </div>
   <div class='ocr_carea' id='block_1_105' title="bbox 326 5542 1980 5615">
    <p class='ocr_par' dir='ltr' id='par_1_105' title="bbox 326 5542 1980 5615">
     <span class='ocr_line' id='line_1_106' title="bbox 326 5542 1980 5615; baseline 0 -17"><span class='ocrx_word' id='word_1_791' title='bbox 326 5542 517 5598; x_wconf 74' lang='lat' dir='ltr'>uisse.</span> <span class='ocrx_word' id='word_1_792' title='bbox 547 5542 741 5600; x_wconf 87' lang='lat' dir='ltr'>Nostri</span> <span class='ocrx_word' id='word_1_793' title='bbox 773 5544 1099 5600; x_wconf 88' lang='lat' dir='ltr'>econtrario</span> <span class='ocrx_word' id='word_1_794' title='bbox 1129 5545 1226 5601; x_wconf 89' lang='lat' dir='ltr'>hic</span> <span class='ocrx_word' id='word_1_795' title='bbox 1272 5545 1623 5615; x_wconf 89' lang='lat' dir='ltr'>impressam</span> <span class='ocrx_word' id='word_1_796' title='bbox 1668 5543 1980 5599; x_wconf 84' lang='lat' dir='ltr'>lectionem</span> 
     </span>
    </p>
   </div>
   <div class='ocr_carea' id='block_1_106' title="bbox 323 5615 1986 5689">
    <p class='ocr_par' dir='ltr' id='par_1_106' title="bbox 323 5615 1986 5689">
     <span class='ocr_line' id='line_1_107' title="bbox 323 5615 1986 5689; baseline -0.001 -17"><span class='ocrx_word' id='word_1_797' title='bbox 323 5620 627 5689; x_wconf 77' lang='lat' dir='ltr'>asserunt,</span> <span class='ocrx_word' id='word_1_798' title='bbox 662 5633 791 5689; x_wconf 69' lang='lat' dir='ltr'>quas</span> <span class='ocrx_word' id='word_1_799' title='bbox 822 5632 928 5672; x_wconf 91' lang='lat' dir='ltr'>nec</span> <span class='ocrx_word' id='word_1_800' title='bbox 958 5633 1021 5673; x_wconf 90' lang='lat' dir='ltr'>re</span> <span class='ocrx_word' id='word_1_801' title='bbox 1052 5617 1195 5689; x_wconf 19' lang='lat' dir='ltr'>ipsa!</span> <span class='ocrx_word' id='word_1_802' title='bbox 1229 5616 1504 5673; x_wconf 89' lang='lat' dir='ltr'>dissentit</span> <span class='ocrx_word' id='word_1_803' title='bbox 1559 5617 1665 5672; x_wconf 88' lang='lat' dir='ltr'>abs</span> <span class='ocrx_word' id='word_1_804' title='bbox 1714 5615 1986 5689; x_wconf 84' lang='lat' dir='ltr'>Hierony-</span> 
     </span>
    </p>
   </div>
   <div class='ocr_carea' id='block_1_107' title="bbox 324 5685 1980 5766">
    <p class='ocr_par' dir='ltr' id='par_1_107' title="bbox 324 5685 1980 5766">
     <span class='ocr_line' id='line_1_108' title="bbox 324 5685 1980 5766; baseline 0.005 -24"><span class='ocrx_word' id='word_1_805' title='bbox 324 5685 535 5747; x_wconf 81' lang='lat' dir='ltr'>miana</span> <span class='ocrx_word' id='word_1_806' title='bbox 565 5685 921 5761; x_wconf 73' lang='lat' dir='ltr'>acceptione,</span> <span class='ocrx_word' id='word_1_807' title='bbox 955 5705 1060 5747; x_wconf 89' lang='lat' dir='ltr'>nec</span> <span class='ocrx_word' id='word_1_808' title='bbox 1074 5685 1124 5746; x_wconf 46' lang='lat' dir='ltr'>_a</span> <span class='ocrx_word' id='word_1_809' title='bbox 1156 5687 1350 5747; x_wconf 59' lang='lat' dir='ltr'>Greco</span> <span class='ocrx_word' id='word_1_810' title='bbox 1397 5693 1578 5760; x_wconf 88' lang='lat' dir='ltr'>textu,</span> <span class='ocrx_word' id='word_1_811' title='bbox 1635 5685 1980 5766; x_wconf 69' lang='grc' dir='ltr'>προεγράφή-</span> 
     </span>
    </p>
   </div>
   <div class='ocr_carea' id='block_1_108' title="bbox 2102 4648 3737 4721">
    <p class='ocr_par' dir='ltr' id='par_1_108' title="bbox 2102 4648 3737 4721">
     <span class='ocr_line' id='line_1_109' title="bbox 2102 4648 3737 4721; baseline -0.006 -10"><span class='ocrx_word' id='word_1_812' title='bbox 2102 4672 2167 4712; x_wconf 80' lang='lat' dir='ltr'>ex</span> <span class='ocrx_word' id='word_1_813' title='bbox 2189 4654 2394 4710; x_wconf 90' lang='lat' dir='ltr'>auditu</span> <span class='ocrx_word' id='word_1_814' title='bbox 2426 4658 2542 4720; x_wconf 89' lang='lat' dir='ltr'>est;</span> <span class='ocrx_word' id='word_1_815' title='bbox 2578 4653 2678 4708; x_wconf 90' lang='lat' dir='ltr'>sed</span> <span class='ocrx_word' id='word_1_816' title='bbox 2706 4652 2852 4707; x_wconf 89' lang='lat' dir='ltr'>ﬁdes</span> <span class='ocrx_word' id='word_1_817' title='bbox 2869 4668 2936 4706; x_wconf 85' lang='lat' dir='ltr'>ex</span> <span class='ocrx_word' id='word_1_818' title='bbox 2966 4650 3191 4719; x_wconf 91' lang='lat' dir='ltr'>auditu,</span> <span class='ocrx_word' id='word_1_819' title='bbox 3222 4651 3377 4721; x_wconf 91' lang='lat' dir='ltr'>quod</span> <span class='ocrx_word' id='word_1_820' title='bbox 3400 4653 3455 4705; x_wconf 89' lang='lat' dir='ltr'>et</span> <span class='ocrx_word' id='word_1_821' title='bbox 3474 4648 3534 4703; x_wconf 92' lang='lat' dir='ltr'>in</span> <span class='ocrx_word' id='word_1_822' title='bbox 3552 4652 3737 4718; x_wconf 86' lang='lat' dir='ltr'>parte,</span> 
     </span>
    </p>
   </div>
   <div class='ocr_carea' id='block_1_109' title="bbox 2102 4736 3741 4813">
    <p class='ocr_par' dir='ltr' id='par_1_109' title="bbox 2102 4736 3741 4813">
     <span class='ocr_line' id='line_1_110' title="bbox 2102 4736 3741 4813; baseline -0.006 -14"><span class='ocrx_word' id='word_1_823' title='bbox 2102 4750 2160 4801; x_wconf 91' lang='lat' dir='ltr'>et</span> <span class='ocrx_word' id='word_1_824' title='bbox 2190 4745 2249 4798; x_wconf 91' lang='lat' dir='ltr'>in</span> <span class='ocrx_word' id='word_1_825' title='bbox 2280 4747 2400 4798; x_wconf 89' lang='lat' dir='ltr'>toto</span> <span class='ocrx_word' id='word_1_826' title='bbox 2434 4742 2618 4813; x_wconf 90' lang='lat' dir='ltr'>accipi</span> <span class='ocrx_word' id='word_1_827' title='bbox 2666 4745 2896 4813; x_wconf 89' lang='lat' dir='ltr'>potest:</span> <span class='ocrx_word' id='word_1_828' title='bbox 2956 4756 3158 4795; x_wconf 90' lang='lat' dir='ltr'>eorum</span> <span class='ocrx_word' id='word_1_829' title='bbox 3215 4737 3433 4794; x_wconf 82' lang='lat' dir='ltr'>scilicet</span> <span class='ocrx_word' id='word_1_830' title='bbox 3489 4736 3633 4791; x_wconf 89' lang='lat' dir='ltr'>ﬁdes</span> <span class='ocrx_word' id='word_1_831' title='bbox 3671 4751 3741 4790; x_wconf 90' lang='lat' dir='ltr'>ex</span> 
     </span>
    </p>
   </div>
   <div class='ocr_carea' id='block_1_110' title="bbox 2100 4822 3743 4901">
    <p class='ocr_par' dir='ltr' id='par_1_110' title="bbox 2100 4822 3743 4901">
     <span class='ocr_line' id='line_1_111' title="bbox 2100 4822 3743 4901; baseline -0.006 -13"><span class='ocrx_word' id='word_1_832' title='bbox 2100 4834 2330 4898; x_wconf 89' lang='lat' dir='ltr'>auditu,</span> <span class='ocrx_word' id='word_1_833' title='bbox 2353 4831 2453 4898; x_wconf 90' lang='lat' dir='ltr'>qui</span> <span class='ocrx_word' id='word_1_834' title='bbox 2486 4830 2756 4896; x_wconf 89' lang='lat' dir='ltr'>audiunt,</span> <span class='ocrx_word' id='word_1_835' title='bbox 2782 4829 2881 4901; x_wconf 91' lang='lat' dir='ltr'>qui</span> <span class='ocrx_word' id='word_1_836' title='bbox 2911 4829 3171 4883; x_wconf 89' lang='lat' dir='ltr'>credunt.</span> <span class='ocrx_word' id='word_1_837' title='bbox 3205 4825 3313 4893; x_wconf 83' lang='lat' dir='ltr'>Qui</span> <span class='ocrx_word' id='word_1_838' title='bbox 3363 4828 3559 4881; x_wconf 87' lang='lat' dir='ltr'>autem</span> <span class='ocrx_word' id='word_1_839' title='bbox 3601 4822 3743 4880; x_wconf 91' lang='lat' dir='ltr'>huic</span> 
     </span>
    </p>
   </div>
   <div class='ocr_carea' id='block_1_111' title="bbox 2095 4967 3238 5042">
    <p class='ocr_par' dir='ltr' id='par_1_111' title="bbox 2095 4967 3238 5042">
     <span class='ocr_line' id='line_1_112' title="bbox 2095 4967 3238 5042; baseline -0.006 -13"><span class='ocrx_word' id='word_1_840' title='bbox 2095 4972 2388 5029; x_wconf 85' lang='lat' dir='ltr'>Victorius</span> <span class='ocrx_word' id='word_1_841' title='bbox 2414 4971 2691 5027; x_wconf 87' lang='lat' dir='ltr'>continuo</span> <span class='ocrx_word' id='word_1_842' title='bbox 2720 4971 3059 5042; x_wconf 80' lang='lat' dir='ltr'>proscriptus</span> <span class='ocrx_word' id='word_1_843' title='bbox 3079 4967 3238 5042; x_wconf 59' lang='lat' dir='ltr'>legit,</span> 
     </span>
    </p>
   </div>
   <div class='ocr_carea' id='block_1_112' title="bbox 2166 5036 3748 5116">
    <p class='ocr_par' dir='ltr' id='par_1_112' title="bbox 2166 5036 3748 5116">
     <span class='ocr_line' id='line_1_113' title="bbox 2166 5036 3748 5116; baseline -0.005 -17"><span class='ocrx_word' id='word_1_844' title='bbox 2166 5048 2187 5079; x_wconf 78' lang='grc'><strong>²</strong></span> <span class='ocrx_word' id='word_1_845' title='bbox 2218 5045 2351 5116; x_wconf 86' lang='lat' dir='ltr'>Legi</span> <span class='ocrx_word' id='word_1_846' title='bbox 2388 5049 2610 5098; x_wconf 68' lang='lat' dir='ltr'>natura:</span> <span class='ocrx_word' id='word_1_847' title='bbox 2640 5036 2734 5116; x_wconf 79' lang='lat' dir='ltr'>hic</span> <span class='ocrx_word' id='word_1_848' title='bbox 2765 5042 2897 5114; x_wconf 90' lang='lat' dir='ltr'>plus</span> <span class='ocrx_word' id='word_1_849' title='bbox 2933 5036 3115 5110; x_wconf 61' lang='lat' dir='ltr'>&#39;justo</span> <span class='ocrx_word' id='word_1_850' title='bbox 3137 5036 3426 5116; x_wconf 56' lang='lat' dir='ltr'>&#39;tribuere</span> <span class='ocrx_word' id='word_1_851' title='bbox 3481 5036 3748 5116; x_wconf 78' lang='lat' dir='ltr'>videatur</span> 
     </span>
    </p>
   </div>
   <div class='ocr_carea' id='block_1_113' title="bbox 2095 5107 3745 5188">
    <p class='ocr_par' dir='ltr' id='par_1_113' title="bbox 2095 5107 3745 5188">
     <span class='ocr_line' id='line_1_114' title="bbox 2095 5107 3745 5188; baseline -0.006 -16"><span class='ocrx_word' id='word_1_852' title='bbox 2095 5107 2519 5187; x_wconf 47' lang='lat' dir='ltr'>Hieronuymus:</span> <span class='ocrx_word' id='word_1_853' title='bbox 2556 5114 2656 5186; x_wconf 90' lang='lat' dir='ltr'>qui</span> <span class='ocrx_word' id='word_1_854' title='bbox 2691 5107 2807 5188; x_wconf 67' lang='lat' dir='ltr'>non</span> <span class='ocrx_word' id='word_1_855' title='bbox 2840 5107 3156 5188; x_wconf 39' lang='lat' dir='ltr'>estjtamen</span> <span class='ocrx_word' id='word_1_856' title='bbox 3199 5109 3312 5188; x_wconf 72' lang='lat' dir='ltr'>alip</span> <span class='ocrx_word' id='word_1_857' title='bbox 3365 5124 3547 5188; x_wconf 76' lang='lat' dir='ltr'>sensu</span> <span class='ocrx_word' id='word_1_858' title='bbox 3591 5107 3745 5164; x_wconf 89' lang='lat' dir='ltr'>acci-</span> 
     </span>
    </p>
   </div>
   <div class='ocr_carea' id='block_1_114' title="bbox 2095 5180 3746 5260">
    <p class='ocr_par' dir='ltr' id='par_1_114' title="bbox 2095 5180 3746 5260">
     <span class='ocr_line' id='line_1_115' title="bbox 2095 5180 3746 5260; baseline -0.005 -18"><span class='ocrx_word' id='word_1_859' title='bbox 2095 5180 2554 5260; x_wconf 73' lang='lat' dir='ltr'>piendus,quam</span> <span class='ocrx_word' id='word_1_860' title='bbox 2575 5180 2775 5260; x_wconf 76' lang='lat' dir='ltr'>quoin</span> <span class='ocrx_word' id='word_1_861' title='bbox 2802 5182 3329 5260; x_wconf 72' lang='lat' dir='ltr'>cap.l_saizs_xx1v,5,</span> <span class='ocrx_word' id='word_1_862' title='bbox 3350 5180 3577 5245; x_wconf 87' lang='lat' dir='ltr'>scribit,</span> <span class='ocrx_word' id='word_1_863' title='bbox 3601 5196 3746 5260; x_wconf 67' lang='lat' dir='ltr'>pra:-</span> 
     </span>
    </p>
   </div>
   <div class='ocr_carea' id='block_1_115' title="bbox 2094 5251 3746 5328">
    <p class='ocr_par' dir='ltr' id='par_1_115' title="bbox 2094 5251 3746 5328">
     <span class='ocr_line' id='line_1_116' title="bbox 2094 5251 3746 5328; baseline -0.005 -14"><span class='ocrx_word' id='word_1_864' title='bbox 2094 5251 2215 5314; x_wconf 75' lang='lat' dir='ltr'>inia</span> <span class='ocrx_word' id='word_1_865' title='bbox 2244 5251 2712 5328; x_wconf 49' lang='lat' dir='ltr'>adepturum-qui</span> <span class='ocrx_word' id='word_1_866' title='bbox 2744 5251 3072 5328; x_wconf 82' lang='lat' dir='ltr'>naturalem</span> <span class='ocrx_word' id='word_1_867' title='bbox 3103 5253 3292 5328; x_wconf 85' lang='lat' dir='ltr'>legem</span> <span class='ocrx_word' id='word_1_868' title='bbox 3343 5251 3746 5317; x_wconf 85' lang='lat' dir='ltr'>servaverint;</span> 
     </span>
    </p>
   </div>
   <div class='ocr_carea' id='block_1_116' title="bbox 2095 5323 3747 5395">
    <p class='ocr_par' dir='ltr' id='par_1_116' title="bbox 2095 5323 3747 5395">
     <span class='ocr_line' id='line_1_117' title="bbox 2095 5323 3747 5395; baseline -0.007 -9"><span class='ocrx_word' id='word_1_869' title='bbox 2095 5336 2151 5386; x_wconf 91' lang='lat' dir='ltr'>et</span> <span class='ocrx_word' id='word_1_870' title='bbox 2182 5331 2237 5383; x_wconf 92' lang='lat' dir='ltr'>in</span> <span class='ocrx_word' id='word_1_871' title='bbox 2270 5323 2555 5393; x_wconf 79' lang='lat' dir='ltr'>Ezechiel,</span> <span class='ocrx_word' id='word_1_872' title='bbox 2582 5323 2673 5395; x_wconf 77' lang='lat' dir='ltr'>xv,</span> <span class='ocrx_word' id='word_1_873' title='bbox 2708 5326 2813 5382; x_wconf 83' lang='lat' dir='ltr'>l7:</span> <span class='ocrx_word' id='word_1_874' title='bbox 2846 5348 2873 5374; x_wconf 88' lang='grc'>‹‹</span> <span class='ocrx_word' id='word_1_875' title='bbox 2908 5323 3295 5380; x_wconf 79' lang='lat' dir='ltr'>Condemnari</span> <span class='ocrx_word' id='word_1_876' title='bbox 3346 5338 3455 5377; x_wconf 90' lang='lat' dir='ltr'>nos</span> <span class='ocrx_word' id='word_1_877' title='bbox 3509 5338 3747 5395; x_wconf 80' lang='lat' dir='ltr'>compa-</span> 
     </span>
    </p>
   </div>
   <div class='ocr_carea' id='block_1_117' title="bbox 2095 5392 3746 5467">
    <p class='ocr_par' dir='ltr' id='par_1_117' title="bbox 2095 5392 3746 5467">
     <span class='ocr_line' id='line_1_118' title="bbox 2095 5392 3746 5467; baseline -0.007 -10"><span class='ocrx_word' id='word_1_878' title='bbox 2095 5402 2319 5457; x_wconf 86' lang='lat' dir='ltr'>ratione</span> <span class='ocrx_word' id='word_1_879' title='bbox 2350 5392 2693 5467; x_wconf 87' lang='lat' dir='ltr'>Gentilium,</span> <span class='ocrx_word' id='word_1_880' title='bbox 2728 5397 2773 5451; x_wconf 89' lang='lat' dir='ltr'>si</span> <span class='ocrx_word' id='word_1_881' title='bbox 2806 5395 2889 5449; x_wconf 80' lang='lat' dir='ltr'>illi</span> <span class='ocrx_word' id='word_1_882' title='bbox 2919 5396 3044 5467; x_wconf 85' lang='lat' dir='ltr'>lege</span> <span class='ocrx_word' id='word_1_883' title='bbox 3068 5396 3286 5450; x_wconf 87' lang='lat' dir='ltr'>faciant</span> <span class='ocrx_word' id='word_1_884' title='bbox 3307 5392 3594 5467; x_wconf 69' lang='lat' dir='ltr'>naturali,</span> <span class='ocrx_word' id='word_1_885' title='bbox 3617 5409 3746 5464; x_wconf 71' lang='lat' dir='ltr'>quae</span> 
     </span>
    </p>
   </div>
   <div class='ocr_carea' id='block_1_118' title="bbox 2094 5465 3739 5541">
    <p class='ocr_par' dir='ltr' id='par_1_118' title="bbox 2094 5465 3739 5541">
     <span class='ocr_line' id='line_1_119' title="bbox 2094 5465 3739 5541; baseline -0.007 -13"><span class='ocrx_word' id='word_1_886' title='bbox 2094 5490 2201 5528; x_wconf 92' lang='lat' dir='ltr'>nos</span> <span class='ocrx_word' id='word_1_887' title='bbox 2233 5471 2450 5541; x_wconf 82' lang='lat' dir='ltr'>scripta</span> <span class='ocrx_word' id='word_1_888' title='bbox 2480 5465 2856 5539; x_wconf 75' lang='lat' dir='ltr'>negligimus.</span> <span class='ocrx_word' id='word_1_889' title='bbox 2882 5489 2909 5515; x_wconf 84' lang='lat'>»</span> <span class='ocrx_word' id='word_1_890' title='bbox 2932 5465 3739 5541; x_wconf 29' lang='lat' dir='ltr'>Cénferendus‘Augustinus,</span> 
     </span>
    </p>
   </div>
   <div class='ocr_carea' id='block_1_119' title="bbox 2093 5533 3739 5614">
    <p class='ocr_par' dir='ltr' id='par_1_119' title="bbox 2093 5533 3739 5614">
     <span class='ocr_line' id='line_1_120' title="bbox 2093 5533 3739 5614; baseline -0.005 -15"><span class='ocrx_word' id='word_1_891' title='bbox 2093 5546 2265 5614; x_wconf 86' lang='lat' dir='ltr'>cujus</span> <span class='ocrx_word' id='word_1_892' title='bbox 2296 5533 2530 5597; x_wconf 77' lang='lat' dir='ltr'>summa</span> <span class='ocrx_word' id='word_1_893' title='bbox 2557 5533 2617 5593; x_wconf 89' lang='lat' dir='ltr'>in</span> <span class='ocrx_word' id='word_1_894' title='bbox 2640 5533 2757 5594; x_wconf 73' lang='lat' dir='ltr'>hac</span> <span class='ocrx_word' id='word_1_895' title='bbox 2788 5541 3106 5610; x_wconf 67' lang='lat' dir='ltr'>quaestione</span> <span class='ocrx_word' id='word_1_896' title='bbox 3136 5533 3471 5614; x_wconf 54' lang='lat' dir='ltr'>auctoritas&#39;</span> <span class='ocrx_word' id='word_1_897' title='bbox 3489 5540 3579 5614; x_wconf 77' lang='lat' dir='ltr'>est</span> 
     </span>
    </p>
   </div>
   <div class='ocr_carea' id='block_1_120' title="bbox 2093 5606 3742 5693">
    <p class='ocr_par' dir='ltr' id='par_1_120' title="bbox 2093 5606 3742 5693">
     <span class='ocr_line' id='line_1_121' title="bbox 2093 5606 3742 5693; baseline -0.004 -23"><span class='ocrx_word' id='word_1_898' title='bbox 2093 5606 2377 5693; x_wconf 51' lang='lat' dir='ltr'>de&#39;Spirit.</span> <span class='ocrx_word' id='word_1_899' title='bbox 2401 5616 2461 5693; x_wconf 87' lang='lat' dir='ltr'>_et</span> <span class='ocrx_word' id='word_1_900' title='bbox 2483 5614 2729 5693; x_wconf 54' lang='lat' dir='ltr'>patera,</span> <span class='ocrx_word' id='word_1_901' title='bbox 2757 5606 2881 5693; x_wconf 71' lang='lat' dir='ltr'>cap.</span> <span class='ocrx_word' id='word_1_902' title='bbox 2901 5628 3070 5693; x_wconf 72' lang='lat' dir='ltr'>_xxv_n</span> <span class='ocrx_word' id='word_1_903' title='bbox 3098 5616 3371 5693; x_wconf 62' lang='lat' dir='ltr'>et_seq_q.,</span> <span class='ocrx_word' id='word_1_904' title='bbox 3405 5612 3463 5663; x_wconf 90' lang='lat' dir='ltr'>et</span> <span class='ocrx_word' id='word_1_905' title='bbox 3500 5607 3569 5693; x_wconf 33' lang='lat' dir='ltr'>(Si,</span> <span class='ocrx_word' id='word_1_906' title='bbox 3601 5606 3742 5665; x_wconf 87' lang='lat' dir='ltr'>Ful-</span> 
     </span>
    </p>
   </div>
   <div class='ocr_carea' id='block_1_121' title="bbox 2093 5678 3594 5760">
    <p class='ocr_par' dir='ltr' id='par_1_121' title="bbox 2093 5678 3594 5760">
     <span class='ocr_line' id='line_1_122' title="bbox 2093 5678 3594 5760; baseline -0.007 -15"><span class='ocrx_word' id='word_1_907' title='bbox 2093 5678 2349 5760; x_wconf 78' lang='lat' dir='ltr'>gentius,</span> <span class='ocrx_word' id='word_1_908' title='bbox 2380 5685 2445 5744; x_wconf 83' lang='lat' dir='ltr'>de</span> <span class='ocrx_word' id='word_1_909' title='bbox 2470 5678 2772 5752; x_wconf 55' lang='lat' dir='ltr'>lucanica,</span> <span class='ocrx_word' id='word_1_910' title='bbox 2805 5678 2859 5741; x_wconf 69' lang='lat' dir='ltr'>et</span> <span class='ocrx_word' id='word_1_911' title='bbox 2889 5684 3087 5740; x_wconf 82' lang='lat' dir='ltr'>Gratia</span> <span class='ocrx_word' id='word_1_912' title='bbox 3117 5678 3327 5740; x_wconf 62' lang='lat' dir='ltr'>Christi</span> <span class='ocrx_word' id='word_1_913' title='bbox 3344 5695 3471 5753; x_wconf 86' lang='lat' dir='ltr'>cap.</span> <span class='ocrx_word' id='word_1_914' title='bbox 3500 5678 3594 5735; x_wconf 86' lang='lat'>26.</span> 
     </span>
    </p>
   </div>
  </div>
