4144 6202
350 348 466 411 3'15

1587 355 1658 414 ‘S‘.
1704 353 2018 416 EUSEBll
2057 351 2510 414 ‘HIERONYMI

3640 350 3758 412 3'16

357 477 632 556 scrupulo
667 483 1003 540 satisfacere
1035 484 1050 518 ¹
1083 486 1344 553 conatur,
1394 483 1559 557 prius
1588 483 1728 541 illud
1763 486 2011 542 tentabit
2037 485 2093 552 Α
2122 490 2298 551 tetur,
2335 490 2397 539 ut
2426 484 2668 556 scripta:-
2714 485 2892 539 sunt:
2951 483 3022 539 de
3074 481 3184 538 hoc
3234 477 3478 555 potestis
3528 447 3757 540 dicere:

359 587 638 642 asserere,
675 574 831 644 quod
867 573 1112 629 nutibus
1134 574 1289 630 420
1320 591 1552 646 quoque
1583 579 1640 630 et
1668 575 2010 647 quotidiana

363 661 822 730 conversatione,
857 665 914 717 et
971 666 1036 717 ut
1091 667 1172 718 ita
1224 662 1468 718 dixerim
1520 665 1701 720 totius
1749 665 2009 737 corporis

360 751 635 824 loquente
666 754 858 823 gestu,
887 751 1049 807 surdi
1073 757 1323 824 possunt
1354 752 1725 824 Evangelium
1749 753 2005 810 discere:

363 841 573 897 deinde
600 841 777 896 etiam
811 840 941 907 hoc,
975 842 1125 911 quod
1180 842 1278 895 Dei
1316 857 1509 897 sermo
1549 841 1641 897 cui
1695 840 1838 897 nihil
1880 858 2008 898 sur-

363 929 505 986 dum
529 933 639 997 est,
671 930 740 985 ad
776 945 874 985 eas
899 930 1088 1002 magis
1118 929 1394 1001 loquatur
1425 947 1615 998 aures,
1675 932 1746 986 de
1795 931 2010 1002 quibus

363 1023 423 1075 et
447 1018 573 1092 ipse
604 1018 686 1074 ait
714 1018 774 1072 in
805 1017 1114 1090 Evangelio
1144 1037 1156 1074 :
1195 1019 1300 1086 Qui
1328 1020 1485 1075 habet
1515 1037 1678 1076 aures
1725 1019 2009 1086 audiendi,

363 1108 563 1164 audiat
594 1107 745 1180 (Luc.
777 1124 902 1172 VIII,
933 1107 1009 1178 8).
1050 1108 1120 1163 Et
1148 1106 1206 1162 in
1255 1107 1604 1181 Apocalypsi
1633 1127 1645 1164 :
1699 1110 1804 1177 Qui
1847 1109 2012 1165 habet

363 1213 576 1268 aurem,
609 1196 797 1252 audiat
837 1196 972 1269 quid
1022 1198 1254 1266 spiritus
1313 1196 1459 1252 dicat
1515 1200 1772 1254 Ecclesiis
1825 1199 2008 1270 (Apoc.

361 1303 427 1353 ιι,
466 1287 572 1357 11).
609 1286 678 1341 Et
704 1285 923 1342 Isaias:
959 1287 1219 1341 Dominus
1266 1285 1480 1342 addidit
1521 1288 1663 1341 mihi
1699 1289 2013 1343 auriculam

365 1376 493 1443 (Isa.
527 1392 576 1445 L,
607 1375 685 1446 5).
720 1375 832 1430 Iste
863 1378 951 1430 est
983 1373 1132 1429 alius
1165 1373 1360 1439 homo,
1407 1374 1500 1429 cui
1548 1375 1704 1430 Dous
1752 1374 2014 1447 loquitur

365 1463 428 1518 in
459 1463 703 1530 occulto,
735 1463 832 1534 qui
878 1460 1094 1518 clamat
1122 1463 1179 1518 in
1232 1465 1402 1519 corde
1450 1464 1779 1536 credentis:
1839 1465 2008 1532 Abba,

364 1555 536 1610 Pater
560 1553 742 1625 (Rom.
789 1568 914 1622 vm,
951 1553 1069 1620 15):
1123 1557 1180 1607 et
1223 1557 1310 1621 (ut
1357 1553 1694 1623 frequenter
1740 1554 2010 1625 exposui-

366 1641 524 1711 mus)
557 1641 850 1712 quomodo
880 1657 1091 1712 corpus
1123 1641 1322 1696 omnia
1362 1642 1646 1709 membra,
1700 1646 1757 1697 et
1802 1658 2012 1698 sensus

364 1728 577 1785 habet:
616 1729 696 1784 ita
726 1729 983 1784 animam
1015 1745 1244 1800 quoque
1277 1729 1582 1786 universos
1603 1734 1659 1786 et
1689 1746 1921 1796 sensus,
1959 1735 2014 1787 et

368 1817 637 1873 membra
692 1816 927 1887 habere,
973 1823 1030 1874 et
1075 1817 1226 1873 inter
1283 1820 1530 1874 caztera’
1577 1835 1749 1874 aures
1795 1819 1970 1914 etiam
1997 1837 2009 1876 :
2041 1852 2090 1918 B

373 1922 522 1978 quas
548 1905 646 1977 qui
680 1906 972 1973 habuerit,
1007 1923 1121 1962 non
1174 1923 1525 1979 magnOpere
1573 1891 1859 1980 indigebit
1917 1907 2012 1965 his

369 1995 612 2052 auribus
634 1995 894 2066 corporis
925 1995 997 2051 ad
1029 1995 1240 2052 Christi
1265 1995 1643 2068 Evangelium
1666 2013 2016 2070 cognoscen-

368 2085 533 2140 dum.
566 2083 753 2139 Simul
788 2087 985 2140 autem
1021 2085 1195 2141 etiam
1229 2084 1370 2140 illud
1403 2085 1707 2155 attendite,
1741 2086 1895 2157 quod
1921 2086 2015 2142 hic

371 2172 626 2244 Spiritus
666 2173 887 2244 absque
917 2173 1035 2228 ullo
1085 2173 1483 2229 additamento
1539 2179 1756 2230 sanctus
1803 2174 2015 2231 intelli-

369 2265 562 2334 gatur,
581 2278 756 2333 quem
782 2278 850 2317 ex
871 2262 1022 2317 dono
1049 2261 1598 2334 Deiconsequimur,
1622 2267 1804 2319 etnon
1831 2263 2016 2319 homi-

373 2349 470 2406 nis
511 2351 581 2405 de
639 2367 754 2422 quo
811 2349 947 2406 alibi
1010 2351 1325 2407 scribitur:
1377 2355 1736 2424 Incorruptus
1775 2354 2017 2425 Spiritus

372 2440 536 2496 estin
575 2438 830 2494 omnibus
861 2439 1010 2510 (Sap.
1039 2457 1139 2503 x11,
1174 2440 1247 2509 1).
1281 2440 1350 2495 Et
1380 2457 1393 2495 :
1427 2443 1544 2511 Ipse
1573 2441 1812 2512 Spiritus
1869 2443 2017 2497 testi-

377 2528 629 2582 monium
674 2527 857 2583 reddit
893 2529 996 2598 [AL
1050 2528 1272 2599 reddet]
1320 2531 1548 2600 spiritui
1592 2538 1775 2586 nostro
1841 2532 2014 2601 (Rom.

373 2629 496 2682 vm,
533 2615 641 2683 16).
669 2614 739 2670 Et
764 2615 822 2670 in
856 2614 968 2671 alio
1000 2616 1160 2672 loco:
1193 2618 1357 2673 Nemo
1384 2619 1489 2672 scit
1536 2635 1600 2673 ea
1646 2633 1772 2689 qua
1816 2619 1875 2673 in
1923 2618 2017 2675 ho-

370 2704 524 2760 mine
551 2712 700 2770 sunt,
731 2705 844 2760 nisi
865 2706 1098 2777 spiritus
1127 2707 1368 2761 hominis
1397 2709 1494 2777 qui
1521 2715 1602 2762 est
1631 2709 1695 2762 in
1723 2724 1784 2764 eo
1815 2709 1868 2778 (I
1891 2711 2014 2766 Cor.

372 2809 438 2860 ιι,
471 2792 581 2865 11).
615 2793 685 2848 Et
715 2794 775 2849 in
806 2793 1075 2850 Daniele:
1137 2795 1464 2862 Benedicite,
1518 2798 1743 2866 spiritus
1787 2802 1839 2852 et
1886 2799 2028 2852 anir

374 2895 488 2938 mae
507 2882 810 2953 justorum,
842 2883 1133 2943 Dominum
1159 2883 1318 2954 (Dan.
1351 2901 1434 2952 III,
1469 2886 1579 2953 86).

448 2973 641 3038 (Vere.
709 2971 787 3042 3.)
848 2970 1001 3028 «Sic
1058 2971 1224 3027 stulti
1275 2974 1437 3044 estis,
1490 2977 1554 3028 ut
1618 2989 1748 3029 cum
1801 2975 2019 3046 Spiritu

379 3059 690 3130 cmperitis,
742 3077 898 3115 nunc
929 3077 1103 3116 carne
1146 3061 1682 3117 consummemini?
1713 3063 1823 3119 «Si
1855 3079 2020 3120 sanc-

369 3151 492 3201 tam
524 3146 809 3217 Spiritum
845 3153 1188 3220 acceperant
1214 3149 1450 3220 Galate,
1502 3153 1794 3222 quomodo
1852 3152 2016 3208 stulti

2118 574 2211 630 Sic
2242 573 2458 630 stultus
2490 589 2573 643 es,
2606 577 2672 628 ut
2701 589 2833 628 cum
2861 571 3069 644 spiritu
3101 569 3366 643 coeperis,
3400 587 3556 626 nunc
3587 587 3758 628 carne

2118 663 2548 719 consummeris
2569 662 2597 716 ?

2189 751 2375 824 (Vers.
2429 753 2508 822 4.)
2553 771 2581 802 ‹‹
2611 752 2795 806 Tanta
2850 750 3008 822 passi
3053 749 3197 805 estis
3245 749 3372 805 sine
3437 765 3640 818 causa,
3710 749 3758 806 si

2117 846 2314 896 tamen
2338 841 2463 896 sine
2484 857 2678 896 causa.
2706 862 2732 890 »
2753 839 3201 896 Consideremus
3222 837 3484 894 infelices
3504 837 3760 906 Judasos,

2119 931 2338 999 quanta
2370 926 2784 998 superstitione
2815 931 2872 981 et
2901 925 3321 981 observationis
3346 924 3544 980 labore
3568 925 3764 981 vivant

2119 1015 2272 1071 inter
2301 1020 2535 1071 caeteras
2587 1015 2873 1082 nationes,
2923 1015 3202 1080 dicentes,
3235 1027 3307 1070 ne
3358 1013 3638 1086 tetigeris,
3687 1030 3762 1070 ne

2120 1105 2466 1178 gustaveris,
2497 1121 2568 1160 ne
2599 1103 3014 1172 attractaveris,
3050 1107 3106 1159 et
3134 1101 3516 1176 probabimus
3562 1119 3761 1159 verum

2120 1210 2248 1250 esse
2280 1195 2433 1265 quod
2481 1192 2730 1248 dicitur:
2784 1194 2953 1249 Tanta
3004 1195 3154 1265 passi
3197 1194 3324 1248 estis
3372 1195 3495 1248 sine
3541 1208 3710 1248 causa
3738 1210 3757 1248 :

2121 1283 2224 1339 sed
2257 1299 2370 1338 non
2403 1282 2604 1338 statim
2664 1281 2734 1337 ad
2784 1298 2882 1337 eos
2941 1280 3227 1337 sententia
3277 1285 3657 1353 temperatur,
3709 1286 3768 1338 et

2121 1372 2302 1427 dubia
2340 1373 2426 1438 iit,
2459 1374 2511 1427 si
2546 1375 2732 1427 tamen
2782 1372 2904 1426 sine
2931 1387 3126 1427 causa:
3161 1370 3300 1442 quia
3324 1371 3399 1426 de
3415 1369 3510 1427 his
3531 1370 3762 1439 dicitur,

2122 1460 2222 1532 qui
2253 1464 2501 1533 possunt
2539 1464 2672 1532 post
2726 1460 2935 1533 Legem
2985 1459 3056 1515 ad
3102 1456 3481 1531 Evangelium
3532 1459 3762 1515 reverti.

2122 1547 2330 1604 Melius
2363 1553 2560 1604 autem
2608 1548 2692 1604 sic
2737 1546 2979 1622 intelligi
3030 1552 3242 1622 potest,
3287 1549 3445 1619 quod
3504 1547 3763 1620 primum

2122 1637 2424 1693 credentes
2455 1635 2672 1693 Galatas
2703 1637 2762 1692 in
2794 1637 3174 1705 Crucifixum,
3207 1641 3265 1692 et
3293 1653 3328 1692 a
3373 1635 3613 1704 Judaeis,
3647 1640 3705 1693 et
3734 1653 3768 1693 a

2121 1725 2399 1798 gentibus
2429 1727 2741 1798 opprobria
2783 1725 2970 1782 multa
3006 1726 3268 1798 perpessi
3309 1726 3448 1797 sint,
3495 1737 3766 1798 persecu-

2123 1816 2312 1871 tiones
2369 1831 2486 1870 non
2536 1815 2813 1870 minimas
2863 1813 3271 1871 sustinuerint.
3320 1816 3479 1881 Quae
3550 1813 3766 1870 frustra

2126 1908 2453 1978 arguuntur
2508 1904 2690 1959 fuisse
2765 1902 3049 1975 perpessi,
3111 1903 3248 1959 si-a
3294 1904 3481 1976 gratia
3555 1900 3767 1959 Christi

2123 1993 2416 2061 recedant,
2437 1997 2672 2065 propter
2701 2007 2879 2064 quam
2910 1996 3076 2048 tanta
3105 1991 3366 2066 perpessi
3399 1995 3556 2048 sunt.
3581 1990 3767 2048 Simul

2123 2086 2180 2137 et
2209 2081 2309 2137 illa
2359 2098 2511 2153 spes,
2564 2081 2716 2154 quod
2748 2082 2771 2115 ⁸
2818 2081 3154 2154 quicunque
3209 2083 3281 2138 ob
3329 2081 3542 2138 Christi
3595 2080 3769 2136 ﬁdem

2123 2169 2496 2242 laboraverit,
2537 2176 2593 2226 et
2623 2175 2823 2242 postea
2865 2169 3068 2242 lapsus
3113 2170 3286 2227 fuerit
3333 2171 3392 2226 in
3441 2173 3769 2242 peccatum,

2127 2259 2280 2315 sicut
2303 2260 2496 2331 priora
2525 2259 2651 2315 sine
2680 2275 2859 2315 causa
2883 2259 3098 2315 dicitur
3126 2275 3338 2332 passus
3398 2259 3580 2315 fuisse
3625 2257 3769 2314 dum

2126 2354 2347 2420 peccat,
2381 2349 2466 2404 sic
2499 2363 2734 2405 rursum
2761 2363 2873 2404 non
2900 2349 3107 2420 perdat
3137 2365 3222 2420 ea,
3266 2348 3316 2404 si
3359 2348 3431 2404 ad
3463 2346 3772 2420 pristinam

2126 2439 2302 2494 ﬁdem
2329 2441 2385 2493 et
2413 2437 2485 2493 ad
2520 2437 2830 2510 antiquum
2864 2437 3126 2494 studium
3159 2441 3499 2494 revertatur.
3549 2436 3769 2492 Aliter:

2125 2527 2185 2582 Si
2214 2525 2744 2592 cireumcisionem,
2776 2527 2988 2598 inquit,
3022 2527 3241 2599 putatis
3261 2527 3621 2599 sequendam
3645 2539 3773 2582 esse

2127 2620 2257 2688 post
2288 2615 2566 2688 gratiam:
2601 2631 2737 2687 ergo
2768 2631 2954 2688 usque
2987 2616 3059 2672 ad
3092 2632 3346 2688 praesens
3375 2621 3608 2688 tempus
3639 2616 3766 2673 sine

2127 2704 2569 2760 circumcisione
2599 2704 2875 2772 viventes,
2903 2704 3102 2760 omnia
3131 2722 3262 2777 quae
3288 2704 3447 2778 passi
3489 2704 3652 2774 estis,
3709 2706 3769 2762 in

2128 2793 2359 2849 irritum
2385 2796 2522 2849 sunt
2547 2793 2812 2849 deducta.
2847 2795 2982 2858 Quae
3029 2794 3269 2866 quidem
3299 2790 3444 2849 mihi
3487 2793 3766 2853 videmini

2128 2899 2243 2938 non
2276 2882 2493 2937 frustra
2523 2881 2898 2951 sustinuisse,
2931 2883 3031 2955 qui
3059 2883 3178 2938 scio
3201 2882 3566 2956 Degempost
3594 2885 3771 2939 Evan-

2125 2968 2344 3044 gelium
2379 2987 2495 3026 non
2523 2970 2731 3026 valere.
2779 2969 2880 3026 Vel
2931 2983 3083 3027 certe
3132 2971 3252 3027 sic:
3305 2969 3429 3027 Non
3477 2971 3600 3028 leve
3648 2976 3770 3028 erat

2127 3059 2432 3127 damnum,
2495 3059 2544 3114 si
2602 3058 3105 3114 circumcisionem
3154 3063 3490 3130 sequentes,
3538 3062 3768 3115 tantum

2126 3148 2445 3220 pristinum
2478 3147 2611 3203 fidei
2636 3147 3043 3219 perdidissetis
3087 3148 3386 3205 laborem:
3438 3160 3595 3203 nunc
3638 3163 3769 3205 vero

373 3234 586 3290 erant?
612 3233 829 3290 Verum
863 3237 1058 3291 statim
1094 3237 1360 3304 solvitur,
1394 3221 1634 3310 coepisse
1657 3241 1895 3312 quidem
1917 3257 2015 3297 eos
2047 3221 2088 3288 Β
2126 3237 2198 3292 ad
2231 3237 2339 3292 hoc
2369 3236 2784 3292 detrimentum
2832 3237 3008 3292 etiam
3061 3235 3557 3308 pravaricationis
3604 3253 3773 3309 pcsna

371 3320 681 3394 Spiritum,
714 3325 816 3379 sed
849 3341 981 3379 cum
1015 3341 1186 3380 carne
1217 3333 1788 3395 consummarentur,
1832 3329 2015 3402 Spiri-

372 3414 500 3467 tum
533 3411 605 3467 ab
636 3411 720 3468 eis
751 3411 932 3468 fuisse
963 3412 1285 3468 sublatum.
1320 3413 1484 3469 Unde
1515 3415 1641 3471 sine
1663 3432 1843 3472 causa
1859 3418 2017 3489 passi

375 3503 515 3555 sunt
542 3504 709 3555 tanta
735 3517 862 3571 quae
895 3502 1051 3572 passi
1087 3504 1244 3556 unt.
1279 3503 1440 3568 Quod
1474 3519 1546 3558 ne
1577 3504 1688 3559 sibi
1722 3509 1854 3576 post
1886 3523 2016 3577 pec-

371 3590 568 3642 catum
609 3587 880 3657 eveniret,
918 3589 1092 3644 David
1125 3595 1416 3661 precatur,
1450 3591 1651 3647 dicens
1680 3609 1693 3648 :
1753 3593 2019 3665 Spiritum

375 3683 640 3732 sanctum
687 3684 840 3732 tuum
869 3693 939 3733 ne
965 3681 1186 3750 auferas
1219 3697 1256 3734 a
1285 3696 1371 3736 me
1417 3681 1595 3750 (Psal.
1631 3700 1681 3751 L,
1722 3682 1824 3754 13).
1878 3682 2018 3738 Dili-

373 3768 578 3837 genter
608 3765 888 3821 attendite
919 3767 1075 3838 quod
1107 3767 1207 3839 qui
1225 3769 1558 3840 Scripturas
1570 3771 1742 3841 juxta
1763 3771 2018 3828 litteram

378 3853 667 3925 sequitur,
702 3855 1099 3910 consummari
1131 3873 1303 3912 carne
1331 3857 1577 3913 dicatur.
1633 3860 2020 3923 Quamobrem

377 3939 524 3996 illud
556 3943 710 4013 quod
744 3943 814 3998 ad
865 3944 1196 4000 Corinthios
1244 3945 1527 4017 scriptum
1571 3952 1695 4005 est:
1747 3949 1808 4003 In
1860 3967 2025 4006 carne

377 4031 639 4099 viventes,
673 4049 785 4087 non
807 4033 978 4104 juxta
1007 4050 1233 4088 carnem
1259 4035 1566 4090 militamus
1586 4042 1609 4098 ι(
1619 4036 1670 4092 II
1705 4037 1825 4093 Cor.
1859 4056 1913 4104 x,
1947 4040 2022 4111 3),

378 4119 588 4176 melius
619 4120 702 4176 sic
732 4121 981 4193 intelligi
1022 4126 1232 4193 potest,
1269 4127 1334 4178 ut
1363 4123 1423 4177 hi
1451 4123 1703 4180 militare
1754 4126 2026 4182 dicantur

378 4207 438 4262 in
471 4225 665 4276 carne,
691 4209 791 4281 qui
821 4209 1002 4266 Vetus
1019 4211 1461 4267 Testamentum
1484 4212 1786 4270 humiliter
1806 4216 2024 4272 edisse-

378 4297 648 4361 runt.Qui
672 4313 806 4353 vero
834 4299 1621 4374 sequunturintelligentiam
1637 4303 2024 4375 spiritualem,

383 4383 502 4440 sint
531 4384 765 4455 quidem
800 4386 858 4440 in
890 4405 1084 4456 carne,
1116 4389 1255 4461 quia
1284 4393 1547 4447 eamdem
1598 4392 2027 4449 habeantlitte-

376 4489 505 4528 ram
537 4475 685 4530 421
744 4492 924 4546 quam
983 4478 1189 4548 Judaei,
1251 4481 1351 4534 sed
1405 4498 1520 4536 non
1571 4481 1741 4550 juxta
1789 4498 2023 4538 carnem

2127 3326 2401 3392 sociatur,
2426 3330 2492 3380 ut
2521 3331 2577 3380 et
2607 3326 2899 3398 praeterita
2929 3324 3054 3381 sine
3080 3343 3258 3382 causa
3315 3326 3577 3399 perpessi
3619 3325 3768 3397 sitis,

2127 3417 2184 3469 et
2213 3414 2272 3468 in
2297 3413 2449 3470 422
2483 3414 2679 3469 futuro
2710 3414 3076 3470 cruciemini.
3109 3414 3356 3479 Quidam
3405 3414 3774 3477 coactiusita

2128 3501 2470 3575 intelligunt
2493 3503 2720 3558 :Consid
2731 3507 2888 3558 crate
2900 3503 3209 3575 pristinam
3223 3503 3422 3576 gratias
3443 3502 3771 3560 libertatem

2130 3593 2187 3646 et
2216 3591 2518 3661 praesentis
2551 3599 2728 3646 onera
2758 3591 3183 3647 observationis
3215 3592 3275 3647 in
3303 3591 3452 3660 lege,
3512 3597 3570 3648 et
3615 3591 3772 3647 vide-

2131 3678 2270 3734 bitis
2303 3696 2479 3751 quam
2512 3679 2697 3736 multa
2725 3697 2891 3736 casso
2920 3681 3114 3737 studio
3146 3680 3434 3737 feceritis:
3467 3678 3604 3738 licet
3658 3697 3773 3737 non

2130 3767 2363 3840 penitus
2397 3769 2620 3824 fructus
2647 3769 2860 3826 erroris
2890 3769 3063 3825 istius
3094 3770 3494 3842 desperandus
3509 3769 3607 3841 sit,
3631 3771 3772 3826 dum

2131 3854 2252 3912 zelo
2282 3855 2383 3912 Dei
2416 3857 2487 3913 ad
2521 3857 2630 3913 hoc
2661 3857 2858 3931 ipsum
2888 3857 3031 3914 estis
3062 3857 3320 3914 adducti.
3363 3858 3773 3932 Ign‘orantibus

2133 3945 2292 4001 enim
2318 3945 2559 4002 concedi
2589 3948 2758 4004 venia
2788 3951 2999 4019 potest,
3033 3947 3083 4003 si
3115 3947 3187 4004 ad
3213 3946 3452 4004 meliora
3490 3946 3773 4015 conversi,

2141 4034 2445 4091 scientiam
2472 4036 2531 4090 in
2548 4035 2713 4092 vobis
2733 4037 2992 4092 doceatis
3015 4037 3473 4104 fluctuasse,non
3487 4037 3774 4093 studium.

2204 4128 2392 4191 (Vers.
2421 4125 2498 4196 5.)
2533 4149 2560 4175 ‹‹
2593 4125 2702 4189 Qui
2748 4141 2885 4198 ergo
2915 4125 3124 4181 tribuit
3163 4125 3331 4182 vobis
3377 4125 3674 4198 Spiritum,
3722 4131 3781 4182 et

2136 4218 2414 4285 operatur
2443 4214 2685 4270 virtutes
2720 4215 2779 4269 in
2811 4215 2997 4281 vobis,
3020 4232 3089 4270 ex
3119 4215 3396 4288 operibus
3415 4213 3584 4286 legis,
3616 4231 3690 4271 an
3711 4231 3781 4271 ex

2137 4301 2340 4356 auditu
2389 4302 2566 4357 fidei?
2620 4303 2857 4371 Tribuit,
2917 4303 3025 4358 hoc
3073 4308 3162 4359 est
3197 4304 3569 4372 administrat,
3636 4321 3781 4377 prae-

2139 4391 2324 4446 sentis
2356 4391 2638 4463 temporis
2670 4395 2760 4447 est
2788 4391 3140 4464 legendum;
3192 4397 3258 4448 ut
3297 4392 3642 4449 ostendatur
3679 4409 3783 4465 per

2139 4479 2406 4552 singulas
2436 4481 2609 4536 horas
2639 4485 2812 4552 atque
2843 4487 3145 4537 momenta
3174 4495 3406 4554 semper
3427 4481 3622 4554 dignis
3645 4498 3781 4538 san-

380 4561 658 4653 militent,
714 4581 748 4618 a
793 4581 967 4620 carne
1025 4567 1097 4621 ad
1171 4566 1441 4638 spiritum
1519 4572 2021 4627 transcendentes.
2056 4590 2102 4653 Β
2141 4573 2297 4623 ctum
2330 4569 2611 4640 Spiritum
2646 4569 2971 4625 ministrari
3003 4589 3016 4638 ;
3051 4576 3108 4626 et
3135 4576 3354 4643 quanto
3385 4571 3518 4642 quis
3560 4571 3621 4626 in
3679 4569 3782 4627 Dei

380 4651 626 4715 Quando
655 4653 919 4709 videritis
952 4669 1083 4709 eum
1119 4655 1217 4725 qui
1250 4657 1507 4726 primum
1541 4659 1725 4713 credit
1767 4675 1834 4713 ex
1881 4675 2022 4731 gen-

376 4738 556 4805 tibus,
589 4744 646 4796 et
672 4741 744 4797 ad
776 4740 991 4811 Christi
1023 4747 1282 4798 aratrum
1344 4744 1523 4799 mittit
1572 4761 1811 4800 manum
1871 4747 2020 4818 (Luc.

379 4844 455 4896 Ix,
484 4829 598 4900 62),
653 4831 860 4900 praevio
920 4830 1115 4902 aliquo
1163 4833 1399 4887 doctore
1453 4835 1754 4904 prudente,
1800 4836 1884 4890 sic
1923 4852 2026 4908 per

380 4916 548 4988 Legis
578 4917 688 4974 iter
719 4921 789 4974 ad
824 4921 1204 4993 Evangelium
1260 4938 1520 4994 pergere,
1565 4928 1630 4979 ut
1673 4924 1872 4980 omnia
1925 4924 2027 4981 illa

377 5021 505 5076 quas
534 5005 615 5060 ibi
643 5007 862 5079 scripta
892 5014 1050 5077 sunt,
1101 5012 1171 5066 de
1222 5011 1484 5078 sabbato,
1544 5012 1616 5067 de
1663 5013 1904 5084 azymis,
1955 5015 2026 5070 de

377 5091 842 5163 circumcisione,
875 5098 944 5152 de
975 5098 1247 5168 victimis,
1280 5100 1454 5173 digne
1486 5101 1600 5157 Deo
1625 5101 1934 5176 intelligat,
1969 5108 2026 5158 et

376 5179 651 5257 deinceps
683 5189 814 5254 post
839 5186 1130 5259 Evangelii
1166 5187 1474 5245 lectionem
1507 5208 1539 5244 a
1568 5191 1769 5246 Judmo
1801 5191 2020 5265 aliquo,

374 5273 477 5326 aut
504 5270 840 5328 Judaeorum
873 5276 1028 5330 socio
1061 5278 1422 5348 persuaderi,
1453 5283 1509 5334 et
1539 5280 1782 5336 umbras
1803 5288 1854 5336 et
1883 5281 2020 5336 alle-

371 5358 545 5431 gorias
576 5359 778 5417 nubila
806 5363 1238 5437 derelinquens,
1276 5366 1358 5422 sic
1389 5367 2022 5443 Scripturasinterpre-

427 5567 463 5624 ’ί
497 5591 558 5645 In
593 5591 949 5664 unoiPalatq
971 5596 1416 5664 scrupulositates
1445 5601 1645 5662 facere.

444 5663 466 5696 ³
493 5663 659 5733 Apud
690 5663 1038 5736 Victoriam,
1076 5663 1306 5736 legimus
1344 5672 1396 5724 et
1417 5670 1563 5725 inter
1580 5674 1799 5740 artem,
1834 5674 1942 5727 etc.

2140 4673 2312 4729 opere
2369 4663 2428 4713 et
2491 4674 2688 4714 amore
2747 4659 3081 4730 profecerit,
3132 4664 3293 4714 tanto
3330 4659 3523 4732 magis
3595 4657 3784 4716 sancti

2135 4746 2389 4819 Spiritus
2421 4747 2480 4802 in
2505 4763 2566 4804 se
2597 4747 2810 4803 habere
2840 4747 3101 4819 virtutes,
3135 4765 3283 4820 quas
3339 4747 3575 4804 auditus
3622 4749 3780 4816 fidei,

2134 4839 2191 4890 et
2223 4853 2334 4892 non
2395 4835 2540 4908 legis
2588 4853 2764 4908 opera
2812 4843 3245 4893 consummant.
3296 4838 3420 4893 Non
3472 4853 3586 4910 quo
3636 4837 3782 4911 legis

2135 4941 2309 4996 opera
2339 4927 2765 4981 contemnenda
2817 4925 2957 4992 sint,
3016 4931 3075 4981 et
3121 4927 3345 4998 absque
3402 4927 3487 4983 eis
3535 4925 3783 5000 simplex

2135 5015 2281 5070 ﬁdes
2313 5015 2801 5085 appetenda;sed
2834 5031 2949 5086 quo
2998 5015 3128 5087 ipsa
3183 5031 3358 5086 opera
3400 5015 3514 5072 ﬁde
3562 5015 3778 5073 Christi

2136 5103 2521 5158 adornentur.
2583 5103 2740 5158 Scita
2785 5107 2875 5159 est
2931 5103 3085 5158 enim
3146 5103 3432 5174 sapientis
3493 5103 3598 5159 viri
3681 5103 3783 5158 illa

2136 5191 2449 5245 sententia.
2501 5213 2527 5240 α
2557 5191 2682 5247 Non
2732 5191 2961 5248 ﬁdelem
3019 5193 3209 5249 vivere
3256 5211 3323 5249 ex
3361 5193 3619 5264 justitie,
3681 5192 3782 5249 sed

2125 5281 2360 5350 justum
2392 5297 2461 5335 ex
2489 5281 2623 5336 fide.
2644 5303 2672 5330 »
2703 5281 2889 5336 Simul
2921 5282 3255 5338 ostenditur
3272 5281 3524 5350 Galatas,
3547 5285 3786 5354 accepto

2133 5373 2266 5440 post
2287 5368 2462 5425 ﬁdem
2497 5373 2700 5426 sancto
2716 5370 2958 5442 Spiritu,
2981 5371 3134 5430 dona
3164 5371 3442 5428 habuisse
3469 5370 3782 5427 virtutum.

2199 5602 2435 5730 3:811:38
2498 5600 2838 5673 Victorium,
2891 5603 3061 5657 simul
3109 5607 3163 5659 et
3232 5603 3332 5659 hic
3402 5601 3784 5677 aspiciendam

2199 5688 2233 5730 ο
2276 5714 2289 5730 .
2322 5687 2350 5727 e
2375 5690 2433 5728 .c.

2128 5687 2289 5744 quoa,
2322 5687 2433 5740 etc.
