4144 6202
403 367 520 434 3ἿἿ

1092 374 1582 438 COMMENTAR
1627 375 1704 438 ΙΝ
1748 375 1999 438 EPIST.
2044 376 2146 439 AD
2190 375 2466 438 GALAT.
2516 376 2664 438 LIB.
2709 376 2757 447 Ι,
2805 376 2979 437 CAP.
3023 375 3130 438 III.

3691 369 3812 440 378

404 505 460 563 id
491 509 606 572 est,
639 505 1034 578 prophetiam,
1065 523 1278 580 genera
1319 509 1676 583 linguarum,
1710 511 2049 566 morborum
2082 511 2135 578 Α
2165 509 2441 582 lapidibus
2479 512 2602 566 istis
2631 511 2896 565 suscitare
2923 503 3066 578 ﬁlios
3093 507 3365 565 Abraham
3393 509 3702 580 (Matt/Lux,
3725 509 3804 582 9).

403 597 762 662 curationes,
794 600 851 651 et
883 600 1107 660 caetera,
1142 615 1268 670 qua:
1301 599 1370 653 ad
1405 599 1735 656 Corinthios
1778 600 1836 654 in
1881 601 2050 655 donis

401 684 815 758 spiritualibus
846 691 1269 742 enumerantur
1316 691 1364 760 (I
1412 689 1530 744 Cor.
1583 707 1683 755 xu,
1736 691 1786 756 4,
1841 690 1950 760 12).
1983 690 2051 744 Et

401 780 599 830 tamen
633 779 768 845 post
796 778 958 830 tanta
976 775 1136 846 (quia
1168 777 1408 832 forsitan
1443 779 1693 850 gratiam
1722 778 2051 833 discernen-

400 864 613 919 do’rum
647 862 964 935 spirituum
998 873 1111 918 non
1145 863 1496 936 habebant)a
1527 867 1690 922 falsis
1713 867 2050 922 doctoribus

399 951 800 1008 irretitisunt.
845 951 1286 1009 Observandum
1345 956 1544 1025 etiam,
1605 957 1757 1027 quod
1825 957 2050 1027 operari

398 1041 653 1096 virtutes
683 1041 951 1096 dicantur
981 1041 1038 1096 in
1071 1042 1164 1097 his
1197 1045 1294 1114 qui
1350 1061 1464 1099 non
1516 1049 1718 1100 tenent
1756 1045 2048 1117 Evangelii

397 1130 703 1187 veritatem
735 1147 749 1184 :
783 1130 936 1185 sicut
962 1130 1022 1185 in
1053 1130 1170 1186 illis
1193 1133 1292 1204 qui
1321 1133 1634 1188 Dominum
1659 1151 1774 1188 non
1797 1150 2048 1204 sequen-

398 1224 515 1285 tes,
571 1219 629 1273 in
675 1219 908 1274 nomine
955 1221 1086 1291 ejus
1133 1221 1301 1292 signa
1348 1222 1659 1289 faciebant,
1691 1222 1913 1278 Joanne
1959 1223 2047 1278 vel

397 1308 656 1364 maxime
687 1315 1077 1378 conquerente
1112 1326 1124 1364 :
1157 1311 1730 1382 Praeceptormidimus
1759 1313 2048 1383 quemdam

397 1399 456 1452 in
503 1399 728 1453 nomine
773 1405 866 1452 tuo
915 1399 1221 1469 ejicientem
1256 1399 1553 1468 daemonia,
1587 1405 1637 1454 et
1663 1401 2048 1470 prohibuimus

397 1502 542 1552 eum,
585 1487 716 1557 quia
765 1501 876 1540 non
923 1490 1171 1558 sequitur
1220 1488 1503 1544 nobiscum
1553 1489 1736 1561 (Marc.
1801 1507 1878 1554 ιιι,
1932 1491 2043 1558 37).

397 1575 520 1630 Hoc
571 1575 878 1629 adversum
931 1574 1253 1642 haereticos,
1313 1576 1411 1648 qui
1461 1577 1861 1647 probationem
1913 1578 2047 1633 fidei

400 1679 523 1720 sua:
552 1680 620 1718 ex
646 1679 714 1718 eo
745 1663 793 1718 si
825 1664 1061 1736 signum
1093 1664 1329 1736 aliquod
1364 1666 1624 1733 fecerint,
1660 1667 2042 1723 arbitrantur.

401 1753 508 1817 Qui
556 1768 691 1807 cum
752 1753 1233 1808 manducaverint
1289 1758 1345 1808 et
1401 1753 1653 1808 biberint
1699 1757 1757 1809 in
1808 1756 2045 1812 nomine

397 1841 631 1942 Domini
667 1840 906 1942 (habent
924 1842 1149 1942 quippe
1180 1846 1246 1942 et
1266 1842 1379 1942 ipsi
1415 1843 2041 1942 altare'sacrilegum),
2075 1878 2122 1942 Β

393 1933 452 1986 et
480 1929 650 2002 signa
681 1928 885 1996 multa,
920 1929 1181 1985 invocato
1213 1929 1528 1997 Salvatore,
1563 1932 1769 1988 fecisse
1814 1950 1876 1988 se
1915 1934 2041 2004 ja0¢

393 2022 545 2084 teut,
579 2019 637 2072 in
669 2017 764 2073 die
793 2018 997 2088 iudicii
1028 2019 1410 2074 merebuntur
1435 2020 1638 2076 audire
1689 2038 1701 2074 :
1753 2023 1871 2077 Non
1917 2025 2046 2078 novi

393 2122 486 2162 vos
514 2106 776 2161 discedite
804 2123 837 2161 a
865 2123 953 2162 me
981 2109 1078 2178 qui
1104 2109 1412 2180 Opera-mini
1440 2109 1790 2181 iniquitatem
1832 2109 2039 2182 (Matth.

392 2213 496 2266 vn,
527 2196 640 2267 23).

468 2284 655 2355 (Vers.
685 2285 764 2356 6.)
798 2307 826 2334 ‹‹
857 2285 1019 2340 Sicut
1047 2285 1342 2341 Abraham
1375 2287 1623 2342 credidit
1663 2292 1798 2352 Deo,
1847 2293 1904 2344 et
1953 2306 2041 2345 re-

389 2377 671 2446 putatum
698 2378 784 2428 est
811 2371 896 2428 illi
927 2374 998 2428 ad
1027 2374 1341 2444 justitiam.
1378 2399 1399 2428 ι
1437 2377 1520 2430 Ab
1552 2375 1660 2431 hoc
1689 2376 1815 2432 loco
1853 2394 2042 2450 usque

389 2462 466 2517 ad
501 2478 637 2517 eum
672 2461 768 2517 ubi
797 2461 1073 2517 scribitur
1101 2478 1113 2515 :
1148 2463 1254 2530 Qui
1284 2480 1352 2518 ex
1375 2464 1480 2533 ﬁde
1497 2466 2044 2535 sunt,benedicentur

391 2566 517 2606 cum
551 2551 704 2621 fideli
730 2551 1024 2620 Abraham,
1047 2552 1300 2607 Marcion
1323 2553 1393 2608 de
1415 2570 1521 2608 suo
1546 2555 1819 2626 Apostolo
1840 2556 2038 2612 erasit.

390 2639 548 2696 42³
596 2639 707 2694 Sed
768 2640 908 2712 quid
967 2641 1186 2711 profuit
1234 2641 1342 2696 hoc
1392 2642 1620 2713 tulisse,
1655 2660 1786 2698 cum
1837 2649 2042 2700 caetera

391 2745 522 2800 quas
553 2728 816 2799 reliquit,
849 2729 1088 2784 insanias
1121 2729 1252 2800 ejus
1289 2731 1532 2787 adversa
1582 2731 1741 2787 sint?
1786 2735 2042 2788 Credidit

391 2822 590 2873 autem
621 2817 915 2872 Abraham
947 2818 1086 2883 Deo,
1118 2817 1316 2875 exiens
1347 2821 1416 2876 de
1448 2821 1634 2892 patria
1665 2839 1774 2877 sua
1823 2822 1883 2876 in
1926 2827 2037 2877 ter-

390 2922 520 2961 ram
552 2923 730 2979 quam
765 2906 1062 2963 nesciebat
1087 2907 1239 2979 (Gen.
1273 2925 1372 2979 xu,
1403 2910 1456 2980 Ιι)
1492 2927 1504 2964 :
1537 2911 1740 2966 Saram
1786 2928 2038 2984 nonage-

387 2995 640 3060 nariam,
670 3000 729 3050 et
757 2995 1016 3052 sterilem
1049 2997 1351 3053 confidens
1373 3014 1501 3054 esse
1534 2999 1856 3070 parituram
1881 3000 2034 3071 (Gen.

384 3099 544 3150 xvm,
599 3084 718 3156 10);
769 3088 825 3139 et
873 3084 1072 3140 audita
1118 3086 1571 3157 repromissione
1621 3087 1743 3153 Dei,
1777 3089 1932 3160 quod
1976 3088 2035 3143 in

387 3173 551 3229 Isaac
607 3176 912 3228 vocaretur
965 3190 1163 3229 semen
1239 3175 1367 3246 ejus
1434 3176 1592 3246 (Ibid.
1665 3163 1772 3248 18),
1839 3178 2033 3248 ipsum

389 3262 551 3317 Isaac
603 3261 852 3317 offerens
907 3262 1206 3318 victimam
1257 3265 1296 3331 ί,
1343 3269 1400 3320 et
1447 3270 1641 3320 tamen
1688 3266 1758 3321 de
1814 3266 2039 3322 Domini

386 3350 849 3421 repromissione
898 3367 1012 3406 non
1065 3353 1343 3408 dubitans
1392 3355 1547 3425 (Gen.
1596 3372 1735 3418 χχιι.
1776 3356 1810 3409 3
1847 3362 2038 3428 seqq.).

389 3438 563 3495 Recte
594 3438 697 3494 tali
730 3444 1038 3510 reputatur
1067 3441 1212 3495 fides
1259 3442 1332 3496 ad
1373 3442 1694 3513 justitiam,
1726 3444 1825 3514 qui
1873 3445 2042 3517 Legis

388 3543 566 3599 opera
591 3543 1036 3600 supergressus,
1087 3533 1269 3584 Deum
1322 3547 1438 3586 non
1488 3537 1668 3598 metu,
1720 3534 1822 3588 sed
1865 3533 2040 3589 dilec-

387 3617 551 3672 tione
580 3618 971 3688 promeruerit
999 3618 1104 3689 [AL
1133 3619 1498 3690 promeruit].

466 3703 650 3774 (Vers.
681 3706 804 3776 7.)«
827 3705 1190 3777 Cognoscitis
1211 3709 1514 3780 ergo,quia
1535 3707 1634 3780 qui
1655 3725 1720 3764 ex
1748 3710 1861 3766 ﬁde
1883 3717 2042 3778 sunt,

389 3792 452 3848 hi
487 3792 592 3847 filii
625 3799 764 3848 sunt
789 3793 1107 3849 Abraham.
1145 3819 1166 3847 ι
1201 3794 1436 3851 Plenius
1467 3797 1538 3852 de
1568 3797 1677 3853 hoc
1708 3797 1768 3853 in
1799 3799 2045 3872 epistola

389 3881 466 3936 ad
534 3881 827 3937 Romanos
888 3882 1173 3953 disputat,
1228 3885 1381 3955 quod
1441 3885 1586 3940 fides
1646 3892 1911 3958 reputate
1967 3888 2047 3943 sit

387 3967 643 4023 Abrahae
674 3969 743 4024 ad
769 3971 1088 4041 justitiam,
1123 3988 1239 4027 non
1262 3972 1321 4026 in
1356 3971 1816 4045 circumcisione,
1849 3977 1949 4031 sed
1984 3977 2043 4031 in

388 4058 678 4131 praputio
712 4060 890 4128 (Rom.
918 4077 993 4128 ιν,
1027 4062 1052 4114 1
1087 4063 1351 4132 seqq.).Et
1379 4061 1692 4134 diligenter
1710 4065 2042 4134 observans,

387 4147 556 4203 docet
586 4164 687 4205 eos
719 4147 874 4204 filios
903 4150 1322 4217 esse-Abrabe,
1354 4151 1689 4223 quicunque
1721 4155 1828 4208 hac
1852 4159 2046 4209 mente

387 4237 787 4304 crediderunt,
821 4255 938 4309 qua
969 4238 1416 4294 incircumcisus
1443 4241 1689 4296 credidit
1727 4241 2042 4309 Abraham,

386 4325 492 4396 qui
521 4325 842 4382 exsultavit
874 4331 938 4382 ut
964 4328 1187 4382 videret
1215 4328 1371 4384 diem
1403 4329 1655 4398 Domini,
1691 4335 1748 4385 et
1779 4331 1944 4396 vidit,
1991 4336 2048 4385 et

385 4411 628 4469 lmtatus
667 4421 752 4470 est
781 4416 962 4486 (Joan.
1009 4433 1130 4483 νιιι,
1178 4416 1292 4488 56).
1344 4416 1506 4472 Unde
1553 4423 1608 4472 et
1657 4419 1727 4473 ad
1779 4418 2046 4495 infideles

386 4501 628 4558 Judaeos
653 4503 954 4560 dicitur:Si
972 4506 1083 4575 ﬁtii
1101 4507 1288 4561 essetis
1307 4507 1566 4570 Abrahae,
1609 4521 1770 4577 Opera
1807 4508 2045 4563 Abrahae

2164 600 2409 672 Lapides
2463 599 2539 654 ibi
2590 615 2760 654 nemo
2808 596 3056 669 ambigit
3086 598 3234 652 dura
3265 598 3582 670 significari
3633 599 3808 653 corda

2159 689 2488 763 gentilium,
2523 705 2651 759 qua»,
2684 686 2907 742 mollita
2955 691 3096 742 sunt
3142 692 3362 758 postea,
3394 691 3450 741 et
3477 686 3610 742 ﬁdei
3651 703 3805 743 rece~

2159 795 2292 851 pere
2323 776 2986 850 signaculum.Virtutes
3018 775 3314 830 Abraham
3346 773 3405 829 in
3439 774 3653 846 quibus
3676 781 3809 832 ante

2159 867 2667 923 circumcisionem
2712 865 2828 920 Deo
2872 864 3108 935 placuit,
3157 863 3409 936 diligens
3460 863 3641 919 lector
3665 880 3808 920 enu-

2160 974 2339 1022 mera,
2399 959 2456 1011 et
2513 971 2895 1027 quoscunque
2939 953 2997 1008 in
3052 953 3230 1008 simili
3281 969 3452 1024 opere
3503 953 3808 1024 repereris,

2158 1045 2332 1100 dicito
2363 1044 2512 1099 ﬁlios
2543 1061 2669 1100 esse
2700 1042 3015 1108 Abraham,
3040 1042 3351 1113 justiﬁcati
3396 1041 3454 1096 in
3501 1041 3805 1114 prmputio,

2158 1133 2258 1206 qui
2292 1131 2798 1189 circumcisionem
2831 1147 2947 1186 non
2981 1131 3052 1186 ob
3086 1131 3358 1186 meritum
3393 1147 3659 1202 operum,
3704 1132 3804 1187 sed

2155 1222 2216 1278 in
2248 1222 2484 1294 signum
2510 1220 2640 1275 ﬁdei
2668 1220 2877 1292 prioris
2899 1219 3294 1291 accepit.Quia
3314 1219 3472 1274 enim
3497 1236 3566 1275 ex
3583 1219 3806 1276 semine

2155 1313 2284 1383 ejus
2317 1315 2439 1366 erat
2467 1309 2733 1364 Christus
2763 1309 3046 1364 oriundus
3096 1307 3177 1378 (in
3228 1323 3343 1380 quo
3396 1308 3802 1364 universarum

2155 1399 2416 1472 gentium
2451 1400 2637 1455 iuerat
2665 1397 2992 1452 benedictio
3021 1395 3397 1468 repromissa,
3429 1401 3484 1451 et
3513 1397 3588 1452 ab
3618 1397 3801 1452 Abra-

2155 1489 2293 1544 ham
2325 1504 2511 1560 usque
2543 1488 2613 1542 ad
2645 1486 2941 1542 Christum
2976 1484 3160 1540 multa
3191 1490 3355 1540 erant
3374 1484 3588 1541 saecula
3617 1491 3804 1542 trans-

2156 1579 2355 1646 itura),
2388 1577 2695 1650 providens
2728 1580 2897 1641 Deus,
2934 1592 3004 1629 ne
3036 1574 3261 1630 soboles
3306 1573 3500 1629 dilecti
3551 1574 3800 1630 Abrahm

2155 1667 2377 1722 ceteris
2410 1666 2744 1721 nationibus
2775 1665 3244 1729 miscerentur,et
3264 1662 3545 1735 paulatim
3579 1663 3801 1718 familia

2154 1757 2283 1827 ejus
2332 1757 2486 1812 424
2533 1755 2697 1811 fieret
2741 1753 2963 1810 incerta
3018 1755 3060 1822 ²,
3115 1768 3351 1825 gregem
3412 1750 3796 1808 Israeliticum

2155 1845 2409 1917 quodam
2470 1842 2936 1899 circumcisionis
2985 1841 3240 1896 cauterio
3301 1841 3598 1896 denotavit
3644 1840 3799 1911 (Gen.

2153 1951 2291 2001 xvn,
2326 1935 2436 2001 10),
2472 1937 2536 1988 ut
2565 1931 2826 1987 viventes
2872 1930 3025 1986 inter
3069 1929 3390 2001 Egyptios,
3424 1929 3578 1984 inter
3621 1935 3800 2002 Assy-

2153 2023 2292 2093 rios,
2348 2021 2694 2094 Babylonios
2754 2025 2928 2090 atque
2979 2017 3297 2082 Chaldaeos,
3341 2017 3450 2072 hoc
3499 2018 3802 2089 signaculo

2152 2111 2676 2183 distinguerentur.
2712 2109 2974 2179 Denique
3019 2123 3122 2178 per
3169 2105 3564 2178 quadraginta
3614 2123 3800 2163 annos

2151 2200 2211 2255 in
2242 2216 2436 2255 eremo
2467 2197 2666 2254 nullus
2696 2201 2784 2253 est
2813 2195 3198 2252 circumcisus
3243 2197 3442 2266 (Iosue,
3489 2211 3542 2261 ν,
3588 2197 3643 2262 5,
3693 2196 3749 2265 6)
3783 2213 3795 2251 :

2152 2288 2261 2344 soli
2279 2289 2494 2360 quippe
2511 2288 2636 2342 sine
2655 2286 2856 2342 Gentis
2873 2284 3114 2340 alterius
3135 2284 3204 2338 ad
3215 2282 3485 2339 mistione
3505 2283 3793 2340 vivebant:

2151 2379 2348 2434 statim
2382 2383 2445 2431 ut
2473 2375 2749 2432 Jordanis
2775 2376 2961 2447 ripam
2986 2379 3394 2445 transgressus
3413 2377 3501 2428 est
3522 2373 3795 2444 populus,

2150 2470 2206 2522 et
2236 2467 2295 2521 in
2326 2465 2648 2521 Palestina:
2681 2469 2892 2519 terram
2917 2463 3184 2518 Judaeum
3211 2477 3273 2516 se
3295 2475 3537 2516 examen
3559 2460 3797 2528 infudit,

2151 2555 2521 2611 circumcisio
2553 2553 2881 2609 necessaria
2911 2552 3105 2606 futuro
3126 2567 3195 2605 ex
3224 2549 3633 2605 commistione
3653 2566 3799 2623 gen-

2149 2644 2297 2698 tium
2347 2643 2599 2716 providit
2647 2641 2848 2698 errori.
2904 2641 3066 2705 Quod
3127 2644 3322 2694 autem
3364 2655 3398 2693 a
3440 2638 3578 2694 Jesu
3629 2638 3798 2706 duce,

2150 2733 2406 2787 secundo
2437 2731 2714 2787 scribitur
2741 2728 2993 2802 populus
3024 2727 3410 2782 circumcisus
3441 2726 3600 2796 (Ibid.
3631 2727 3686 2792 2,
3718 2726 3798 2795 3),

2149 2821 2446 2892 significat
2492 2825 2548 2874 et
2594 2821 2651 2874 in
2703 2835 2897 2873 eremo
2940 2831 3204 2872 cessasse
3263 2813 3792 2876 circumcisionem,

2149 2925 2276 2980 quae
2306 2909 2364 2964 in
2391 2909 2634 2980 Egypto
2662 2905 3084 2962 rationabiliter
3113 2903 3526 2971 exercebatur;
3558 2907 3615 2956 et
3635 2917 3668 2955 a
3687 2901 3798 2956 Do-

2148 2999 2308 3052 mino
2336 2997 2477 3053 Jesu
2510 2996 2737 3051 Christo
2770 2992 3061 3066 spirituali
3085 2990 3528 3047 circumcisione
3557 2990 3794 3044 creden-

2146 3091 2236 3142 tes
2266 3102 2395 3142 esse
2425 3085 2814 3140 mundandos.

2221 3175 2402 3246 (Vers.
2430 3176 2483 3242 8,
2516 3175 2596 3244 9.)
2628 3196 2656 3222 «
2693 3171 3007 3227 Providens
3055 3172 3246 3224 autem
3298 3166 3617 3238 Scriptura,
3659 3167 3796 3238 quia

2070 3247 2112 3312 C
2149 3281 2218 3318 ex
2238 3264 2352 3319 fide
2367 3263 2657 3335 justificat
2689 3265 2890 3333 gentes
2911 3260 3088 3324 Deus,
3110 3255 3516 3330 praenuntiavit
3535 3253 3794 3322 Abrahae,

2155 3351 2291 3424 quia
2342 3351 2762 3407 benedicentur
2792 3350 2850 3403 in
2882 3354 2937 3404 te
2968 3363 3171 3403 omnes
3223 3349 3448 3417 gentes.
3484 3343 3667 3415 Igitur
3695 3343 3794 3415 qui

2151 3458 2218 3496 ex
2251 3441 2363 3495 fide
2393 3445 2550 3505 sunt,
2581 3437 3000 3494 benedicentur
3037 3452 3170 3491 cum
3214 3433 3368 3489 fideli
3419 3432 3734 3487 Abraham.
3770 3454 3796 3480 η

2151 3530 2278 3585 Non
2313 3546 2428 3601 quo
2459 3527 2588 3600 ipsa
2618 3527 2938 3599 Scriptura,
2989 3528 3384 3580 atramentum
3431 3520 3700 3576 videlicet
3743 3525 3800 3575 et

2153 3617 2528 3682 membranae,
2561 3634 2687 3688 qua
2714 3614 3087 3670 insensibiles
3119 3616 3261 3667 sunt
3289 3612 3331 3681 3,
3356 3608 3585 3682 possint
3607 3609 3804 3664 futura

2153 3722 2544 3778 praenoscere;
2576 3705 2676 3760 sed
2727 3721 2842 3776 quo
2890 3703 3146 3774 Spiritus
3193 3703 3454 3763 sanctus,
3478 3701 3535 3752 et
3564 3713 3796 3763 sensus,

2153 3795 2254 3866 qui
2303 3796 2362 3848 in
2393 3793 2585 3850 littera
2632 3793 2790 3859 latet,
2843 3790 3046 3846 multis
3096 3795 3226 3862 post
3271 3786 3501 3844 saeculis
3557 3791 3802 3841 ventura

2154 3883 2544 3956 prmdixcrint.
2600 3883 2774 3938 Porro
2832 3879 3164 3952 exemplum
3237 3878 3392 3950 quod
3452 3877 3524 3930 de
3592 3875 3800 3930 Genesi

2154 3979 2460 4044 sumptum
2487 3977 2594 4038 est,
2628 3972 2708 4026 ita
2738 3971 2796 4026 in
2829 3970 3061 4043 proprio
3090 3966 3386 4023 volumine
3415 3963 3750 4019 continetur
3783 3980 3796 4018 :

2153 4062 2216 4117 Et
2263 4062 2644 4118 benedicentur
2695 4061 2755 4115 in
2803 4062 3010 4114 semine
3054 4066 3144 4112 tuo
3184 4071 3366 4112 omnes
3403 4060 3584 4123 gentes
3633 4056 3802 4108 terra:

2155 4153 2306 4222 (Gen.
2340 4169 2438 4217 xu,
2472 4153 2546 4223 3).
2581 4151 2742 4214 Quod
2774 4146 3088 4220 Apostolus
3139 4161 3315 4216 super
3358 4140 3583 4196 Christo
3620 4139 3800 4194 inter-

2153 4245 2441 4312 pretatus,
2476 4240 2556 4294 ait
2588 4257 2600 4294 :
2634 4241 2746 4294 Non
2779 4246 2856 4292 est
2883 4239 3166 4306 scriptum,
3197 4235 3259 4287 Et
3287 4229 3611 4294 seminibus,
3644 4228 3803 4300 quasi

2155 4330 2212 4382 in
2245 4329 2435 4384 multis
2465 4347 2482 4382 :
2513 4328 2604 4383 sed
2635 4327 2793 4397 quasi
2822 4327 2881 4379 in
2916 4339 3049 4385 uno,
3082 4327 3148 4378 Et
3174 4321 3375 4376 semini
3423 4327 3534 4390 tuo,
3577 4320 3673 4391 qui
3723 4325 3801 4372 est

2153 4418 2406 4472 Christus
2461 4420 2626 4484 (vers.
2691 4416 2797 4483 16).
2849 4413 2966 4468 Hoc
3013 4416 3208 4468 autem
3251 4409 3314 4464 in
3367 4409 3642 4464 omnibus
3691 4407 3797 4476 [AL

2155 4508 2340 4575 novis]
2373 4521 2517 4576 pene
2548 4503 2922 4574 testimoniis,
2955 4519 3084 4574 quas
3114 4503 3184 4556 de
3211 4499 3508 4555 veteribus
3540 4497 3706 4552 libris
3737 4495 3796 4550 in

386 4593 648 4662 faceretis
673 4593 833 4661 (Ibid.
867 4595 978 4665 39).
1008 4595 1144 4658 Qum
1193 4599 1390 4651 autem
1421 4595 1534 4650 alia
1558 4594 1678 4665 (illo
1705 4597 1763 4650 in
1787 4602 2048 4669 tempore
2078 4616 2125 4679 D
2155 4596 2312 4651 Novo
2344 4599 2652 4667 assumpta
2681 4599 2820 4648 sunt
2841 4592 3232 4656 Testamento,
3278 4589 3608 4679 observa-re
3631 4585 3799 4679 debet

388 4697 525 4736 cum
559 4681 680 4737 huc
709 4682 1076 4755 dicebantur)
1105 4684 1177 4738 ab
1207 4683 1292 4739 eis
1315 4699 1491 4755 opera
1519 4684 1804 4740 Dominus
1825 4691 2048 4758 expete-

390 4769 495 4825 bat
523 4769 638 4826 nisi
662 4769 1071 4827 credulitatem
1094 4773 1152 4827 in
1175 4771 1386 4828 Filium
1414 4772 1532 4840 Dei,
1555 4789 1731 4844 quem
1755 4774 1924 4828 Pater
1942 4776 2048 4830 mi-

387 4863 549 4913 serat
572 4857 918 4932 loquentem
945 4861 1074 4928 :Qui
1099 4861 1269 4917 credit
1298 4862 1358 4918 in
1387 4877 1492 4929 me,
1525 4877 1634 4916 non
1664 4861 1834 4918 credit
1854 4865 1914 4918 in
1936 4881 2042 4935 me,

386 4947 486 5002 sed
533 4949 594 5002 in
637 4964 766 5004 eum
812 4952 908 5020 qui
948 4965 1036 5005 me
1079 4951 1234 5006 misit
1276 4951 1452 5022 (Joan.
1497 4967 1597 5016 xu,
1641 4951 1767 5021 44)?
1800 4951 1961 5007 Unde
1988 4958 2046 5008 et

383 5034 448 5090 in
487 5035 599 5091 alio
631 5036 759 5092 loco
789 5037 860 5092 de
889 5039 1122 5109 generis
1151 5039 1262 5094 sibi
1287 5039 1722 5112 antiquitate,et
1741 5039 2044 5097 nobilitate

385 5123 808 5197 plaudentibus
854 5127 1243 5199 respondetur
1293 5143 1308 5183 :
1357 5130 1420 5184 Et
1464 5145 1534 5184 ne
1579 5129 1850 5200 dixeritis,
1912 5132 2043 5202 quia

384 5217 609 5284 patrem
657 5214 918 5270 habemus
976 5215 1272 5274 Abraham.
1335 5218 1510 5273 Potest
1564 5220 1711 5273 enim
1777 5219 1915 5274 Deus
1977 5219 2045 5274 de

469 5411 489 5484 ξ
518 5411 634 5484 Duo
666 5427 837 5478 mss.,
889 5413 949 5466 in
979 5411 1161 5484 ipsum
1206 5414 1364 5470 Isaac
1397 5416 1689 5483 conferens
1737 5416 2036 5469 victimam.

468 5481 492 5515 ³
517 5479 757 5539 Constat
781 5495 924 5557 vero
946 5479 1015 5539 et'
1033 5483 1230 5557 plures
1263 5479 1573 5557 alias,quae
1603 5502 1670 5539 ex
1702 5485 1916 5557 pOpulo
1939 5486 2036 5542 Dei

390 5565 507 5610 non
537 5559 722 5620 erant,
742 5571 812 5610 ex
831 5553 1064 5612 Oriente
1089 5556 1356 5613 nationes
1378 5553 1883 5612 circumcisionem
1907 5575 2040 5614 sus-

384 5626 764 5699 cepiss_e;inec
793 5625 919 5699 ipse
949 5627 1235 5682 dittitetur
1263 5628 1650 5699 Hieronymus
1688 5644 1824 5683 cum
1873 5629 2035 5699 alibi,

383 5697 518 5754 tum
565 5697 963 5755 interius’lib.
1012 5715 1075 5768 ιι,
1125 5715 1251 5770 cap.
1284 5700 1314 5754 4
1347 5717 1361 5757 :
1396 5724 1423 5750 «
1456 5697 1526 5758 Et
1574 5699 1804 5774 Egypti
1853 5697 2039 5758 sacer-

2157 4701 2310 4747 mus.
2359 4685 2512 4756 quod
2563 4682 2855 4738 memoriae
2905 4679 3257 4736 crediderint
3298 4673 3665 4747 evangelista
3709 4672 3800 4728 vel

2151 4772 2420 4844 apostoli;
2455 4777 2511 4828 et
2541 4777 2774 4828 tantum
2806 4787 2982 4826 sensu
3014 4767 3315 4840 explicato,
3350 4779 3498 4834 saepe
3527 4761 3793 4818 ordinem

2151 4866 3112 4930 commutaverunt,nonnunquam
3136 4854 3225 4910 vel
3248 4850 3610 4909 detraxerint
3625 4851 3799 4905 verba

2149 4951 2239 5007 vel
2266 4950 2616 5007 addiderint.
2650 4949 2806 5004 Nulli
2854 4964 2988 5001 vero
3037 4944 3282 5000 dubium
3330 4941 3482 5013 quod
3529 4939 3588 4994 in
3640 4939 3798 4994 Isaac

2150 5045 2208 5095 et
2235 5041 2436 5103 Jacob,
2470 5041 2585 5095 sive
2618 5039 2674 5092 in
2707 5035 3012 5092 duodecim
3048 5030 3417 5104 patriarchis,
3468 5032 3525 5083 et
3573 5025 3798 5083 caateris

2151 5129 2252 5200 qui
2275 5129 2344 5184 de
2367 5127 2660 5184 Abraham
2685 5125 2866 5196 stirpe
2891 5122 3278 5184 descendunt,
3309 5135 3424 5174 non
3457 5117 3674 5172 fuerint
3700 5117 3798 5171 be-

2150 5214 2389 5270 nedictae
2411 5213 2692 5269 universa
2719 5211 2983 5267 nationes
3006 5228 3020 5268 ;
3048 5209 3149 5264 sed
3176 5207 3236 5262 in
3261 5205 3490 5263 Christo
3507 5205 3671 5269 Jesu,
3696 5218 3798 5275 per

2149 5416 2314 5471 dotes
2362 5416 2419 5468 et
2470 5409 2816 5477 Ismaelitas,
2868 5408 3219 5465 Madianacos
3267 5403 3617 5478 praeputium
3677 5415 3792 5456 non

2433 5505 2446 5531 ὶ

2433 5505 2446 5531 ὶ

2148 5487 2389 5612 ὴᾶτίδὲΐιξό
2419 5507 2564 5610 ιιιεει.
2599 5568 2724 5625 qum
2753 5553 3054 5608 invisibiles
3082 5553 3209 5605 sunt
3238 5568 3256 5602 :
3289 5564 3356 5604 ex
3386 5561 3502 5622 quo
3539 5559 3674 5604 mox
3703 5557 3793 5604 rev

2147 5630 2423 5703 ponimus
2455 5627 2585 5683 tate!
2615 5642 2718 5698 pro
2751 5625 2938 5682 latens.
