4144 6202
322 317 439 381 379

1577 328 1642 389 S.
1688 327 1997 391 EUSEBII
2041 323 2485 388 HIERONYMI

3614 321 3731 385 380

327 471 502 527 quem
534 470 736 510 omnes
767 459 972 527 gentes
1000 455 1246 514 laudant
1275 459 1481 525 Deum,
1515 465 1571 515 et
1609 461 1970 516 benedieitur
1997 473 2052 538 Α
2083 461 2139 515 in
2189 461 2369 514 Deum
2421 460 2593 514 ﬁdem
2649 459 2812 531 prius
2873 458 2930 513 in
2987 474 3121 514 eum
3175 455 3494 513 credidisse
3525 474 3733 515 narra-

330 560 543 599 novum
575 559 784 599 nomen
814 562 990 618 super
1010 549 1450 605 terram.Potest
1470 555 1667 604 autem
1691 549 1935 621 intelligi
1958 554 1972 586 ¹

327 631 637 704 Apostolus
669 635 820 689 etde
850 634 960 690 alio
993 637 1280 692 Genescos
1310 637 1433 693 loco
1454 639 1780 708 exemplum
1806 639 1973 694 semi-

327 723 420 776 nis
460 738 799 792 usurpasse,
851 725 948 777 ubi
996 725 1313 781 scribitur:
1351 727 1548 781 Eduxit
1595 737 1778 782 autem
1822 731 1973 798 foras

328 812 476 868 425
513 810 692 881 (haud
725 812 968 867 dubium
1002 814 1142 884 quin
1175 815 1492 887 Abraham)
1541 817 1698 883 Deus,
1736 822 1788 871 et
1828 818 1973 872 dicit

319 902 372 955 ei
415 918 434 954 :
466 901 650 970 Aspice
698 902 758 954 in
804 903 999 956 malum
1045 907 1098 956 et
1142 921 1372 958 numera
1421 907 1628 971 stellas,
1679 908 1730 960 si
1766 909 1972 976 poteris

320 989 676 1044 dinumerare
721 1007 830 1045 eas.
881 993 942 1045 Et
987 994 1066 1046 ait
1111 993 1248 1048 illi:
1281 994 1368 1047 Sic
1394 997 1498 1048 erit
1525 1011 1706 1049 semen
1755 1004 1912 1050 tuum
1951 1014 1968 1049 :

319 1085 370 1134 et
403 1078 633 1134 credidit
666 1080 943 1134 Abraham
972 1083 1096 1150 Deo,
1131 1086 1182 1136 et
1212 1086 1525 1152 reputatum
1563 1089 1640 1138 est
1669 1086 1721 1138 ei
1750 1085 1819 1138 ad
1843 1089 1971 1153 jus-

312 1169 504 1222 titiam
552 1167 706 1238 (Gen.
740 1186 832 1237 xv,
865 1171 918 1235 5,
951 1170 1027 1240 ὃ).
1077 1171 1420 1242 Quicunque
1471 1172 1651 1244 igitur
1699 1175 1965 1239 credunt,

315 1257 734 1312 benedicentur
765 1274 896 1312 cum
930 1258 1087 1313 ﬁdeli
1108 1260 1426 1328 Abraham,
1450 1262 1546 1332 qui
1580 1262 1652 1316 ob
1677 1263 1967 1333 egregiam

392 1401 406 1434 ¹
437 1399 714 1468 Verbum,
750 1401 1016 1472 intelligi,
1057 1403 1343 1460 Victorius
1377 1409 1546 1460 tacet.

2085 555 2202 605 tur.
2262 551 2413 604 426
2474 549 2635 604 Sicut
2683 549 2830 604 Enos
2882 547 2953 602 ob
3004 546 3384 619 principalem
3435 545 3494 600 in
3549 547 3726 604 Deum

2085 656 2268 710 spem,
2304 644 2358 694 et
2389 639 2538 692 inter
2567 642 2802 692 caeteros
2840 637 3219 704 eminentem,
3271 652 3536 706 sperasse
3581 637 3726 692 scri-

2082 729 2242 782 bitur
2266 729 2531 782 invocare
2564 727 2874 781 Dominum
2904 727 3086 781 Deum
3117 727 3271 794 (Gen.
3324 743 3399 796 Iv,
3446 726 3560 796 26).
3602 726 3726 782 Non

2083 835 2196 888 quo
2228 823 2284 872 et
2314 816 2456 871 Abel
2488 817 2557 870 de
2587 833 2699 886 quo
2722 815 3008 870 Dominus
3030 814 3107 869 ait
3134 832 3146 870 :
3177 816 3285 869 Vox
3303 815 3594 884 sanguinis
3612 817 3727 885 fra-

2083 909 2180 961 tris
2211 909 2294 962 tui
2320 906 2528 961 clamat
2560 905 2628 958 ad
2659 921 2742 959 me
2770 905 2926 976 (Ibid.
2961 905 3084 975 10);
3117 908 3174 959 et
3205 903 3396 958 caeteri
3428 903 3721 976 deinceps,

2081 995 2262 1050 Deum
2308 1011 2422 1048 non
2468 993 2828 1065 speraverint
2877 993 3172 1059 invocare;
3221 992 3323 1048 sed
3374 1009 3490 1064 quo
3541 1009 3610 1047 ex
3657 1009 3724 1048 ea

2083 1089 2242 1156 parte
2291 1083 2700 1156 unusquisque
2747 1081 3090 1154 appelletur,
3143 1098 3320 1153 quam
3355 1081 3441 1138 vel
3474 1081 3723 1140 maxime

2080 1172 2272 1227 habet

1496 1669 1831 1755 LIBER
1911 1667 2551 1756 SECUNDUS.

395 1945 542 2001 425
583 1945 735 2000 420
767 1946 926 2010 Quod
978 1944 1036 2000 in
1082 1947 1268 2016 primo
1302 1945 1860 2002 Commentariorum
1895 1949 1963 2003 ad
1997 1949 2045 2014 B
2079 1946 2160 2002 ait
2187 1945 2338 2002 Varo
2368 1943 2676 2015 trilingues
2707 1958 2856 2010 esse,
2884 1943 3040 2014 quod
3071 1947 3128 1998 et
3166 1942 3361 1998 Graece
3384 1942 3720 2015 loquantur,

326 2032 562 2089 Galatas
583 2033 892 2099 libro,cum
918 2035 987 2090 de
1009 2036 1269 2106 gentium
1295 2035 1750 2108 proprietatibus
1771 2038 1970 2110 dispu-

322 2127 529 2187 tarem,
565 2123 846 2177 intactum
881 2125 1249 2194 reliqueram,
1279 2143 1434 2180 nunc
1469 2126 1524 2180 in
1557 2129 1813 2182 secundo
1845 2128 1969 2182 red-

324 2212 582 2265 dendum
615 2212 843 2267 videtur
875 2231 886 2266 :
923 2213 1021 2284 qui
1051 2215 1169 2268 sint
1201 2214 1436 2280 Galate},
1470 2215 1557 2270 vel
1593 2218 1968 2287 quo,etunde

324 2299 685 2354 transierint.
722 2300 924 2355 Utrum
955 2302 1260 2375 indigenas
1293 2321 1390 2358 eos
1426 2305 1656 2373 fuderit,
1689 2324 1761 2360 an
1795 2307 1967 2361 advec

323 2405 430 2443 nas
479 2405 654 2459 quam
707 2407 862 2444 nunc
912 2391 1194 2458 incolunt,
1254 2397 1404 2447 terra
1463 2395 1785 2466 susceperit
1840 2414 1852 2451 ε
1911 2401 1968 2450 et

322 2481 520 2531 utrum
551 2477 813 2549 linguam
842 2481 1132 2536 connubio
1164 2483 1544 2552 perdiderint,
1570 2501 1641 2538 an
1672 2489 1728 2538 et
1759 2501 1965 2539 novam

322 2563 652 2632 didicerint,
685 2571 741 2622 et
770 2585 884 2622 non
917 2568 1221 2624 amiserint
1252 2588 1440 2626 suam.
1485 2573 1716 2627 Marcus
1763 2573 1965 2642 Varro,

324 2659 668 2710 cunctarum
702 2655 1117 2728 antiquitatum
1163 2657 1654 2731 diligentissimus
1700 2677 1966 2732 perscru-

323 2747 500 2809 tator,
533 2749 588 2798 et
618 2745 807 2799 caeteri
838 2745 936 2816 qui
967 2763 1100 2801 eum
1128 2747 1337 2803 imitati
1383 2765 1540 2815 sunt,
1576 2750 1762 2805 multa
1794 2768 1971 2822 super

328 2831 436 2887 hac
468 2837 657 2904 gente,
689 2837 745 2888 et
773 2835 952 2905 digna
983 2837 1671 2894 memoriatradiderunt.
1696 2841 1806 2895 Sed
1832 2841 1970 2912 quia

326 2921 497 2975 nobis
528 2922 890 2992 propositum
924 2929 1032 2988 est,
1069 2924 1510 2981 incircumcisos
1555 2927 1821 2983 homines
1852 2944 1967 2982 non

325 3009 695 3066 introducere
716 3011 774 3066 in
802 3013 1086 3084 templum
1110 3015 1293 3086 Dei(et
1314 3019 1375 3069 ut
1399 3016 1743 3087 simpliciter
1765 3019 1965 3082 fatear,

325 3098 494 3152 multi
519 3099 642 3169 jam
678 3100 816 3154 anni
849 3106 987 3157 sunt
1017 3104 1170 3174 quod
1203 3103 1323 3159 haec
1366 3104 1553 3176 legere
1604 3105 1967 3176 desivimus),

326 3187 609 3241 Lactantii
646 3189 830 3244 nostri
861 3207 987 3261 quae
1021 3192 1077 3246 in
1110 3193 1277 3248 tertio
1299 3194 1369 3248 ad
1395 3194 1644 3248 Probum
1674 3194 1970 3249 volumine

327 3274 398 3330 de
428 3273 538 3330 hac
568 3280 738 3347 gente
769 3278 1041 3348 opinatus
1073 3282 1167 3346 sit,
1201 3282 1377 3336 verba
1410 3299 1694 3353 ponemus
1719 3301 1767 3340 ;‹‹
1800 3283 1966 3352 Galli,

327 3363 538 3436 inquit,
571 3365 897 3438 antiquitus
930 3386 963 3422 a
993 3369 1241 3424 candore
1272 3371 1551 3441 corporis,
1588 3371 1803 3425 Galatae
1829 3391 1976 3428 nun-

330 3454 728 3525 cupabantur;
759 3460 816 3510 et
841 3455 1057 3527 Sibylla
1091 3457 1174 3512 sic
1207 3474 1305 3512 eos
1327 3458 1768 3530 appellat.Quod
1797 3462 1982 3532 signi-'

333 3543 509 3598 ficare
537 3542 722 3597 voluit
752 3549 942 3614 poeta,
977 3561 1112 3599 cum
1147 3546 1228 3600 ait
1279 3565 1291 3601 :
1347 3549 1475 3602 Tum
1524 3550 1696 3603 lactea
1742 3551 1885 3604 colla
1915 3582 1980 3591 ——-

328 3631 473 3684 Auro
521 3632 886 3686 innectuntur
930 3636 1105 3705 (Virg.
1159 3634 1258 3689 lib.
1308 3653 1430 3698 vm,
1495 3637 1734 3706 AEneid.)
1767 3655 1785 3690 :
1845 3654 1979 3692 cum

328 3723 527 3790 posset
557 3719 770 3785 dicere,
803 3722 1072 3778 candida.
1104 3723 1249 3778 Hinc
1274 3725 1475 3796 utique
1505 3725 1729 3780 Galatia
1750 3727 1979 3798 provin-

329 3807 514 3873 cia,in
547 3823 725 3878 quam
757 3808 903 3863 Galli
932 3809 1250 3882 aliquando
1283 3812 1741 3878 venientes,cum
1769 3814 1982 3870 Graecis

331 3911 394 3952 se
427 3895 979 3954 miscuerunt.Unde
1011 3898 1267 3969 primum
1299 3916 1367 3954 ea
1394 3902 1549 3972 regio
1582 3902 1978 3973 Gallograecia,

330 3989 464 4057 post
493 3984 719 4041 Galatia
752 3987 1057 4042 nominata
1086 3992 1195 4043 est.
1225 4011 1252 4038 »
1284 3989 1398 4044 Nec
1428 3991 1639 4044 mirum
1675 3992 1723 4045 si
1756 3992 1862 4046 hoc
1885 3992 1983 4047 ille

329 4074 402 4129 de
432 4073 654 4130 Galatia
685 4075 912 4145 dixerit,
963 4081 1019 4132 et
1065 4076 1470 4132 Occidentales
1503 4077 1769 4149 populos,
1802 4081 1982 4135 tantis

331 4163 392 4217 in
425 4164 615 4218 medio
649 4168 938 4220 terrarum
969 4165 1175 4236 spatiis
1198 4167 1697 4237 przstermissis,in
1727 4168 1980 4223 Orientis

330 4251 504 4323 plaga
533 4253 868 4309 consedisse
898 4256 1238 4310 memorarit
1271 4273 1283 4310 :
1319 4272 1450 4310 cum
1485 4242 1711 4310 constet
1732 4256 1982 4312 Orientis

330 4344 533 4396 contra
572 4345 629 4395 et
676 4341 902 4396 Gracia“:
952 4344 1240 4409 examina,
1291 4346 1363 4400 ad
1414 4344 1743 4401 Occidentis
1775 4346 1983 4402 ultima

329 4428 681 4500 pervenisse.
737 4430 1055 4486 Massiliam
1107 4433 1330 4488 Phocaei
1371 4433 1798 4491 condiderunt:
1835 4453 1981 4506 quos

405 4593 418 4624 ¹
455 4591 731 4646 Notatum
764 4596 896 4646 ante
926 4609 1032 4647 nos
1063 4592 1307 4649 eruditis
1337 4595 1663 4659 viris,hanc
1685 4597 1755 4651 de
1778 4596 1980 4652 Rhoda

2079 2043 2136 2091 et
2166 2035 2386 2105 Latine,
2420 2037 2477 2088 et
2508 2032 2744 2088 Gallice.
2769 2032 3060 2104 Oppidum
3096 2031 3318 2102 Rhoda,
3353 2030 3538 2087 coloni
3573 2033 3720 2088 Bho-

2077 2124 2306 2178 diorum
2352 2121 2733 2178 locaverunt:
2788 2122 2941 2176 unde
2988 2121 3181 2176 amnis
3225 2121 3543 2176 Rhodanus
3574 2122 3590 2156 ¹
3621 2138 3721 2176 no-

2079 2229 2210 2267 men
2268 2211 2505 2282 accepit.
2559 2210 2942 2265 Praetermitto
2989 2210 3354 2282 Carthaginis
3393 2209 3721 2266 conditores

2075 2301 2297 2373 Tyrios,
2349 2306 2402 2354 et
2450 2299 2730 2372 Agenoris
2779 2299 3019 2365 urbem;
3064 2303 3338 2368 przetereo
3388 2299 3721 2355 421-428

2076 2389 2304 2444 Thebas
2335 2389 2697 2460 Liberi,quas
2721 2387 2779 2442 in
2814 2387 3002 2442 Africa
3052 2386 3312 2441 condidit
3345 2404 3357 2441 :
3415 2404 3541 2458 quae
3577 2387 3726 2442 civi-

2075 2482 2166 2533 tas
2198 2494 2353 2532 nunc
2384 2477 2700 2532 Thebestia
2729 2476 2962 2531 dicitur.
2999 2475 3286 2548 Relinquo
3335 2493 3462 2531 eam
3497 2481 3723 2548 partem

2077 2567 2420 2638 Libyas,quze
2453 2565 2666 2621 ϐτεθοὶε
2699 2565 2944 2620 urbibus
2978 2565 3148 2637 plena
3178 2566 3378 2621 est.Ad
3411 2565 3725 2638 Hispanias

2077 2655 2516 2726 transgredior:
2551 2671 2742 2710 nonne
2789 2659 3115 2726 Saguntum
3159 2655 3371 2710 Graecis
3421 2671 3488 2710 ex
3531 2654 3726 2710 insula

2076 2743 2365 2816 Zacyntho
2411 2743 2650 2815 profecti
2701 2744 3091 2799 condiderunt
3124 2762 3136 2799 :
3170 2749 3226 2798 et
3255 2743 3534 2816 oppidum
3582 2745 3723 2799 Tar-

2077 2837 2296 2902 tesson,
2345 2833 2497 2904 quod
2543 2849 2700 2886 nunc
2747 2836 2986 2888 vocatur
3015 2832 3241 2888 Carteia
3269 2834 3309 2899 ²,
3347 2833 3510 2889 Iones
3542 2833 3722 2889 Graeci

2078 2920 2347 2976 homines
2366 2919 2589 2976 locasse
2616 2921 2984 2976 referuntur?
3011 2925 3232 2976 Montes
3260 2938 3492 2993 quoque
3516 2921 3720 2994 Hispa-

2080 3009 2330 3077 niarum,
2365 3009 2559 3081 Calpe,
2594 3010 2760 3065 Idrus
2781 3010 3085 3082 3,Pyrene:
3117 3012 3254 3066 item
3275 3010 3479 3066 insulae
3500 3011 3722 3083 Aphro-

2079 3099 2358 3162 disiades,
2411 3105 2468 3154 et
2524 3099 2873 3172 Gymnesiae,
2942 3117 3069 3172 qua
3116 3104 3400 3155 vocantur
3444 3100 3739 3171 Baleares,

2081 3204 2274 3242 nonne
2314 3188 2492 3242 Graeci
2524 3188 2815 3243 sermouis
2867 3188 3083 3244 indicia
3126 3189 3573 3244 demonstrant?
3606 3191 3737 3262 Ipsa

2090 3276 2257 3332 Italia
2287 3294 2318 3330 a
2347 3276 2559 3332 Graecis
2589 3275 2819 3348 populis
2853 3282 3154 3349 occupata,
3205 3277 3392 3348 Major
3439 3280 3733 3350 quondam

2091 3365 2309 3421 Graecia
2338 3365 2674 3420 vocabatur.
2731 3365 2895 3420 Certe
2945 3367 3099 3438 quod
3151 3366 3346 3437 negari
3379 3383 3493 3422 non
3526 3372 3737 3438 potest,

2091 3453 2332 3509 Romani
2374 3454 2444 3508 de
2485 3454 2672 3508 Encas
2722 3453 2922 3508 Asiani
2955 3454 3211 3510 hominis
3257 3456 3435 3526 stirpe
3482 3457 3743 3527 generati

2091 3548 2247 3598 sunt.
2282 3543 2362 3596 Ex
2393 3560 2506 3614 quo
2532 3543 2742 3611 evenit,
2768 3549 2834 3598 ut
2865 3549 2922 3598 et
2954 3543 3012 3597 in
3039 3543 3347 3600 Occidente
3378 3543 3554 3601 Graeci
3585 3561 3741 3616 saepe

2093 3631 2382 3686 acuminis
2416 3632 2784 3702 reperiantur
2836 3632 3090 3704 ingenia,
3123 3637 3180 3687 et
3207 3632 3265 3686 in
3299 3633 3533 3688 Oriente
3582 3633 3744 3688 stoli-

2092 3720 2331 3775 ditatem
2385 3720 2691 3775 barbaram
2727 3721 2747 3755 ⁴
2779 3720 3096 3776 redoleant.
3148 3725 3262 3777 Nec
3307 3721 3416 3777 hoc
3460 3722 3733 3788 dicimus,

2091 3810 2246 3880 quod
2279 3826 2394 3863 non
2426 3827 2456 3864 e
2487 3809 2719 3880 regione
2752 3809 3062 3880 utrobique
3094 3810 3324 3866 diversa
3371 3817 3690 3867 nascantur
3721 3827 3734 3866 :

2092 3901 2192 3954 sed
2227 3900 2382 3972 quod
2412 3917 2482 3955 ex
2507 3916 2721 3971 magna
2770 3905 2934 3971 parte
2983 3899 3158 3954 etiam
3209 3905 3416 3955 eaet-era
3446 3917 3576 3973 quae
3622 3918 3738 3956 non

2093 3995 2232 4043 sunt
2271 3989 2508 4058 similia,
2544 3993 2978 4060 nuncupentur.
3013 3989 3214 4060 Itaque
3256 4007 3371 4045 non
3401 3989 3619 4045 mirum
3651 3996 3740 4046 est

2094 4077 2329 4145 stultos,
2391 4084 2447 4132 et
2509 4079 2580 4133 ad
2639 4077 3081 4150 intelligentiam
3153 4077 3439 4134 tardiores
3503 4077 3738 4134 Galatas

2094 4165 2451 4238 appellatos;
2503 4184 2635 4221 cum
2695 4171 2750 4221 et
2799 4166 3052 4222 Hilarius
3111 4167 3326 4221 Latinae
3392 4167 3736 4239 eloquentia;

2093 4254 2643 4322 Rhodanus,Gallus
2676 4255 2800 4327 ipse
2831 4261 2886 4311 et
2917 4255 3163 4311 Pictavis
3194 4257 3448 4328 genitus,
3479 4256 3540 4311 in
3573 4257 3740 4329 hym-

2093 4360 2300 4399 norum
2337 4343 2636 4398 carmine'5
2666 4343 2861 4400 Gallos
2910 4343 3191 4401 indociles
3239 4349 3422 4401 vocet.
3468 4345 3538 4401 Et
3583 4346 3737 4417 quod

2092 4449 2249 4488 nunc
2279 4436 2574 4488 oratorum
2624 4432 2839 4488 fertiles
2890 4437 3048 4503 sunt,
3082 4450 3195 4489 non
3227 4438 3346 4489 tam
3381 4433 3454 4489 ad
3485 4433 3740 4506 regionis

2092 4593 2306 4649 Rhoda:
2338 4593 2397 4648 in
2430 4592 2708 4664 Hispania
2737 4593 3094 4648 mentionem
3129 4593 3281 4660 fecit,
3309 4594 3391 4649 ita
3420 4593 3734 4649 Rhodanu-

333 4663 719 4749 sententiam,
745 4664 899 4734 quod
932 4664 1471 4749 dederit‘llhodano
1505 4684 1740 4749 nomen,
1782 4669 1980 4749 S.‘_Do-
2015 4685 2060 4749 D
2093 4665 2191 4720 size
2221 4665 2374 4749 circa
2407 4663 2750 4749 Rhodanym
2783 4664 3029 4720 nullam.
3073 4669 3251 4749 Porro
3294 4665 3735 4747 Rhodanusiam

336 4738 552 4810 ctorem
588 4733 877 4810 delibasse
908 4751 974 4789 ex
1002 4735 1092 4790 his
1124 4735 1428 4810 Plinii‘lib.
1460 4755 1543 4804 III,
1568 4740 1731 4809 eain
1767 4742 1986 4810 :Atquc

333 4804 430 4860 ubi
460 4805 650 4878 Rhoda
675 4807 1012 4863 Rhodiorum
1039 4809 1170 4878 fuit,
1207 4808 1347 4862 unde
1374 4809 1548 4864 dictus
1576 4804 1748 4864 millia
1781 4804 1982 4866 Gallia-

332 4893 458 4952 rum
475 4876 878 4952 fertilissimus
905 4876 1197 4952 Rhodanus
1242 4881 1442 4952 amnis.
1473 4881 1501 4934 J
1512 4898 1606 4934 am
1638 4898 1788 4945 vero,
1827 4883 1978 4952 quod

333 4945 440 5001 hoc
473 4945 707 5022 l'on'gius
739 4967 772 5004 a
801 4950 1062 5005 veritatis
1111 4951 1302 5022 specie
1346 4951 1516 5016 absit,
1551 4952 1744 5006 danda
1781 4945 1977 5008 Hiero-

333 5034 509 5091 nymo
540 5021 725 5091 venia,
769 5022 868 5091 qui
912 5022 1021 5076 sibi
1057 5021 1253 5077 fucum
1287 5023 1356 5077 ab
1389 5023 1788 5078 eruditissimo
1839 5042 1975 5080 auc-

331 5093 455 5162 tore
487 5090 612 5162 fieri
643 5091 720 5145 sit
752 5090 980 5162 passus.
1017 5093 1301 5148 Nimirum
1339 5094 1488 5149 ultro
1532 5096 1784 5149 fatemur
1826 5096 1977 5151 Rho-

334 5160 469 5215 dam
531 5160 888 5217 Rhodiorum
941 5165 1248 5230 coloniam,
1310 5183 1421 5220 non
1482 5166 1800 5221 Galliarum
1852 5185 1978 5223 esse

331 5231 635 5306 oppidum,
690 5235 799 5306 sed
839 5235 1279 5306 Hispaniarum,
1322 5237 1561 5293 immani
1616 5257 1648 5292 a
1698 5239 1977 5295 Rhodano

332 5303 609 5381 dissitum
654 5305 874 5381 spatio;
924 5303 1017 5361 cui
1067 5308 1205 5363 dare
1252 5303 1460 5363 nomen
1510 5327 1698 5381 neque
1749 5311 1821 5366 ob
1868 5311 1977 5367 loci

333 5374 914 5450 distantiam—potuit,
948 5394 1136 5448 neque
1167 5395 1269 5450 per
1293 5385 1539 5448 aetatem,
1564 5374 1694 5436 cum
1720 5382 1818 5435 diu
1843 5389 1976 5437 ante

335 5446 854 5524 Rhodap_us__et__de
889 5446 1139 5524 nomine
1167 5446 1488 5524 fexstiterit,
1529 5446 1720 5524 quam
1774 5453 1977 5508 Rhoda

332 5523 506 5595 esset.
543 5518 850 5595 Hodieilla
881 5522 1038 5595 [loses
1068 5521 1302 5590 dicitur,
1355 5528 1412 5576 et
1459 5518 1584 5595 quae
1634 5524 1786 5579 circa
1817 5524 1970 5579 Rho-

329 5589 548 5666 danum
581 5591 1046 5666 cst,Rhodanus_ia
1077 5610 1094 5646 :
1118 5589 1557 5666 constatque'ex
1582 5613 1647 5652 eo
1669 5597 1974 5666 deceptum

327 5659 582 5720 Plinium
614 5679 820 5722 vocum
870 5662 1276 5734 similitudine,
1332 5659 1485 5738 quod
1539 5668 1710 5726 sicuti
1750 5659 1972 5726 niillam

2092 4753 2206 4792 non
2241 4737 2477 4819 dedisse
2504 4737 2786 4792 Rhodano
2815 4753 3048 4804 nomen,
3081 4737 3180 4792 sed
3215 4738 3530 4810 accepisse,
3565 4754 3738 4794 nemo

2091 4825 2205 4864 non
2238 4807 2526 4880 intelligit.
3355 4807 3373 4810 ⁷
3516 4807 3522 4809 ⁷

2162 4881 2183 4914 ²
2214 4879 2458 4934 Palatin.
2489 4896 2599 4934 ms.
2637 4879 2858 4934 Carccia
2888 4897 2906 4932 :
2938 4896 3108 4950 porro
3131 4879 3356 4950 junctis
3390 4879 3736 4936 Cistercien-

2091 4951 2277 5017 sibus,
2312 4951 2533 5022 Hydria
2605 4967 2666 5005 ro
2696 4951 2870 5016 Idrus,
2905 4956 2962 5005 et
2991 4951 3297 5020 Gymnesiae
3343 4968 3447 5023 pro
3497 4951 3736 5022 Gymne-

2091 5024 2209 5076 siae.
2244 5022 2484 5076 consule
2514 4969 2789 5076 Plinium.

2087 5024 2210 5092 size,
2244 5021 2484 5078 consule
2514 5021 2789 5077 Plinium.
3346 5021 3360 5023 ⁷
3544 5021 3554 5022 “

2101 5167 2129 5178 Α
2212 5095 2349 5178 Non.
2384 5094 2709 5178 Ιείνςιιιε,“εθ‹1
2761 5093 2967 5178 Ηυξίῖία
3010 5091 3212 5165 legunt
3258 5110 3403 5149 mss.
3453 5093 3683 5150 codices
3717 5110 3729 5147 :

2091 5167 2274 5270 δαέρα,
2306 5166 2538 5236 Hydria,
2574 5171 2806 5248 Pyrene.
2840 5164 3024 5265 Mam:
3081 5164 3088 5165 “

2212 5237 2336 5292 Duo
2369 5255 2510 5293 mss.
2546 5237 2873 5292 Stolzdztatis
2903 5235 3294 5291 Barbarorum.

2159 5309 2179 5342 ³
2209 5313 2501 5380 Ilymnum
2536 5313 2592 5363 et
2621 5325 2852 5364 carmen
2885 5323 3066 5362 unum
3098 5307 3370 5380 idemque
3399 5308 3739 5374 sonare,do-

2086 5384 2175 5434 cet
2225 5377 2349 5450 ipse
2398 5379 2655 5435 Hilarius
2706 5381 2763 5434 in
2813 5383 3063 5434 tractatu
3097 5377 3307 5450 psalmi
3339 5395 3450 5433 LIV.
3487 5379 3567 5433 Ex
3605 5380 3736 5450 ejus

2083 5467 2216 5505 vero
2247 5451 2481 5531 hymnis
2516 5452 2656 5531 nulli
2691 5456 2990 5531 superant,
3024 5454 3370 5531 tantumque
3400 5451 3736 5531 verosimile

2084 5524 2511 5649 est,tquosdam
2546 5523 2604 5578 in
2637 5521 3028 5578 ecclesiastica
3055 5521 3383 5594 psalmodia
3399 5521 3582 5579 fuisse
3603 5539 3738 5580 sus-

2085 5609 2187 5667 cep
2218 5611 2301 5650 os.
