4144 6202
381 352 497 421 381

1041 348 1558 420 COMMENTAR.
1606 356 1686 420 IN
1730 356 1983 421 EPIST.
2026 356 2131 422 AD
2176 358 2463 423 GALAT.
2508 361 2658 425 LIB.
2702 361 2780 440 Π,
2826 360 2997 425 CAP.
3039 356 3147 424 III.

3683 355 3807 422 382

403 485 794 563 diligentiam,
826 503 1005 561 quam
1044 490 1114 545 ad
1168 490 1589 547 rhetoricorum
1638 493 1742 564 [AL
1800 493 2044 549 rhetori-
2074 499 2127 565 Α
2157 494 2319 551 Unde
2341 470 2413 551 ad
2440 511 2540 551 eos
2585 494 2898 551 scribitur:
2946 496 3021 551 De
3068 495 3333 551 charitate
3375 502 3555 551 autem
3596 496 3800 567 frater-

384 580 546 652 cum]
578 577 897 634 clamorem
928 578 1217 650 pertinet:
1251 580 1505 635 maxime
1544 597 1677 636 cum
1725 582 2045 653 Aquitania

395 668 507 742 [Αι.
539 667 908 739 Aquitanica]
956 667 1151 724 Graaca
1199 686 1260 725 se
1299 670 1484 739 jactet
1528 671 1787 743 origine:
1829 677 1887 726 et
1935 672 2045 728 Ga-

388 757 521 814 late
554 773 670 812 non
702 757 775 811 de
805 755 905 811 illa
936 761 1099 828 parte
1129 764 1441 825 terrarum,
1492 761 1591 815 sed
1646 762 1719 815 de
1758 761 2045 817 ferociori-

384 847 501 904 bus
528 845 717 902 Gallis
767 844 889 901 sint
935 845 1198 917 profecti.
1250 847 1443 903 Vultis
1494 849 1663 919 scire,
1712 867 1745 905 ο
1776 849 1959 905 Paula
1987 855 2045 906 et

386 934 796 1002 Eustochium,
843 935 1137 1006 quomodo
1196 935 1508 1008 Apostolus
1566 955 2045 1011 unamquamque

387 1023 751 1098 provinciam
782 1022 908 1078 suis
959 1024 1416 1095 proprietatibus
1462 1026 1800 1082 denotarit?
1849 1028 2042 1101 Usque

386 1113 567 1171 hodie
594 1113 795 1169 eadem
822 1112 912 1167 vel
942 1112 1226 1169 virtutum
1277 1115 1521 1187 vestigia
1558 1122 1921 1185 permanent,
1952 1117 2041 1172 vel

386 1219 676 1260 errorum.
699 1201 973 1257 Romanae
1002 1201 1189 1274 plebis
1207 1202 1483 1259 laudatur
1507 1204 1653 1259 ﬁdes
1683 1206 1856 1277 (Rom.
1892 1224 1929 1277 1,
1961 1206 2051 1274 8)..

383 1291 497 1349 Ubi
540 1290 680 1347 alibi
711 1294 874 1347 tanto
922 1290 1117 1347 studio
1165 1297 1223 1347 et
1269 1293 1616 1365 frequentia,
1666 1294 1735 1348 ad
1767 1293 2042 1351 ecclesias

380 1385 439 1437 et
467 1380 540 1436 ad
572 1384 898 1452 martyrum
929 1378 1198 1452 sepulcra
1244 1380 1611 1437 concurritur
1631 1380 1658 1435 ‘l
1690 1382 1791 1437 ubi
1850 1382 1933 1439 sic
1966 1384 2037 1439 ad

383 1468 835 1527 similitudinem
895 1468 1149 1525 ccelestis
1207 1470 1451 1525 tonitrui
1501 1472 1673 1527 Amen
1701 1472 1921 1540 reboat,
1982 1477 2041 1528 et

383 1574 571 1614 vacua
622 1557 914 1613 idolorum
974 1559 1196 1631 templa
1252 1559 1645 1631 quatiuntur?
1698 1561 1823 1616 Non
1881 1562 2036 1634 quod

381 1646 557 1703 aliam
615 1645 875 1703 habeant
927 1648 1174 1703 Romani
1223 1648 1424 1715 ﬁdem,
1474 1649 1588 1705 nisi
1650 1649 1802 1706 hanc
1858 1667 2036 1722 quam

382 1752 586 1794 omnes
613 1735 834 1793 Christi
865 1735 1173 1804 Ecclesiae;
1224 1737 1326 1793 sed
1378 1738 1533 1809 quod
1584 1738 1812 1795 devotio
1861 1738 1921 1794 in
1951 1738 2036 1795 eis

384 1826 575 1895 major
603 1824 702 1892 sit,
736 1828 796 1880 et
838 1823 1190 1897 simplicitas
1219 1826 1292 1881 ad
1342 1827 1720 1883 credendum.
1776 1828 2033 1883 Rursum

381 1912 680 1969 facilitatis
730 1917 787 1969 et
833 1914 1119 1986 superbiae
1172 1920 1520 1987 arguuntur.
1577 1916 1914 1987 Facilitatis,
1972 1920 2039 1972 ut

379 2001 463 2058 ibi
491 2018 505 2057 :
540 2004 690 2076 Rogo
717 2019 831 2069 vos,
860 2006 1090 2073 fratres,
1119 2013 1181 2060 ut
1226 2005 1515 2062 observetis
1546 2022 1635 2061 eos
1678 2007 1775 2078 qui
1819 2006 2037 2062 dissen-

378 2094 556 2149 siones
585 2095 640 2147 et
698 2092 1051 2164 offendicula,
1105 2101 1307 2165 praeter
1359 2094 1676 2150 doctrinam
1731 2112 1901 2166 quam
1947 2112 2040 2152 vos

377 2180 677 2248 didicistis,
709 2182 965 2251 faciunt:
997 2190 1053 2237 et
1099 2182 1373 2239 declinate
1420 2185 1493 2240 ab
1526 2186 1676 2240 illis:
1727 2186 2041 2256 hujusmodi

381 2271 535 2326 enim
566 2269 779 2325 Christo
804 2271 1034 2326 Domino
1056 2269 1170 2344 [AL
1205 2272 1367 2328 addit
1396 2274 1607 2346 nostro]
1629 2289 1739 2329 non
1766 2274 2035 2341 serviunt,

378 2358 481 2415 sed
507 2374 606 2413 suo
627 2359 806 2414 ventri
824 2377 844 2414 :
884 2367 933 2421 et
958 2376 1058 2432 per
1084 2359 1267 2417 dulces
1296 2377 1575 2418 sermones
1604 2380 1655 2418 ει
1705 2363 2039 2419 benedictio-

373 2464 477 2503 nes
504 2447 767 2504 seducunt
803 2449 968 2505 corda
1016 2451 1413 2506 innocentium.
1478 2452 1661 2508 Vestra
1712 2455 1860 2508 enim
1912 2453 2039 2507 obe-

377 2537 594 2592 dientia
624 2538 686 2592 in
714 2553 929 2593 omnem
952 2539 1133 2595 locum
1148 2541 1475 2611 pervulgata
1498 2545 1603 2597 est.
1626 2541 1843 2598 Gaudeo
1863 2543 2043 2613 igitur

379 2626 447 2681 in
494 2626 682 2681 vobis:
722 2627 927 2690 etvolo
975 2643 1068 2683 vos
1094 2630 1368 2701 sapientes
1396 2645 1508 2685 esse
1536 2632 1593 2685 in
1627 2630 1782 2696 bono,
1833 2635 1885 2685 et
1914 2633 2043 2685 sim-

376 2715 553 2788 plices
580 2716 643 2770 in
672 2716 820 2771 malo
869 2716 1042 2787 (Rom.
1094 2735 1212 2783 xvr,
1265 2719 1472 2790 17-19).
1524 2719 1819 2791 Superbiae
1867 2736 2038 2775 vero:

383 2803 513 2860 Noli
529 2804 705 2858 altum
747 2819 955 2876 sapere,
987 2805 1080 2860 sed
1128 2808 1257 2862 time
1298 2807 1470 2876 (Rom.
1504 2824 1581 2875 x1,
1621 2808 1732 2879 20).
1765 2808 1874 2863 Et:
1908 2809 2044 2865 Nolo

387 2908 486 2947 vos
514 2893 795 2963 ignorare,
853 2896 1074 2964 fratres,
1133 2898 1460 2967 mysterium
1498 2896 1615 2967 hoc,
1672 2905 1733 2952 ut
1785 2914 1895 2952 non
1922 2899 2044 2953 sitis

387 2982 501 3054 ipsi
527 2982 676 3038 vobis
707 2983 981 3054 sapientes
1026 2983 1186 3055 (Ibid.
1218 2984 1329 3056 25).
1392 2985 1460 3039 Et
1504 2984 1565 3040 in
1619 2985 2041 3057 sequentibus:

395 3070 537 3126 Dico
564 3070 718 3126 enim
754 3086 857 3142 per
886 3071 1136 3144 gratiam
1159 3089 1287 3145 qua:
1310 3074 1447 3129 data
1471 3078 1560 3130 est
1582 3074 1749 3141 mihi,
1773 3075 2046 3130 omnibus

397 3156 500 3229 qui
531 3161 672 3212 sunt
696 3157 854 3213 inter
882 3174 1024 3227 vos;
1079 3176 1194 3215 non
1225 3159 1359 3232 plus
1390 3178 1593 3233 sapere
1636 3178 1795 3234 quam
1843 3165 2047 3234 oportet

2066 1871 2114 1936 Β

2152 584 2369 654 uitatis,
2422 599 2531 639 non
2594 599 2809 639 necesse
2862 582 3124 639 habemus
3178 584 3413 638 scribere
3465 583 3633 638 vobis.
3694 582 3803 653 Ipsi

2154 675 2303 729 enim
2356 689 2447 728 vos
2500 690 2535 727 a
2591 674 2699 729 Deo
2750 672 3041 736 didicistis,
3103 675 3166 725 ut
3224 671 3473 739 diligatis
3546 671 3797 726 invicem.

2151 763 2379 817 Etenim
2406 762 2593 831 facitis
2626 761 2766 817 illud
2796 763 2856 816 in
2885 776 3067 816 omnes
3086 761 3293 831 fratres
3314 761 3376 814 in
3403 760 3660 815 universa
3686 764 3804 816 Ma-

2151 850 2376 905 cedonia
2406 852 2454 920 (I
2490 850 2667 905 Thess.
2703 867 2779 915 1v,
2810 850 2884 919 9).
2939 850 3049 905 Sed
3104 848 3613 920 reprehenduntur
3644 850 3799 919 quod

2152 938 2323 994 otiosi
2352 939 2558 994 domos
2588 939 2953 994 circumeant
2978 954 2991 992 :
3025 943 3082 993 et
3112 937 3369 993 alienum
3401 941 3803 1008 exspectantes

2152 1027 2371 1092 cibum,
2404 1028 2543 1082 dum
2603 1026 2853 1100 singulis
2912 1025 3141 1097 placere
3201 1026 3557 1091 desiderant,
3601 1030 3659 1081 et
3687 1024 3804 1080 huc

2152 1115 2409 1187 illucque
2456 1116 2812 1181 discurrant,
2862 1115 3003 1186 quid
3047 1114 3203 1185 apud
3257 1114 3523 1187 singulos
3572 1118 3801 1186 agatur,

2153 1204 2479 1260 enuntient.
2515 1203 2793 1275 Sequitur
2822 1203 2978 1258 enim
3005 1221 3018 1266 ;
3042 1204 3313 1271 Rogamus
3334 1206 3517 1258 autem
3546 1218 3659 1270 vos,
3678 1205 3798 1273 fra-

2151 1296 2279 1360 tres,
2312 1302 2373 1349 ut
2402 1293 2694 1349 abundetis
2731 1294 2928 1364 magis,
2987 1294 3038 1348 et
3066 1307 3291 1361 operam
3335 1291 3473 1348 detis
3516 1299 3578 1346 ut
3625 1291 3801 1363 quieti

2148 1384 2271 1437 sitis
2292 1400 2311 1437 :
2340 1391 2403 1437 ut
2427 1385 2478 1438 el
2508 1388 2748 1437 vestrum
2780 1383 2795 1416 ¹
2844 1382 3125 1453 negotium
3169 1383 3371 1451 agatis,
3403 1389 3454 1436 et
3497 1381 3799 1452 operemini

2146 1473 2404 1527 manibus
2432 1473 2625 1528 vestris
2673 1473 2816 1527 sicut
2859 1472 3222 1543 pracepimus
3270 1469 3447 1525 vobis:
3497 1473 3560 1525 ut
3613 1476 3665 1525 et
3699 1471 3795 1526 ho-

2144 1570 2296 1617 neste
2349 1560 2647 1617 ambuletis
2705 1560 2775 1615 ad
2811 1576 2900 1616 eos
2959 1561 3054 1630 qui
3106 1559 3245 1631 foris
3284 1566 3434 1624 sunt,
3493 1563 3541 1613 et
3585 1558 3799 1613 nullius

2146 1650 2359 1722 aliquid
2387 1650 2706 1706 desideretis
2738 1649 2899 1722 (Ibid.
2938 1650 3024 1716 10,
3049 1649 3160 1719 11).
3191 1646 3354 1715 Quod
3378 1661 3449 1701 ne
3480 1645 3614 1718 quis
3632 1649 3802 1717 putet

2146 1739 2335 1795 officio
2370 1738 2558 1810 magis
2591 1738 2876 1809 docentis,
2910 1754 3087 1808 quam
3119 1735 3258 1791 vitio
3288 1736 3482 1808 gentis
3524 1734 3797 1790 admoni-

2145 1832 2295 1897 tum,
2330 1828 2389 1882 in
2422 1828 2682 1884 secunda
2711 1827 2784 1883 ad
2834 1827 3069 1882 eosdem
3113 1824 3369 1881 inculcat
3415 1840 3482 1879 ac
3531 1822 3795 1896 replicat,

2146 1917 2384 1972 dicens:
2419 1917 2562 1973 Nam
2590 1920 2642 1972 et
2680 1932 2807 1972 cum
2837 1931 3070 1971 essemus
3117 1912 3265 1986 apud
3295 1929 3404 1983 vos,
3438 1913 3538 1968 hoc
3580 1912 3797 1967 denun-

2145 2007 2419 2062 tiobamus
2460 2006 2628 2076 vobis,
2683 2006 2944 2077 quoniam
2986 2005 3037 2058 si
3063 2004 3183 2073 quis
3237 2003 3459 2072 operari
3502 2016 3612 2055 non
3660 2000 3795 2067 vult,

2146 2111 2245 2151 nec
2271 2095 2589 2151 manducet.
2621 2094 2949 2151 Audiuimus
3003 2093 3153 2145 enim
3210 2090 3355 2145 inter
3384 2105 3473 2144 vos
3529 2087 3797 2159 quosdam

2148 2184 2432 2240 ambulare
2462 2186 2722 2255 inquieto,
2749 2182 2894 2238 nihil
2930 2188 3237 2252 operantes,
3264 2179 3365 2235 sed
3393 2179 3609 2233 curiose
3635 2194 3799 2248 agen-

2150 2278 2247 2328 tes.
2283 2275 2385 2328 His
2434 2279 2624 2328 autem
2652 2274 2750 2343 qui
2800 2270 3075 2342 ejusmodi
3101 2276 3256 2334 sunt,
3308 2267 3697 2323 denuntiamus
3745 2267 3799 2321 et

2148 2364 2492 2419 obsecramus
2522 2362 2578 2417 in
2611 2362 2845 2417 Domino
2891 2362 3021 2416 Iesu
3051 2358 3282 2419 Christo.
3314 2360 3373 2411 ut
3401 2373 3527 2412 cum
3571 2355 3793 2410 silentio

2148 2456 2453 2522 operantes,
2511 2467 2675 2505 suum
2727 2465 2926 2522 panem
2980 2447 3313 2502 manducent
3372 2445 3447 2516 (II
3484 2443 3660 2499 Thess.
3715 2458 3798 2512 ιιι,

2154 2542 2360 2612 10-12).
2413 2541 2679 2612 Longum
2711 2542 2800 2594 est
2848 2537 2897 2593 si
2945 2535 3118 2591 velim
3164 2536 3235 2590 de
3281 2532 3576 2605 Apostolo,
3626 2535 3685 2587 et
3727 2530 3799 2585 de

2152 2629 2469 2702 Scripturis
2482 2628 2756 2685 omnibus
2772 2625 3140 2699 singularum
3156 2624 3442 2697 gentium,
3454 2620 3800 2677 velvirtutes

2151 2720 2480 2787 observare,
2510 2717 2599 2774 vel
2628 2716 2807 2773 vitia:
2832 2731 2964 2771 cum
2990 2716 3061 2769 ad
3085 2714 3204 2768 haec
3222 2712 3349 2784 ipsa
3371 2728 3499 2783 quas
3521 2709 3801 2775 diximus,

2150 2807 2288 2863 inde
2308 2806 2568 2863 devoluti
2589 2807 2777 2862 simus
2799 2806 2954 2877 quod
2980 2802 3192 2860 Galatae
3214 2800 3379 2857 stulti
3427 2804 3484 2855 et
3525 2797 3800 2854 vecordes

2152 2896 2517 2969 pronuntiati
2549 2896 2685 2952 sint.
2720 2894 2841 2949 Scit
2896 2907 3124 2948 mecum
3157 2889 3253 2961 qui
3317 2886 3461 2942 vidit
3513 2888 3800 2957 Ancyram

2154 2987 2261 3055 [Αἱ.
2322 2985 2660 3055 Anchiram]
2739 2980 3112 3053 metropolim
3169 2976 3405 3032 Galatiae
3484 2973 3799 3038 civitatem,

2155 3080 2298 3145 quot
2328 3062 2431 3146 [Αἰ.
2466 3074 2643 3145 quod]
2674 3087 2830 3127 nunc
2880 3084 3068 3141 usque
3114 3062 3538 3121 schismatibus
3588 3060 3799 3117 dilace-

2156 3172 2279 3219 rata
2308 3164 2403 3231 sit,
2464 3166 2607 3233 quot
2654 3161 2760 3229 [Αι.
2794 3158 2973 3231 quod}
3023 3156 3366 3226 dogmatum
3423 3149 3821 3206 varietatibus’

393 3260 625 3317 sapere;
655 3245 746 3301 sed
772 3262 966 3318 sapere
995 3247 1067 3303 ad
1112 3248 1461 3305 sobrietatem
1506 3250 1678 3321 (Rom.
1711 3266 1811 3318 xu,
1843 3252 1920 3319 3).
1971 3252 2041 3307 Et
2070 3242 2115 3307 C
2156 3256 2552 3323 constuprata.
2579 3249 2794 3306 Omitto
2816 3245 3230 3318 Catapbrygas,
3255 3240 3520 3315 Ophitas,
3545 3238 3805 3295 Borbori-

390 3334 653 3407 apertius
677 3351 692 3389 :
726 3336 978 3392 Gaudere
1004 3352 1129 3391 cum
1156 3337 1544 3409 gaudentibus,
1592 3341 1726 3410 ﬂere
1752 3356 1879 3396 cum
1906 3342 2043 3411 ﬂen-

390 3423 556 3479 tibus.
584 3423 828 3496 Idipsum
862 3426 1099 3481 invicem
1150 3428 1466 3483 sentientes.
1500 3428 1618 3485 Non
1663 3429 1778 3484 alta
1822 3432 2042 3501 sapien-

390 3515 490 3579 tes,
535 3511 629 3566 sed
682 3513 988 3568 humilibus
1043 3515 1454 3571 consentientes.
1513 3517 1689 3573 Nolite
1743 3533 1857 3573 esse
1910 3534 2043 3589 pru-

388 3600 578 3656 dentes
606 3601 760 3673 apud
807 3604 1160 3674 vosmetipsos
1210 3606 1383 3671 (Rom.
1418 3622 1519 3672 χιι,
1563 3606 1794 3674 15,16).
1845 3607 2043 3663 Corin-

387 3689 553 3745 thios
578 3706 810 3762 quoque
867 3695 1031 3747 notat
1060 3692 1215 3763 quod
1248 3692 1525 3749 mulieres
1581 3710 1782 3750 eorum
1832 3695 2044 3765 intecto

392 3778 585 3850 capite
603 3778 743 3845 sint,
765 3782 824 3835 et
841 3779 951 3834 viri
977 3796 1207 3835 comam
1232 3781 1496 3837 nutriant
1519 3782 1565 3854 (I
1588 3784 1705 3839 Cor.
1740 3801 1796 3849 x,
1822 3785 1907 3855 14,
1931 3785 2040 3854 15);

387 3870 452 3923 et
479 3866 880 3924 indifferenter
926 3874 1237 3925 vescantur
1268 3870 1328 3925 in
1361 3869 1593 3943 templis
1652 3873 1758 3941 [Αἰ.
1789 3874 2045 3945 tempus]

391 3957 445 4028 (Ι
471 3956 593 4011 Cor.
614 3974 670 4026 ι,
699 3957 811 4028 20);
858 3962 916 4013 et
968 3957 1152 4013 inflati
1184 3959 1473 4031 sapientia
1501 3960 1785 4016 saeculari.
1841 3962 1890 4033 (ι
1919 3961 2039 4018 Cor.

391 4060 472 4111 ιν,
503 4044 582 4117 6),
614 4046 1100 4103 resurrectionem
1132 4048 1325 4103 carnis
1360 4053 1590 4121 negent.
1624 4049 1755 4104 Hazc
1783 4066 1852 4105 ex
1881 4055 2043 4120 parte

393 4149 587 4206 usque
614 4133 788 4191 hodie
818 4151 1181 4207 permanere,
1215 4153 1330 4192 non
1380 4141 1572 4209 potest
1620 4138 1908 4204 dubitare,
1943 4139 2043 4210 qui

388 4221 676 4279 Achaiam
707 4224 1053 4281 429-480
1079 4224 1291 4281 viderit
1317 4226 1659 4283 Macedones
1681 4226 1738 4282 in
1761 4227 2043 4284 charitate

388 4309 732 4384 laudantur,
762 4317 821 4369 et
850 4312 1245 4386 hospitalitate
1273 4331 1340 4371 ac
1370 4315 1742 4388 susceptione
1770 4316 2037 4373 fratrum.

470 4475 489 4546 ξ
524 4472 700 4546 Itast
728 4488 870 4546 mss.
896 4474 1089 4546 nostri
1122 4474 1459 4546 praeferunt,
1490 4478 1547 4531 et
1593 4475 1773 4531 Grmc.
1825 4479 2040 4544 textus,

385 4541 483 4618 nail
514 4538 770 4618 πράσσειν
798 4545 867 4598 τὰ
892 4540 1025 4599 ἴδια.
1058 4538 1244 4602 Antea
1263 4538 1500 4615 voculae,
1533 4554 1584 4602 et
1611 4551 1859 4602 vestrum
1887 4538 2040 4605 desi;

387 4615 769 4672 derabantur.

462 4688 486 4721 ³
517 4687 653 4760 Lagi
682 4686 911 4757 malim,
951 4687 1304 4757 Ascodrogos,
1334 4687 1421 4744 vel
1477 4689 1859 4760 Tascodrogos,
1909 4706 2045 4745 cum

388 4773 462 4812 ex
492 4758 1037 4841 alio'rum‘vet-ernm
1087 4760 1439 4841 scriptorum
1491 4758 1869 4841 testimoniis,
1916 4767 2044 4841 tum

390 4843 464 4884 ex
490 4828 627 4904 ipsa
647 4831 973 4904 portentosi
1003 4828 1268 4904 nominis
1300 4830 1654 4904 derivatione
1701 4849 1767 4887 ac
1818 4833 2043 4904 signiﬁ-

390 4901 548 4975 catu.
581 4901 728 4975 Nam
760 4907 819 4956 et
848 4901 937 4975 sic
962 4917 1061 4975 eos
1083 4901 1337 4974 appellat
1356 4903 1415 4958 S.
1446 4903 1830 4975 Epiphanius,
1858 4901 1917 4958 in
1936 4909 2045 4975 Ρα-

387 4974 577 5043 nario,
608 4974 708 5043 qui
742 4977 803 5028 et
846 4971 985 5027 alibi
1014 4971 1138 5029 boc'
1160 4971 1420 5031 'donatos
1446 4971 1684 5030 nomine
1731 4971 2043 5040 Quintilla-

388 4989 577 5043 τιατ-ιο,
647 4990 708 5028 ιιι
742 4989 803 5028 et.
846 4989 985 5027 aum
1014 4989 1123 5029 noc
1172 4989 1420 5031 donatos
1446 4991 1684 5030 nomine
1731 4989 2043 5040 antllla-

388 5058 501 5099 nos
521 4989 721 5118 tradit,
754 5043 1055 5118 haereticos
1096 5061 1306 5118 nempe
1336 5045 1505 5118 illos,
1561 5046 1662 5118 qui
1712 5063 1746 5101 a
1777 5047 2043 5117 projectae

387 5089 1677 5196 ἧὲᾇιὶἰᾶξὲ’ἔθ’ᾱηῖἱιῖὀῖιῖοὶῖἷῑὲιῖΞάξὲῖιὲἱι8³ᾇῇ
1685 5089 2043 5182 εῶτίιτῗὲὥῑῖ

386 5183 585 5260 lignus
616 5188 688 5260 de
737 5186 1040 5260 Baptismo
1088 5186 1342 5260 scripsit,
1398 5193 1621 5245 traxere
1680 5206 1912 5245 nomen.
1974 5191 2045 5245 Et

1330 5230 1342 5255 ’
1402 5230 1441 5243 ,Ι
1456 5230 1575 5245 μανι
1592 5230 1621 5243 υ
1681 5230 1912 5245 μυιυυυι

391 5255 782 5331 Theodoritus
812 5255 1225 5331 V'Tascodrugos'
1246 5276 1348 5316 seu
1410 5261 1826 5331 Tascodrugetas
1856 5268 2041 5331 vocat,

387 5330 452 5382 et
477 5330 776 5405 Marcosiis
793 5330 1034 5402 jungit:
1068 5347 1191 5405 Anec
1222 5335 1393 5405 tacet,
1453 5347 1657 5405 eorum
1686 5330 1691 5331 7
1715 5330 2043 5405 praestigias

391 5413 465 5453 ac
497 5400 712 5457 nefaria
744 5400 1025 5466 dogmata
1055 5402 1396 5466 Quintillam
1446 5403 1630 5459 fuisse
1679 5400 2037 5459 simulatam.

388 5469 507 5546 Sed
538 5469 969 5546 etTimotEeus
998 5474 1568 5546 ,ConstantinOpolit,
1619 5478 1676 5529 et
1726 5476 2042 5531 Antiochus

381 5544 728 5617 Monachus,
762 5544 863 5616 qui
894 5549 952 5599 et
980 5543 1213 5614 dicitur,
1242 5543 1419 5617 gente'
1441 5546 1633 5602 Galata
1681 5561 1751 5601 ea:
1778 5548 1896 5617 vico
1922 5551 2040 5603 Me-

380 5612 588 5692 dgsaga
645 5612 897 5692 vicesimo
952 5617 1022 5671 ab
1072 5612 1291 5692 Ancyra
1362 5618 1573 5692 lapide,
1633 5612 2039 5692 Ἀσκοδρουγη-

380 5687 520 5755 τῶν,
548 5687 1041 5763 Ascodrugitarum
1069 5687 1695 5764 meminere.’Denique
1737 5692 1797 5747 et
1835 5687 1903 5746 'in
1945 5687 2041 5747 co-

2154 3346 2266 3407 tas,
2299 3345 2356 3397 et
2384 3338 2770 3406 Manichaeos;
2815 3341 2951 3392 nota
3008 3334 3166 3390 enim
3217 3331 3342 3403 jam
3376 3329 3499 3385 haec
3528 3328 3801 3384 humanas

2154 3430 2504 3486 calamitatis
2532 3425 2815 3483 vocabula
2845 3428 3003 3481 sunt.
3038 3421 3180 3488 Quis
3232 3434 3490 3489 unquam
3537 3415 3804 3473 Passalo-

2153 3518 2429 3592 ryncitas,
2465 3520 2522 3572 et
2539 3515 2910 3572 Ascodrobos
2937 3513 2978 3579 ³,
3011 3516 3069 3567 et
3097 3508 3471 3581 Artotyritas,
3503 3510 3561 3561 et
3600 3509 3809 3592 cetera

2155 3591 2345 3681 magis
2373 3609 2639 3679 portenta
2660 3620 2841 3676 quam
2887 3600 3127 3657 nomina
3175 3599 3281 3667 [AL
3311 3595 3582 3664 numina]
3613 3593 3673 3649 in
3702 3591 3808 3649 ali-

2153 3714 2272 3768 qua
2301 3700 2463 3768 parte
2489 3693 2734 3750 Romani
2765 3691 2925 3749 orbis
2957 3687 3225 3746 audivit?
3243 3686 3514 3756 Antiqua:
3540 3682 3807 3739 stultitiae

2154 3802 2341 3857 usque
2363 3783 2534 3839 hodie
2560 3786 2802 3838 manent
2827 3778 3092 3851 vestigia.
3128 3781 3322 3832 Unum
3354 3779 3444 3830 est
3472 3772 3628 3845 quod
3659 3771 3805 3827 infe-

2154 3874 2364 3941 rimus,
2388 3878 2444 3929 ct
2464 3871 2825 3944 promissum
2849 3868 2909 3924 in
2931 3867 3167 3925 exordio
3216 3864 3541 3929 reddimus,
3570 3860 3806 3917 Galatas

2152 3967 2387 4035 excepto
2421 3976 2689 4017 sermone
2711 3959 2929 4027 Graeco,
2948 3974 3065 4029 quo
3086 3954 3278 4012 omnis
3299 3951 3501 4007 Oriens
3526 3949 3803 4019 loquitur,

2152 4050 2450 4124 propriam
2480 4050 2745 4122 linguam
2783 4048 3051 4104 eamdem
3074 4060 3221 4117 pene
3242 4042 3454 4097 habere
3475 4054 3653 4109 quam
3679 4041 3808 4091 Tre-

2150 4141 2325 4210 viros,
2360 4155 2466 4195 nec
2512 4140 2743 4208 referre,
2804 4137 2852 4193 si
2912 4134 3112 4206 aliqua
3164 4130 3368 4187 exinde
3422 4125 3807 4197 corruperint,

2153 4245 2286 4286 cum
2319 4232 2376 4285 et
2399 4228 2518 4283 Afri
2548 4226 2899 4283 thnicum
2934 4222 3201 4294 linguam
3245 4214 3529 4273 nonnulla
3552 4231 3622 4271 ex
3649 4218 3812 4287 parte

2153 4317 2507 4375 mutaverint
2536 4316 2579 4386 ³,
2611 4320 2668 4370 et
2698 4315 2827 4386 ipsa
2875 4310 3164 4367 Latinitas
3194 4312 3251 4364 et
3299 4304 3638 4379 regionibus
3668 4320 3815 4376 quo-

2153 4477 2280 4533 dice
2310 4474 2625 4549 Theodosii
2657 4478 2731 4549 Μ.
2766 4472 2892 4549 lege
2920 4472 2956 4527 5
2984 4472 3056 4549 de
3088 4466 3401 4549 liaereticis
3422 4464 3812 4549 Tascodrocitaz

2156 4551 2245 4621 (ut
2275 4548 2548 4604 emendat
2576 4542 2967 4621 Gothofredus
2984 4542 3054 4621 _in
3103 4542 3572 4621 Commentariis,
3607 4542 3802 4621 Tasco-

2072 4611 2120 4674 D
2150 4604 2415 4694 drogitz)
2461 4617 2876 4694 appellantur‘i
2921 4610 3626 4694 iidemqueuAscodrongitz
3669 4604 3806 4694 lege

2157 4676 2338 4757 63,"et
2363 4676 2653 4761 Alscodrogi
2681 4686 2918 4761 Novella
2944 4676 3256 4761 Theodosii
3307 4676 3511 4761 tum?
3558 4677 3617 4732 in
3668 4676 3802 4731 ﬁne.

2158 4750 2334 4819 Porro
2387 4779 2455 4817 ex
2504 4750 3108 4833 Phrygioqddiomate,
3142 4755 3261 4833 sive
3316 4750 3575 4833 Galatiae
3602 4763 3709 4803 vox
3738 4764 3808 4803 ea

2158 4835 2473 4904 derivatur,
2507 4821 2996 4904 com'pvoniturqne
3028 4821 3104 4904 ex'
3126 4826 3357 4904 duobus
3404 4821 3626 4904 verbis...
3666 4834 3807 4889 quo-

2155 4889 2287 4961 rum
2348 4889 2595 4959 alterum
2642 4889 3158 4967 ’l‘aioxoq,.Latine,
3208 4896 3481 4966 digitum:
3544 4889 3803 4967 alterum

2157 4974 2449 5060 δροῦγγος,
2479 4991 2674 5056 narem
2702 4963 2889 5060 sonat.
2922 4963 3151 5060 Etenim
3201 4963 3803 5060 interiorandnmnq-

2156 5037 2599 5129 ribus'di‘g'itum
2634 5045 2954 5129 infigebant
2994 5039 3302 5129 hominum
3351 5037 3801 5129 dementissimi.

2153 5120 2330 5175 Grarci
2364 5106 2478 5174 alio
2535 5106 2790 5180 nomine,
2848 5114 3049 5167 eadem
3102 5115 3295 5166 autem
3350 5106 3802 5180 signiﬁcatione.2

2155 5190 2656 5261 Passaloryncilas,
2702 5176 2790 5261 vel
2843 5184 3324 5261 Puxillonassones
3368 5176 3597 5261 vocant,
3648 5176 3805 5261 quod

2155 5278 2392 5331 nomen,
2417 5252 2551 5315 cum
2578 5252 3048 5331 etilieronymus
3081 5254 3175 5310 hic
3197 5255 3499 5331 memoret,
3522 5252 3804 5331 .ne.pu_tes

2155 5317 2323 5406 quasi
2355 5317 2644 5406 diversam
2676 5317 2942 5406 haeresim
2983 5324 3390 5406 commentari,
3439 5320 3539 5377 sed
3590 5317 3808 5406 d‘uplez't

2156 5390 2332 5462 uni-us
2365 5403 2749 5475 ejusdemque
2780 5397 3126 5455 vocabulum
3172 5396 3432 5459 recitare,
3479 5390 3633 5464 quod
3678 5390 3802 5463 pari

2157 5479 2318 5533 vocis
2348 5479 2615 5548 portento
2647 5476 2901 5548 terreat,
2952 5542 2981 5548 _
3059 5542 3067 5548 ἡ
3253 5539 3284 5548 Α,
3436 5535 3447 5547 ο
3542 5534 3582 5548 κ
3739 5531 3749 5541 ,

2226 5549 2248 5581 ³
2278 5534 2425 5602 Hinc
2479 5545 2597 5601 falli
2628 5544 2797 5617 visus
2822 5545 2909 5597 est
2948 5542 3007 5597 S.
3041 5539 3406 5617 Augustinus
3434 5535 3521 5617 in“
3542 5534 3801 5617 Exposit:

2155 5617 2410 5675 inchoat.
2444 5618 2628 5689 Epist.
2664 5616 2733 5671 ad
2769 5615 3014 5689 Roman.
3050 5607 3165 5669 ubi
3198 5628 3298 5668 eos
3327 5607 3549 5689 _tradit,
3608 5607 3805 5689 utqui

2156 5690 2311 5749 circa
2340 5678 2754 5762 Carthaginem
2784 5691 2887 5744 aut
2927 5686 3253 5761 Hipponem
3310 5683 3381 5740 de
3437 5694 3555 5737 suae
3611 5678 3802 5752 gentis
