4144 6202
1576 345 1638 406 S.
1689 341 1994 406 EUSEBII
2037 337 2485 406 HlERONYMI

3617 331 3738 402 ω

329 443 473 535 tidie
503 481 766 534 mutetur
792 481 850 534 et
876 481 1155 550 tempore.
1207 477 1317 534 Sed
1344 479 1470 550 jam
1502 477 1572 533 ad
1604 477 1970 549 propositum
2001 479 2055 544 Α
2085 475 2291 532 ledicto
2325 475 2509 532 sunt?
2539 475 2698 541 Quod
2723 491 2838 530 non
2860 471 3090 529 timebit
3113 481 3390 542 annuere',
3419 469 3519 543 qui
3542 471 3736 528 dicens

333 571 711 622 revertamur.

344 689 348 697 λ
400 657 558 727 (Cap.
581 656 679 712 III.
703 687 772 697 —-
792 656 958 712 Vers.
985 656 1097 728 10.)
1141 678 1169 707 (ι
1191 657 1535 727 Quicunque
1573 655 1728 710 enim
1751 671 1820 710 ex
1841 671 1974 727 ope-

332 744 496 800 ribus
517 744 663 816 legis
686 753 841 812 sunt,
867 747 978 800 sub
1017 745 1326 801 maledicto
1359 749 1514 800 sunt.
1567 745 1859 816 Scriptum
1891 748 1978 799 est

332 833 526 890 enim:
559 834 900 890 Maledictus
931 835 1122 890 omnis
1167 835 1266 905 qui
1318 851 1431 890 non
1482 835 1870 906 permanserit
1919 835 1975 888 in

333 923 607 979 omnibus
641 941 765 995 quae
797 925 1016 996 scripta
1046 929 1184 978 sunt
1213 923 1269 978 in
1303 923 1451 979 libro
1481 924 1672 995 Legis,
1702 929 1766 978 ut
1806 923 1979 978 faciat

333 1027 419 1068 ea.
455 1035 482 1062 »
519 1014 679 1069 Hunc
736 1029 956 1069 morem
1018 1014 1223 1080 habeo,
1279 1018 1342 1067 ut
1401 1013 1861 1084 quotiescunque
1907 1013 1978 1067 ab

335 1101 618 1173 apostolis
648 1103 718 1157 de
750 1103 939 1158 Veteri
987 1107 1384 1157 Instrumento
1434 1101 1652 1172 aliquid
1701 1101 1976 1171 sumitur,

334 1205 628 1246 recurram
662 1189 730 1246 ad
763 1191 1080 1263 originales
1120 1191 1320 1257 libros,
1355 1195 1411 1244 et
1457 1190 1763 1262 diligenter
1794 1190 1978 1261 inspi-

333 1279 507 1348 ciam,
541 1281 832 1352 quomodo
861 1280 921 1335 in
954 1282 1077 1336 suis
1129 1281 1273 1335 locis
1322 1279 1538 1350 scripta
1582 1279 1720 1334 sint.
1782 1279 1977 1334 lnveni

333 1362 480 1424 481
520 1369 716 1440 itaque
747 1371 806 1424 in
839 1369 1282 1425 Deuteronomio
1316 1369 1424 1423 hoc
1449 1370 1642 1439 ipsum
1694 1369 1846 1440 apud
1882 1370 1977 1424 Se-

334 1457 641 1528 ptuaginta
670 1458 1018 1529 interpretes
1038 1456 1118 1512 ita
1142 1458 1397 1529 positum
1428 1475 1439 1511 :
1465 1457 1781 1512 Maledi.:tus
1801 1459 1976 1512 omnis

333 1546 492 1602 homo
520 1548 616 1617 qui
655 1553 764 1601 non
807 1549 1174 1617 permanserit
1222 1549 1283 1601 in.
1334 1547 1583 1600 omnibus
1638 1546 1980 1600 sermonibus

333 1634 468 1702 legis
523 1635 708 1706 hujus,
768 1640 828 1689 ut
885 1637 1056 1705 faciat
1107 1635 1272 1689 illos:
1330 1643 1380 1690 et
1435 1629 1575 1690 dicet
1632 1633 1738 1702 [ΑΙ.
1819 1636 1978 1706 dicit)

329 1724 508 1777 omnis
533 1722 783 1793 populus,
813 1725 909 1792 ﬁat
938 1724 1118 1793 (De-ut.
1151 1741 1348 1791 xxvm,
1371 1726 1482 1795 26).
1507 1724 1674 1795 Apud
1705 1724 1979 1794 Aquilam

328 1821 463 1866 vero
497 1810 616 1866 sic:
650 1811 966 1867 Maledictus
1014 1815 1111 1884 qui
1165 1828 1276 1867 non
1332 1815 1588 1868 statuerit
1639 1814 1802 1868 verba
1849 1814 1981 1884 legis

332 1900 518 1971 huius,
550 1902 612 1954 ut
632 1901 802 1969 faciat
827 1915 892 1954 ea
912 1917 930 1954 :
961 1903 1010 1955 et
1031 1901 1170 1956 dicet
1199 1904 1376 1956 omnis
1389 1902 1624 1972 papulas
1644 1912 1789 1956 vere.
1820 1903 1978 1974 Sym-

332 1987 614 2043 machus:
666 1988 983 2066 Maledictus
1037 1992 1134 2060 qui
1188 2007 1298 2045 non
1352 1992 1659 2061 ﬁrmaverit
1705 2007 1979 2046 sermones

334 2076 447 2148 [ΑΙ.
482 2077 664 2132 addit.
697 2078 849 2149 istos]
884 2080 1039 2149 Legis
1086 2081 1264 2145 istius,
1297 2083 1358 2134 ut
1397 2081 1573 2151 faciat
1617 2096 1731 2149 eos,
1763 2088 1814 2135 et
1842 2079 1983 2135 dicet

332 2168 508 2222 omnis
537 2167 790 2236 pepulus.
813 2167 1002 2222 Amen.
1037 2169 1213 2224 Porro
1253 2168 1571 2224 Theodotio
1604 2170 1687 2224 sic
1719 2172 1981 2224 transtu-

336 2253 439 2310 lit:
474 2254 788 2310 Maledictus
827 2257 928 2326 qui
971 2269 1080 2311 non
1125 2259 1475 2313 suscitaverit
1523 2273 1793 2314 sermones
1849 2259 1983 2329 legis

337 2343 522 2414 hujus,
553 2346 733 2415 facere
773 2360 886 2406 eos,
918 2348 973 2399 et
999 2346 1140 2400 dicet
1169 2333 1346 2400 amnis
1395 2349 1650 2417 populus,
1680 2349 1869 2402 Amen.
1903 2347 1983 2401 Ex

337 2448 454 2503 quo
484 2431 889 2503 intelligimus,
916 2431 1278 2503 Apostolum,
1303 2438 1368 2488 ut
1389 2434 1447 2488 in
1471 2434 1712 2503 caeteris,
1742 2451 1981 2490 sensum

337 2521 529 2590 magis
560 2520 881 2575 testimonii
915 2521 1180 2592 posuisse
1211 2538 1388 2592 quam
1428 2523 1642 2578 verba:
1699 2533 1752 2578 et
1794 2525 1979 2578 incer-

336 2612 466 2663 tum
497 2607 804 2676 habemus,
829 2615 1028 2664 utrum
1052 2602 1431 2681 Septuaginta
1455 2611 1801 2684 lnterpretes
1824 2612 1982 2667 addi-

338 2696 548 2763 derint,
571 2699 750 2752 omuis
780 2697 957 2761 homo,
980 2702 1056 2763 et,
1079 2699 1140 2753 in
1168 2699 1440 2766 omnibus,
1466 2717 1538 2754 an
1563 2701 1618 2754 in
1649 2702 1824 2755 veteri
1872 2703 1982 2756 [le-

337 2784 534 2841 braico
563 2786 646 2840 ita
692 2786 885 2854 fuerit,
919 2791 976 2842 et
1007 2792 1207 2859 postea
1237 2806 1270 2842 a
1314 2787 1534 2844 Judaeis
1579 2789 1835 2844 deletum
1885 2791 1981 2844 sit.

342 2874 404 2928 ln
432 2873 584 2930 hanc
615 2891 708 2930 me
738 2879 936 2931 autem
969 2876 1363 2948 suspicionem
1408 2877 1505 2931 illa
1557 2893 1649 2932 res
1698 2877 1984 2943 stimulat,

344 2963 499 3034 quod
527 2963 788 3032 verbum,
822 2966 999 3020 omnis
1033 2971 1090 3021 et
1133 2969 1193 3019 in
1235 2967 1505 3032 omnibus,
1567 2968 1731 3037 quasi
1785 2967 1984 3022 sensui

345 3067 453 3107 suo
485 3054 906 3125 necessarium,
937 3055 1007 3110 ad
1041 3055 1406 3127 probandum
1456 3053 1622 3120 illud,
1656 3057 1813 3128 quod
1863 3057 1989 3126 qui-

343 3155 576 3211 cunque
605 3157 675 3196 ex
694 3142 969 3211 operibus
1001 3143 1146 3215 legis
1177 3148 1336 3209 sunt,
1369 3144 1479 3198 sub
1502 3143 1812 3200 maledicto
1843 3145 1982 3215 sint,

2086 569 2205 621 tem
2238 565 2583 637 Apostolum
2611 565 2814 637 legerit
2842 582 2854 619 :
2887 565 3029 629 Quia
3064 562 3312 617 Christus
3356 575 3455 617 nos
3501 561 3733 617 redemit

2085 657 2155 711 de
2173 656 2462 711 maledicto
2493 657 2649 726 legis,
2669 659 2848 726 factus
2871 669 2970 725 pro
2998 653 3154 707 nobis
3183 651 3541 706 maledictum
3573 651 3738 722 (vers.

2089 745 2197 816 13):
2231 746 2383 802 432
2406 750 2461 799 et
2493 745 2841 815 respondere
2873 757 3354 813 unumquemque
3395 744 3732 796 sanctorum

2087 849 2192 890 suo
2215 841 2475 906 tempore
2505 833 2974 888 maledictionem
3005 831 3222 886 factum
3256 845 3383 886 esse
3413 846 3518 902 pro
3551 843 3733 900 pOpu-

2086 923 2161 978 lo.
2192 923 2306 977 Nec
2330 924 2529 977 statim
2554 923 2662 976 hoc
2693 921 2956 977 tribuens
2979 925 3036 976 et
3060 919 3241 990 justis
3260 919 3421 988 viris,
3445 916 3738 973 videbitur

2086 1010 2392 1068 detrahere
2423 1009 2726 1075 Salvatori,
2761 1009 2929 1080 quasi
2961 1007 3104 1062 nihil
3156 1007 3516 1079 praecipuum
3549 1010 3606 1062 et
3633 1019 3734 1062 ex-

2087 1100 2300 1156 cellens
2323 1099 2613 1164 habuerit,
2641 1100 2827 1153 factus
2851 1115 2954 1170 pro
2978 1097 3146 1152 nobis
3177 1095 3577 1162 maledictum,
3602 1103 3735 1150 cum

2088 1194 2145 1244 et
2173 1188 2359 1243 caeteri
2389 1205 2494 1260 pro
2547 1187 2675 1242 aliis
2733 1187 3107 1242 maledictum
3165 1184 3300 1240 facti
3360 1184 3498 1238 sint.
3558 1183 3738 1239 Nemo

2088 1278 2242 1334 enim
2277 1276 2507 1332 illorum
2529 1275 2798 1348 quamvis
2827 1277 3012 1330 factus
3037 1273 3213 1329 fuerit
3235 1273 3358 1344 ipse
3379 1271 3734 1341 maledictio,

2088 1365 2159 1422 de
2189 1365 2496 1422 maledicto
2527 1365 2858 1436 quempiam
2892 1363 3177 1428 liberavit,
3209 1362 3432 1433 absque
3475 1360 3598 1416 solo
3624 1361 3737 1417 Do-

2089 1456 2249 1512 mino
2277 1457 2416 1511 Jesu
2448 1455 2696 1521 Christo,
2738 1454 2835 1524 qui
2870 1453 3120 1526 pretioso
3173 1450 3461 1523 sanguine
3509 1457 3635 1516 suo,
3681 1454 3738 1506 et

2088 1561 2196 1600 nos
2217 1559 2420 1599 omnes
2439 1546 2477 1610 ³,
2511 1548 2565 1598 et
2614 1543 2792 1614 ipsos,
2826 1545 3056 1614 Moysen
3103 1541 3232 1596 dico
3261 1545 3320 1595 et
3361 1542 3573 1609 Aaron,
3605 1551 3736 1610 pro-

2089 1633 2409 1705 phetasque
2462 1638 2702 1687 cunctos
2752 1637 2804 1686 et
2859 1629 3241 1702 patriarchas,
3301 1629 3372 1684 de
3429 1627 3740 1683 maledicto

2089 1721 2233 1794 legis
2259 1720 2525 1777 redemit.
2548 1722 2658 1776 Nec
2680 1721 2788 1776 hoc
2810 1737 2878 1776 ex
2898 1728 3026 1774 meo
3054 1735 3231 1774 sensu
3255 1718 3477 1773 dictum
3503 1717 3736 1788 putetis,

2010 1849 2056 1913 Β
2089 1811 2387 1883 Scriptura
2419 1810 2586 1866 testis
2615 1815 2734 1866 est:
2769 1809 2907 1881 quia
2957 1810 3201 1863 Christus
3242 1809 3428 1878 gratia
3462 1809 3588 1874 Dei,
3618 1808 3739 1862 sive

2091 1905 2154 1954 ut
2178 1901 2237 1954 in
2269 1900 2625 1970 quibusdam
2661 1897 3093 1970 exemplaribus
3125 1895 3359 1968 legitur,
3390 1895 3593 1965 absque
3611 1895 3736 1962 Deo,

2086 2001 2184 2060 pro
2223 1989 2474 2043 omnibus
2529 1995 2778 2042 mortuus
2835 1994 2917 2042 est
2967 1987 3050 2057 (II
3083 1986 3201 2040 Cor.
3264 1985 3454 2055 ν,’14,
3519 1985 3628 2055 15).
3678 1981 3739 2040 Si

2090 2081 2283 2133 autem
2321 2093 2424 2148 pro
2457 2075 2753 2141 omnibus,
2786 2079 2843 2130 et
2868 2091 2971 2144 pro
2992 2075 3207 2147 Moyse,
3232 2077 3290 2128 et
3318 2089 3420 2144 pro
3453 2071 3741 2128 universis

2091 2165 2411 2238 prophetis,
2444 2178 2475 2221 e
2505 2165 2720 2237 quibus
2754 2163 2951 2219 nullus
2983 2163 3173 2236 potuit
3219 2161 3412 2218 delere
3441 2161 3741 2232 chirogra-

2092 2254 2274 2325 phum
2307 2259 2493 2323 vetus,
2527 2255 2680 2325 quod
2717 2254 3025 2308 adversum
3061 2269 3168 2307 nos
3197 2251 3480 2323 scriptum
3511 2255 3654 2318 erat,
3685 2254 3743 2305 et

2091 2341 2328 2415 afﬁgere
2357 2342 2499 2397 illud
2535 2343 2691 2398 cruci
2723 2343 2942 2413 (Coloss.
2977 2359 3037 2406 ιι,
3074 2343 3181 2413 14).
3234 2339 3428 2396 Omnes
3472 2353 3736 2411 peccave-

2091 2436 2245 2498 runt,
2277 2435 2327 2488 et
2377 2433 2624 2503 indigent
2666 2432 2844 2502 gloria
2895 2431 2977 2502 (id
3027 2434 3115 2486 est
3157 2429 3361 2500 gratia)
3419 2430 3517 2484 Dei
3563 2429 3737 2500 (Rom.

2093 2536 2178 2589 III,
2208 2521 2320 2592 23).
2356 2521 2699 2575 Ecclesiaste
2733 2535 2966 2592 quoque
2997 2519 3148 2574 hanc
3196 2519 3469 2573 ﬁrmante
3501 2522 3734 2573 senten-

2093 2610 2234 2665 tiam
2265 2627 2277 2663 :
2311 2611 2475 2664 Iiomo
2505 2623 2616 2663 non
2653 2612 2733 2664 est
2749 2609 2939 2678 justus
2969 2610 3030 2663 in
3087 2611 3257 2678 terra,
3309 2608 3408 2678 qui
3461 2605 3571 2674 (Al.
3612 2609 3742 2676 qua)

2092 2701 2261 2770 faciat
2295 2699 2494 2753 bonum
2523 2706 2574 2753 et
2592 2713 2701 2752 non
2723 2706 2910 2768 peccat
2932 2695 3128 2768 (Ecc‘le.
3151 2714 3250 2765 vn,
3273 2696 3384 2766 21).
3411 2695 3668 2766 Denique
3688 2699 3747 2750 et

2094 2787 2339 2842 inferius
2361 2786 2623 2859 Apostoli
2645 2786 2866 2841 dictum
2899 2785 3208 2841 manifeste
3240 2786 3422 2851 docet,
3459 2801 3565 2840 nec
3596 2784 3748 2856 Moy-

2097 2891 2220 2942 sen,
2245 2892 2349 2930 nec
2373 2875 2663 2931 illustrem
2687 2875 2943 2946 aliquem
2967 2876 3036 2930 de
3058 2875 3319 2946 antiquis
3339 2875 3552 2940 virum,
3589 2873 3744 2944 apud

2097 2970 2278 3020 Deum
2306 2964 2614 3034 justiﬁcari
2637 2963 2895 3035 potuisse
2916 2981 3023 3034 par
3038 2963 3246 3035 legem.
3269 2962 3542 3034 Sequitur
3567 2952 3744 3016 enim:

2168 3053 2352 3125 (Vers.
2390 3055 2474 3123 11,
2511 3055 2621 3125 12.)
2655 3075 2682 3102 ‹‹
2713 3053 3001 3118 Quoniam
3049 3056 3244 3107 autem
3301 3051 3359 3105 in
3420 3051 3548 3123 lege
3576 3061 3747 3106 nemo

2088 3143 2454 3214 justificatur
2484 3143 2637 3212 apud
2673 3146 2874 3207 Deum,
2910 3140 3286 3196 manifestum
3318 3134 3425 3206 est,
3460 3139 3598 3210 quia
3619 3139 3746 3210 jus-

339 3227 653 3300 Apostolus
681 3229 768 3282 vir
804 3229 1049 3285 Hebraeae
1064 3213 1318 3302 peritiae,
1369 3237 1424 3286 et
1452 3232 1510 3286 in
1556 3233 1679 3304 lege
1711 3213 1983 3288 doctissié
2016 3213 2059 3281 (εἶ
2096 3213 2195 3286 tus
2226 3248 2294 3286 ex
2344 3231 2456 3286 ﬁde
2484 3229 2640 3284 vivit.
2687 3231 2797 3284 Lex
2843 3233 3038 3284 autem
3072 3245 3185 3284 non
3243 3233 3333 3283 est
3361 3244 3429 3283 ex
3459 3227 3592 3293 fide,
3647 3227 3747 3282 sed

342 3330 496 3388 mus,
531 3332 834 3387 nunquam
867 3318 1205 3390 protulisset
1236 3320 1348 3374 nisi
1369 3320 1428 3374 in
1459 3320 1714 3375 Hebraeis
1742 3321 1988 3376 volumi-

344 3404 520 3462 nibus
550 3406 883 3462 haberetur.
917 3408 1103 3470 Quam
1125 3406 1196 3462 ob
1227 3423 1464 3462 causam
1482 3409 1986 3465 Samaritanorum

346 3495 584 3550 Hebraea
612 3494 912 3550 volumina
942 3495 1224 3567 relegens,
1257 3495 1446 3551 inveni
1482 3514 1588 3552 xor.
1620 3500 1658 3565 ¹,
1715 3500 1870 3570 quod
1902 3499 1990 3552 in-’

345 3587 701 3653 terpretatur
756 3585 949 3650 omnis,
1003 3583 1122 3639 sive
1169 3586 1438 3652 omnibus,
1499 3586 1784 3657 scriptum
1842 3604 1991 3655 esse,

347 3675 404 3726 et
433 3687 565 3725 cum
599 3670 984 3743 Septuaginta
1015 3673 1434 3744 lnterpretibus
1456 3677 1824 3731 concordare.
1859 3677 1995 3730 Fru-

347 3764 468 3815 stra
498 3759 678 3831 igitur
708 3759 853 3815 illud
885 3760 1147 3816 tulerunt
1173 3763 1378 3834 Judaei,
1405 3781 1475 3819 ne
1502 3765 1839 3820 viderentur
1866 3781 1994 3821 esse

351 3849 463 3904 sub
493 3848 822 3917 maledicto,
848 3850 897 3905 si
923 3867 1038 3906 non
1062 3857 1302 3923 possent
1322 3853 1522 3908 omnia
1551 3853 1846 3924 complere
1867 3871 1994 3926 quae

350 3937 568 4010 scripta
598 3943 736 3995 sunt
759 3957 771 3993 :
796 3957 929 3995 cum
958 3940 1320 4012 antiquiores
1343 3940 1582 3998 alterius
1605 3959 1836 4014 quoque
1856 3960 1995 4015 gen-

348 4027 425 4082 tis
456 4027 660 4084 litteraa
690 4029 748 4084 id
772 4029 1030 4100 positum
1054 4030 1234 4086 fuisse
1255 4035 1562 4090 testentur.
1587 4031 1870 4094 Quoniam
1894 4049 1996 4087 au-

350 4118 466 4172 tem
503 4132 674 4173 nemo
704 4118 890 4189 possit
921 4117 1161 4189 implere
1191 4117 1398 4191 legem,
1452 4123 1508 4174 et
1551 4125 1765 4174 cuncta
1813 4121 1998 4175 facere

348 4207 661 4275 qusejussa
699 4211 855 4275 sunt,
888 4210 946 4261 at
966 4205 1102 4262 alibi
1125 4211 1374 4262 testatur
1394 4208 1728 4279 Apostolus,
1765 4209 1992 4264 dicens:

351 4293 500 4361 Quod
527 4297 679 4349 enim
705 4299 824 4350 erat
853 4297 1194 4367 impossibile
1225 4298 1355 4367 legi,
1387 4299 1447 4352 in
1477 4313 1581 4368 quo
1607 4299 2000 4367 inﬁrmabatur

347 4397 450 4453 per
477 4399 701 4438 carnem
728 4400 739 4439 :
774 4385 912 4440 Deus
941 4386 1144 4441 Filium
1171 4403 1328 4441 suum
1368 4388 1591 4442 mittens
1622 4388 1682 4440 in
1737 4388 1998 4444 similitu-

351 4471 534 4526 dinem
561 4474 750 4528 carnis
793 4473 1022 4544 peccati,
1051 4475 1115 4531 de
1142 4481 1361 4546 peccato
1390 4477 1770 4532 condemnavit
1810 4493 1996 4548 pecca-

2097 3319 2196 3391 qui
2230 3318 2427 3374 fecerit
2459 3334 2544 3385 ea,
2577 3318 2728 3373 vivet
2758 3319 2816 3372 in
2852 3317 2988 3372 illis.
3025 3337 3053 3365 »
3086 3316 3430 3388 Exemplum
3474 3333 3590 3387 quo
3621 3331 3750 3387 pro-

2096 3409 2271 3463 batur
2294 3409 2497 3478 justus
2526 3422 2595 3461 ex
2631 3407 2743 3461 ﬁde
2770 3405 2979 3471 vivere,
3011 3409 3068 3460 et
3095 3421 3211 3460 non
3255 3421 3323 3460 ex
3353 3405 3644 3476 operibus,
3677 3403 3754 3458 de"

2099 3496 2370 3551 Habacuc
2391 3493 2547 3561 tulit,
2571 3495 2727 3565 quod
2755 3495 2837 3548 ita
2859 3493 3245 3565 Septuaginta
3264 3492 3607 3564 interpretes
3628 3491 3751 3546 edi-

2101 3586 2348 3640 derunt:
2383 3585 2565 3638 Justus
2616 3587 2801 3638 autem
2828 3598 2898 3638 ex
2934 3582 3040 3652 fide
3066 3597 3194 3638 mea
3240 3583 3373 3637 vivit
3415 3581 3648 3652 (Habeo.
3682 3597 3747 3646 II,

2101 3674 2178 3742 4).
2212 3671 2426 3743 Aquila
2454 3675 2511 3727 et
2540 3671 2858 3726 Theodotio
2883 3672 2924 3726 δε
2951 3673 3135 3726 Justus
3166 3678 3353 3726 autem
3379 3685 3451 3727 ea:
3504 3669 3610 3738 ﬁde
3637 3670 3755 3741 ejus

2101 3763 2255 3832 vivit,
2290 3762 2344 3816 id
2380 3766 2468 3816 est
2500 3762 2618 3815 Dei.
2653 3760 3156 3815 Considerandum
3209 3759 3408 3830 itaque
3455 3757 3596 3830 quia
3641 3767 3755 3813 non

2052 3848 2055 3850 ’
2104 3851 2332 3917 dixerit,
2366 3849 2540 3905 homo
2575 3854 2675 3904 aut
2701 3849 2788 3903 vir
2818 3865 2884 3905 ex
2930 3849 3042 3903 fide
3070 3848 3230 3915 vivit,
3286 3865 3358 3904 ne
3391 3847 3755 3904 occasionem

2105 3940 2386 3996 tribueret
2409 3940 2476 3994 ad
2513 3939 2794 3993 virtutum
2815 3955 2990 4009 opera
3009 3937 3470 4009 contemnenda;
3505 3938 3627 4008 sed,
3642 3937 3759 4008 jus-

2106 4038 2194 4084 tus
2223 4045 2293 4084 ea:
2321 4028 2424 4097 ﬁde
2455 4030 2625 4083 vivit:
2659 4033 2723 4081 ut
2755 4027 3091 4099 quicunque
3129 4026 3324 4082 ﬁdelis
3349 4031 3522 4104 esset,
3572 4031 3629 4082 et
3658 4033 3761 4097 per

2107 4117 2283 4172 ﬁdem
2313 4117 2594 4184 victurus,
2654 4133 2768 4171 non
2821 4115 2990 4170 aliter
3037 4119 3238 4192 posset
3301 4116 3410 4186 [AL
3445 4113 3654 4186 possit]
3685 4113 3758 4168 ad

2108 4207 2282 4261 ﬁdem
2329 4206 2544 4272 venire,
2598 4205 2681 4260 vel
2730 4205 2787 4258 in
2831 4222 2898 4260 ea
2926 4204 3133 4275 vivere,
3197 4194 3311 4260 nisi
3342 4204 3508 4275 prius
3556 4205 3761 4274 justus

2106 4296 2333 4361 fuisset,
2366 4300 2424 4349 et
2455 4294 2708 4366 puritate
2726 4292 2854 4348 vitae
2875 4293 3234 4365 quibusdam
3265 4294 3337 4348 ad
3363 4293 3538 4348 fidem
3562 4292 3760 4364 gradi-

2109 4385 2219 4440 bus
2251 4383 2404 4438 433
2437 4382 2820 4438 ascendisset.
2854 4381 3048 4436 Potest
3075 4397 3212 4454 ergo
3263 4380 3406 4448 ﬁeri,
3441 4385 3508 4436 ut
3538 4380 3618 4435 sit
3644 4378 3759 4434 ali-

2107 4470 2240 4543 quis
2257 4472 2478 4542 justus,
2495 4475 2549 4525 et
2575 4475 2771 4526 tamen
2794 4471 2946 4526 non‘
2965 4470 3121 4526 vivat
3143 4469 3365 4541 absque
3387 4470 3500 4524 ﬁde
3523 4467 3759 4525 Christi.

352 4567 471 4616 tum
499 4563 557 4616 in
575 4578 741 4618 carne
757 4564 932 4636 (Rom.
957 4581 1075 4631 VIII,
1097 4565 1171 4635 3).
1197 4564 1356 4628 Quod
1385 4565 1431 4620 si
1456 4582 1658 4621 verum
1685 4569 1793 4632 est,
1815 4570 2008 4637 potest
2036 4580 2083 4644 D
2115 4556 2174 4616 Si
2204 4560 2419 4633 legenti
2453 4559 2767 4630 scrupulus
2794 4564 3211 4629 commovetur,
3239 4558 3398 4614 Pauli
3430 4557 3607 4613 verba
3635 4573 3763 4612 sus-

348 4650 520 4705 nobis
551 4652 730 4722 objici
758 4671 770 4708 :
801 4653 950 4726 Ergo
993 4658 1050 4709 et
1093 4653 1340 4725 Moyses,
1372 4658 1429 4708 et
1475 4655 1678 4725 Isaias,
1730 4660 1787 4710 et
1819 4656 2007 4710 caeteri

343 4740 674 4812 prophetae,
708 4740 809 4813 qui
841 4743 951 4797 sub
982 4742 1259 4814 operibus
1290 4741 1436 4812 legis
1472 4743 1725 4810 fuerunt,
1760 4744 1869 4798 sub
1893 4760 1988 4799 ma

346 4864 572 4936 origine
613 4865 974 4938 interrogati,
1036 4867 1246 4920 Punice
1301 4867 1681 4938 respondentes
1732 4867 2007 4936 Chanani,

344 4941 608 5011 corrupta
638 4937 861 5011 scilicet
900 4952 1024 4993 vace
1074 4938 1241 5011 sicuti
1296 4937 1355 4991 in
1410 4938 1615 5011 talibus
1674 4940 1826 5006 solet,
1881 4941 2012 5011 quid

345 5006 520 5062 aliud
539 5009 887 5077 respondent,
919 5025 1082 5078 quam
1117 5007 1426 5064 Cleananat’i
1446 5011 1473 5080 .9,
1499 5009 1698 5080 Neque
1727 5026 1860 5065 vero
1883 5006 2007 5067 cor-

345 5082 520 5148 rupta
548 5095 658 5133 vox
687 5096 754 5134 ea
784 5084 892 5149 est,
926 5081 1026 5133 sed
1061 5081 1300 5135 omnino
1337 5079 1570 5135 Punica.

421 5149 435 5182 ¹
473 5149 859 5222 samaritanis
893 5152 1093 5222 utique
1143 5150 1470 5222 elementis,
1511 5153 1581 5205 25
1630 5168 1757 5222 quae
1808 5157 2005 5210 tamen

344 5235 456 5294 vox
486 5219 667 5276 altero
701 5225 929 5294 tantum
961 5219 1106 5293 loco,
1158 5240 1272 5278 non
1308 5227 1372 5277 ut
1419 5219 1575 5294 apud
1627 5219 1769 5279 LXX
1827 5225 2006 5281 etiam

346 5290 538 5420 Brimo
567 5292 901 5364 apponitur.
936 5295 994 5350 Id
1018 5290 1150 5349 vero
1172 5290 1709 5366 perquam-erudite
1737 5300 2006 5352 notatum

400 5379 720 5420 ieronvmo.
754 5381 930 5420 auem
963 5371 1020 5420 et
1047 5366 1426 5420 Samariticas
1449 5365 1724 5420 calluisse
1756 5367 2005 5420 litteras.

400 5362 720 5436 ieronymo,
754 5381 930 5435 quem
963 5371 1020 5422 et
1047 5362 1426 5422 Saniariticas
1449 5365 1724 5423 calluisse
1756 5367 2005 5436 litteras,

346 5433 485 5490 hinc
516 5433 958 5506 persuademur.

417 5506 440 5540 ²
468 5506 593 5562 Duo
626 5523 798 5574 mss,
825 5513 877 5564 et
905 5524 1023 5574 nos,
1057 5517 1108 5564 et
1135 5525 1342 5576 omnes,
1375 5514 1485 5566 etc.

419 5577 571 5632 3Hic
605 5577 766 5651 locus
825 5579 884 5633 in
945 5597 1168 5651 nupera
1214 5580 1604 5651 Hexaplorum
1665 5580 2005 5636 collectione

348 5649 841 5720 praetermittitur.
872 5652 971 5707 Est
991 5649 1121 5708 vero
1142 5667 1274 5707 cum
1299 5649 1398 5706 illo
1421 5654 1808 5708 conferendas
1840 5653 2004 5710 testi-

347 5721 565 5791 monio,
600 5724 751 5795 quod
804 5723 982 5780 habes
1040 5724 1102 5779 in
1131 5722 1448 5797 ipsiusmet
1507 5725 1565 5779 S.
1602 5725 1789 5781 Patris
1833 5725 2004 5783 Com-

2119 4650 2316 4723 cipiat,
2348 4651 2408 4705 in
2437 4649 2651 4721 quibus
2691 4650 2762 4704 de
2815 4666 2877 4704 se
2926 4648 3043 4703 ait:
3101 4647 3412 4704 Secundum
3457 4647 3761 4718 justitiam,

2119 4754 2244 4810 quae
2274 4742 2335 4795 in
2366 4740 2480 4810 lege
2507 4742 2604 4804 est,
2635 4741 2754 4793 sine
2798 4737 3218 4809 reprehensione
3266 4737 3531 4809 (Philipp.
3565 4751 3651 4805 ιιι,
3686 4735 3765 4801 6.)

2121 4860 2406 4918 mentario
2437 4862 2506 4917 ad
2535 4861 2691 4916 hunc
2723 4861 2973 4916 Abacuci
3003 4859 3388 4916 versiculum:
3421 4860 3520 4919 Ubi
3539 4858 3763 4931 Septw

2116 4936 2274 5006 ginta
2302 4938 2639 5005 posuerunt:
2669 4932 2879 4988 Justus
2909 4936 3104 4988 autem
3126 4948 3206 5006 εχ
3253 4933 3368 5006 fide
3415 4947 3548 4986 mea
3592 4931 3764 5006 vivet,

2118 5002 2621 5077 bmnes'aequaliter
2651 5005 3072 5059 transtulerunt.
3126 5003 3204 5058 Ex
3247 5003 3369 5077 itide
3427 5017 3536 5060 sua
3591 5002 3765 5077 vivet.

2118 5079 2368 5153 Denique
2392 5075 2782 5153 Symmachus
2801 5077 3204 5153 significantius
3233 5076 3610 5153 interpretans
3647 5075 3764 5153 ait;

2115 5142 2322 5204 Justus
2352 5142 2547 5203 autem
2580 5164 2682 5219 per
2710 5142 2884 5203 ﬁdem
2917 5142 3084 5204 suam
3108 5142 3404 5219 propriam
3429 5142 3768 5219 vivet,_~qu_od

2119 5222 2301 5277 (ὶνκεθ
2327 5221 2556 5287 dicitur,
2580 5215 2696 5275 etc.
2725 5219 2827 5275 Hic
2857 5219 3021 5276 vides
3044 5215 3316 5290 Aquilam
3338 5225 3398 5273 et
3423 5215 3769 5290 Theodotio-

2118 5309 2250 5348 nem
2282 5291 2715 5364 interpretatos,
2746 5307 2816 5346 ex
2844 5290 2949 5361 ﬁde
2995 5289 3135 5362 ejus,
3183 5291 3240 5345 id
3273 5293 3362 5346 est
3396 5289 3532 5364 -D_ei,
3565 5291 3770 5343 contra

2117 5380 2294 5446 quam
2328 5363 2406 5419 ibi
2439 5360 2626 5446 docet,
2661 5360 3766 5446 omnes,“exceptoSymmacho,~equq-

2114 5433 2248 5490 liter
2277 5435 2674 5502 transtulisse,
2733 5452 2805 5491 ex
2832 5435 2937 5506 ﬁde
2972 5433 3095 5490 sua.
3155 5433 3443 5506 caeterum
3491 5437 3548 5506 et
3597 5433 3764 5496 vivet,

2116 5523 2219 5580 pro
2249 5509 2382 5580 vivit
2404 5506 2501 5580 hic
2524 5508 2607 5563 sit
2642 5503 3063 5580 reponendum,
3095 5505 3251 5580 quod
3301 5503 3597 5560 Victorius
3627 5518 3762 5559 con-

2113 5576 2277 5634 tinuo
2309 5579 2463 5644 facit,
2499 5595 2565 5634 ex
2589 5576 2864 5634 uin-LXX
2893 5578 3086 5634 Graeco
3120 5576 3364 5645 ζήσεται.

2186 5649 2923 5726 ⁸.Εκρυηὲθιὶάο,γίςίβαιυιε
2948 5644 3198 5726 negandi
3228 5644 3555 5726 particula,
3591 5656 3773 5726 quam

2114 5725 2170 5778 et
2198 5717 2416 5780 Victor.
2443 5717 2691 5794 respuit.
2723 5725 2841 5780 Nec
2871 5717 3070 5780 tameh
3099 5717 3250 5778 inde'
3267 5717 3484 5793 arguas
3513 5717 3780 5778 aeneisse
