4144 6202
303 366 420 429 387

1544 360 1608 425 s.
1654 358 1969 425 unseen
2013 322 2458 423 HIERO‘NY‘MI

3593 361 3711 423 388

301 504 412 567 est,
445 498 540 570 qui
573 511 900 569 suspensus
930 500 1021 553 est
1055 513 1068 552 :
1120 500 1177 553 et
1230 512 1342 554 non
1377 496 1802 553 contaminabis
1834 496 1944 550 hu-
1976 500 2030 566 Α
2059 496 2117 551 in
2151 495 2314 567 ligno
2346 494 2617 567 suspensi
2647 492 2809 564 (Dan.
2845 510 2925 562 ιιι,
2962 493 3091 567 20);
3125 491 3433 549 Eleazarus
3477 509 3712 566 quoque

303 602 468 645 mum
496 592 660 641 tuam
693 603 870 658 quam
905 586 1193 643 Dominus
1236 592 1386 642 Deus
1431 590 1571 642 tuus
1625 586 1788 640 dabit
1841 585 1947 640 tibi

295 672 717 733 haereditatem.
746 696 773 725 »
804 674 1195 748 Symmachus
1225 691 1238 729 :
1279 695 1305 727 α
1330 675 1389 730 Si
1423 679 1618 731 autem
1650 674 1821 730 fuerit
1851 674 1949 739 ho-

294 765 441 821 mini
473 768 779 836 peccatum
806 765 878 819 ad
904 762 1197 835 judicium
1229 763 1459 828 mortis,
1482 769 1538 818 et
1566 763 1793 818 occisus
1824 764 1945 817 fue-

294 854 396 921 rit,
423 858 481 909 et
513 852 893 923 suspenderis
923 869 1057 908 eum
1099 868 1277 923 super
1306 852 1556 923 lignum,
1591 869 1706 906 non
1739 868 1945 922 perno-

294 942 476 998 ctabit
505 942 752 998 cadaver
780 941 970 1013 ipsius
1001 957 1178 1012 super
1206 940 1459 1013 lignum,
1492 941 1594 995 sed
1640 939 1945 1012 sepultura

293 1032 542 1104 sepelies
570 1047 704 1086 eum
736 1031 845 1103 [ΑΙ.
877 1029 1045 1099 illud]
1079 1031 1139 1084 in
1187 1029 1281 1085 die
1333 1029 1481 1100 ipsa,
1523 1029 1661 1100 quia
1708 1033 1946 1101 propter

288 1118 717 1193 blasphemiam
748 1118 849 1174 Dei
879 1135 1207 1191 suspensus
1255 1123 1346 1174 est
1393 1122 1449 1173 et
1496 1134 1613 1173 non
1652 1118 1944 1173 contami—

290 1210 460 1265 nabis
480 1213 696 1265 terram
727 1211 888 1263 tuam
920 1223 1099 1278 quam
1128 1207 1408 1262 Dominus
1434 1207 1586 1262 Deus
1617 1211 1756 1262 tuus
1783 1207 1944 1262 dabit

291 1298 399 1353 tibi
430 1298 501 1353 ad
535 1297 952 1353 haereditatem.
980 1318 999 1346 ιο
1034 1295 1387 1352 Theodotio:
1423 1318 1451 1345 ‹‹
1474 1297 1544 1350 Et
1574 1296 1713 1367 quia
1742 1294 1853 1351 erit
1881 1295 1941 1350 in

292 1388 416 1443 viro
447 1391 749 1459 peccatum
780 1386 839 1441 in
873 1385 984 1454 [AL
1021 1393 1166 1441 tacet
1196 1386 1272 1453 in]
1298 1385 1591 1455 judicium
1626 1385 1852 1450 mortis,
1886 1386 1945 1439 et

294 1476 595 1544 morietur,
625 1480 681 1530 et
711 1474 1036 1545 suspendes
1066 1491 1199 1529 eum
1231 1473 1289 1528 in
1322 1473 1503 1546 ligno,
1546 1490 1663 1529 non
1693 1473 1944 1528 dormiet

292 1564 692 1621 morticinium
711 1564 842 1633 ejus
860 1579 1037 1635 super
1051 1562 1447 1634 lignum,quia
1466 1561 1766 1634 sepultura
1783 1578 1941 1633 sepe-

293 1654 401 1710 lies
431 1670 565 1709 eum
595 1652 653 1707 in
697 1653 788 1707 die
817 1652 966 1724 ipsa,
1002 1651 1142 1722 quia
1174 1651 1504 1706 maledictio
1556 1653 1653 1706 Dei
1686 1655 1776 1706 est
1809 1668 1938 1707 sus-

291 1759 548 1816 pensus:
582 1746 638 1796 et
670 1758 786 1796 non
809 1740 1239 1796 contaminabis
1261 1742 1471 1796 adama
1501 1741 1608 1809 [AL
1642 1740 1938 1811 adamam]

290 1836 455 1886 tuam
487 1847 662 1902 quam
691 1829 978 1884 Dominus
1004 1830 1158 1886 Deus
1188 1834 1328 1884 tuus
1359 1830 1584 1885 dederit
1614 1830 1721 1886 tibi
1754 1830 1938 1883 haere-

291 1919 555 1975 ditatem.
593 1940 620 1968 »
671 1919 846 1974 Porro
894 1936 1089 1974 ADAMA
1137 1930 1304 1979 mam
1364 1922 1513 1974 terra
1572 1918 1692 1973 sive
1739 1918 1941 1973 humus

289 2007 493 2081 lingua
520 2006 762 2062 Hebraea
801 2006 1147 2079 appellatur.
1183 2008 1245 2062 In
1299 2023 1365 2062 eo
1416 2012 1612 2061 autem
1666 2005 1790 2062 loco
1841 2005 1939 2061 ubi

291 2096 500 2168 Aquila
531 2101 586 2152 et
606 2096 926 2151 Theodotio
954 2096 1227 2151 similiter
1254 2094 1709 2160 transtulerunt,
1743 2096 1943 2151 dicen-

288 2189 378 2240 tes
412 2201 425 2239 :
479 2186 623 2253 Quia
664 2185 979 2240 maledictio
1009 2185 1110 2239 Dci
1160 2192 1239 2239 est
1264 2201 1577 2255 suspensas,
1611 2184 1667 2238 in
1700 2184 1938 2240 Hebraeo

288 2272 372 2329 ita
400 2273 638 2346 ponitur
685 2289 739 2327 K1
788 2290 1039 2327 KLALATH
1070 2288 1243 2327 ELOIM
1271 2288 1484 2328 THALUI
1517 2277 1557 2327 ί.
1607 2273 1736 2328 Haec
1766 2273 1940 2328 verba

286 2361 471 2417 Ebion
502 2360 601 2416 ille
631 2360 1045 2416 haeresiarches
1076 2360 1651 2425 semi-Christianus,
1675 2366 1732 2416 et
1762 2361 1939 2416 semi-

286 2449 528 2504 Judaaus
557 2450 710 2504 436
742 2448 823 2503 ita
853 2448 1272 2519 interpretatus
1322 2455 1432 2516 est,
1465 2446 1548 2501 ὅτι
1597 2442 1753 2522 ὕϐρις
1803 2452 1937 2502 Θεοῦ

285 2536 314 2590 ὁ
340 2536 704 2608 κρεμὰμενος,
737 2537 792 2590 id
827 2541 939 2603 est,
970 2540 1100 2607 quia
1130 2539 1348 2601 iniuria
1380 2539 1484 2592 Dei
1512 2542 1591 2593 est
1617 2554 1935 2610 suspensus.

287 2624 522 2681 Memini
549 2641 644 2680 me
665 2624 722 2679 in
745 2624 1170 2680 Altercatione’l
1195 2625 1430 2681 Jasonis
1452 2630 1508 2681 et
1536 2626 1780 2698 Papisci,
1808 2643 1937 2698 quas

286 2713 481 2770 Grmco
512 2730 780 2769 sermone
809 2713 1139 2785 conscripta
1169 2720 1276 2781 est,
1313 2715 1395 2769 ita
1437 2716 1725 2787 reperisse
1759 2733 1771 2770 :
1823 2711 1937 2768 λοι-

286 2799 443 2878 δορία
478 2805 612 2857 Θεοῦ
656 2802 684 2855 ὁ
730 2802 1092 2875 κρεμάμενος,
1126 2803 1183 2857 id
1235 2808 1345 2869 est,
1378 2803 1686 2859 maledictio
1716 2805 1813 2860 Dei
1841 2806 1939 2875 qui

287 2907 557 2962 appensus
602 2895 699 2946 est.
737 2892 972 2946 Dicebat
1018 2890 1164 2946 mihi
1210 2892 1486 2948 Hebraeus
1517 2893 1539 2927 ³
1587 2894 1686 2964 qui
1734 2910 1825 2948 me
1874 2893 1934 2948 in

288 2979 605 3053 Scripturis
636 2979 833 3051 aliqua
862 2996 930 3034 ex
961 2983 1122 3051 parte
1154 2980 1432 3050 instituit,
1463 2983 1615 3051 quod
1649 2982 1833 3053 possit
1878 2987 1937 3038 et

287 3069 372 3124 ita
400 3067 511 3140 legi
545 3085 559 3124 ‘.
600 3071 733 3141 quia
760 3070 1147 3124 contumeliose
1178 3073 1320 3125 Deus
1350 3087 1642 3141 suspensus
1672 3075 1772 3126 cst.
1806 3071 1936 3126 Haec

290 3156 507 3210 idcirco
527 3158 957 3227 congessimus,
980 3157 1118 3229 quia
1139 3158 1535 3215 famosissima
1556 3160 1801 3232 quaestio
1823 3165 1930 3231 est,

2058 583 2489 657 nonagenarius
2544 584 2655 639 sub
2702 583 2988 639 Antiocho
3043 599 3175 656 rege
3227 582 3425 655 Syrias,
3469 587 3526 638 et
3573 600 3706 640 cum

2057 680 2280 747 septem
2315 674 2453 729 ﬁliis
2483 673 2739 747 gloriosa
2770 678 2975 739 mater,
3004 678 3200 727 utrum
3235 671 3580 728 maledictos
3610 688 3709 730 eos

2055 763 2399 819 aestimaturi
2448 762 2664 818 fuerint
2711 764 2783 834 (II
2810 762 2978 817 Marh.
3011 779 3088 828 v1,
3119 763 3227 830 27;
3262 778 3360 827 v11,
3393 761 3586 833 seqq.),
3634 778 3707 817 an

2054 852 2213 908 omni
2245 851 2648 907 benedictione
2683 850 3111 923 dignissimos?
3157 849 3322 905 Certe
3369 848 3417 905 si
3469 866 3705 906 crucem

2053 958 2228 1012 quam
2263 948 2452 996 Aman
2485 945 2790 1014 paraverat
2820 940 3181 995 Mardochaao
3212 938 3428 1010 (Esther
3457 955 3556 1008 vn,
3593 939 3701 1011 10),

2052 1048 2169 1086 non
2214 1030 2339 1101 ipse
2380 1046 2482 1102 pro
2516 1046 2623 1086 suo
2655 1029 2861 1085 merito
2892 1027 3351 1095 conscendisset,
3384 1032 3525 1100 puto
3554 1028 3703 1083 Mar-

2052 1118 2326 1175 dochaeus
2373 1119 2431 1173 in
2483 1136 2634 1190 eam,
2669 1136 2785 1174 non
2835 1122 2900 1173 ut
2946 1117 3317 1187 maledictus,
3350 1118 3453 1173 sed
3505 1113 3704 1173 ut'vir

2052 1211 2289 1263 sanctus
2320 1207 2658 1263 ascenderet
2688 1207 2794 1277 [AL
2827 1207 3213 1277 ascenderat].
3248 1206 3349 1261 His
3390 1210 3449 1261 et
3478 1206 3702 1263 caeteris

2051 1295 2345 1352 similibus
2366 1296 2782 1368 comprobatur
2811 1295 2980 1351 illum
3007 1311 3136 1351 esse
3168 1294 3569 1361 maledictum,
3597 1294 3696 1367 qui

2051 1384 2299 1458 dignum
2328 1384 2557 1441 facinus
2589 1385 2847 1457 patibulo
2876 1385 3224 1456 perpetrarit
3248 1401 3261 1439 :
3298 1401 3415 1440 non
3442 1399 3577 1440 eum
3602 1383 3702 1457 qui

2050 1474 2363 1546 iniquitate
2406 1475 2700 1544 judioum,
2743 1479 2800 1530 et
2848 1474 3225 1530 inimicorum
3278 1473 3565 1546 potentia,
3615 1473 3702 1530 vel

2050 1561 2304 1618 clamore
2360 1562 2540 1635 vulgi,
2593 1568 2695 1618 aut
2750 1563 3036 1618 virtutum
3092 1562 3332 1631 invidia,
3393 1566 3495 1618 aut
3550 1562 3703 1636 regis

2050 1652 2199 1706 437
2249 1652 2335 1706 ira
2388 1650 2562 1707 fuerit
2609 1652 2942 1707 crucifixus.
2977 1652 3046 1706 Et
3088 1651 3317 1707 Naboth
3369 1651 3475 1720 [AL
3506 1651 3703 1707 Nabu-

2049 1739 2236 1813 tham]
2276 1741 2597 1812 quondam,
2631 1741 2702 1795 ad
2750 1741 2980 1796 Jezabel
3029 1740 3276 1805 litteras,
3308 1745 3430 1796 tota
3472 1739 3701 1796 Jezrael

2048 1828 2253 1884 civitas
2313 1834 2498 1885 morte
2552 1829 2851 1884 damnavit
2900 1829 2995 1900 (Ill
3050 1829 3178 1898 Reg.
3226 1845 3345 1898 χχι,
3394 1830 3427 1884 8
3476 1830 3697 1901 seqq.);

2051 1908 2159 1975 sed
2203 1919 2446 1991 sanguis
2493 1919 2623 1987 eius
2673 1919 2731 1973 in
2780 1922 2917 1991 typo
2948 1917 3186 1989 Christi,
3220 1917 3406 1973 multa
3437 1923 3569 1991 post
3597 1934 3701 1973 see-

2051 2008 2183 2062 cula
2231 2008 2580 2075 vindicatur,
2625 2007 2854 2064 dicente
2904 2008 3146 2063 Domino
3195 2008 3266 2063 ad
3320 2007 3510 2064 Osee:
3567 2009 3704 2065 Voca

2048 2112 2243 2152 nomen
2298 2097 2415 2168 ejus
2461 2096 2700 2167 Jezrael,
2734 2098 2863 2168 quia
2912 2097 3091 2152 adhuc
3133 2095 3427 2163 modicum,
3457 2100 3512 2153 et
3555 2098 3700 2152 ulci-

2048 2203 2171 2241 scar
2215 2188 2542 2257 sanguinem
2585 2187 2791 2243 Jesrael
2836 2202 3006 2258 super
3051 2187 3277 2241 domum
3306 2187 3450 2242 Jehu
3480 2185 3628 2257 (Osee
3656 2202 3696 2251 ι,

2048 2277 2123 2343 4).
2158 2275 2287 2330 Haec
2320 2276 2629 2331 adversum
2657 2275 2912 2331 Judezos.
2946 2278 3227 2331 Caeterum
3270 2279 3335 2330 ut
3366 2275 3437 2331 ad
3471 2292 3576 2331 nos
3607 2291 3697 2331 re-

2047 2364 2183 2419 deat
2212 2364 2558 2436 disputatio,
2583 2364 2730 2419 scire
2760 2381 2876 2419 non
2909 2380 3150 2436 possum
3183 2380 3363 2435 quare
3384 2363 3700 2436 Apostolus

2047 2451 2109 2506 in
2139 2469 2205 2507 eo
2237 2453 2391 2524 quod
2428 2452 2714 2524 scriptum
2747 2457 2836 2509 est
2865 2470 2878 2508 :
2931 2451 3255 2523 Maledictus
3304 2470 3337 2508 a
3382 2458 3494 2509 Deo
3523 2455 3701 2509 omnis

2047 2542 2147 2611 qui
2186 2542 2381 2611 pendet
2428 2543 2485 2595 in
2536 2541 2686 2611 ligno
2718 2541 2896 2613 (Deut.
2930 2558 3047 2611 xxx,
3078 2541 3192 2610 23),
3223 2540 3315 2598 vel
3346 2542 3706 2598 subtraxerit

2050 2628 2272 2701 aliquid
2318 2628 2406 2684 vel
2453 2630 2765 2684 addiderit.
2798 2630 2860 2685 Si
2891 2630 3048 2685 enim
3082 2629 3263 2686 semel
3293 2630 3699 2687 auctoritatem

2047 2717 2434 2790 Septuaginta
2467 2718 2852 2791 interpretum
2884 2720 3259 2792 sequebatur,
3291 2720 3511 2790 debuit,
3544 2720 3699 2776 sicut

2046 2807 2119 2862 ab
2151 2806 2265 2862 illis
2298 2807 2521 2862 editum
2561 2812 2669 2877 est,
2702 2812 2759 2863 et
2806 2808 2906 2863 Dei
2956 2825 3169 2864 nomen
3222 2809 3560 2882 adjungere.
3591 2808 3696 2865 Sin

2044 2912 2177 2951 vero
2208 2901 2271 2950 ut
2296 2897 2567 2951 Hebraeus
2597 2913 2665 2952 ex
2688 2897 2963 2961 Hebraeis,
2986 2897 3044 2953 id
3076 2898 3232 2969 quod
3262 2896 3320 2953 in
3353 2915 3464 2954 sua
3494 2897 3694 2971 lingua

2044 2983 2282 3057 legerat,
2317 2985 2561 3057 putabat
2607 3001 2735 3041 esse
2780 2985 3177 3053 verissimum,
3209 3002 3315 3042 nec
3352 2988 3551 3057 omnis,
3585 3002 3689 3043 nec

2044 3075 2102 3128 in
2135 3074 2302 3144 ligno,
2336 3090 2464 3144 qua:
2511 3072 2569 3127 in
2618 3074 2855 3130 Hebraeo
2897 3091 3011 3129 non
3045 3073 3360 3143 habentur,
3391 3091 3691 3132 assumere

2045 3162 2150 3230 [AL
2186 3163 2553 3232 assumeret].
2589 3167 2667 3216 Ex
2698 3179 2813 3234 quo
2854 3163 2998 3218 mihi
3041 3164 3289 3231 videtur,
3321 3168 3425 3219 aut
3470 3168 3688 3220 veteres

292 3247 349 3298 et
375 3243 543 3298 nobis
575 3243 757 3299 soleat
807 3262 841 3299 a
888 3245 1107 3301 Judaeis
1139 3264 1242 3317 pro
1274 3248 1519 3304 infamia
1548 3249 1744 3320 objici,
1777 3250 1932 3321 quod
1965 3247 2007 3312 C
2046 3249 2419 3306 Hebraeorum
2453 3251 2631 3306 libros
2662 3251 2832 3306 aliter
2860 3251 3157 3318 habuisse,
3190 3269 3367 3324 quam
3401 3269 3555 3309 nunc
3584 3253 3688 3308 ha-

291 3330 556 3387 Salvator
587 3338 784 3388 noster
818 3339 874 3388 et
907 3334 1189 3390 Dominus
1220 3336 1330 3390 sub
1364 3337 1457 3391 Dei
1493 3338 1666 3392 fuerit
1695 3337 1935 3393 maledi-

290 3424 403 3476 cto.
437 3420 698 3475 Primum
731 3421 911 3493 igitur
948 3421 1294 3477 intuendum
1329 3428 1437 3489 est,
1471 3425 1624 3494 quod
1658 3441 1771 3479 non
1804 3425 1932 3497 qui-

287 3524 519 3579 cunque
570 3509 629 3563 in
678 3508 837 3581 ligno
886 3510 1227 3582 pependerit
1265 3510 1612 3567 maledictus
1662 3512 1737 3566 sit
1780 3513 1931 3583 apud

285 3597 493 3662 Deum,
527 3598 625 3652 sed
673 3598 773 3669 qui
805 3599 1146 3669 peccaverit,
1181 3605 1237 3654 et
1271 3605 1509 3671 propter
1539 3599 1728 3654 scelus
1761 3600 1933 3656 morti

286 3685 463 3741 fuerit
492 3686 863 3757 adjudicatus
895 3687 1283 3760 sublatusque
1311 3688 1369 3743 in
1396 3705 1627 3744 crucem
1659 3705 1771 3745 non
1804 3689 1932 3746 ideo

289 3773 636 3830 maledictus
667 3777 806 3847 quia
833 3776 1145 3831 cruciﬁxus
1176 3782 1284 3843 est,
1317 3778 1417 3833 sed
1471 3778 1609 3850 quia
1655 3778 1714 3833 in
1755 3778 1931 3834 talem

289 3863 559 3919 inciderit
588 3869 835 3933 reatum,
869 3870 932 3919 ut
963 3866 1241 3921 meruerit
1279 3866 1560 3938 cruciﬁgi.
1596 3868 1808 3923 Deinde
1862 3867 1932 3922 il-

287 3951 386 4009 lud
410 3954 847 4025 opponendum,
871 3954 1025 4025 quod
1056 3953 1299 4009 inferius
1330 3972 1507 4010 causa
1535 3956 1779 4027 patibuli
1810 3956 1931 4028 ple-

286 4041 420 4098 nius
441 4048 781 4114 exponetur,
805 4042 1107 4114 Scriptura
1129 4042 1432 4108 referente,
1458 4044 1530 4099 ob
1555 4043 1931 4099 maledictum

284 4134 341 4185 et
388 4130 816 4204 blasphemiam
870 4130 969 4187 Dei
1022 4148 1155 4187 eum
1205 4148 1334 4187 esse
1372 4132 1735 4187 cruciﬁXum.
1769 4133 1931 4198 Quod

283 4219 544 4290 apertius
572 4220 962 4291 Symmachus
992 4219 1315 4287 transtulit,
1348 4221 1546 4276 dicens
1580 4238 1591 4275 :
1636 4224 1787 4294 Quia
1809 4238 1934 4293 pro-

276 4310 408 4378 pter
437 4306 826 4378 blasphemiam
857 4311 952 4365 Dei
993 4326 1282 4382 suspensus
1329 4318 1427 4365 est.
1475 4311 1557 4365 Ad
1608 4316 1930 4366 extremum

283 4393 715 4466 interrogemus
746 4412 865 4466 eos,
898 4397 947 4451 si
976 4400 1233 4454 Ananiae
1263 4404 1321 4453 et
1353 4398 1582 4455 Azarias
1615 4404 1672 4455 et
1703 4400 1928 4469 Misiael,

287 4481 555 4540 nolentes
584 4483 825 4539 adorare
855 4484 1077 4539 idolum
1100 4485 1660 4554 Nabuchodonosor,
1685 4489 1933 4545 fuissent

2045 3339 2183 3394 bent
2215 3356 2227 3394 :
2280 3346 2381 3394 aut
2410 3340 2747 3411 Apostolum
2795 3330 2884 3411 (ut
2922 3347 3056 3397 ante
3092 3342 3218 3413 jam
3250 3342 3392 3414 dixi)
3448 3357 3689 3398 sensum

2044 3426 2477 3499 Scripturarum
2511 3428 2800 3499 posuisse,
2834 3445 2949 3484 non
2980 3430 3155 3485 verba
3188 3448 3201 3485 :
3244 3435 3346 3486 aut
3376 3431 3529 3502 quod
3565 3447 3688 3485 ma-

2042 3517 2134 3588 gis
2165 3523 2253 3571 est
2280 3517 2714 3583 aestimandum,
2748 3523 2883 3588 post
2912 3518 3247 3590 passionem
3277 3519 3505 3584 Christi,
3537 3523 3594 3574 et
3627 3518 3687 3573 in

2043 3604 2318 3670 Hebraeis,
2352 3611 2408 3660 et
2448 3607 2507 3659 in
2552 3605 2769 3661 nostris
2799 3606 3097 3662 codicibus
3127 3608 3198 3663 ab
3229 3607 3422 3679 aliquo
3454 3606 3555 3662 Dei
3583 3624 3691 3662 no-

2043 3710 2176 3749 men
2209 3693 2566 3765 appositum,
2601 3692 2677 3749 ut
2714 3694 3017 3750 infamiam
3068 3696 3237 3752 nobis
3278 3696 3556 3765 inureret,
3589 3697 3686 3769 qui

2041 3782 2101 3836 in
2132 3782 2427 3837 Christum
2470 3782 2845 3839 maledictum
2895 3801 2929 3839 a
2977 3784 3092 3840 Deo
3122 3784 3440 3841 credimus.
3471 3785 3689 3840 Audaci

2042 3870 2238 3943 itaque
2270 3872 2412 3942 pede
2442 3872 2511 3926 ad
2547 3872 2654 3926 hoc
2687 3872 2934 3944 procede
2968 3877 3284 3941 certamen,
3311 3878 3377 3929 ut
3405 3874 3477 3929 ad
3509 3873 3691 3929 libros

2044 3975 2368 4030 provocem,
2403 3959 2565 4016 nullo
2597 3960 2722 4015 loco
2756 3960 3065 4032 scriptum,
3100 3978 3134 4015 a
3180 3962 3290 4017 Deo
3330 3978 3688 4035 quemquam

2042 4064 2170 4103 esse
2197 4048 2596 4120 maledictum,
2621 4054 2678 4104 et
2711 4049 3049 4121 ubicunque
3071 4050 3401 4106 maledictio
3429 4052 3687 4123 ponitur,

2041 4153 2344 4208 nunquam
2376 4137 2477 4192 Dei
2509 4155 2719 4193 nomen
2749 4139 3114 4210 adjunctum.
3148 4139 3465 4197 Maledictus
3513 4144 3575 4196 tu
3622 4139 3687 4195 ab

2039 4227 2297 4281 omnibus
2327 4226 2509 4281 bestiis
2540 4224 2691 4298 (Gen.
2726 4244 2807 4297 III,
2843 4228 2950 4299 14),
2984 4228 3199 4284 dicitur
3227 4229 3298 4284 ad
3331 4232 3686 4301 serpentem.

2041 4315 2110 4369 Et
2138 4315 2208 4369 ad
2243 4315 2427 4369 Adam
2459 4332 2471 4370 :
2504 4315 2786 4371 Maledicta
2816 4319 2960 4380 terra
2992 4318 3054 4371 in
3085 4317 3334 4389 operibus
3363 4319 3470 4373 tuis
3499 4317 3687 4390 (Ibid.,

2041 4403 2153 4474 17.)
2201 4402 2270 4457 Et
2300 4403 2371 4458 ad
2401 4402 2540 4459 Cain
2576 4420 2588 4458 :
2638 4404 2951 4460 Matedictus
2999 4410 3060 4461 tu
3103 4422 3271 4479 super
3297 4414 3504 4463 terram
3533 4406 3688 4477 (Gen.

2039 4509 2116 4558 1v,
2149 4492 2259 4562 11).
2294 4491 2365 4547 Et
2392 4490 2531 4547 alibi
2567 4508 2580 4548 :
2611 4492 2924 4549 Malediclus
2957 4494 3230 4550 Chanaan
3254 4510 3414 4567 puer,
3445 4495 3692 4567 famulus

362 4627 378 4720 ξ
410 4622 651 4720 FP}???
680 4624 1009 4720 infestae
1023 4610 1352 4720 93‘3313153‘
1378 4613 1572 4720 Ξέῖῑῗνὲὶ
1588 4613 1859 4720 P551???-
1916 4719 1919 4720 ,
1966 4616 2012 4680 Β
2042 4631 2356 4720 laboraret.
2374 4633 2912 4720 messem!!!qu
2935 4634 3333 4720 Βρωβορφιισι
3357 4637 3540 4694 animi
3568 4653 3696 4693 θεον

357 4696 635 4772 [Laudat
686 4696 833 4772 hanc
882 4696 1341 4772 disputationem
1376 4696 1933 4772 Hieronym.'etiam

285 4767 453 4845 initio
486 4769 689 4837 Quaest.
721 4767 994 4845 Hebrait-C
1017 4768 1074 4822 in
1102 4768 1393 4845 Genesim,
1429 4788 1534 4825 nec
1564 4767 1757 4828 tamen
1791 4775 1931 4845 quid

283 4840 364 4894 rei
414 4846 590 4906 esset,
644 4847 746 4895 aut
792 4841 885 4894 cui
935 4857 1062 4895 eam
1115 4841 1352 4908 tribuat,
1402 4849 1697 4898 auctorem
1749 4840 1929 4900 notat.

281 4908 447 4983 Nunc
478 4912 712 4982 quando
736 4928 883 4983 cpus
912 4912 1068 4968 istud
1094 4912 1326 4981 jamdiu
1357 4911 1495 4967 olim
1525 4914 1837 4981 intercidit,
1862 4918 1933 4972 de

280 4982 409 5051 ejus
438 4986 671 5054 auctore
700 4982 1005 5054 disputant
1033 4984 1267 5038 eruditi.
1301 4982 1567 5041 Clemens
1595 4985 1930 5043 Alexandri-

279 5068 393 5127 nus
446 5052 505 5106 in
551 5058 710 5127 sexto
743 5052 1152 5127 Hypotyposeon
1185 5056 1353 5122 libro,
1389 5072 1515 5111 eam
1569 5057 1747 5112 tradit
1794 5076 1827 5113 a
1872 5064 1928 5115 S.

283 5123 1065 5210 huc-a‘qonscriptamn;:qui.
1084 5143 1217 5210 vero
1228 5128 1297 5210 ej
1309 5145 1378 5182 us
1406 5128 1810 5210 testimonium
1844 5148 1929 5210 rc-

281 5193 737 5274 ci_tat.Maximus
769 5193 1102 5274 in_Sch_ol_iis
1133 5200 1203 5274 ad
1227 5193 1585 5274 Dionysium
1603 5200 1669 5274 de
1697 5204 1931 5274 mystica

283 5264 774 5338 Theologiapcap.
832 5268 881 5338 1,
933 5269 1191 5323 Aristoni
1242 5264 1447 5325 Pellaeo
1496 5272 1722 5327 tribuit.
1758 5264 1932 5330 "Inter

276 5335 334 5392 S.
367 5335 635 5415 Cypriani
684 5335 873 5408 opera
906 5344 1178 5415 superest
1226 5357 1389 5396 nunc
1420 5342 1568 5398 Celsi
1600 5345 1929 5415 cujusdam

271 5407 537 5533 gratatio
585 5407 644 5462 in
694 5407 822 5465 eam
871 5407 1333 5482 altercationem,
1368 5429 1545 5485 quam
1598 5407 1750 5469 idem
1806 5416 1931 5487 ipse

312 5479 470 5533 elsus
503 5479 704 5533 Latine
756 5497 818 5533 se
864 5485 1117 5533 testatur
1144 5483 1409 5533 vertisse-
1443 5502 1735 5533 suummm
1765 5486 1929 5533 lahn-

312 5479 470 5535 elsus
503 5479 704 5535 Latine
756 5497 818 5536 se
864 5485 1117 5536 testatur
1144 5479 1410 5549 vertisse,
1443 5502 1735 5549 suumque
1765 5479 1949 5542 labe--

270 5566 394 5606 rem
415 5550 626 5624 Vigilio
659 5552 974 5624 nesciocui
1011 5552 1285 5624 episcopo
1319 5555 1607 5611 inscribit.
1640 5550 1720 5611 Ex
1750 5559 1930 5614 variis

273 5624 410 5696 ejus
454 5622 1007 5696 praefationisglocis
1047 5622 1326 5695 colligere
1355 5638 1464 5692 est,
1498 5627 1728 5683 Celsum
1760 5628 1929 5685 illum

277 5693 558 5767 scribere,
601 5711 737 5753 cum
778 5694 969 5761 adhuc
1000 5696 1111 5755 sub
1138 5693 1647 5773 persecutionibus
1678 5698 1931 5761 Ecclesia

2042 4705 2183 4777 dum
2216 4712 2421 4777 essent
2442 4706 2654 4761 Christi
2685 4705 2963 4777 religione
2995 4706 3230 4763 imbuti.

2111 4776 2133 4811 ³
2168 4777 2310 4831 Hinc
2341 4776 2562 4849 colligit
2592 4776 2852 4850 Morinus
2884 4794 3057 4850 quem
3106 4785 3162 4834 et
3201 4779 3569 4835 Martianmus
3601 4795 3690 4835 se-

2040 4852 2371 4932 cutushest,
2403 4849 2586 4932 fuisse
2630 4849 2963 4921 Hieronymi
2998 4857 3413 4932 praceptorem
3466 4867 3536 4932 ex
3581 4850 3691 4932 iic-

2042 4918 2622 5002 brazonC.hristianum
2650 4938 2662 4989 ;
2705 4918 2895 5002 neque
2923 4918 3102 5002 epim,
3136 4918 3433 5002 inquiunt,
3466 4923 3548 5002 i_t_a
3577 4924 3692 4977 fas-

2044 5006 2146 5065 sus
2197 4991 2405 5065 fuisset
2433 4990 2689 5057 Iudaeus,
2725 4990 2824 5063 qui
2869 4992 2928 5046 in
2960 4991 3085 5065 lege
3135 4990 3440 5065 perstaret.
3475 4997 3694 5065 Verum

2040 5060 2189 5137 hanc
2220 5062 2451 5137 laudem
2498 5079 2616 5137 non
2653 5060 2939 5137 tacuisset
2969 5060 3115 5137 puto
3137 5060 3555 5137 Hieronymus,
3582 5064 3692 5137 qui

2038 5131 2205 5186 illum
2257 5132 2603 5203 simpliciter
2652 5131 3168 5191 Hebraeum—dicit.
3212 5131 3379 5200 Quin'
3415 5131 3549 5192 imo'
3580 5131 3692 5192 b'oc

2041 5205 2235 5275 ipsum
2268 5204 2422 5274 quod
2468 5220 2535 5286 ea
2576 5221 2641 5259 eo
2693 5206 2911 5277 profert
2938 5206 3363 5289 testimonium,
3389 5207 3527 5289 ideo
3556 5206 3691 5278 plus

2040 5275 2216 5330 habet
2247 5281 2549 5342 momenti,
2581 5277 2735 5346 quod
2765 5292 2833 5332 ex
2859 5279 3108 5333 Hebraea
3140 5279 3437 5346 religionis
3467 5282 3558 5334 est
3589 5277 3691 5334 ho-

2041 5295 2216 5330 Πξωϐι
2247 5295 2549 5342 momenti,
2581 5295 2735 5346 quoa
2765 5295 2833 5332 ex
2859 5295 3108 5333 Hebraeae
3140 5295 3437 5351 religionls
3467 5295 3558 5334 εει
3590 5295 3690 5334 ΠΟ·

2041 5347 2218 5423 mine,
2242 5353 2432 5423 atque
2462 5348 2534 5402 ob
2567 5347 2715 5403 hanc
2746 5352 3088 5423 causam__ab
3118 5350 3468 5423 Hieronymo
3501 5349 3690 5406 addu-

2041 5420 2209 5493 gitur.
2242 5417 2790 5493 Videturprazterea
2839 5418 2934 5475 hic
2983 5419 3079 5493 ille
3126 5421 3282 5478 idem
3329 5417 3479 5493 esse,
3511 5436 3692 5493 quem

2039 5488 2799 5565 Barbamnamdé‘nomine
2826 5491 3053 5565 vocavit
3078 5493 3254 5565 paulo
3285 5497 3421 5565 ante
3459 5488 3691 5565 fin-pro-

2040 5560 2212 5641 nimio
2235 5561 2314 5641 ad
2347 5560 2649 5641 Ephesios,
2680 5568 2739 5619 et
2773 5579 2948 5636 quem
2978 5560 3248 5620 Judaeum
3276 5560 3574 5622 exstitisse
3601 5563 3691 5621 ni-

2038 5630 2123 5687 hil
2162 5637 2252 5690 est
2281 5630 2550 5690 dubium.
