4144 6202
345 364 471 427 389
516 437 520 441 4
1016 348 1530 420 COMMENTAR.
1579 352 1658 414 IN
1702 342 1949 413 EPIST.
1998 348 2048 412 A

2162 352 2422 416 3ALA'I‘.
2469 347 2620 419 LIB.
2666 359 2745 431 ll,
2787 358 2954 420 CAP.
3001 354 3107 421 ιιι.
3648 354 3769 424 390

353 494 753 565 erittratribus
778 491 894 547 suis
924 488 1077 562 (Gen.
1105 506 1182 555 ιιι,
1214 488 1327 559 25).
1375 485 1610 543 Necnon
1659 489 1715 541 et
1772 486 1829 541 in
1890 484 2051 554 alio}

2162 521 2240 560 or.
2275 523 2353 571 ιιι,
2383 508 2495 579 22),
2530 508 2758 564 debitor
2787 508 3001 565 Graecis
3040 526 3105 564 ac
3134 509 3421 575 barbaris,
3483 511 3761 584 sapienti-

352 586 480 644 loco
514 602 527 639 :
564 581 878 675 Maledicius
904 582 1065 675 flffor
1094 594 1301 642 eorum.
1327 578 1459 675 ρξία
1490 578 1737 675 fumi-73:
1805 583 1889 675 εί.
1917 576 2002 675 inf
2116 593 2226 648 bus
2253 599 2309 647 et
2339 576 2757 667 insipientibus
2786 598 2962 667 (Rom.
2998 615 3036 659 1,
3074 598 3160 665 13,
3198 599 3305 669 14).
3340 576 3571 654 Galatia.
3615 617 3764 673 quo-

356 691 569 741 εονωην
602 672 734 743 quia
765 667 1092 763 dlfr‘f_(6_en-
1142 684 1289 733 XLIX:
1354 669 1433 763 7);
1490 667 1750 763 Ῑλροειῆῐη
1808 669 1899 763 δεῖν
1949 667 2003 763 ,εί
2118 699 2233 753 que
2262 700 2409 754 quos
2436 682 2609 755 paulo
2668 689 2803 740 ante
2861 685 3073 741 stultos
3122 667 3368 757 dixerat,
3431 667 3765 745 factus‘est

359 764 668 821 universas
716 757 1178 828 maledictiones,
1213 773 1338 828 quae
1404 755 1463 810 in
1522 755 1794 821 Levitico,
1843 758 1899 808 et
1945 755 2006 807 in

2162 770 2354 827 :ultus.
2388 772 2510 828 Non
2542 774 2698 828 enim
2727 774 2798 829 ad
2832 791 2929 829 eos
2959 774 3050 828 his
3082 791 3226 829 usus
3275 755 3365 830 est
3401 779 3763 848 argumentis

359 848 836 915 Βθυῐθνοῐιοωίον
869 846 1003 938 etii}
1034 845 1385 938 JBSQ_N8V6.
1446 845 1804 938 εῦξίῖξυοῖυτν
1868 860 2009 938 θοιΙῇ
2121 859 2335 931 quibus
2366 862 2437 915 ad
2462 862 2775 927 Romanos,
2813 862 2913 917 sed
2974 862 3433 934 simplicioribus
3454 845 3497 931 ;‘
3527 869 3585 919 et
3638 881 3768 938 quae

361 956 589 998 merem
623 955 638 993 :
673 943 729 994 et
764 942 959 992 tamen
988 935 1047 990 in
1081 934 1245 991 nulla
1269 951 1471 990 earum
1503 933 1604 989 DBi
1653 950 1864 988 nomen
1923 934 2013 986 θεῖ
2122 948 2285 1003 stulti
2327 953 2563 1020 possent
2606 948 2949 1021 intelligere,
2978 955 3034 1005 et
3063 933 3208 1022 pene
3239 952 3309 1007 de
3349 952 3539 1009 trivio.
3601 933 3764 1018 Quod

363 1031 635 1089 additum
668 1046 681 1084 ε
716 1027 1010 1082 intumum
1040 1028 1108 1080 nt
1149 1023 1343 1113 ειίαηιί
1378 1024 1503 1096 ipse
1552 1027 1817 1113 Satanas»
1876 1037 2011 1077 cum
2124 1054 2195 1092 ne
2235 1038 2531 1093 videretur
2559 1038 2855 1109 imperitia
2884 1044 2941 1093 et
2971 1055 3085 1094 non
3117 1045 3241 1096 arte
3298 1040 3505 1097 fecisse
3538 1043 3573 1112 ¹,
3634 1060 3772 1113 pru-

365 1121 441 1177 de
462 1119 572 1175 Job
635 1115 1029 1189 polliceretur,
1088 1113 1242 1185 quod
1301 1112 1351 1168 si
1399 1111 1721 1185 grandibus
1774 1127 2015 1182 pressus

2167 1130 2360 1180 entem
2392 1125 2585 1198 placat
2606 1132 2740 1182 ante
2772 1126 3070 1195 lectorem,
3094 1133 3151 1183 et
3180 1145 3307 1200 quis
3341 1111 3605 1187 dicturus
3635 1111 3773 1199 _est,

366 1209 580 1265 fuisset
607 1204 918 1278 angustiis,
942 1202 1394 1273 blasphemaret,
1419 1218 1452 1256 a
1477 1199 1701 1257 meliori
1724 1204 1886 1272 parte
1907 1199 2016 1254 hoc
2126 1214 2278 1269 439
2312 1218 2599 1287 temperat
2630 1216 2965 1287 praefatione
3008 1199 3310 1289 praemissa
3341 1235 3353 1271 ;
3408 1221 3643 1287 Fratres,
3692 1237 3777 1277 δε.

362 1294 802 1371 significaverit,
844 1292 1044 1348 dicens
1079 1308 1092 1347 :
1126 1292 1250 1346 Nisi
1280 1295 1333 1345 te
1355 1290 1702 1346 benedixerit
1732 1290 1792 1343 in
1818 1290 2017 1360 faciem
2126 1300 2369 1355 cundum
2393 1300 2672 1356 hominem
2696 1301 2834 1358 άίεο,
2903 1303 3067 1366 Quod
3088 1304 3242 1359 enim
3304 1305 3576 1362 dictum”
3620 1324 3777 1365 sum.

366 1388 504 1461 (Job.
536 1403 575 1452 ι,
601 1383 711 1455 11).
746 1383 816 1438 Et
851 1381 911 1436 in
945 1381 1278 1454 Regnorum
1302 1378 1490 1450 libris,
1516 1376 1742 1434 Naboth
1766 1378 1874 1447 [Αἱ.
1907 1376 2018 1432 Na-
2131 1406 2245 1444 non
2277 1389 2407 1444 dico
2430 1390 2753 1445 secundum
2797 1390 2983 1445 Deum
3020 1409 3032 1447 ε
3102 1410 3217 1447 non
3268 1394 3398 1450 dico
3452 1397 3781 1454 secundum

373 1476 560 1532 butha
573 1476 653 1543 m]
689 1475 994 1546 propterea
1023 1469 1316 1541 lapidatus
1346 1468 1594 1524 refertur
1624 1484 1638 1522 :
1700 1467 1841 1534 Quia
1871 1466 2024 1521 bene-

2131 1477 2490 1533 reconditam
2522 1479 2896 1550 sapientiam,
2926 1485 2983 1535 et
3011 1497 3111 1536 eos
3142 1482 3241 1553 qui
3297 1482 3484 1538 solido
3533 1493 3785 1556 possunt

374 1565 583 1621 άίέεετίι
613 1564 786 1618 Deum
818 1564 868 1615 ει
898 1559 1204 1630 regem"!
1256 1559 1394 1630 Re!!-
1453 1574 1569 1621 ΧΧῙ»
1623 1558 1731 1628 ω).
1783 1554 2023 1610 ΝυῙῙυῐῐι
2131 1566 2285 1622 vesci
2318 1565 2472 1632 cibo,
2505 1570 2602 1623 sed
2636 1568 2960 1623 secundum
2992 1585 3091 1624 eos
3114 1571 3212 1641 qui
3234 1571 3308 1625 ob
3328 1554 3782 1631 teneritudinem

377 1659 577 1711 autem
607 1651 780 1707 debet
810 1665 1037 1704 movere
1068 1648 1221 1720 quod
1252 1646 1518 1701 Christus
1552 1662 1653 1718 pro
1682 1645 1851 1700 nobis
1900 1661 2024 1699 ma-

2134 1655 2421 1710 stomacbi
2459 1654 2645 1711 lacteo
2676 1673 2804 1711 rore
2835 1662 3241 1727 pascuntur,et
3273 1675 3646 1733 nequaquam
3689 1680 3784 1719 va-

375 1741 656 1797 ledictum
688 1738 877 1793 factus
909 1736 1003 1803 sit,
1046 1736 1185 1808 quia
1209 1738 1266 1791 et
1296 1740 1446 1790 Deus
1477 1734 1577 1807 qui
1620 1750 1756 1789 eum
1812 1732 2029 1787 dicitur
2135 1742 2257 1798 lant
2287 1743 2491 1799 audire
2523 1761 2650 1815 quae
2682 1745 2928 1817 grandia
2958 1751 3099 1802 sunt
3125 1748 3171 1817 (Ι
3196 1747 3315 1803 Cor.
3351 1766 3437 1815 ιιι,
3468 1732 3545 1821 2).
3623 1750 3787 1808 Unde

376 1829 582 1887 fecisse
607 1827 761 1884 488
788 1826 1189 1895 maledictum,
1215 1824 1340 1896 ipse
1370 1824 1526 1897 (cum
1568 1822 1818 1879 nesciret
1854 1821 2024 1877 Chri-

378 1926 506 1976 stus
537 1916 864 1991 peccatum)
894 1931 997 1986 pro
1028 1914 1197 1969 nobis
1228 1929 1363 1969 eum
1410 1917 1714 1984 peccatum
1772 1912 1906 1967 fecit
1962 1911 2035 1983 (ll

381 2009 503 2065 Cor.
533 2006 706 2077 v,21),
740 2009 799 2061 et
837 2002 1103 2059 Salvator
1123 2003 1195 2057 de
1235 2000 1603 2074 plenitudine
1659 1999 1850 2056 Patris
1908 2000 2031 2055 exi-

378 2096 604 2154 nanivit
632 2111 716 2166 se,
748 2094 999 2149 formam
1030 2091 1179 2148 servi
1210 2090 1500 2163 accipiens
1558 2090 1819 2162 (Philipp.
1854 2107 1914 2154 ιι,
1975 2089 2062 2154 6,’

375 2188 432 2258 1)
466 2203 479 2242 :
513 2184 635 2240 vita
664 2187 899 2239 mortua
929 2181 1033 2253 [ΑΙ.
1070 2180 1360 2250 mortuus]
1401 2183 1573 2246 est,et
1611 2178 1903 2251 sapientia
1932 2177 2033 2251 Dei

381 2274 623 2331 fatuitas
644 2278 733 2328 est
763 2270 1152 2343 appellata,ut
1191 2269 1345 2341 quod
1378 2267 1627 2323 stultum
1659 2272 1784 2323 erat
1806 2267 1909 2323 Dei
1941 2284 2033 2322 sa-

389 2364 651 2436 pientius
689 2362 850 2417 ﬁeret
869 2359 1209 2416 hominibus
1233 2360 1283 2428 (I
1308 2360 1431 2416 Cor.
1467 2375 1508 2425 1,
1536 2358 1649 2429 25).
1681 2357 1751 2411 Et
1780 2356 1839 2411 in
1871 2373 2033 2412 sexa-

389 2451 620 2526 gesimo
650 2455 849 2507 octavo
880 2447 1105 2519 psalmo
1158 2448 1228 2502 de
1293 2463 1356 2502 se
1411 2445 1716 2517 loquitur:
1778 2446 1937 2512 Deus,
1978 2447 2039 2499 tu

392 2543 501 2599 scis
526 2540 906 2611 insipientiam
934 2553 1133 2603 meam,
1164 2540 1217 2591 et
1235 2535 1435 2592 delicta
1462 2551 1585 2589 mea
1621 2538 1729 2590 ate
1758 2550 1869 2590 non
1913 2537 2040 2589 sunt

396 2629 713 2687 abscondita
749 2626 928 2698 (Psal.
971 2643 1160 2693 vam,
1192 2626 1270 2697 7).
1306 2624 1527 2696 Injuria
1555 2623 1753 2697 itaque
1784 2623 2037 2692 Domini,

397 2724 601 2776 nostra
628 2717 810 2791 gloria
837 2719 945 2773 est.
979 2714 1079 2771 Ille
1107 2718 1377 2770 mortuus
1407 2718 1517 2780 est,
1552 2717 1618 2767 ut
1657 2729 1763 2767 nos
1822 2712 2039 2766 vivere-

395 2825 552 2864 mus.
586 2805 688 2862 Ille
721 2804 1023 2861 descendit
1051 2804 1122 2859 ad
1153 2802 1389 2870 inferos,
1422 2806 1487 2856 ut
1545 2818 1649 2856 nos
1707 2801 2044 2856 ascendere-

399 2913 535 2953 mus
566 2896 636 2951 ad
662 2893 896 2951 caelum.
930 2892 1031 2947 Ille
1062 2893 1251 2947 factus
1281 2895 1371 2946 est
1401 2889 1671 2957 stultitia,
1705 2893 1766 2944 ut
1793 2906 1901 2945 nos
1950 2905 2043 2943 sa-

397 2985 621 3058 pientia
648 2985 941 3039 fieremus.
975 2980 1076 3039 Ille
1102 2997 1163 3037 se
1193 2980 1263 3036 de
1292 2978 1656 3052 plenitudine
1684 2983 1741 3035 et
1757 2979 1828 3034 de
1860 2979 2047 3033 forma

395 3075 501 3132 Dei
538 3072 855 3143 evacuavit,
888 3072 1134 3128 formam
1174 3070 1323 3126 servi
1347 3068 1661 3141 accipiens,
1690 3073 1757 3123 ut
1785 3068 1845 3123 in
1877 3066 2047 3122 nobis

397 3164 696 3221 habitaret
734 3161 1036 3235 plenitudo
1066 3158 1410 3231 divinitatis,
1425 3162 1482 3213 et
1510 3156 1737 3213 Domini
1770 3158 2044 3211 ﬁeremus

2138 1840 2193 1887 ct
2230 1834 2300 1887 ad
2333 1832 2664 1888 Corinthios
2691 1834 2747 1887 in
2781 1833 2995 1903 quibus
3029 1836 3379 1891 audiebatur
3404 1838 3791 1908 fornicatio,et

2140 1920 2273 1977 talis
2299 1921 2599 1977 fornicalio
2629 1938 2760 1992 quae
2791 1938 2862 1977 ne
2885 1923 3036 1978 inter
3060 1930 3265 1995 gentes
3287 1926 3527 1996 quidem
3574 1931 3622 2000 (I
3663 1929 3784 1986 Cor.

2140 2029 2193 2082 v,
2232 2012 2299 2083 1),
2334 2012 2459 2097 ait:
2502 2012 2608 2081 Ego
2631 2011 2771 2077 dico,
2802 2012 2855 2065 et
2909 2028 3020 2066 non
3079 2012 3341 2067 Dominus
3400 2015 3447 2085 (Ι
3504 2015 3624 2072 Cor.
3683 2035 3785 2090 vn,

2143 2101 2251 2171 12).
2293 2101 2358 2156 Et
2387 2100 2459 2154 ad
2491 2100 2726 2154 eosdem
2751 2100 2808 2153 in
2857 2100 3153 2156 secunda:
3201 2101 3351 2169 Quod
3405 2103 3620 2175 loquar,
3679 2124 3791 2164 non

2141 2188 2435 2243 secundum
2463 2188 2758 2244 Dominum
2780 2188 2994 2259 loquor,
3016 2188 3108 2243 sed
3132 2191 3289 2261 quasi
3353 2192 3413 2245 in
3467 2193 3794 2265 insipientia

2145 2277 2217 2347 (II
2237 2277 2356 2332 Cor.
2393 2294 2471 2347 ιιι,
2516 2277 2627 2347 17).
2661 2276 2873 2331 Putant
2902 2276 3122 2348 aliquid
3146 2280 3301 2349 quod
3333 2280 3405 2334 de
3444 2284 3791 2340 testamento

2145 2365 2488 2434 hominis,ot
2516 2366 2586 2420 de
2619 2365 2913 2420 testatoris
2939 2370 3206 2433 morte,et
3226 2368 3447 2424 caeteris
3467 2370 3487 2403 ¹
3518 2369 3791 2428 humanas

2147 2454 2555 2510 similitudinis
2596 2455 3004 2526 disputaturus
3045 2457 3328 2530 exemplis
3360 2459 3612 2515 dixerit:
3657 2463 3797 2517 Fra-

2148 2553 2276 2610 tres,
2309 2544 2604 2598 secundum
2632 2545 2912 2599 hominem
2939 2545 3059 2600 dico
3091 2562 3111 2599 :
3130 2545 3272 2601 mihi
3311 2552 3512 2603 autem
3541 2549 3792 2618 videtur,

2148 2637 2204 2687 et
2232 2637 2466 2704 propter
2497 2632 2604 2687 hoc
2634 2632 2873 2704 quidem
2901 2633 3056 2705 quod
3091 2633 3195 2687 'illi
3255 2637 3636 2707 arbitrantur,
3697 2642 3798 2695 sed

2152 2721 2403 2777 maxime
2426 2726 2661 2793 propter
2679 2720 2822 2776 illud
2856 2721 3011 2792 quod
3043 2722 3315 2793 sequitur
3369 2741 3498 2781 esse
3541 2727 3798 2797 praemis-

2152 2826 2284 2866 sum
2316 2810 2423 2880 [AL
2466 2808 2869 2882 promissum],
2901 2810 2958 2864 id
2991 2815 3081 2865 est
3112 2827 3125 2864 :
3158 2815 3280 2868 Non
3309 2812 3462 2880 dicit,
3484 2819 3536 2868 et
3565 2817 3795 2869 semini-

2154 2901 2273 2964 bus,
2313 2901 2472 2970 quasi
2493 2899 2556 2953 in
2587 2898 2894 2965 multis,sed
2914 2901 3074 2969 quasi
3101 2901 3160 2954 in
3182 2902 3325 2971 (uno,
3349 2913 3400 2955 et
3425 2905 3631 2957 semini
3680 2914 3796 2971 tuo,

2153 2990 2253 3060 qui
2280 2996 2355 3043 est
2387 2986 2651 3041 Christus.
2685 2986 2902 3041 Omnes
2941 2986 3275 3057 Scripturas
3330 3005 3508 3044 sensu
3551 3007 3615 3046 ac
3673 3008 3799 3047 me-

2164 3075 2351 3131 moria
2380 3090 3035 3147 peragrans,nunquam
3068 3075 3281 3146 plurali
3301 3094 3542 3134 numero
3573 3081 3803 3137 semina

2124 3184 2137 3199 κ
2158 3165 2376 3234 scripta
2406 3163 2612 3234 reperi,
2647 3163 2747 3218 sed
2789 3163 2909 3218 sive
2938 3162 2998 3217 in
3039 3164 3253 3219 bonam
3282 3170 3530 3239 partem,
3564 3170 3683 3224 sive
3740 3170 3801 3225 in

400 3271 432 3312 e
462 3253 664 3311 servis.
700 3223 803 3308 Ille
834 3223 1109 3323 pependit
1137 3250 1195 3303 in
1228 3223 1408 3321 ligno,
1432 3252 1496 3302 ut
1525 3251 1830 3319 peccatum
1889 3244 2044 3316 quod
2074 3223 2117 3290 C
2162 3223 2402 3319 malam,
2443 3223 2674 3323 semper
2702 3251 2761 3305 in
2793 3251 3074 3324 singulari
3099 3223 3363 3309 numero.
3397 3223 3630 3312 Necnon
3651 3223 3709 3313 et

397 3340 966 3401 commiseramusin
986 3338 1143 3411 ligno
1175 3328 1600 3394 scientiae-boni
1639 3340 1697 3391 et
1726 3334 2050 3406 mali,ligno

403 3431 622 3489 deleret
662 3445 982 3502 appensus.
1013 3427 1165 3483 Crux
1184 3427 1312 3498 eius
1333 3442 1565 3482 amaras
1596 3441 1781 3497 aquas
1799 3422 1970 3479 vertit
1990 3422 2050 3477 in

403 3520 637 3579 dulcem
666 3534 958 3591 saporem,
990 3521 1049 3571 et
1077 3516 1329 3573 securim
1357 3515 1667 3588 perditam,
1699 3514 1756 3569 in
1817 3512 2053 3585 profun-

405 3610 673 3682 dumque
688 3605 1228 3671 demersam,missa
1245 3606 1303 3659 in
1321 3604 1540 3660 ﬂuenta
1558 3601 2054 3659 Jordanislevavit

410 3699 654 3767 (IVReg.
685 3714 763 3763 v1,
794 3697 850 3766 6,
881 3696 958 3767 7).
1027 3695 1111 3749 Ad
1152 3698 1513 3766 postremum
1562 3693 1749 3747 factus
1807 3696 1895 3747 est
1955 3689 2051 3745 ille

409 3784 762 3857 maledictio,
797 3784 1005 3853 factus,
1038 3783 1302 3856 inquam,
1346 3798 1463 3837 non
1494 3785 1703 3837 natus:
1736 3785 1802 3835 ut
1823 3778 2057 3835 benedi-

409 3877 636 3932 ctiones
665 3891 791 3946 quae
831 3872 1131 3946 promissa:
1181 3873 1413 3926 fuerant
1469 3869 1735 3937 Abrahr,
1787 3869 1915 3941 ipso
1953 3884 2057 3924 au-

411 3967 576 4020 ctore
605 3968 662 4018 et
691 3962 895 4034 praevio
925 3961 1387 4017 transferrentur
1406 3960 1476 4015 ad
1499 3963 1722 4032 gentes,
1771 3964 1828 4013 et
1883 3957 2057 4029 spiri-

409 4059 512 4110 tus
542 4051 915 4124 repromissio
946 4066 1048 4123 per
1076 4049 1251 4105 ﬁdem
1282 4048 1440 4104 illius
1466 4047 1855 4119 compleretur
1874 4046 1932 4102 in
1954 4063 2058 4102 no-

411 4142 510 4198 bis
553 4157 780 4214 :quam
803 4138 1115 4212 dupliciter
1169 4138 1451 4194 debemus
1495 4136 1774 4209 accipere,
1844 4139 1944 4191 aut
1998 4136 2058 4191 in

407 4230 698 4286 virtutum
741 4227 1153 4301 spiritualibus
1176 4226 1365 4294 donis,
1400 4231 1503 4282 aut
1532 4226 1591 4281 in
1624 4226 2058 4298 Scripturarum

407 4319 797 4392 intelligentia
832 4316 1125 4390 spirituali
1158 4318 1204 4388 (I
1234 4316 1352 4372 Cor.
1390 4332 1486 4383 χιι,
1508 4318 1543 4370 5
1571 4318 1761 4389 seqq.).

490 4408 678 4478 (Vers.
696 4408 908 4478 15ο18.)
929 4406 1545 4477 «Fratres,secundum
1578 4405 1875 4461 hominem
1896 4398 2059 4461 dico:

411 4501 616 4554 tamen
650 4494 902 4551 hominis
949 4499 1370 4551 testamentum
1429 4494 1840 4549 conﬁrmatum
1892 4510 2063 4550 nemo

2158 3342 2259 3398 lud
2300 3342 2455 3412 quod
2484 3339 2659 3396 infert
2688 3358 2698 3395 :
2737 3346 2850 3396 Hoc
2886 3350 3071 3397 autem
3100 3342 3217 3398 dico
3248 3350 3628 3401 testamentum
3675 3364 3807 3403 con-

2160 3430 2498 3501 ﬁrmatuma
2526 3431 2654 3497 Deo,
2686 3430 2736 3485 si
2777 3430 2911 3502 quis
2961 3429 3270 3503 diligenter
3328 3432 3570 3490 Hebraea
3644 3436 3805 3492 volu-

2163 3520 2345 3588 mina,
2377 3524 2435 3574 et
2471 3524 2709 3573 caeteras
2739 3518 3021 3574 editiones
3039 3535 3172 3574 cum
3214 3521 3595 3594 Septuaginta
3623 3524 3805 3581 Inter-

2160 3612 2377 3663 tretum
2422 3606 2805 3662 translatione
2856 3607 3188 3679 contulerit,
3211 3609 3465 3666 inveniet
3506 3612 3604 3667 ubi
3632 3616 3809 3670 testa-

2165 3701 2432 3752 mentum
2472 3696 2755 3767 scriptum
2797 3701 2905 3763 est,
2965 3713 3080 3751 non
3138 3702 3519 3755 testamentum
3575 3718 3805 3770 sonare,

2166 3786 2265 3841 sed
2288 3794 2532 3855 pactum,
2568 3785 2721 3856 quod
2751 3786 2987 3840 Hebraeo
3020 3802 3286 3859 sermone
3332 3788 3548 3845 dicitur
3602 3808 3808 3848 ssarm

2166 3886 2309 3935 nn:
2350 3874 2512 3929 Unde
2543 3874 2920 3930 manifestum
2951 3884 3060 3942 est,
3094 3877 3151 3931 id
3206 3876 3409 3933 fecisse
3467 3881 3810 3950 Apostolum

2168 3964 2324 4036 quod
2360 3964 2649 4035 promisit,
2682 3979 2787 4018 nec
2846 3964 3163 4019 reconditis
3203 3966 3275 4020 ad
3345 3965 3580 4022 Galatas
3638 3987 3812 4026 usum

2167 4070 2297 4109 esse
2323 4052 2615 4118 sensibus,
2648 4052 2750 4108 sed
2781 4053 3160 4122 quotidianis,
3192 4060 3250 4109 et
3280 4054 3513 4122 vilibus,
3564 4060 3622 4112 et
3687 4076 3813 4129 quas

2169 4146 2407 4215 possent
2436 4140 2572 4213 (nisi
2606 4141 3000 4212 praemisisset,
3041 4143 3338 4197 secundum
3370 4142 3647 4201 hominem
3674 4147 3817 4217 dico)

2169 4230 2559 4304 prudentibus
2590 4229 2918 4301 displicere.
2978 4230 3346 4301 Supputandi
3404 4232 3463 4288 in
3521 4235 3630 4290 hoc
3686 4235 3814 4292 loco

2170 4319 2310 4375 anni
2342 4318 2412 4374 ab
2442 4334 2509 4373 eo
2539 4322 2801 4389 tempore
2834 4333 2950 4388 quo
2987 4318 3267 4375 Dominus
3298 4321 3370 4376 ad
3398 4323 3695 4380 Abraham
3730 4324 3814 4380 lo-

2171 4412 2341 4463 cutus
2360 4412 2467 4477 est,
2500 4407 2747 4460 dicens:
2801 4407 2864 4460 Et
2923 4409 2981 4461 in
3033 4409 3242 4463 semine
3287 4412 3379 4465 tuo
3436 4411 3820 4469 benedicentur

2174 4511 2356 4553 omnes
2376 4498 2563 4565 gentes
2601 4494 2753 4565 (Gen.
2783 4511 2922 4561 xxu,
2957 4494 3065 4566 18),
3101 4513 3288 4568 usque
3317 4499 3390 4553 ad
3424 4498 3818 4571 legislatorem

412 4585 644 4659 spernit
674 4590 774 4640 aut
803 4583 1215 4657 superordinat
1246 4600 1258 4637 :
1290 4583 1533 4638 Abrahm
1566 4584 1733 4638 dictas
1763 4588 1903 4638 sunt
1970 4600 2063 4640 re-
2096 4592 2143 4658 D
2172 4589 2403 4657 Moysen
2432 4600 2444 4638 :
2480 4588 2676 4638 utrum
2698 4584 3111 4655 quadringenti
3143 4586 3385 4658 triginta
3414 4588 3644 4654 sint,vel
3674 4605 3820 4660 quo-

415 4673 863 4749 promissiones,
908 4678 965 4729 et
995 4673 1206 4730 semini
1238 4674 1385 4744 ejus.
1421 4672 1547 4728 Non
1587 4672 1746 4738 dicit,
1780 4674 1849 4727 Et
1896 4674 2068 4729 semi-

417 4764 618 4831 nibus,
650 4763 821 4836 quasi
842 4764 900 4819 in
937 4762 1160 4831 multis,
1184 4762 1281 4818 sed
1319 4761 1488 4833 quasi
1520 4761 1580 4816 in
1622 4762 1835 4827 uno,Et
1858 4762 2065 4818 semini

416 4854 652 4926 tuo,qui
679 4857 769 4909 est
798 4852 1089 4908 Christus.
1113 4851 1230 4907 Hoc
1260 4855 1454 4907 autem
1489 4851 1616 4906 dico
1647 4854 2066 4906 testamentum

419 4942 833 4998 confirmatum
869 4958 903 4997 a
935 4942 1065 5009 Deo,
1090 4958 1217 5012 quae
1242 4944 1373 5013 post
1402 4938 1858 5012 quadringentos
1880 4942 1934 4995 et
1964 4941 2069 4994 tri-

416 5032 585 5105 ginta
613 5047 802 5087 annos
834 5032 986 5087 facta
1009 5034 1098 5087 est
1126 5029 1238 5099 lex,
1271 5046 1385 5085 non
1411 5028 1643 5084 irritum
1678 5028 1812 5084 iacit
1833 5029 1904 5083 ad
1934 5046 2065 5085 eva-

416 5121 711 5176 cuandam
740 5120 1275 5193 repromissionem,
1310 5119 1448 5190 quia
1479 5120 1527 5174 si
1561 5134 1629 5173 ex
1649 5116 1773 5190 lege
1821 5116 2071 5173 haeredi-

421 5214 540 5277 tas,
555 5210 682 5281 jam
715 5226 831 5264 non
878 5226 947 5265 ex
971 5208 1381 5281 promissione.
1425 5206 1668 5261 Abrahae
1720 5211 1915 5262 autem
1970 5222 2073 5278 per

421 5297 877 5370 promissionem
909 5298 1143 5353 donavit
1171 5297 1383 5353 Deus.»
1416 5293 1752 5367 Apostolus,
1796 5296 1895 5367 qui
1952 5311 2069 5350 om-

421 5385 605 5442 nibus
636 5387 837 5445 omnia
860 5387 1052 5443 factus
1083 5390 1192 5457 est,
1236 5389 1300 5441 ut
1347 5401 1550 5440 omnes
1610 5383 1974 5440 lucrifaceret
2027 5385 2076 5456 (Ι

419 5530 517 5659 an;
567 5529 746 5657 Pepes
803 5529 1045 5599 Victor.,
1097 5537 1232 5585 ante
1295 5530 1488 5600 fecisse
1540 5526 1824 5601 prudenti,
1882 5527 2072 5597 placat

522 5618 576 5659 e.
598 5618 630 5658 e
660 5618 709 5658 e.

522 5618 576 5658 ε.
598 5618 709 5658 ete.

493 5644 818 5745 “foculos,
848 5676 1043 5751 morie,
1072 5679 1124 5736 et
1153 5672 1381 5747 cateris,
1402 5670 1651 5753 Palatia,
1681 5686 1792 5729 ms.
1818 5668 2068 5755 ignorat.

2177 4676 2349 4731 modo
2381 4674 2439 4728 in
2466 4672 2675 4729 Genesi
2708 4673 2819 4744 ipsi
2851 4673 3094 4728 Abrahae
3123 4674 3408 4730 Dominus
3458 4675 3819 4750 polliceatur,

2177 4764 2332 4836 quod
2364 4767 2497 4835 post
2532 4761 2990 4834 quadringentos
3030 4780 3215 4818 annos
3245 4764 3316 4818 de
3341 4770 3493 4819 terra
3521 4766 3823 4822 servitutis

2178 4852 2283 4907 ﬁlii
2324 4852 2451 4921 ejus
2473 4850 2681 4905 exituri
2724 4850 2862 4903 sint.
2897 4848 3021 4904 Non
3051 4849 3207 4903 enim
3248 4867 3423 4921 parva
3453 4867 3543 4906 res
3573 4857 3679 4923 est,
3699 4857 3755 4908 et
3789 4870 3825 4909 a

2180 4940 2385 4996 multis
2424 4938 2689 5011 quazsita,
2714 4939 2909 4994 nescio
2940 4955 3011 4993 an
3045 4938 3117 4992 ab
3149 4936 3345 5010 aliquo
3385 4941 3539 4995 440
3593 4940 3670 4996 sit
3728 4942 3823 4997 in-

2178 5034 2366 5083 venta.
2397 5028 2544 5083 Illud
2573 5027 2747 5082 etiam
2773 5027 2926 5097 quod
2962 5026 3019 5080 in
3051 5027 3253 5082 eodem
3283 5026 3432 5084 libro
3462 5029 3535 5084 de
3571 5029 3825 5086 Thamar

2178 5121 2237 5172 et
2274 5117 2504 5171 duobus
2534 5117 2661 5186 ejus
2694 5114 2950 5186 parvulis
2979 5113 3193 5187 legitur
3224 5116 3379 5187 (Gen.
3433 5134 3667 5191 xxxvm,
3733 5120 3827 5175 28.

2179 5206 2293 5277 29),
2329 5205 2482 5275 quod
2518 5203 2739 5259 scilicet
2768 5203 2995 5276 primus
3020 5204 3120 5275 qui
3151 5205 3367 5260 dicitur
3386 5206 3549 5274 Zara,
3604 5208 3832 5264 miserit

2182 5311 2424 5350 manum
2456 5310 2645 5359 suam,
2674 5297 2731 5348 et
2760 5294 3043 5348 obstetrix
3072 5292 3339 5365 ligaverit
3369 5295 3419 5350 ei
3442 5295 3832 5366 coccinum,et

2181 5382 2392 5439 dehinc
2421 5381 2520 5439 illo
2539 5398 2777 5438 manum
2800 5382 3155 5438 intrinsecus
3182 5383 3532 5452 retrahente,
3558 5386 3827 5442 manum’

2252 5527 2274 5562 ³
2314 5527 2415 5582 Hic
2452 5540 2685 5600 quoque
2717 5541 2960 5600 _vocem,
2986 5542 3143 5600 _quaa
3197 5526 3498 5600 repetitur,
3568 5543 3818 5600 manum,

2180 5600 2335 5658 idem
2368 5596 2487 5655 ms.’
2508 5596 2679 5655 tacet.
2712 5596 2774 5654 In
2805 5596 3170 5673 periodi‘ﬁne
3223 5596 3513 5656 Victorius
3551 5599 3825 5664 rescribit
