4144 6202
731 3 736 6 ν
807 5 942 13 ~—

711 23 922 38 *κ

817 83 1106 98 Ἠ..

341 334 456 392 393

995 331 1509 392 COMMENTAR.
1558 334 1632 392 IN
1681 333 1929 393 EPIST.
1976 334 2080 392 AD
2127 336 2406 396 GALAT.
2457 340 2604 400 LIB.
2653 343 2725 415 ll,
2777 345 2948 403 CAP.
2997 345 3100 404 Ill.

3637 349 3753 409 394

339 463 477 536 qui:
513 463 640 519 Haec
669 460 804 516 dicit
833 461 1099 517 Dominus
1121 465 1484 534 omnipotens.
1510 467 1744 519 Manum
1776 464 1990 520 media-
2018 466 2070 532 Α
2101 465 2262 522 viens
2296 470 2616 526 refrenetur
2644 477 2805 536 atas,
2857 477 2913 528 et
2943 490 3124 544 prona
3171 475 3228 530 in
3273 476 3411 531 vitia
3457 478 3632 532 corda
3664 482 3751 533 te-

339 551 504 622 toris,
529 551 852 624 potentiam
875 555 933 606 et
956 551 1228 607 virtutem
1252 554 1379 624 ejus
1405 553 1686 608 debemus
1708 553 1988 625 accipere.

336 641 444 706 Qui
475 657 608 696 cum
641 641 966 696 secundum
998 641 1204 707 Deum,
1236 659 1420 697 unum
1453 643 1530 698 sit
1560 642 1684 714 ipse
1714 659 1847 698 cum
1884 644 1991 699 Pa-

335 737 446 800 tre,
479 731 803 788 secundum
833 729 1169 786 mediatoris
1220 731 1479 787 ofﬁcium
1520 731 1670 788 alius
1701 733 1772 788 ab
1805 750 1870 788 eo
1901 733 1989 788 in-

332 819 639 893 telligitur.
673 819 820 884 Quia
847 834 981 874 vero
1010 817 1280 874 lectionis
1311 821 1450 876 ordo
1482 821 1762 877 confusus
1795 827 1902 892 est,
1934 827 1990 876 et

334 910 654 983 hyperbato
687 907 1084 980 perturbatur,
1115 909 1200 964 sic
1248 910 1421 965 nobis
1467 911 1800 967 reddendus
1829 910 1987 966 vide-

333 1004 460 1056 tur:
502 998 618 1054 Lex
649 998 840 1071 posita
864 1001 954 1053 est
996 1014 1100 1069 per
1130 998 1367 1071 angelos
1397 999 1457 1054 in
1491 1017 1667 1056 manu
1714 1001 1990 1056 mediato-

331 1089 438 1159 ris,
472 1093 707 1161 propter
751 1087 1253 1160 transgressiones
1295 1088 1562 1144 ordinata
1593 1105 1694 1161 per
1725 1090 1985 1162 angelos,

331 1178 520 1234 donec
549 1177 766 1232 veniret
795 1193 996 1232 semen
1028 1177 1121 1232 cui
1153 1177 1568 1249 repromissum
1585 1182 1739 1234 erat.
1773 1180 1986 1234 Semen

329 1272 532 1323 autem
563 1265 720 1322 haud
751 1266 998 1322 dubium
1029 1265 1170 1338 quin
1211 1266 1506 1322 Christum
1538 1266 1848 1340 signiﬁcet,
1884 1267 1984 1339 qui

328 1372 402 1412 ex
450 1353 707 1411 Matthzei
765 1371 997 1427 quoque
1055 1354 1340 1427 principio
1400 1357 1816 1429 comprobatur
1856 1372 1984 1412 esse

327 1445 491 1500 filius
539 1444 858 1500 Abraham.
909 1443 1210 1516 Scriptura
1257 1445 1578 1501 referente:
1628 1446 1786 1502 Liber
1821 1461 1984 1515 gene-

328 1534 563 1590 rationis
618 1537 751 1590 Jesu
819 1532 1025 1589 Christi
1098 1534 1209 1602 ﬁlii
1276 1534 1466 1604 David,
1537 1533 1648 1604 ﬁlii
1702 1535 1985 1592 Abraham

329 1623 543 1694 (Matth.
578 1640 614 1690 1,
651 1624 723 1691 1).

404 1713 584 1784 (Vers.
615 1712 833 1783 21-23.)
858 1735 884 1761 ‹‹
919 1712 1033 1767 Lex
1057 1727 1194 1785 ergo
1216 1713 1494 1769 adversus
1521 1713 1814 1785 promissa
1835 1714 1983 1770 Dei?

328 1802 516 1858 Absit.
551 1801 610 1858 Si
641 1801 796 1857 enim
826 1801 962 1856 data
992 1807 1144 1857 esset
1172 1800 1263 1856 lex
1294 1818 1420 1874 quae
1443 1807 1640 1874 posset
1668 1802 1978 1871 viviﬁcare,

325 1907 463 1947 vere
492 1907 560 1946 ex
584 1889 711 1963 lege
741 1895 895 1947 esset
915 1890 1172 1961 justitia.
1206 1891 1317 1946 Sed
1367 1891 1652 1947 conclusit
1682 1891 1982 1964 Scriptura

327 1979 531 2035 omnia
559 1980 674 2035 sub
695 1984 952 2052 peccato,
980 1984 1046 2035 ut
1071 1979 1360 2052 promisso
1381 1995 1449 2035 ex
1471 1979 1583 2036 ﬁde
1603 1979 1741 2036 Jesu
1767 1981 1981 2036 Christi

327 2070 568 2126 daretur
582 2069 976 2125 credentibus.
997 2069 1159 2124 Prius
1177 2072 1372 2124 autem
1385 2085 1562 2140 quam
1581 2069 1977 2137 veniretﬁdes,

328 2159 443 2214 sub
473 2158 600 2232 lege
620 2157 1118 2229 custodiebamur,
1142 2157 1400 2214 conclusi
1424 2159 1481 2213 in
1505 2175 1633 2214 eam
1656 2159 1830 2214 ﬁdem
1854 2176 1980 2231 qua

331 2247 642 2304 revelauda
672 2253 812 2304 erat.
849 2271 878 2298 ››
917 2248 1081 2304 Sicut
1105 2247 1392 2303 mediator
1432 2247 1530 2303 Dei
1562 2253 1620 2304 et
1649 2248 1979 2317 hominum,

328 2338 488 2393 inter
518 2338 751 2392 dantem
782 2341 839 2392 et
861 2337 1240 2410 accipientem
1259 2336 1446 2409 legem
1474 2336 1703 2392 medius
1725 2337 1836 2392 fuit
1861 2355 1872 2392 :
1903 2337 1984 2392 ita

325 2442 401 2484 ex
432 2427 583 2498 ipsa,
617 2442 740 2496 qua
788 2429 920 2496 post
963 2424 1477 2497 repromissionem
1527 2426 1662 2480 data
1693 2429 1800 2496 est,
1834 2425 1985 2480 inter

326 2513 848 2586 repromissionem
868 2518 926 2569 et
947 2513 1396 2585 completionem
1419 2514 1547 2584 ejus
1573 2513 1766 2568 media
1787 2513 1985 2570 subre-

326 2603 472 2675 psit.
504 2603 638 2667 Quie
666 2619 779 2658 non
807 2603 1022 2660 idcirco
1053 2603 1392 2659 arbitranda
1421 2608 1511 2658 est
1532 2603 1982 2675 promissionem

327 2691 678 2758 excludere;
710 2693 849 2764 quia
880 2698 1082 2764 postea
1123 2693 1437 2748 subsecuta
1479 2708 1628 2763 eam,
1664 2709 1788 2763 qua:
1820 2692 1984 2764 prius

327 2781 463 2852 fuit,
495 2781 723 2837 videtur
764 2781 1032 2850 abolere;
1085 2783 1188 2838 sed
1219 2799 1288 2838 ex
1335 2798 1400 2837 eo
1441 2782 1596 2854 quod
1648 2798 1763 2837 non
1796 2781 1986 2853 potuit

330 2870 646 2938 viviﬁcare,
678 2887 782 2926 nec
812 2871 870 2925 id
903 2871 1159 2926 tribuere
1190 2871 1346 2943 quod
1388 2870 1765 2942 repromissio
1797 2870 1986 2942 prima

331 2958 594 3035 pollicita
643 2964 751 3032 est,
805 2959 1180 3015 manifestum
1228 2966 1318 3015 est
1347 2960 1502 3015 443
1551 2961 1609 3014 in
1655 2959 1985 3015 custodiam

332 3063 468 3103 eam
502 3049 992 3120 repromissionis,
1027 3065 1142 3104 non
1173 3049 1233 3103 in
1288 3049 1728 3104 subversionem
1764 3050 1980 3103 datam.

334 3136 399 3192 Si
430 3137 584 3192 enim
616 3138 752 3192 data
780 3143 936 3193 esset
963 3137 1055 3193 lex
1085 3154 1212 3210 quae
1256 3143 1451 3209 posset
1480 3142 1752 3209 praestare
1782 3136 1982 3204 vitam,

2103 561 2372 624 neantur,
2408 559 2549 615 dum
2572 564 2770 618 tenera
2796 561 3011 618 studiis
3036 563 3302 619 eruditur
3330 565 3577 622 infantia
3596 572 3654 623 et
3675 568 3747 622 ad

2101 648 2354 717 majores
2384 648 2766 722 philosophiae
2800 669 2865 706 ac
2896 652 3158 724 regendze
3190 653 3520 725 reipublicae
3551 657 3642 712 dis
3667 655 3748 712 ci-

2100 734 2311 806 plinas,
2347 743 2504 794 metu
2552 757 2734 811 pinna;
2768 741 3016 796 coercita
3070 747 3448 815 praeparatur.
3501 743 3627 800 Non
3657 751 3748 802 ta-

2101 839 2234 878 men
2271 827 2648 900 praedagogus
2674 830 2956 902 magister
2984 834 3039 885 et
3061 835 3224 902 pater
3248 835 3356 900 est,
3381 847 3488 888 nec
3515 831 3752 890 haeredi-

2099 917 2278 968 tatem
2310 919 2368 970 et
2397 915 2701 972 scientiam
2736 919 3037 991 paedagogi
3088 919 3139 975 is
3189 919 3288 991 qui
3319 920 3609 988 eruditur,
3649 938 3747 978 ex-

2099 1007 2360 1075 spectat;
2394 1005 2494 1060 sed
2543 1006 2802 1062 alienum
2851 1008 3109 1064 custodit
3137 1007 3322 1064 ﬁlium
3372 1011 3748 1085 paedagogus,

2097 1091 2168 1146 ab
2200 1107 2265 1146 eo
2289 1097 2595 1164 postquam
2620 1093 2717 1149 ille
2739 1095 2807 1150 ad
2834 1094 3161 1167 legitimum
3184 1098 3478 1169 capiendae
3508 1099 3752 1156 haeredi-

2096 1177 2232 1233 tatis
2262 1184 2496 1252 tempus
2529 1182 2846 1249 advenerit,
2878 1199 3237 1254 recessurus,
3270 1184 3532 1258 Denique
3563 1191 3619 1243 et
3649 1204 3748 1244 no-

2097 1283 2231 1322 men
2263 1269 2562 1342 paedagogi
2600 1271 2709 1326 hoc
2739 1271 2936 1344 ipsum
2959 1276 3144 1344 sonat,
3166 1278 3222 1329 et
3246 1278 3333 1330 est
3355 1275 3745 1347 compositum

2096 1356 2168 1411 ab
2199 1373 2266 1412 eo
2298 1358 2451 1429 quod
2485 1375 2697 1430 pueros
2753 1365 2908 1433 agat,
2938 1361 2996 1416 id
3051 1365 3140 1417 est
3188 1363 3409 1420 ductet.
3459 1364 3659 1437 Itaque
3692 1369 3750 1421 et

2095 1445 2279 1517 Moysi
2311 1446 2421 1511 lex,
2454 1448 2668 1520 populo
2713 1448 3057 1516 lascivienti,
3108 1451 3180 1506 ad
3224 1451 3413 1509 instar
3443 1454 3745 1528 paedagogi

2093 1534 2399 1592 severioris
2430 1537 2696 1608 apposita
2726 1543 2832 1606 est,
2880 1543 2947 1594 ut
2995 1540 3313 1597 custodiret
3340 1558 3459 1612 eos,
3492 1546 3550 1598 et
3579 1543 3744 1599 futu-

2091 1641 2167 1679 rae
2200 1624 2332 1680 fidei
2364 1631 2734 1699 prwpararet,
2783 1644 2909 1700 quae
2955 1633 3266 1702 postquam
3316 1631 3493 1700 venit,
3527 1636 3583 1687 et
3612 1648 3741 1688 cre-

2091 1712 2352 1769 didimus
2384 1714 2442 1768 in
2473 1715 2787 1786 Christum,
2825 1717 2953 1788 jam
3005 1734 3120 1773 non
3150 1735 3358 1775 sumus
3410 1719 3520 1775 sub
3552 1721 3742 1791 paeda-

2091 1817 2260 1874 gogo,
2301 1807 2460 1859 tutor
2491 1821 2525 1859 a
2583 1805 2752 1860 nobis
2801 1811 3151 1879 curatorque
3209 1808 3538 1877 discedunt,
3587 1812 3745 1866 444

2091 1895 2147 1946 et
2175 1890 2505 1964 legitimum
2539 1894 2725 1949 aetatis
2756 1897 2990 1966 tempus
3032 1895 3322 1968 ineuntes,
3355 1898 3472 1953 veri
3504 1897 3606 1954 Dei
3637 1897 3745 1954 ﬁlii

2091 1980 2488 2047 nominamur,
2521 1983 2615 2036 cui
2665 1999 2770 2038 nos
2797 1988 3036 2056 generat
3085 2001 3201 2040 non
3248 1984 3340 2041 lex
3370 1985 3604 2053 abolita,
3637 1988 3742 2043 sed

2093 2074 2278 2126 mater
2306 2071 2470 2140 ﬁdes,
2504 2088 2630 2142 quae
2661 2077 2751 2128 est
2779 2073 2838 2127 in
2869 2072 3098 2128 Christo
3134 2073 3294 2129 Jesu.
3328 2075 3491 2139 Quod
3523 2075 3574 2130 si
3605 2075 3742 2146 quis

2092 2163 2223 2230 post
2275 2164 2747 2215 consummatum
2795 2161 2982 2216 astatis
3032 2178 3149 2217 suae
3197 2166 3452 2234 tempus,
3504 2164 3739 2235 quando

2087 2248 2208 2318 jam
2256 2248 2436 2303 haras
2495 2254 2550 2304 et
2582 2248 2730 2304 liber
2783 2253 2839 2305 et
2869 2249 3026 2305 ﬁlius
3083 2249 3435 2323 appellatur,
3493 2252 3743 2308 voluerit

2091 2353 2218 2392 esse
2249 2338 2358 2392 sub
2391 2338 2726 2410 paedagogo,
2754 2338 2902 2394 sciat
2931 2356 2993 2394 se
3016 2356 3132 2394 non
3156 2357 3327 2412 posse
3357 2341 3585 2414 legibus
3616 2358 3746 2414 par-

2090 2425 2208 2480 vuli
2240 2425 2446 2482 vivere.
2481 2426 2586 2482 Ubi
2618 2427 2774 2482 enim
2807 2445 2963 2484 nunc
3009 2428 3286 2500 compleri
3333 2434 3525 2502 potest
3553 2429 3697 2486 illud
3726 2446 3742 2487 :

2099 2515 2194 2568 Ter
2223 2517 2280 2569 in
2313 2531 2456 2571 anno
2479 2517 2773 2587 apparebit
2794 2532 2952 2572 omne
2974 2517 3342 2572 masculinum
3362 2526 3516 2574 tuum
3537 2521 3597 2575 in
3627 2533 3750 2575 con-

2091 2613 2280 2673 spectu
2307 2605 2528 2659 Domini
2567 2604 2668 2659 Dei
2721 2605 2804 2660 tui
2857 2605 3047 2676 (Exod.
3107 2624 3269 2676 xxm,
3322 2607 3430 2679 l7),
3470 2608 3753 2664 subversa

2093 2691 2440 2757 Jerusalem,
2473 2696 2530 2747 et
2557 2692 2774 2764 templo
2809 2711 2996 2765 usque
3047 2696 3119 2750 ad
3169 2695 3392 2752 cineres
3419 2697 3702 2769 dissipato
3723 2694 3752 2751 ‘2

2095 2778 2202 2834 Ubi
2225 2780 2511 2837 salutares
2541 2785 2597 2836 et
2619 2798 2721 2853 pro
2747 2787 2980 2846 peccato
3007 2782 3209 2838 hostias
3231 2783 3258 2837 ?
3281 2782 3389 2838 Ubi
3413 2785 3482 2838 ad
3511 2783 3755 2840 simula-

2096 2884 2260 2924 crum
2291 2869 2612 2925 cmlestium
2635 2870 2937 2946 ‘siderum,
2988 2871 3463 2928 holocaustorum
3495 2877 3749 2928 aeternus

2096 2956 2269 3029 ignis,
2303 2957 2472 3013 altari
2521 2957 2759 3013 omnino
2811 2960 3158 3014 destructo?
3204 2960 3572 3015 Noxiis‘vero
3618 2975 3746 3031 qua

2095 3047 2307 3118 poterit
2334 3063 2503 3117 poena
2531 3046 2782 3112 decerni,
2836 3047 3137 3118 Scriptura
3178 3047 3443 3104 dicente:
3475 3050 3750 3119 Auferetis

2095 3137 2304 3190 malum
2334 3135 2397 3190 de
2427 3134 2601 3190 medio
2622 3140 2863 3190 vestr-um
2893 3136 3074 3207 (Deut.
3098 3153 3220 3205 xm,
3254 3138 3328 3208 5),
3362 3137 3750 3194 servientibus

333 3230 394 3280 et
423 3225 480 3280 id
513 3226 668 3298 quod
701 3226 1078 3298 repromissio
1099 3228 1490 3299 spoponderat
1514 3225 1803 3294 exhibere,
1837 3241 1988 3280 vere-
2016 3211 2059 3278 C
2096 3225 2333 3291 Judazis,
2367 3229 2424 3278 et
2454 3223 2733 3280 Romanis
2756 3225 3185 3297 regnantibus?
3208 3230 3397 3297 Atque
3427 3226 3510 3282 ita
3540 3227 3658 3295 ﬁet,
3683 3230 3750 3282 ut

333 3314 651 3384 promissio
678 3331 780 3387 per
810 3315 996 3388 legem
1048 3320 1352 3387 putaretur
1397 3314 1650 3371 exclusa.
1685 3314 1850 3370 Nunc
1884 3331 1988 3368 au-

335 3408 455 3458 tem
486 3407 722 3476 propter
740 3404 1260 3476 transgressiones,
1285 3408 1349 3459 ut
1378 3421 1558 3476 supra
1585 3404 1861 3473 diximus,
1887 3419 1988 3475 po-

335 3493 472 3558 sita,
495 3492 684 3565 magis
708 3493 902 3565 arguit
921 3509 1018 3548 eos
1042 3497 1395 3564 peccatores,
1414 3493 1631 3564 quibus
1655 3497 1784 3562 post
1800 3508 1990 3564 repro~

335 3581 678 3637 missionem
712 3582 772 3637 in
795 3583 1148 3650 custodiam,
1176 3587 1250 3650 et,
1276 3589 1339 3637 ut
1362 3582 1444 3637 ita
1473 3582 1686 3653 dicam,
1711 3582 1769 3637 in
1803 3598 1990 3636 carce-

332 3686 464 3725 rem
493 3671 628 3725 data
683 3675 791 3738 est,
839 3676 906 3726 ut
961 3671 1101 3742 quia
1139 3671 1364 3726 arbitrii
1427 3670 1754 3727 libertatem
1787 3670 1988 3726 nolue-

333 3763 474 3814 rant
504 3758 839 3816 innocentes
887 3765 1222 3832 exspectare
1271 3759 1651 3831 promissum,
1702 3758 2000 3832 legalibus

331 3847 590 3904 vinculis
614 3849 915 3921 praepediti
947 3851 990 3916 ί,
1022 3853 1078 3904 et
1105 3848 1164 3903 in
1202 3848 1542 3904 servitutem
1576 3849 1988 3904 mandatorum

335 3937 586 4006 redacti,
664 3938 1066 3993 custodierunt
1141 3938 1200 3992 in
1277 3938 1591 3993 adventum
1662 3937 1870 3991 futurze
1927 3937 1988 3992 in

333 4025 572 4082 Christo
606 4025 756 4097 ﬁdei,
800 4044 924 4098 quae
983 4027 1160 4082 ﬁnem
1218 4025 1691 4098 repromissionis
1737 4026 1984 4080 aﬁ'erret.

335 4115 454 4170 Nec
488 4129 619 4170 vero
668 4115 1081 4171 aestimandum
1129 4115 1492 4188 Scripturam
1537 4120 1833 4170 auctorem
1864 4130 1991 4170 esse

335 4204 582 4276 peccati,
610 4204 750 4276 quia
780 4204 978 4260 omnia
1005 4205 1115 4260 sub
1160 4209 1394 4277 peccato
1442 4203 1801 4260 conclusisse
1831 4203 1990 4258 dica-

225 4315 232 4326 ·
337 4297 458 4348 tur.
484 4309 617 4348 cum
642 4294 986 4348 mandatum
1009 4293 1163 4364 quod
1191 4294 1405 4363 exjure
1427 4293 1781 4365 praecipitur,
1805 4297 1992 4348 osten-

336 4381 440 4437 dat
457 4382 654 4453 potius
675 4387 995 4454 arguatque
1029 4387 1352 4453 peccatum,
1375 4398 1552 4453 quam
1571 4383 1646 4437 sit
1667 4399 1845 4437 causa
1867 4398 1994 4453 pec-

334 4470 478 4537 cati,
513 4471 808 4534 Quomodo
835 4478 890 4527 et
911 4472 1094 4543 judex
1117 4488 1231 4527 non
1263 4476 1353 4526 est
1382 4475 1584 4525 auctor
1614 4470 1869 4537 sceleris,
1901 4486 1994 4525 ne-

337 4576 519 4633 quam
546 4558 814 4616 homines
843 4561 1148 4616 vinciendo
1173 4577 1187 4616 :
1221 4561 1319 4615 sed
1344 4559 1638 4616 concludit
1657 4577 1776 4627 eos,
1801 4564 1992 4636 et.no-
2023 4583 2068 4647 D

339 4655 539 4705 centes
569 4649 871 4705 sententiae
895 4667 1014 4705 suae
1047 4650 1392 4705 auctoritate
1417 4649 1775 4720 pronuntiat,
1807 4653 1872 4703 ut
1901 4649 1995 4704 de-

338 4738 496 4794 bitos
527 4755 711 4810 pinnae
741 4738 1106 4812 indulgentia
1148 4743 1351 4810 postea
1381 4738 1430 4793 si
1472 4738 1740 4803 voluerit,
1776 4738 1990 4809 princi-

339 4826 492 4900 palis
525 4827 810 4884 absolvat.

415 4915 598 4988 (Vers.
658 4918 876 4989 24-26.)
909 4941 938 4969 «
996 4919 1195 4990 Itaque
1252 4916 1344 4973 lex
1404 4918 1755 4989 paedagogus
1797 4920 1997 4973 noster

340 5005 456 5062 fuit
485 5005 542 5060 in
575 5007 806 5063 Christo
836 5009 878 5073 ³,
910 5013 974 5063 ut
1019 5024 1087 5063 ex
1127 5008 1241 5062 ﬁde
1283 5007 1768 5078 justiﬁcaremur.
1808 5009 1872 5061 At
1897 5005 1996 5061 ubi

338 5095 501 5150 venit
530 5096 699 5161 ﬁdes,
725 5097 854 5167 jam
886 5114 999 5152 non
1031 5097 1142 5152 sub
1174 5096 1486 5168 paedagogo
1519 5112 1750 5150 sumus.
1783 5094 1997 5150 Omnes

341 5184 500 5239 enim
534 5183 641 5239 filii
674 5185 770 5240 Dei
805 5187 948 5241 estis
1002 5203 1106 5258 per
1164 5186 1362 5241 ﬁdem.
1394 5202 1517 5255 quae
1549 5189 1639 5240 est
1670 5186 1730 5239 in
1765 5184 1996 5240 Christo

337 5272 507 5327 Jesu.
544 5296 571 5323 ››
619 5273 979 5347 Pedagogus
1027 5273 1287 5345 parvulis
1331 5273 1685 5345 assignatur,
1727 5277 1791 5328 ut
1821 5272 1996 5328 lasci-

418 5454 437 5526 f
472 5455 613 5526 Huc,
652 5453 994 5526 referendus
1051 5453 1499 5526 Chrysostomus
1547 5450 1752 5507 homil.
1817 5451 1882 5526 lO
1918 5452 1999 5526 fin

334 5524 511 5596 epist.
547 5525 619 5580 ad
647 5525 965 5590 Romanos,
1019 5525 1119 5580 ubi
1159 5524 1375 5580 idcirco
1422 5525 1610 5596 legem
1657 5525 1870 5596 asserit
1899 5525 1998 5596 da-

334 5594 484 5661 tam,
522 5597 803 5669 ut_multo
836 5597 1026 5653 acrius
1046 5597 1284 5653 Judzeos
1305 5594 1651 5669 spontéjam
1685 5594 2001 5669 illiberales

334 5675 405 5726 ac
433 5667 758 5726 dissolutos
789 5673 1148 5741 coargueret.
1201 5666 1501 5725 Vide’ndus
1529 5666 1588 5725 et
1625 5668 1683 5725 S.
1714 5666 1996 5740 Augusti-

629 5793 908 5861 PA'i'nOL.’
943 5795 1161 5862 XXVI.

2099 3330 2203 3368 nec
2233 3313 2343 3368 sub
2374 3316 2559 3384 patre,
2592 3329 2696 3368 nec
2746 3314 2854 3369 sub
2900 3315 3210 3386 paedagogo
3257 3315 3487 3371 vivant:
3523 3315 3664 3370 dum
3691 3319 3751 3371 et

2098 3403 2190 3457 lex
2219 3401 2447 3473 impleri
2483 3419 2597 3456 non
2638 3407 2828 3475 potest
2859 3408 2991 3476 post
3041 3405 3471 3460 successionem
3504 3404 3664 3472 ﬁdei,
3696 3408 3755 3460 et

2098 3492 2242 3547 ﬁdes
2271 3492 2414 3546 dum
2454 3492 2770 3564 paedagoga
2801 3491 2890 3548 lex
2920 3491 3235 3565 appetitur,
3278 3510 3392 3550 non
3423 3497 3676 3550 tenetur.

2170 3580 2335 3652 (Vers
2361 3581 2454 3647 27,
2484 3582 2598 3653 28.)
2635 3603 2660 3630 «
2684 3581 3025 3654 Quicunque
3047 3583 3206 3638 enim
3231 3582 3290 3638 in
3311 3582 3538 3639 Christo
3566 3583 3755 3655 bapti-

2098 3669 2208 3724 zati
2236 3669 2398 3736 estis,
2429 3668 2725 3725 Christum
2757 3670 3054 3726 induistis.
3088 3671 3213 3726 Non
3243 3675 3332 3727 est
3359 3671 3622 3742 Judeus,
3654 3687 3756 3729 ne-

2100 3775 2211 3830 que
2243 3758 2495 3814 Graecus.
2532 3759 2658 3813 Non
2689 3763 2779 3815 est
2809 3775 3035 3823 servus,
3069 3777 3257 3832 neque
3305 3759 3472 3816 liber.
3505 3761 3632 3818 Non
3664 3764 3755 3817 est
3830 3808 3844 3824 ,

2101 3847 2419 3912 masculus,
2453 3863 2640 3919 neque
2687 3847 2922 3903 femina.
2974 3847 3190 3904 Omnes
3221 3849 3379 3904 enim
3430 3867 3533 3907 vos
3563 3865 3752 3906 unum

2099 3936 2240 3992 estis
2271 3937 2329 3990 in
2353 3936 2580 3992 Christo
2601 3941 2762 3993 Jesu.
2794 3960 2821 3986 »
2851 3938 3151 4004 Quomodo
3178 3937 3282 3991 ﬁlii
3305 3937 3405 3993 Dei
3426 3955 3530 4010 per
3550 3939 3750 4006 ﬁdem,

2101 4042 2225 4096 quae
2243 4025 2411 4080 estin
2434 4025 2665 4082 Christo
2687 4026 2846 4095 Jesu,
2873 4031 3206 4094 nascamui‘,
3232 4027 3487 4082 ostendit
3507 4027 3709 4083 dicens
3733 4043 3748 4082 :

2100 4116 2424 4187 Quicunque
2449 4116 2598 4169 enim
2622 4116 2682 4169 in
2716 4114 2927 4170 Christo
2983 4115 3247 4185 baptizati
3283 4115 3432 4182 estis,
3477 4114 3751 4171 Christum

2102 4202 2386 4258 induistis.
2412 4204 2574 4268 Quod
2595 4208 2789 4258 autem
2810 4203 3075 4258 Christus
3099 4203 3176 4256 sit
3194 4203 3752 4276 indumentum,nou

2101 4291 2293 4347 solum
2329 4292 2397 4346 de
2430 4293 2700 4363 praesenti
2734 4291 2878 4356 loco,
2908 4307 3106 4346 verum
3143 4290 3314 4346 etiam
3351 4292 3420 4348 de
3451 4291 3562 4348 alio
3593 4308 3754 4349 com-

2103 4381 2402 4451 probatur,
2466 4380 2642 4434 Paulo
2698 4380 2900 4434 eodem
2960 4380 3338 4438 cohortante:
3401 4381 3612 4438 Induite
3666 4397 3758 4440 vos

2105 4469 2394 4524 Dominum
2421 4469 2606 4523 Jesum
2655 4467 2929 4522 Christum
2959 4470 3131 4539 (Rom.
3181 4485 3308 4525 xm.
3343 4471 3452 4542 14).
3486 4470 3546 4526 Si
3577 4471 3758 4543 igitur

2101 4557 2201 4630 qui
2232 4557 2291 4610 in
2325 4556 2553 4612 Christo
2587 4555 2862 4628 baptizati
2892 4563 3050 4627 sunt,
3084 4558 3383 4614 Christum
3411 4559 3755 4629 induerunt,

2104 4646 2483 4702 manifestum
2518 4650 2606 4702 est
2635 4661 2734 4702 eos
2765 4647 2865 4718 qui
2897 4664 3011 4703 non
3045 4652 3183 4703 sunt
3213 4648 3401 4702 induti
3433 4647 3755 4714 Christum,

2104 4754 2217 4791 non
2251 4734 2430 4792 fuisse
2460 4735 2784 4807 baptizatos
2814 4735 2874 4790 in
2905 4736 3153 4792 Christo.
3202 4737 3288 4790 Ad
3336 4752 3433 4791 eos
3465 4736 3622 4790 enim
3654 4735 3760 4808 qui

2104 4825 2307 4882 ﬁdeles
2335 4830 2392 4880 et
2439 4825 2733 4897 baptisma
2773 4825 2990 4881 Christi
3039 4825 3333 4881 consecuti
3372 4825 3754 4898 putabantur,

2105 4914 2326 4970 dictum
2357 4920 2479 4970 est:
2515 4915 2731 4970 Induite
2776 4931 2872 4971 vos
2913 4917 3207 4971 Dominum
3245 4917 3428 4971 Jesum
3460 4915 3756 4974 Christum.

2108 5003 2168 5059 Si
2200 5004 2333 5074 quis
2365 5004 2473 5059 hoc
2507 5021 2851 5076 corporeum
2883 5008 2939 5060 et
2969 5005 3124 5075 quod
3153 5005 3338 5060 oculis
3376 5005 3569 5060 carnis
3601 5006 3759 5078 aspi-

2108 5093 2280 5160 citur,
2313 5110 2476 5165 aquae
2509 5099 2741 5149 tantum
2787 5093 2996 5164 accipit
3051 5093 3368 5162 lavacrum,
3401 5111 3517 5150 non
3549 5100 3637 5150 est
3666 5095 3762 5151 in-

2109 5182 2288 5236 dutus
2322 5181 2636 5236 Dominum
2663 5182 2866 5237 Jesum
2915 5182 3231 5238 Christum.
3283 5182 3430 5238 Nam
3469 5188 3526 5238 et
3557 5184 3762 5240 Simon

2106 5269 2202 5325 ille
2253 5271 2324 5325 de
2377 5270 2621 5325 Actibus
2667 5269 3064 5343 apostolorum
3111 5275 3414 5344 acceperat
3460 5271 3761 5330 lavacrum

2109 5467 2224 5505 nus
2253 5447 2355 5504 lib.
2390 5467 2430 5505 11
2461 5453 2649 5505 contra
2677 5450 2990 5506 lulianum.

2179 5523 2201 5555 ²
2231 5521 2687 5596 AdditPalatin.
2743 5539 2852 5596 ms.
2917 5538 3130 5578 nomen
3186 5524 3336 5581 Jesu.
3383 5525 3532 5581 Tum
3562 5523 3767 5596 iustiﬁ-

2109 5610 2300 5650 cemur
2329 5593 2486 5668 legit,
2521 5609 2622 5665 pro
2643 5594 3098 5667 justiﬁcaremur.

3370 5795 3442 5856 13
