4144 6202
405 336 520 400 393

1651 333 1714 392 S.
1762 332 2075 395 EUSEBII
2121 332 2564 394 HlERONYMI

3700 331 3820 393 396

405 484 569 540 aquae
600 468 734 537 (Act.
758 481 880 532 νιιι,
915 465 1003 536 13)
1033 481 1046 522 :
1078 481 1279 521 verum
1305 464 1444 537 quia
1469 465 1740 520 sanetum
1761 465 2048 536 Spiritum
2079 467 2134 532 Α
2164 467 2423 536 tempore
2452 465 2636 521 haeres
2685 463 2962 537 parvulus
3001 467 3110 532 est,
3163 462 3305 518 nihil
3341 462 3532 519 differt
3562 479 3596 520 a
3625 479 3818 536 servo,

403 573 518 612 non
549 555 818 622 habebat,
853 554 1097 610 indutus
1139 571 1252 609 non
1308 558 1432 610 erat
1484 553 1802 608 Christum.
1838 555 1906 608 Et
1935 553 2054 607 hae-

403 643 568 700 retici
615 641 702 698 vel
746 642 1076 715 hypocritae,
1128 647 1184 698 et
1230 641 1287 696 hi
1338 641 1438 712 qui
1487 640 1721 696 sordide
1763 641 2052 709 victitant,

403 733 553 792 445
589 732 860 788 videntur
915 731 1153 803 quidem
1203 731 1462 803 accipere
1519 730 1902 802 baptismum,
1951 730 2053 786 sed

403 823 599 879 nescio
657 838 732 877 an
786 820 1002 876 Christi
1059 820 1311 876 habeant
1365 819 1801 875 indumentum.
1859 820 2054 890 Itaque

407 911 844 968 consideremus
900 925 970 964 ne
1000 909 1144 964 forte
1202 909 1340 964 etin
1401 908 1570 963 nobis
1602 907 1816 979 aliquis
1848 907 2050 979 depre-

405 1000 718 1067 hendatur,
749 999 849 1070 qui
879 1013 947 1054 ex
973 1013 1039 1054 eo
1079 999 1233 1069 quod
1264 997 1478 1053 Christi
1527 1013 1643 1051 non
1673 994 1850 1051 habet
1878 995 2050 1050 indu-

407 1092 693 1158 mentum,
727 1091 1007 1161 arguatur
1035 1103 1153 1142 non
1183 1085 1513 1158 baptizatus
1537 1086 1597 1140 in
1629 1084 1876 1141 Christo.
1909 1087 2052 1140 Cum

407 1183 602 1236 autem
637 1178 771 1251 quis
801 1176 981 1232 semel
1011 1175 1308 1231 Christum
1329 1175 1574 1230 indutus
1601 1173 1795 1244 fuerit,
1828 1179 1886 1229 et
1919 1174 2056 1228 mis-

409 1285 512 1325 sus
542 1268 601 1323 in
629 1267 952 1334 ﬂammam,
985 1265 1240 1338 Spiritus
1271 1265 1455 1320 sancti
1492 1265 1699 1319 ardore
1727 1261 2051 1334 canduerit,

407 1373 527 1414 non
557 1354 926 1429 intelligitur,
958 1370 1167 1410 aurum
1200 1353 1276 1408 sit
1305 1370 1376 1409 an
1401 1357 1729 1424 argentum.
1764 1349 2054 1414 Quamdiu

409 1444 565 1502 calor
594 1459 853 1502 massam
885 1443 969 1500 sic
995 1443 1276 1516 possidet,
1329 1459 1483 1497 unus
1512 1441 1722 1513 igneus
1758 1439 1915 1496 color
1944 1444 2053 1506 est,

406 1542 461 1590 et
491 1534 684 1590 omnis
715 1533 1023 1590 diversitas
1074 1530 1322 1604 generis,
1375 1529 1730 1585 conditionis
1761 1533 1818 1584 et
1847 1543 2053 1600 corpo-

407 1640 538 1680 rum
572 1624 833 1679 aufertur
862 1619 1197 1677 istiusmodi
1230 1619 1600 1675 vestimento.
1634 1621 1752 1673 Non
1783 1625 1868 1673 est
1898 1617 2055 1672 enim

404 1713 654 1778 Iudaeus,
686 1727 861 1783 neque
919 1709 1150 1765 Graecus.
1206 1707 1314 1762 Pro
1367 1708 1560 1763 Graeco
1591 1706 1866 1779 gentilem
1900 1706 2055 1762 acci-

315 1870 322 1874 _
407 1817 542 1874 pere
572 1802 854 1858 debemus
886 1801 926 1868 ¹,
959 1798 1097 1871 quia
1123 1793 1362 1866 Ἕλλην,
1395 1802 1451 1853 et
1480 1797 1743 1852 Graecum
1775 1800 1830 1851 et
1857 1795 2054 1850 Ethni-
2086 1839 2132 1904 B

408 1907 544 1948 eum
577 1895 894 1960 utrumque
926 1887 1236 1960 signiﬁcat.
1274 1886 1389 1942 Nec
1419 1885 1657 1940 Judaeus
1687 1883 1902 1940 idcirco
1935 1900 2054 1939 me-

405 1979 517 2036 lior
571 1983 660 2037 est
689 1978 828 2052 quia
887 1977 1269 2033 circumcisus
1325 1980 1436 2038 est,
1496 1989 1601 2030 nec
1658 1973 1896 2045 gentilis
1925 1974 2054 2029 ideo

409 2069 659 2126 deterior
686 2068 825 2139 quia
855 2066 1207 2140 preputium
1242 2065 1416 2120 habet
1443 2081 1456 2132 ;
1509 2064 1609 2119 sed
1642 2080 1744 2136 pro
1776 2062 2056 2135 qualitate

409 2159 566 2230 ﬁdei,
597 2155 685 2212 vel
714 2155 955 2212 Judeeus
984 2155 1071 2210 vel
1099 2154 1332 2210 Graecus
1381 2151 1607 2220 melior,
1657 2152 1775 2207 sive
1806 2151 2059 2208 deterior

410 2251 519 2306 est.
552 2245 748 2303 Servus
790 2259 1023 2317 quoque
1071 2248 1122 2298 et
1152 2243 1310 2313 liber,
1361 2258 1475 2297 non
1527 2241 1859 2296 conditione
1890 2257 2054 2312 sepa-

410 2342 635 2406 rantur,
668 2335 767 2391 sed
800 2334 937 2400 ﬁde,
971 2331 1108 2404 quia
1161 2335 1351 2403 potest
1379 2336 1436 2385 et
1483 2347 1686 2385 servus
1715 2329 1897 2385 libero
1929 2345 2057 2386 esse

412 2425 636 2492 melior,
671 2429 729 2478 et
755 2422 904 2477 liber
933 2437 1165 2477 servum
1215 2420 1274 2474 in
1325 2417 1459 2473 ﬁdei
1493 2419 1773 2490 qualitate
1812 2435 2056 2489 praever-

409 2517 550 2570 tere.
581 2511 852 2568 Masculus
902 2509 1174 2565 similiter
1231 2512 1286 2563 et
1339 2509 1571 2578 /emina,
1631 2507 1970 2563 fortitudine
2003 2510 2060 2562 et

408 2599 820 2658 imbecellitate
851 2613 1159 2670 corporum
1190 2601 1556 2668 separantur.
1598 2600 1879 2650 Caeterum
1913 2595 2057 2651 ﬁdes

408 2707 513 2765 pro
544 2688 759 2746 mentis
791 2678 1095 2745 devotione
1141 2691 1430 2753 censetur,
1481 2691 1538 2741 et
1583 2701 1734 2757 saepe
1773 2685 1962 2740 evenit
1991 2689 2058 2742 ut

409 2785 467 2838 et
495 2779 708 2836 mulier
735 2778 858 2834 viro
903 2793 1083 2832 causa
1129 2773 1339 2830 salutis
1389 2775 1511 2841 ﬁat,
1553 2780 1610 2830 et
1638 2773 1942 2830 mulierem
1974 2775 2060 2829 vir

409 2870 470 2926 in
501 2869 782 2942 religione
812 2865 1118 2939 praecedat.
1168 2865 1313 2921 Cum
1359 2869 1556 2920 autem
1605 2865 1689 2919 ita
1719 2879 1779 2919 se
1829 2880 1922 2919 res
1954 2864 2057 2919 ha-

409 2961 563 3033 beat,
595 2964 651 3016 et
679 2963 802 3015 tota
828 2955 1133 3012 diversitas
1177 2955 1429 3028 generis,
1465 2953 1814 3009 conditionis
1844 2958 1902 3008 et
1931 2970 2056 3008 cor-

409 3065 644 3122 porum,
676 3047 890 3103 Christi
921 3044 1292 3118 baptismate,
1315 3048 1372 3099 et
1402 3044 1744 3098 indumento
1771 3040 1929 3097 illius
1962 3058 2060 3098 au-

411 3139 650 3204 feratur,
684 3151 888 3191 omnes
943 3150 1129 3190 unum
1162 3150 1368 3189 sumus
1427 3133 1484 3188 in
1517 3133 1745 3188 Christo
1787 3133 1959 3188 Jesu:
1995 3135 2059 3186 ut

2165 570 2297 608 cum
2329 554 2407 609 sit
2438 553 2722 609 Dominus
2745 555 3031 620 omnium,
3063 553 3162 609 sed
3197 554 3307 609 sub
3331 553 3627 610 tutoribus
3653 560 3741 610 est
3761 559 3822 611 et

2164 644 2458 698 actoribus
2493 659 2679 715 usque
2711 644 2782 698 ad
2814 643 3167 716 praeﬁnitum
3205 646 3444 714 tempus
3499 658 3532 697 a
3560 641 3750 698 Patre.
3785 665 3813 694 η

2163 731 2354 787 Haeres
2409 731 2523 787 iste
2576 731 2873 804 parvulus,
2944 731 3045 804 qui
3105 730 3249 786 nihil
3310 729 3504 786 differt
3560 747 3594 787 a
3652 747 3817 788 servo

2164 837 2297 875 eum
2331 819 2407 876 sit
2437 821 2720 876 Dominus
2777 820 3063 889 omnium,
3125 820 3225 876 sed
3267 821 3378 876 sub
3433 820 3730 876 tutoribus
3763 825 3819 876 et

2164 909 2457 965 actoribus
2489 915 2602 976 est,
2631 927 2819 981 usque
2844 909 2914 965 ad
2939 909 3292 983 praﬁnitum
3312 913 3550 981 tempus
3571 925 3603 965 a
3629 915 3814 982 patre,

2163 1003 2350 1054 totum
2373 999 2700 1055 humanum
2723 1015 2907 1070 genus
2934 1014 3122 1071 usque
3144 999 3215 1054 ad
3237 999 3553 1055 adventum
3571 997 3816 1067 Christi,

2164 1091 2238 1151 et,
2274 1092 2339 1143 ut
2370 1087 2626 1160 amplius
2649 1089 2865 1155 dicam,
2897 1104 3086 1160 usque
3112 1087 3183 1143 ad
3213 1087 3421 1142 mundi
3445 1101 3820 1145 consumma-

2162 1176 2381 1232 tionem
2413 1177 2726 1250 significat.
2758 1178 3056 1242 Quomodo
3087 1177 3244 1233 enim
3291 1191 3497 1234 omnes
3529 1175 3589 1233 in
3622 1182 3816 1251 proto-

2165 1265 2354 1338 plasm
2384 1266 2590 1334 Adam,
2624 1267 2872 1322 necdum
2906 1267 3027 1322 nati
3077 1263 3450 1322 moriuntur:
3495 1266 3582 1322 ita
3609 1271 3666 1323 et
3694 1283 3817 1324 om-

2165 1370 2268 1411 nes
2299 1355 2474 1410 etiam
2524 1354 2607 1421 hi,
2668 1358 2805 1411 ante
2861 1356 3177 1411 adventum
3237 1355 3452 1412 Christi
3495 1356 3620 1411 nati
3659 1363 3817 1424 sunt,

2164 1444 2222 1498 in
2276 1445 2531 1500 secundo
2588 1445 2777 1500 Adam
2830 1444 3203 1500 viviﬁcantur
3259 1446 3308 1517 (ι
3365 1444 3492 1500 Cor.
3548 1459 3641 1514 xv,
3700 1445 3814 1515 2‘2).

2163 1534 2349 1605 Atque
2381 1533 2462 1588 ita
2492 1533 2577 1600 ﬁt,
2636 1538 2701 1589 ut
2726 1538 2782 1590 et
2837 1551 2945 1590 nos
2973 1533 3085 1607 legi
3139 1533 3515 1590 servierimus
3545 1535 3605 1589 in
3635 1533 3820 1607 patri-

2165 1623 2276 1677 bus
2300 1639 2312 1677 :
2348 1627 2405 1676 et
2427 1621 2508 1677 illi
2540 1623 2731 1694 gratia
2751 1622 3051 1678 salventur
3080 1623 3139 1678 in
3161 1623 3324 1679 ﬁliis.
3351 1623 3463 1680 Iste
3485 1622 3819 1680 intellectus

2165 1710 2430 1766 Ecclesiae
2485 1710 2785 1767 catholicas
2844 1711 3135 1780 convenit,
3196 1727 3323 1786 quea
3383 1716 3440 1768 et
3494 1713 3706 1769 veteris
3762 1718 3820 1770 et

2166 1800 2296 1855 novi
2326 1800 2687 1856 Testamenti
2740 1817 2920 1856 unam
2963 1800 3174 1857 asserit
3214 1800 3680 1872 providentiam:
3714 1815 3818 1858 nec

2165 1888 2478 1962 distinguit
2529 1889 2589 1944 in
2648 1895 2930 1962 tempore,
2983 1905 3130 1962 quos
3181 1889 3511 1946 conditione
3554 1891 3815 1947 sociavit.

2165 1976 2379 2032 Omnes
2411 1977 2677 2033 aediﬁcati
2732 1995 2940 2033 sumus
2969 1995 3147 2051 super
3195 1978 3647 2035 fundamentum
3677 1995 3816 2052 apo-

2165 2065 2446 2122 stolorum
2478 2071 2536 2122 et
2567 2065 3007 2138 prophetarum,
3050 2066 3382 2122 continente
3411 2083 3519 2124 nos
3549 2067 3820 2141 angulari

2166 2154 2358 2227 lapide
2386 2156 2524 2212 Jesu
2553 2155 2785 2212 Christo
2838 2157 3079 2212 Domino
3111 2159 3310 2212 nostro
3360 2156 3574 2230 (Ephes.
3607 2174 3673 2224 ιι,
3703 2155 3817 2230 20),

2167 2245 2266 2317 qui
2300 2245 2434 2301 fecit
2453 2250 2703 2317 utraque
2725 2262 2931 2315 unum,
2955 2250 3012 2300 et
3043 2245 3306 2302 medium
3345 2246 3626 2318 parietem
3651 2245 3821 2304 dissi-

2167 2350 2335 2405 pans,
2371 2333 2737 2390 inimicitiam
2793 2334 3101 2406 utriusque
3157 2334 3357 2408 populi
3410 2335 3472 2390 in
3509 2351 3618 2391 sua
3647 2352 3821 2393 carne

2167 2422 2456 2478 destruxit
2486 2422 2642 2494 (Ibid.
2681 2423 2788 2493 14),
2822 2427 2881 2478 et
2910 2423 3161 2494 antique:
3197 2422 3337 2495 legis
3386 2423 3821 2496 difficultatem,

2166 2503 2633 2584 evangelieorum
2658 2513 2999 2584 dogmatum
3029 2511 3362 2584 integritate
3386 2517 3652 2570 mutavit.
3675 2511 3822 2571 Vere

2166 2601 2226 2654 in
2257 2600 2484 2657 Christo
2511 2617 2714 2656 omnes
2745 2617 2899 2656 unus
2931 2600 3099 2673 panis
3137 2617 3345 2657 sumus
3385 2602 3434 2674 (I
3463 2603 3582 2658 Cor.
3615 2619 3671 2672 x,
3706 2592 3818 2676 17),

2167 2693 2224 2744 et
2255 2690 2371 2744 duo
2396 2689 2804 2746 consensimus
2832 2705 3010 2763 super
3039 2694 3254 2746 terram
3280 2691 3485 2762 (Matth.
3514 2707 3674 2763 xvm,
3705 2694 3816 2766 19).

2167 2783 2234 2833 Et
2263 2780 2552 2850 quomodo
2584 2795 2690 2835 nos
2741 2795 2919 2852 super
2947 2779 3261 2852 prophetas
3305 2780 3534 2837 fundati
3565 2798 3773 2839 sumus
3802 2797 3818 2840 :

2167 2867 2248 2922 ita
2277 2872 2333 2923 et
2358 2867 2700 2940 patriarcha:
2749 2867 2810 2923 in
2859 2868 3258 2941 apostolorum
3309 2870 3651 2927 fundamine
3680 2888 3819 2929 con-

2167 2957 2458 3012 stiterunt.
2520 2957 2764 3012 Tutores
2822 2961 3017 3012 autem
3077 2961 3133 3012 et
3179 2963 3425 3026 actores,
3474 2968 3718 3031 possunt
3764 2963 3824 3019 et

2167 3045 2459 3117 prophetae
2492 3045 2696 3117 accipi,
2730 3061 2978 3117 quorum
3009 3046 3201 3102 verbis
3226 3047 3491 3118 quotidie
3523 3047 3582 3104 in
3611 3049 3823 3106 adven-

2166 3137 2291 3188 tum
2321 3133 2635 3190 Salvatoris
2657 3134 3103 3190 erudiebamur:
3130 3135 3281 3191 sicut
3301 3136 3616 3210 paedagoga
3638 3136 3820 3213 Moysi

414 3224 708 3300 quomodo
737 3227 907 3279 Pater
936 3227 992 3278 et
1037 3221 1216 3277 Filius
1242 3221 1302 3277 in
1355 3239 1415 3276 se
1462 3238 1646 3276 unum
1698 3225 1856 3288 sunt,
1891 3222 1972 3276 ita
2004 3225 2061 3276 et
2091 3206 2133 3273 C
2168 3221 2260 3278 lex
2289 3239 2467 3295 supra
2515 3223 2763 3279 disserta
2791 3227 2914 3291 est;
2957 3227 3015 3279 et
3065 3223 3258 3297 angeli
3303 3206 3685 3297 parvulorum
3718 3206 3820 3300 qui

421 3333 530 3374 nos
559 3315 618 3372 in
649 3313 794 3387 ipsis
825 3328 1011 3367 unum
1043 3311 1230 3365 simus
1261 3310 1442 3381 (Joan.
1474 3327 1613 3380 xvu,
1645 3311 1772 3382 22).

2175 3312 2436 3383 quotidie
2465 3312 2665 3367 vident
2711 3312 2916 3368 faciem
2964 3312 3170 3383 Patris,
3223 3317 3279 3369 et
3308 3313 3685 3387 interpellant
3717 3331 3819 3388 pro

495 3406 682 3480 (Vers.
707 3403 822 3475 29.)
856 3423 884 3451 «
909 3400 966 3454 Si
996 3405 1193 3455 autem
1240 3416 1340 3454 vos
1374 3398 1610 3465 Christi,
1657 3415 1792 3471 ergo
1824 3400 2066 3456 Abrahae
2175 3401 2278 3456 eis.
2314 3406 2388 3456 De
2419 3401 2635 3473 quibus
2683 3401 2907 3457 dictum
2935 3408 3023 3458 est
3051 3418 3064 3456 :
3126 3403 3391 3459 lmmittet
3420 3407 3570 3460 44⁸1
3605 3407 3823 3478 angelos

421 3513 623 3556 semen
652 3493 816 3559 estis,
849 3490 1175 3546 secundum
1218 3487 1670 3561 promissionem
1707 3488 1991 3546 haeredes.
2036 3511 2064 3538 »

401 3570 568 3651 'Quia
612 3579 1097 3656 repromissiones
1152 3579 1224 3635 ad
1287 3578 1578 3634 Abraham
1636 3582 1692 3632 et
1747 3578 1820 3632 ad
1863 3595 2063 3634 semen

417 3675 547 3747 ejus
576 3673 738 3728 facta:
765 3673 922 3740 sunt,
979 3667 1135 3740 quod
1170 3672 1258 3722 est
1314 3667 1582 3722 Christus
1622 3667 1817 3738 Jesus,
1862 3684 2062 3723 conse-

416 3767 663 3838 quenter
692 3760 750 3816 hi
774 3759 874 3830 qui
897 3757 1110 3813 Christi
1141 3756 1266 3825 ﬁlii,
1292 3757 1350 3811 id
1383 3760 1471 3812 est
1491 3772 1690 3811 semen
1717 3757 1865 3826 ejus,
1901 3760 2061 3823 sunt,

414 3869 616 3911 semen
647 3865 880 3924 quoque
917 3847 1194 3902 dicuntur
1233 3845 1548 3914 Abraham,
1599 3846 1768 3916 cujus
1801 3849 1941 3900 sunt
1970 3861 2061 3900 se-

414 3959 548 3998 men
579 3958 648 3998 ex
701 3937 943 3996 semine.
1001 3935 1218 3991 Verum
1269 3934 1733 4007 quotiescunque
1777 3933 2061 3989 Dominus

415 4036 613 4089 noster
640 4031 816 4088 Jesus
847 4043 1045 4084 semen
1085 4025 1323 4081 Abrahae
1356 4024 1711 4094 nominatur,
1745 4023 2059 4096 corporali-

412 4127 502 4178 ter
530 4119 902 4177 sentiendum
933 4122 1041 4185 est,
1075 4116 1231 4188 quod
1264 4131 1332 4170 ex
1362 4114 1490 4185 ejus
1521 4113 1701 4186 stirpe
1729 4117 2057 4185 generetur.

414 4211 651 4274 Quoties
680 4213 876 4264 autem
917 4222 1044 4273 nos,
1106 4205 1206 4277 qui
1255 4202 1573 4259 Salvatoris
1632 4218 1898 4258 sermone
1929 4218 2058 4257 sus-

414 4303 600 4371 cepto,
633 4296 992 4354 credidimus
1035 4294 1093 4349 in
1142 4310 1299 4359 eum,
1332 4298 1388 4348 et
1434 4291 1796 4348 nobilitatem
1829 4291 2060 4364 generis

411 4386 678 4456 Abraha,
703 4386 772 4441 ad
796 4401 970 4456 quem
994 4388 1083 4439 est
1111 4381 1422 4455 promissio
1445 4382 1616 4452 facta,
1650 4379 2054 4452 suscepimus:

411 4482 553 4534 tunc
583 4473 964 4549 spiritualiter
992 4489 1192 4528 semen
1236 4472 1367 4528 ﬁdei
1400 4476 1456 4526 et
1507 4470 1933 4543 praedicationis
1963 4487 2056 4526 ac-

2171 3491 2394 3545 Domini
2423 3492 2481 3546 in
2510 3490 2741 3545 circuitu
2763 3492 3077 3547 timentium
3099 3508 3248 3560 eum,
3273 3501 3324 3548 et
3349 3496 3503 3549 eruet
3528 3509 3617 3550 eos
3644 3494 3820 3566 (Psal.

2173 3595 2367 3649 xxxm,
2399 3580 2474 3647 8).
2509 3579 2762 3635 Possunt
2808 3579 3054 3652 intelligi
3093 3584 3150 3636 et
3196 3583 3526 3638 sacerdotes
3570 3587 3627 3638 et
3659 3583 3821 3655 prin-

2171 3668 2349 3740 cipes,
2367 3669 2466 3740 qui
2496 3673 2622 3723 tum
2647 3667 2859 3740 populo
2884 3668 3186 3741 dominati,
3210 3687 3367 3726 nunc
3397 3671 3644 3727 formam
3677 3687 3820 3746 pra-

2169 3756 2305 3812 bere
2336 3762 2665 3812 censentur.
2696 3757 2766 3812 Et
2813 3763 2964 3814 recte
2997 3757 3055 3813 hi
3107 3760 3215 3814 sub
3246 3759 3545 3817 tutoribus
3577 3765 3634 3817 et
3662 3767 3820 3818 aeto-

2171 3845 2332 3901 ribus
2355 3862 2482 3903 esse
2504 3846 2800 3916 dicuntur,
2826 3847 2927 3918 qui
2958 3847 3248 3904 habentes
3275 3847 3549 3921 spiritum
3578 3849 3827 3917 timoris,

2171 3935 2420 3990 necdum
2453 3951 2717 3991 meruere
2747 3937 3019 4007 spiritum
3071 3935 3359 3994 libertatis
3389 3943 3445 3993 et
3488 3939 3823 4012 adoptionis

2169 4025 2429 4097 accipere
2460 4025 2632 4097 (Rom.
2683 4025 2953 4094 vm,15).
3014 4025 3172 4082 Ᾰίῐᾶε
3215 4027 3373 4082 enim
3429 4025 3688 4083 infantiae
3747 4023 3819 4084 ad

2169 4119 2403 4184 peccata
2434 4113 2726 4181 formidat,
2761 4114 3144 4187 paedagogum
3176 4115 3402 4180 metuit,
3437 4131 3553 4172 non
3584 4116 3827 4174 conﬁdit

2169 4218 2296 4259 esse
2327 4219 2389 4258 se
2418 4202 2687 4272 liberam,
2731 4202 2867 4258 licet
2897 4219 3000 4276 per
3045 4207 3315 4260 naturam
3354 4203 3592 4261 domina
3623 4207 3721 4262 sit.
3755 4210 3825 4262 Et

2167 4293 2490 4348 secundum
2524 4298 2836 4364 utramque
2868 4291 3313 4367 intelligentiam
3337 4310 3479 4363 ,qua
3507 4298 3732 4353 tutores
3763 4300 3823 4352 et

2168 4384 2411 4444 actores,
2442 4381 2530 4437 vel
2581 4381 2912 4453 prophetas,
2962 4380 3048 4437 vel
3099 4379 3338 4454 angelos
3377 4381 3654 4450 diximus,
3690 4397 3819 4455 par-

2168 4469 2337 4525 vulus
2368 4470 2476 4524 iste
2521 4469 2723 4525 tandiu
2756 4470 2865 4525 sub
2918 4469 3213 4526 actoribus
3261 4475 3354 4526 est
3400 4475 3576 4542 atque
3606 4471 3820 4527 tutori-

411 4567 602 4640 cipere
635 4565 939 4621 debemus.
984 4561 1205 4617 Deinde
1250 4561 1426 4616 etiam
1462 4561 1616 4615 446
1647 4559 1756 4615 hoc
1786 4560 2056 4615 conside-
2087 4580 2134 4645 D
2166 4559 2299 4626 bus,
2333 4559 2514 4614 donec
2543 4558 2871 4631 legitimum
2903 4558 3143 4628 perfecti
3190 4558 3297 4614 viri
3337 4563 3572 4632 tempus
3605 4559 3818 4633 imple-

408 4658 682 4724 randum,
712 4655 867 4728 quod
892 4651 1124 4724 quando
1148 4651 1218 4706 de
1242 4649 1480 4706 Domino
1499 4649 1758 4720 loquitur
1783 4667 1794 4703 :
1819 4650 2056 4707 Abrahae

406 4751 590 4803 autem
615 4745 778 4802 dicta:
831 4746 960 4798 sunt
1009 4740 1396 4813 promissiones
1423 4748 1474 4794 et
1526 4739 1725 4794 semini
1769 4737 1912 4807 ejus,
1945 4737 2052 4794 hoc

404 4841 493 4890 est
521 4833 747 4890 Christo
776 4832 917 4888 Jesu
974 4827 1458 4902 repromissiones
1508 4827 1810 4898 pluraliter
1850 4831 2047 4899 ponat.

405 4923 647 4990 Quando
676 4938 808 4977 vero
841 4922 912 4976 de
943 4919 1035 4975 his
1068 4917 1168 4992 qui
1207 4934 1309 4990 per
1353 4917 1648 4972 Christum
1681 4932 1877 4972 semen
1912 4921 2051 4972 sunt

403 5011 669 5078 Abrahae,
698 5009 1074 5082 singulariter
1095 5006 1472 5081 repromissio
1495 5011 1883 5077 nuncupetur,
1911 5011 1970 5060 ut
1990 5008 2049 5061 in

406 5100 677 5174 praesenti
707 5098 830 5154 loco
861 5116 873 5154 :
909 5100 1054 5171 Ergo
1085 5097 1316 5153 Abrahae
1363 5112 1546 5151 semen
1576 5097 1720 5160 estis,
1754 5095 2053 5151 secundum

400 5191 819 5264 promissionem
851 5187 1111 5244 ham-edes.
1149 5193 1362 5242 Decens
1395 5186 1608 5257 quippe
1644 5189 1766 5240 erat
1799 5191 1863 5240 ut
1893 5186 2049 5256 quod

403 5279 462 5335 in
495 5279 725 5334 Christo
778 5294 892 5332 uno
941 5275 1244 5348 pluraliter
1291 5274 1612 5342 dicebatur,
1656 5273 1712 5328 id
1745 5291 1814 5329 en
1850 5273 2051 5330 multis

403 5367 745 5425 hominibus
776 5364 1151 5438 singulariter
1181 5369 1509 5437 poneretur.
1542 5364 1820 5434 Sequitur
1848 5380 1860 5419 :

474 5457 633 5530 (Cap.
665 5457 759 5512 IV.
792 5485 861 5494 —-
892 5457 1055 5510 Vers.
1117 5454 1167 5524 1,
1212 5453 1290 5523 2.)
1322 5474 1349 5502 ‹‹
1412 5451 1547 5506 Dico
1578 5456 1794 5518 autem,
1829 5455 2047 5523 quanto

2165 4648 2310 4704 verit
2360 4648 2577 4720 (Ep/tes.
2630 4664 2705 4716 ιν,
2756 4648 2866 4716 13).
2919 4647 3271 4721 Legitimum
3327 4652 3524 4706 autem
3557 4651 3815 4722 tempus,

2165 4736 2317 4792 sicut
2346 4735 2624 4792 Romanis
2666 4737 2916 4808 legibus,
2966 4737 3172 4810 viginti
3220 4737 3482 4809 quinque
3523 4751 3814 4794 annorum

2165 4827 2350 4898 spatio
2381 4825 2750 4892 terminatur,
2800 4827 2882 4882 ita
2925 4826 2994 4881 ad
3046 4826 3288 4882 humani
3335 4827 3564 4899 generis
3595 4828 3815 4900 perfec-

2166 4915 2381 4972 tionem
2413 4915 2626 4970 Christi
2677 4920 2981 4988 reputatur
3026 4915 3330 4972 adventus.
3381 4916 3594 4972 Statim
3625 4922 3691 4973 ut
3721 4916 3816 4973 ille

2161 5004 2401 5070 venerit,
2457 5009 2512 5059 et
2568 5021 2771 5060 omnes
2828 4995 2887 5058 in
2941 5005 3130 5060 virum
3189 5006 3509 5078 perfectum
3569 5007 3817 5062 creveri-

2163 5111 2315 5164 mus,
2353 5094 2701 5166 paedagogus
2723 5110 2757 5148 θ.
2787 5094 2954 5148 nobis
2977 5098 3252 5166 tutorque
3282 5095 3613 5151 discedunt.
3649 5093 3818 5150 Tunc

2162 5184 2505 5239 auctoritate
2539 5183 2770 5238 Domini
2803 5188 2860 5238 et
2889 5183 3246 5241 haereditatis
3283 5183 3654 5257 possessione
3688 5200 3821 5256 per-

2161 5275 2442 5339 fruemur,
2477 5274 2536 5327 in
2569 5289 2686 5344 qua
2731 5272 2894 5344 prius
2927 5274 3047 5328 nati
3097 5275 3531 5346 quodammodo
3565 5273 3814 5346 putaba-

2161 5380 2295 5418 mur
2324 5361 2526 5418 alieni.

2230 5451 2413 5523 (Vers.
2443 5452 2521 5522 3.)
2569 5451 2718 5507 «Ita
2765 5456 2822 5507 et
2873 5469 3000 5521 nos,
3052 5469 3187 5509 eum
3236 5468 3503 5510 essemus
3559 5451 3813 5527 parvuli,

472 5602 487 5635 ¹
522 5601 626 5684 εἰειΔ
640 5598 869 5684 passim
897 5600 1119 5678 veteres
1141 5594 1468 5684 accipiunt:
1493 5612 1524 5650 ε
1555 5593 1770 5678 quibus
1794 5597 2050 5684 u’t‘et‘ec-

2167 5577 2435 5634 donensis
2482 5575 2713 5633 concilii
2757 5581 2960 5634 Patres
3007 5574 3178 5652 εΜῂτε
3221 5575 3504 5636 συνάπτειν
3546 5578 3685 5642 me:
3714 5577 3817 5659 γά-

2330 5665 2340 5684 Ι
2517 5663 2530 5684 9
2603 5665 2629 5684 Ἃ
2663 5665 2708 5684 ιιι
2786 5662 2808 5684 εδ
2858 5664 2868 5684 Ι
2983 5667 3008 5684 \\
3039 5665 3167 5684 υπηῒὶ
3369 5673 3377 5684 ι

398 5665 791 5740 clesiasticum
807 5667 1145 5744 quempiam
1168 5665 1464 5724 auctorem
1480 5665 1798 5737 nominem,
1815 5665 2048 5726 Chalce-

2162 5688 2259 5743 μον
2289 5663 2564 5745 αἱρετικῴ,
2595 5665 2629 5737 ἢ
2663 5662 2940 5743 Ἰουδαίῳ,
2975 5667 3010 5740 ἢ
3039 5665 3298 5746 Ἕλληνι,
3331 5673 3441 5730 etc.
