4144 6202
347 413 468 485 θθῖ

1011 422 1527 484 COMMENTAR.
1574 423 1652 483 IN
1706 427 1950 485 El’lST.
1998 426 2100 483 AD
2147 426 2431 486 GALAT.
2479 428 2628 488 LIB.
2680 431 2754 500 ll,
2803 435 2972 490 CAP.
3025 435 3127 492 IV.

3653 438 3772 495 398

353 556 462 613 sub
507 555 819 612 clementis
860 555 1040 626 hujus
1073 555 1278 610 mundi
1324 573 1560 611 eramus
1608 555 1945 613 servientes.
1978 577 2005 606 »
2038 558 2093 623 Α
2126 557 2229 610 tim
2265 559 2652 628 procedamus
2679 562 2748 616 ad
2784 578 3108 629 summum,
3131 568 3188 618 et
3216 566 3568 637 recipiamus
3599 569 3771 642 adop-

321 651 324 653 λ
351 645 654 702 Elementa
685 643 912 712 mundi,
939 644 1176 699 eosdem
1201 661 1348 716 quos
1371 661 1550 716 supra
1582 650 1806 701 tutores
1836 651 1892 700 et
1920 661 2010 700 ac-

349 737 512 792 tores
554 734 805 804 dixerat,
839 733 1151 806 appellavit
1186 749 1198 788 :
1232 735 1385 804 quod
1419 735 1527 789 sub
1575 734 1720 806 ipsis
1751 735 2009 806 primum

349 823 704 896 praesidibus
749 821 1076 886 constituti,
1111 821 1251 893 quia
1290 823 1539 878 necdum
1595 824 1693 878 Dei
1739 823 1865 878 Filii
1916 839 2010 880 ca-

347 919 484 985 pere
517 913 589 968 ad
623 928 730 967 nos
761 915 1105 983 poteramus
1139 911 1474 982 adventum,
1507 912 1924 973 erudiebamur
1952 913 2012 968 in

349 1001 566 1058 medio.
596 999 878 1055 Nonnulli
911 1016 1010 1054 eos
1049 1014 1179 1055 esse
1226 999 1464 1072 angelos
1499 1001 1880 1068 arbitrantur,
1913 1000 2015 1072 qui

347 1095 608 1163 quatuor
637 1087 839 1144 mundi
885 1088 1198 1143 elementis
1231 1089 1582 1160 priesideant
1616 1105 1628 1143 :
1664 1094 1827 1145 terra:
1857 1089 2010 1145 vide-

347 1180 511 1251 licet,
569 1195 750 1250 aquae,
804 1176 949 1248 igni,
1001 1181 1060 1232 et
1117 1178 1236 1233 aeri
1281 1195 1292 1232 :
1341 1183 1397 1232 et
1459 1194 1696 1234 necesse
1751 1195 1902 1246 esse,
1953 1183 2018 1234 ut

350 1270 699 1343 priusquam
729 1266 860 1338 quis
894 1266 1091 1322 credat
1118 1265 1179 1321 in
1211 1266 1461 1336 Christo,
1486 1266 1605 1323 illis
1640 1267 1879 1324 arbitris
1910 1285 2021 1342 gn-

343 1358 644 1416 bernetnr.
671 1354 972 1411 Elementa
1006 1355 1212 1410 mundi
1260 1355 1470 1410 ccelum
1501 1360 1559 1412 et
1588 1360 1832 1428 terram,
1867 1365 1923 1414 et
1953 1376 2021 1416 ea

333 1463 479 1521 quas
528 1447 684 1501 intra
726 1445 852 1501 haec
889 1450 1051 1510 sunt,
1102 1444 1365 1517 plerique
1414 1445 1710 1518 appellata
1760 1452 2018 1520 putant;

347 1537 506 1610 quod
556 1534 826 1591 videlicet
873 1534 1080 1599 solem,
1125 1533 1350 1600 lunam,
1389 1534 1598 1602 maria,
1634 1535 1913 1592 silvarum
1963 1544 2020 1594 et

349 1625 647 1682 montium
699 1625 860 1692 deos,
907 1628 966 1678 et
1017 1623 1312 1694 sapientes
1365 1623 1618 1695 Graecia,
1649 1629 1706 1680 et
1754 1626 2018 1682 Barbaros

345 1715 638 1784 nationes,
663 1712 1057 1784 Romanique,
1081 1711 1350 1767 omnium
1382 1713 1869 1784 superstitionum
1895 1729 2022 1771 sen‘

344 1808 496 1875 tina,
527 1807 880 1858 venerentur
923 1807 938 1856 ‘:
987 1800 1203 1871 quibus
1261 1815 1398 1856 cum
1449 1801 1722 1858 Christus
1773 1805 1997 1861 venerit

2119 645 2293 700 tionis
2328 646 2518 702 locum
2553 667 2726 720 quem
2761 652 3058 722 quondam
3091 653 3422 709 amisimus.

2191 734 2377 804 (Vers.
2412 737 2462 805 4,
2494 739 2574 808 5.)
2606 761 2633 788 ‹‹
2666 744 2740 793 At
2771 741 2870 794 ubi
2913 741 3071 796 venit
3118 741 3417 813 plenitudo
3461 748 3764 818 temporis,

2122 823 2456 909 misitDeus
2483 827 2691 882 Filium
2717 845 2893 883 suum
2920 831 3137 885 factum
3168 847 3236 886 ex
3266 832 3527 900 muliere,
3553 835 3769 892 factum

2122 913 2232 968 sub
2262 912 2387 985 lege
2421 931 2432 970 :
2471 921 2535 971 ut
2568 932 2666 972 eos
2698 919 2797 988 qui
2829 919 2939 974 sub
2970 917 3095 992 lege
3125 925 3310 986 erant,
3340 923 3669 992 redimeret,
3705 929 3772 981 ut

2123 1001 2495 1072 adoptionem
2574 1005 2829 1062 filiorum
2904 1009 3314 1080 reciperemus.
3370 1034 3398 1061 ››
3455 1011 3773 1085 Diligenter

2125 1091 2405 1147 attendite
2437 1095 2588 1165 quod
2639 1113 2753 1151 non
2787 1096 3012 1168 dixerit,
3043 1101 3252 1168 factum
3281 1115 3380 1169 per
3426 1101 3722 1159 mulierem
3753 1123 3770 1160 :

2126 1180 2283 1250 quod
2331 1179 2583 1238 Marcion
2616 1188 2672 1239 et
2701 1189 2915 1240 ceteris
2967 1186 3214 1244 haereses
3244 1189 3470 1262 volunt,
3504 1207 3630 1263 quas
3661 1207 3772 1264 pu-

2127 1267 2367 1324 tativam
2403 1270 2616 1326 Christi
2646 1289 2881 1329 carnem
2926 1274 3207 1331 simulant
3240 1295 3252 1332 :
3287 1279 3388 1334 sed
3418 1291 3488 1335 ea:
3516 1280 3775 1352 muliere,

2127 1359 2192 1411 ut
2222 1374 2335 1412 non
2371 1376 2473 1430 per
2514 1359 2698 1432 illam,
2727 1364 2878 1419 449
2910 1365 3011 1420 sed
3044 1382 3111 1420 ex
3139 1365 3240 1422 illa
3290 1372 3463 1425 natus
3492 1385 3622 1426 esse
3651 1387 3774 1429 cre~

2128 1446 2318 1502 datur.
2343 1450 2504 1511 Quod
2537 1456 2732 1506 autem
2761 1458 3023 1509 sanctam
3055 1459 3112 1509 et
3143 1456 3371 1511 beatam
3393 1458 3637 1514 Matrem
3669 1460 3779 1517 Do-

2131 1534 2298 1603 mini,
2357 1537 2687 1606 mulierem,
2749 1559 2862 1596 non
2917 1543 3214 1615 Virginem
3273 1547 3618 1613 nominavit,
3666 1548 3776 1606 hoc

2128 1624 2283 1679 idem
2315 1630 2368 1681 et
2409 1626 2467 1683 in
2507 1627 2816 1702 Evangelio
2863 1630 2998 1684 κατᾶ
3047 1629 3312 1686 Ματθαῗον
3358 1635 3638 1708 scriptum
3663 1641 3776 1710 est,

2129 1717 2364 1784 quando
2411 1733 2554 1772 uxor
2605 1717 2935 1790 appellatur
2981 1721 3198 1793 Joseph
3243 1723 3465 1794 (Matth.
3501 1741 3540 1791 ι,
3575 1726 3685 1796 19),
3717 1731 3779 1783 et

2129 1803 2202 1858 ab
2232 1804 2360 1876 ipso
2392 1807 2634 1862 Domino
2667 1808 2835 1880 quasi
2879 1808 3092 1865 mulier
3135 1811 3474 1883 increpatur
3502 1815 3678 1885 (Joan.
3713 1833 3773 1887 ir,

341 1894 694 1960 liberamur,
728 1889 1120 1962 intelligentes
1152 1907 1218 1945 ea
1246 1895 1547 1946 creaturas
1578 1907 1728 1959 esse,
1766 1910 1882 1948 non
1916 1875 2018 1951 nui
2047 1925 2095 1991 B
2129 1893 2204 1964 4).
2239 1875 2361 1949 Non
2421 1894 2577 1950 enim
2638 1875 2873 1952 necesse
2929 1903 3054 1954 erat
3111 1875 3343 1971 semper
3389 1875 3556 1973 quasi
3610 1875 3778 1961 caute

349 1983 534 2039 mina.
568 1980 681 2036 Alii
730 1980 1021 2035 elementa
1051 1979 1279 2046 mundi,
1313 1979 1501 2052 legem
1550 1980 2016 2053 interpretantur
2047 1979 2094 1991 “’
2125 1986 2181 2037 et
2211 1982 2416 2038 timide
2448 1985 2747 2056 Virginem
2777 1986 2986 2057 dicere,
3015 2003 3147 2041 cum
3183 1987 3392 2044 mulier
3421 2006 3624 2045 sexum
3657 2009 3776 2048 ma-

349 2072 534 2146 Mo'ysi
593 2074 650 2126 et
701 2069 933 2140 eloquia
990 2068 1468 2140 prophetarum:
1518 2071 1673 2142 quod
1729 2087 1832 2143 per
1889 2071 2012 2127 haec

334 2162 520 2235 quasi
566 2159 738 2216 initia
782 2163 839 2215 et
885 2159 1122 2215 exordia
1170 2158 1524 2229 litterarum,
1568 2161 1669 2216 Dei
1713 2161 2010 2233 timorem,

347 2252 454 2325 qui
486 2248 785 2322 sapientia:
835 2248 1194 2322 principium
1239 2252 1348 2316 est,
1381 2249 1801 2321 suscipiamus.
1838 2251 2011 2306 Deni-

313 2366 316 2367 ν
352 2358 469 2412 que
495 2341 572 2396 ad
601 2354 699 2395 eos
730 2339 831 2410 qui
865 2339 992 2409 jam
1022 2337 1299 2393 deberent
1349 2355 1478 2394 esse
1526 2339 1798 2410 perfecti;
1830 2344 1886 2395 et
1915 2356 2008 2395 ve-

350 2430 532 2485 ritate
573 2427 852 2500 neglecta,
888 2419 1043 2482 5448
1077 2426 1268 2482 adhuc
1301 2427 1748 2498 disciplinarum
1792 2428 2010 2499 princi-

325 2518 470 2592 ‘piis
517 2515 900 2581 inhaerebant,
948 2514 1154 2587 scripit
1199 2515 1256 2569 in
1307 2515 1567 2586 Epistola
1620 2517 1690 2570 ad
1740 2517 2012 2573 Hebraeos

347 2605 664 2680 Apostolus
699 2622 712 2661 :
748 2606 965 2660 Etenim
995 2621 1120 2659 cum
1149 2604 1423 2660 deberetis
1457 2621 1571 2660 esse
1600 2607 1857 2676 magistri
1879 2622 2010 2678 pro-

348 2701 476 2769 pter
529 2706 762 2767 tempus,
813 2710 1039 2749 rursum
1083 2709 1298 2750 necesse
1344 2694 1552 2749 habetis
1599 2697 1659 2750 ut
1705 2695 2013 2751 doceamini

351 2799 481 2857 quae
517 2785 624 2840 sint
673 2784 940 2839 elementa
992 2783 1262 2854 principii
1306 2799 1622 2838 sermonum
1675 2784 1777 2838 Dei
1823 2785 2008 2855 (Hebr.

349 2893 408 2944 γ,
441 2873 621 2945 12).E
673 2872 963 2928 contrario
1013 2872 1183 2927 nobis
1233 2871 1409 2942 objici
1469 2876 1678 2943 potest,
1731 2874 1885 2944 quod
1937 2874 2009 2929 ad

353 2965 728 3022 Colossenses
768 2961 987 3016 Paulus
1037 2959 1338 3033 apostolus
1387 2962 1674 3027 scribens,
1723 2961 2012 3018 elementa

329 3050 565 3107 ‘mundi
620 3051 734 3106 alia
789 3050 1191 3122 nuncuparit:
1241 3049 1448 3118 Videte,
1503 3050 1721 3118 dicens,
1773 3069 1842 3108 ne
1889 3055 2010 3122 quis

356 3157 448 3198 eos
475 3140 822 3211 depraedetur
865 3156 965 3212 per
1009 3139 1436 3211 philosophiam,
1471 3144 1523 3194 et
1553 3142 1778 3195 inanem
1822 3141 2007 3213 decep-

358 3234 582 3297 tionem,
611 3229 909 3286 secundum
951 3227 1303 3284 traditionem
1346 3229 1631 3284 hominum
1660 3247 1677 3282 :
1709 3231 2008 3285 secundum

2121 2071 2210 2143 gis
2259 2072 2552 2144 signiticet
2601 2090 2777 2144 quam
2831 2074 3101 2146 copulam
3147 2076 3255 2130 viri
3291 2092 3303 2131 :
3337 2082 3395 2132 et
3446 2081 3774 2136 secundum

2120 2161 2567 2234 intelligentiam
2617 2163 2961 2235 Graecitatis,
3021 2165 3157 2237 γυνὴ
3219 2170 3341 2221 tam
3400 2183 3547 2223 uxor
3595 2186 3774 2241 quam

2123 2249 2334 2305 mulier
2377 2250 2565 2305 valeat
2609 2250 3000 2322 interpretari.
3034 2253 3142 2308 Sed
3193 2259 3257 2308 ut
3308 2259 3519 2312 cuncta
3565 2261 3776 2329 praete-

2123 2356 2328 2395 ream:
2367 2339 2660 2411 quomodo
2709 2341 2819 2395 sub
2867 2341 2993 2412 lege
3024 2341 3213 2398 factus
3261 2347 3368 2416 est,
3403 2349 3466 2400 ut
3512 2361 3610 2402 eos
3673 2348 3776 2420 qui

2121 2428 2231 2484 sub
2276 2427 2401 2500 lege
2451 2434 2638 2497 erant,
2674 2429 3032 2488 redimeret:
3067 2433 3152 2486 sic
3203 2437 3440 2504 propter
3487 2433 3621 2492 illos
3671 2437 3775 2508 qui

2121 2518 2243 2571 nati
2301 2522 2467 2572 erant
2514 2534 2582 2572 ex
2630 2517 2894 2589 muliere,
2928 2537 2996 2574 ex
3053 2519 3299 2576 muliere
3352 2517 3514 2578 nasci
3571 2523 3775 2580 voluit.

2120 2606 2264 2660 Nam
2309 2610 2364 2660 et
2411 2606 2773 2676 baptismum
2835 2607 2893 2662 in
2951 2608 3227 2664 Jordanis
3286 2610 3504 2668 fluento
3560 2613 3777 2671 idcirco

2121 2694 2290 2765 quasi
2321 2695 2630 2765 paenitens,
2651 2713 2785 2750 cum
2809 2701 2963 2752 esset
2984 2715 3018 2752 a
3038 2699 3291 2768 peccatis
3318 2699 3484 2771 liber,
3509 2703 3731 2773 accepit
3758 2720 3772 2760 :

2121 2786 2186 2838 ut
2230 2787 2468 2838 caeteros
2517 2784 2783 2839 edoceret
2834 2786 3206 2841 mundandos
3253 2803 3382 2843 esse
3431 2805 3535 2860 per
3582 2789 3772 2862 bapti-

2120 2888 2338 2939 smum,
2370 2877 2427 2928 et
2457 2873 2516 2927 in
2565 2873 2719 2930 ﬁlios
2760 2891 2906 2928 nova
2936 2874 3186 2945 Spiritus
3237 2876 3548 2948 adoptione
3596 2893 3770 2950 gene-

2119 2961 2254 3015 rari.
2309 2961 2472 3026 Quod
2529 2978 2904 3032 nequaquam
2955 2963 3289 3034 intelligens
3345 2964 3604 3020 Joannes
3663 2966 3770 3022 Ba-

2118 3049 2316 3120 ptista,
2349 3066 2482 3104 eum
2515 3051 2583 3104 ad
2616 3049 2910 3104 lavacrum
2949 3050 3298 3122 prohibebat
3347 3052 3638 3123 accedere,
3674 3053 3769 3109 di-

2117 3154 2256 3194 cens
2290 3154 2302 3191 :
2336 3139 2442 3209 Ego
2473 3155 2506 3192 a
2549 3142 2602 3193 te
2646 3137 2805 3193 debeo
2855 3137 3130 3210 baptizari
3177 3141 3383 3211 (Matth.
3420 3159 3501 3210 III,
3538 3142 3647 3214 14).
3697 3141 3770 3199 Et

2122 3226 2321 3282 statim
2381 3231 2812 3284 sacramentum
2867 3227 2972 3298 [AL
3025 3231 3412 3302 sacramento]
3460 3231 3704 3287 docetur
3753 3249 3766 3288 :

358 3292 625 3377 elementa
654 3319 874 3385 mundi,
907 3320 954 3374 et
986 3334 1096 3374 non
1137 3317 1434 3374 secundum
1479 3317 1755 3373 Christum
1785 3319 2008 3389 (Coloss.
2043 3292 2086 3360 ο
2123 3317 2256 3371 Sine
2292 3315 2447 3372 modo
2477 3334 2495 3370 :
2525 3318 2603 3371 sic
2647 3318 2795 3372 enim
2849 3292 2995 3373 (tecet
3051 3334 3148 3373 nos
3205 3292 3512 3391 adimplere
3557 3333 3774 3377 omnem

361 3427 421 3474 ιι,
453 3410 529 3481 8).
563 3408 673 3464 Sed
702 3425 771 3464 ex
811 3423 877 3463 eo
926 3408 1078 3479 quod
1133 3407 1379 3478 addidit,
1411 3406 1708 3462 secundum
1781 3408 2014 3466 raditio-

359 3515 489 3554 nem
519 3497 828 3567 hominum,
854 3500 905 3551 et
933 3498 1160 3552 inanem
1187 3494 1576 3567 deceptionem,
1611 3497 1869 3552 ostendit
1901 3515 2016 3554 non

362 3587 566 3643 eadem
599 3585 892 3642 elementa
928 3586 998 3641 ad
1029 3584 1405 3641 Colossenses
1436 3589 1493 3640 et
1539 3585 1610 3640 ad
1643 3584 1877 3642 Galatas
1911 3605 2017 3642 no-

360 3675 598 3746 minari.
626 3675 713 3730 Ab
748 3673 841 3729 his
873 3673 1090 3746 quippe
1123 3672 1428 3729 elementis
1460 3678 1773 3745 pastquam
1801 3676 2021 3730 venerit

358 3764 649 3836 temporis
679 3763 981 3836 plenitudo
1022 3761 1393 3826 redimimur,
1425 3766 1480 3818 et
1511 3762 1581 3816 ad
1631 3763 1853 3833 majora
1883 3780 2018 3836 gra-

354 3853 586 3924 dientes
635 3851 1013 3924 adoptionem
1067 3850 1389 3923 recipimus
1437 3851 1718 3906 ﬁliorum.
1769 3852 1852 3906 Ab
1903 3851 2020 3908 illis

351 3959 492 3999 vero
522 3939 672 3995 nihil
701 3940 818 3995 tale
863 3940 1082 3995 dicitur
1113 3940 1255 4011 quid
1289 3943 1572 4010 sequatur
1605 3957 1617 3994 :
1653 3940 1752 3996 sed
1793 3941 2019 4006 simpli-

355 4032 507 4088 citer
523 4029 812 4085 elementa
833 4046 936 4102 pro
955 4028 1173 4084 litteris
1196 4027 1585 4100 accipiuntur.
1605 4029 1796 4085 Potest
1817 4029 2018 4101 igitur,

359 4125 426 4174 ut
455 4118 744 4184 diximus,
772 4117 953 4189 Moysi
994 4117 1083 4172 lex
1117 4121 1175 4172 et
1222 4117 1517 4188 prophetae
1565 4133 1668 4188 pro
1715 4117 2022 4174 elementis

328 4211 332 4214 ’
359 4207 544 4280 accipi
575 4207 929 4277 litterarum,
951 4207 1106 4278 quod
1154 4222 1258 4278 per
1287 4222 1386 4261 eas
1416 4206 1650 4277 syllabae
1693 4207 2024 4280 jungantur

359 4302 418 4354 et
449 4297 708 4363 nomina,
741 4301 798 4352 et
832 4313 947 4351 non
995 4301 1118 4351 tam
1163 4295 1276 4367 sui,
1311 4312 1484 4369 quem
1518 4295 1760 4352 alterius
1792 4296 1871 4352 rei
1903 4297 2023 4351 uti-

357 4383 528 4441 litate
575 4386 883 4441 discantur
915 4403 927 4440 :
965 4389 1026 4441 ut
1060 4384 1406 4457 possimus‘
1455 4385 1778 4440 orationem
1835 4384 2026 4457 legere

361 4479 728 4539 contextam,
753 4475 810 4529 in
842 4491 959 4546 qua
991 4489 1202 4530 sensus
1234 4473 1424 4544 magis
1456 4477 1510 4528 et
1542 4473 1682 4528 ordo
1710 4472 2021 4528 verborum

360 4579 545 4636 quam
605 4561 936 4618 litterarum
997 4561 1282 4635 principia
1338 4561 1805 4617 considerantur.
1857 4561 2019 4625 Quod

2117 3406 2396 3476 justitiam
2439 3405 2598 3477 (Ibid.
2635 3405 2741 3475 15),
2775 3422 2847 3460 ne
2895 3405 2997 3476 qui
3043 3407 3117 3461 ob
3162 3406 3472 3463 hominum
3523 3409 3776 3466 salutem

2126 3499 2383 3564 venerat,
2415 3493 2638 3564 aliquid
2671 3495 2742 3548 de
2763 3495 2784 3527 ²
2821 3495 3259 3550 conversatione
3292 3495 3604 3554 hominum
3635 3515 3778 3570 prte-

2127 3583 2346 3638 teriret.
2395 3585 2625 3649 Quaarat
2674 3571 2991 3655 quispiam,
3043 3589 3100 3639 ct
3147 3585 3345 3640 dicat:
3381 3586 3442 3641 Si
3492 3585 3622 3643 ideo
3671 3583 3781 3644 sub

2130 3673 2255 3744 lege
2286 3673 2472 3728 factus
2503 3677 2609 3739 est,
2641 3678 2705 3727 ut
2751 3689 2852 3728 eos
2883 3673 2982 3744 qui
3016 3673 3126 3729 sub
3158 3673 3283 3746 lege
3315 3680 3500 3742 erant,
3535 3677 3785 3734 redime-

2131 3766 2259 3817 ret:
2298 3762 2451 3833 quod
2493 3760 2758 3817 videlicet
2789 3762 3155 3834 impossibile
3203 3763 3379 3820 fuerit
3428 3757 3635 3821 redimi
3685 3779 3784 3823 eos

2131 3851 2230 3922 qui
2263 3855 2429 3906 erant
2458 3851 2567 3905 sub
2597 3849 2741 3922 lege,
2768 3850 2879 3905 nisi
2903 3853 3091 3908 factus
3115 3853 3321 3908 fuisset
3352 3854 3460 3924 ipsi
3484 3855 3594 3909 sub
3617 3854 3780 3925 lege:

2133 3945 2233 3995 aut
2263 3938 2389 3995 sine
2421 3939 2546 4012 lege
2578 3941 2764 3995 lactus
2795 3945 2903 4010 est,
2941 3945 3005 3996 ut
3049 3942 3360 3997 redimeret
3389 3958 3510 4013 eos,
3537 3943 3637 4013 qui
3670 3943 3783 3998 sub

2131 4028 2257 4101 lege
2281 4045 2394 4082 non
2426 4033 2591 4084 erant
2616 4047 2627 4084 :
2654 4034 2756 4084 aut
2781 4029 2828 4084 si
2864 4046 2979 4084 non
3002 4034 3091 4084 est
3111 4030 3301 4086 factus
3332 4031 3455 4102 ipse
3477 4031 3604 4086 sine
3635 4030 3782 4103 lege,

2134 4133 2250 4172 non
2284 4115 2520 4173 redimit
2551 4134 2647 4172 eos
2680 4117 2780 4188 qui
2825 4119 2936 4172 sub
2993 4118 3119 4190 lege
3172 4135 3284 4173 non
3336 4118 3584 4174 fuerant.
3621 4119 3784 4184 Quod

2139 4206 2187 4260 si
2218 4205 2496 4277 possibile
2528 4211 2653 4261 erat
2686 4222 2786 4261 eos
2832 4206 2931 4277 qui
2965 4205 3090 4261 sine
3145 4203 3270 4278 lege
3321 4210 3506 4275 erant,
3541 4207 3788 4271 redimi;

2136 4294 2218 4348 ita
2267 4299 2332 4348 ut
2384 4293 2510 4349 sine
2540 4294 2664 4365 lege
2713 4293 2838 4365 ipse
2895 4311 3009 4348 non
3070 4295 3260 4362 ﬁeret;
3303 4309 3439 4367 ergo
3495 4295 3790 4369 superflue

2135 4384 2246 4438 sub
2279 4382 2402 4454 lege
2435 4383 2624 4436 factus
2655 4389 2772 4449 est;
2809 4387 2870 4436 ut
2919 4382 3230 4439 redimeret
3261 4399 3362 4440 eos
3395 4387 3493 4456 qui
3526 4385 3637 4441 sub
3668 4385 3795 4458 lege

2137 4476 2322 4527 erant.
2376 4471 2630 4526 Breviter
2679 4469 2862 4526 solvet
2910 4471 3061 4527 hanc
3110 4474 3522 4545 quaestionem,
3565 4474 3614 4530 si
3665 4475 3798 4546 quis

2137 4560 2238 4616 illo
2269 4564 2469 4615 utatur
2499 4559 2762 4635 exemplo
2799 4577 2810 4614 :
2844 4563 2894 4615 et
2925 4577 3049 4615 cum
3080 4561 3165 4616 his
3202 4564 3300 4633 qui
3327 4565 3446 4617 sine
3475 4563 3588 4632 lege
3616 4567 3796 4630 erant,

361 4658 561 4708 autem
595 4652 809 4725 Legem
840 4656 897 4708 et
927 4651 1267 4724 Prophetas,
1291 4649 1579 4706 elementa
1607 4650 1813 4705 mundi
1844 4651 2021 4706 inter-
2053 4665 2100 4729 D
2138 4658 2420 4722 reputatus
2450 4659 2552 4705 est.
2583 4653 2727 4704 Nam
2762 4649 2898 4706 licet
2942 4651 2999 4704 in
3047 4651 3265 4706 Latinis
3318 4651 3620 4707 codicibus
3668 4668 3801 4723 pro-

363 4743 578 4816 pretati
615 4758 846 4813 sumus,
875 4743 1134 4797 mundus
1166 4757 1268 4813 pro
1289 4740 1386 4795 his
1408 4739 1507 4811 qui
1532 4740 1589 4794 in
1614 4741 1836 4795 mundo
1863 4745 2026 4811 sunt,

364 4832 551 4904 accipi
599 4831 773 4902 solet,
806 4832 1012 4887 eodem
1063 4829 1242 4885 Paulo
1293 4829 1568 4884 dicente:
1619 4831 1756 4884 Deus
1805 4836 1922 4884 erat
1968 4832 2027 4883 in

366 4915 604 4991 Christo,
655 4919 926 4975 mundum
971 4919 1335 4975 reconcilians
1381 4919 1489 4972 sibi
1534 4917 1612 4989 (II
1665 4917 1786 4973 Cor.
1818 4933 1874 4983 ν,
1920 4917 2026 4989 19).

365 5009 441 5064 Et
491 5007 551 5063 in
598 5007 913 5081 Evangelio
947 5025 960 5064 :
993 5009 1058 5064 Et
1098 5008 1334 5063 mundus
1377 5023 1481 5078 per
1525 5021 1649 5062 eum
1696 5006 1887 5079 factus
1934 5015 2031 5072 est,

367 5105 418 5152 et
449 5097 691 5152 mundus
749 5115 878 5153 cum
934 5114 1045 5154 non
1103 5097 1302 5168 recipit
1353 5097 1531 5167 (Joan.
1569 5113 1608 5166 ι,
1644 5097 1752 5167 10).
1787 5095 2033 5159 Quidam

371 5187 555 5242 etiam
587 5187 647 5242 in
678 5185 779 5241 illa
822 5186 1066 5242 liberius
1098 5185 1420 5258 evagantur
1454 5201 1467 5239 :
1503 5191 1567 5240 ut
1609 5185 1748 5256 quia
1777 5184 1867 5241 lex
1904 5202 2037 5240 um-

369 5277 543 5331 bram
576 5275 754 5330 habet
782 5276 1120 5332 futurorum
1157 5275 1468 5342 bonorum,
1501 5275 1806 5346 requirant
1839 5278 2039 5328 utrum

365 5365 438 5419 in
475 5362 588 5419 alio
620 5364 862 5432 mundo,
899 5365 969 5420 de
1008 5380 1123 5436 quo
1168 5363 1432 5419 Salvator
1463 5363 1546 5417 ait
1578 5379 1590 5416 z
1627 5364 1734 5433 Ego
1766 5378 1877 5418 non
1923 5379 2044 5418 sum

365 5454 444 5510 de
491 5453 693 5508 mundo
745 5456 847 5509 isto
878 5455 1068 5525 (Joqn.
1099 5469 1222 5521 vm,
1245 5453 1360 5523 23),
1394 5452 1653 5525 primum
1705 5451 1930 5522 parvuli
1963 5453 2046 5508 si-

347 5547 538 5610 ‘mus,
568 5545 626 5598 et
654 5542 767 5598 sub
799 5542 1105 5599 elementis
1135 5541 1437 5597 initiorum
1472 5540 1806 5603 constituti,
1840 5540 2050 5612 paula-

456 5670 470 5702 ¹
507 5665 693 5723 Palat.
729 5683 864 5735 ms.,
896 5672 949 5723 et
978 5683 1084 5724 non
1129 5674 1250 5722 tam
1279 5665 1508 5722 alterius
1558 5667 1640 5722 rei
1688 5664 1932 5723 utilitate
1961 5666 2047 5722 di-

340 5761 371 5800 c
429 5745 616 5802 antur
645 5756 821 5816 quam
853 5748 910 5796 ut
937 5754 1233 5814 possemus,
1269 5741 1378 5794 etc.

2140 4745 2268 4811 pter
2318 4738 2757 4811 simplicitatem
2790 4739 3174 4812 interpretum
3215 4739 3368 4795 male
3398 4740 3623 4794 editum
3671 4741 3748 4796 sit
3782 4757 3796 4796 :

2139 4830 2206 4884 Et
2253 4846 2376 4884 cum
2428 4829 2640 4901 iniquis
2688 4833 2970 4902 reputatus
3019 4838 3101 4884 est
3148 4829 3298 4899 (Luc.
3348 4845 3487 4897 xxii,
3538 4829 3660 4900 37);
3709 4835 3803 4885 ta-

2148 4903 2282 4973 men
2314 4919 2620 4973 sciendum
2662 4917 2821 4973 aliud
2862 4918 3017 4989 apud
3058 4917 3286 4973 Graecos
3320 4917 3652 4989 signiﬁcare
3681 4915 3806 4970 ἂνο-

2149 5025 2277 5078 μον,
2312 5007 2469 5078 quod
2515 5006 2609 5062 hic
2642 5007 2925 5079 scriptum
2958 5012 3076 5073 est;
3112 5006 3272 5061 aliud
3318 5003 3523 5075 ἃδικον,
3559 5008 3715 5079 quod
3744 5007 3806 5063 in

2151 5095 2376 5150 Latinis
2406 5095 2805 5152 voluminibus
2837 5095 3104 5149 habetur.
3139 5094 3378 5166 Ἃνομος
3409 5096 3566 5152 enim
3590 5096 3806 5152 dicitur

2150 5183 2268 5252 ille,
2303 5185 2402 5254 qui
2463 5184 2589 5239 sine
2645 5184 2770 5256 lege
2814 5188 2923 5251 est,
2971 5189 3028 5238 et
3075 5183 3237 5240 nullo
3290 5185 3446 5242 450
3489 5186 3620 5256 jure
3668 5192 3806 5242 cOn-

2154 5273 2486 5345 stringitur.
2550 5269 2772 5332 "Aemo;
2832 5289 2964 5328 vero
3023 5273 3292 5346 iniquus,
3350 5276 3469 5331 sive
3524 5275 3805 5346 injustus.

2158 5361 2323 5418 Unde
2353 5365 2411 5418 et
2438 5362 2566 5434 ipse
2613 5361 2932 5434 Apostolus
2963 5363 3022 5418 in
3055 5363 3166 5419 alio
3197 5363 3321 5420 loco
3358 5381 3370 5419 :
3409 5365 3543 5420 Cum
3573 5381 3679 5420 non
3728 5381 3810 5421 es-

2160 5468 2297 5517 sem,
2330 5451 2430 5519 ait,
2464 5453 2584 5506 sine
2633 5452 2749 5521 tege
2782 5453 2913 5513 Dei;
2944 5452 3034 5508 sed
3090 5454 3151 5507 in
3208 5454 3323 5523 lege
3377 5471 3548 5511 essem
3607 5454 3816 5510 Christi

2159 5541 2215 5613 (ι
2247 5541 2367 5597 Cor.
2404 5559 2477 5608 Ix,
2508 5541 2646 5611 '21):
2697 5546 2753 5596 et
2801 5545 2953 5596 certe
3001 5541 3059 5596 in
3113 5541 3219 5597 hoc
3270 5559 3502 5615 quoque
3549 5543 3821 5599 testimo-

2234 5668 2254 5702 ³
2286 5667 2556 5723 Fortasse
2584 5667 2780 5722 verius
2811 5667 2868 5723 in
2902 5683 3018 5723 uno
3055 5667 3334 5736 Palatino,
3362 5668 3425 5724 de
3452 5669 3824 5739 conversione,

2160 5755 2262 5814 pro
2294 5741 2733 5796 conversatione.
