  <div class='ocr_page' id='page_1' title='image "/cluster/home/n/w/nwhite01/storage/ocr_20150623/26/hvd.32044052772472/207.png"; bbox 0 0 4144 6202; ppageno 0'>
   <div class='ocr_carea' id='block_1_1' title="bbox 434 395 549 456">
    <p class='ocr_par' dir='ltr' id='par_1_1' title="bbox 434 395 549 456">
     <span class='ocr_line' id='line_1_1' title="bbox 434 395 549 456; baseline -0.017 0"><span class='ocrx_word' id='word_1_1' title='bbox 434 395 549 456; x_wconf 84' lang='grc'>399</span> 
     </span>
    </p>
   </div>
   <div class='ocr_carea' id='block_1_2' title="bbox 1682 390 2599 454">
    <p class='ocr_par' dir='ltr' id='par_1_2' title="bbox 1682 390 2599 454">
     <span class='ocr_line' id='line_1_2' title="bbox 1682 390 2599 454; baseline 0 -1"><span class='ocrx_word' id='word_1_2' title='bbox 1682 392 1748 453; x_wconf 88' lang='lat' dir='ltr'>S.</span> <span class='ocrx_word' id='word_1_3' title='bbox 1795 391 2110 454; x_wconf 85' lang='lat' dir='ltr'>EUSEBlI</span> <span class='ocrx_word' id='word_1_4' title='bbox 2154 390 2599 454; x_wconf 78' lang='lat' dir='ltr'>HIERQNYMI</span> 
     </span>
    </p>
   </div>
   <div class='ocr_carea' id='block_1_3' title="bbox 3720 392 3843 455">
    <p class='ocr_par' dir='ltr' id='par_1_3' title="bbox 3720 392 3843 455">
     <span class='ocr_line' id='line_1_3' title="bbox 3720 392 3843 455; baseline 0 0"><span class='ocrx_word' id='word_1_5' title='bbox 3720 392 3843 455; x_wconf 68' lang='lat'>400</span> 
     </span>
    </p>
   </div>
   <div class='ocr_carea' id='block_1_4' title="bbox 434 521 2080 596">
    <p class='ocr_par' dir='ltr' id='par_1_4' title="bbox 434 521 2079 596">
     <span class='ocr_line' id='line_1_4' title="bbox 434 521 2079 596; baseline -0.002 -14"><span class='ocrx_word' id='word_1_6' title='bbox 434 526 530 582; x_wconf 91' lang='lat' dir='ltr'>nio</span> <span class='ocrx_word' id='word_1_7' title='bbox 582 522 785 596; x_wconf 79' lang='grc' dir='ltr'>ἃνομος</span> <span class='ocrx_word' id='word_1_8' title='bbox 843 522 904 578; x_wconf 93' lang='lat' dir='ltr'>in</span> <span class='ocrx_word' id='word_1_9' title='bbox 952 521 1147 579; x_wconf 73' lang='lat' dir='ltr'>Grmco</span> <span class='ocrx_word' id='word_1_10' title='bbox 1198 522 1482 596; x_wconf 92' lang='lat' dir='ltr'>scriptum</span> <span class='ocrx_word' id='word_1_11' title='bbox 1542 526 1661 591; x_wconf 87' lang='lat' dir='ltr'>est;</span> <span class='ocrx_word' id='word_1_12' title='bbox 1715 527 1771 578; x_wconf 93' lang='lat' dir='ltr'>et</span> <span class='ocrx_word' id='word_1_13' title='bbox 1826 522 1927 594; x_wconf 91' lang='lat' dir='ltr'>qui</span> <span class='ocrx_word' id='word_1_14' title='bbox 1983 523 2079 579; x_wconf 91' lang='lat' dir='ltr'>hic</span> 
     </span>
    </p>
   </div>
   <div class='ocr_carea' id='block_1_5' title="bbox 2194 521 3844 596">
    <p class='ocr_par' dir='ltr' id='par_1_5' title="bbox 2194 522 3844 596">
     <span class='ocr_line' id='line_1_5' title="bbox 2194 522 3844 596; baseline 0.001 -16"><span class='ocrx_word' id='word_1_15' title='bbox 2194 541 2341 591; x_wconf 77' lang='lat' dir='ltr'>LXXI,</span> <span class='ocrx_word' id='word_1_16' title='bbox 2372 524 2654 595; x_wconf 20' lang='lat' dir='ltr'>2).‘Porro</span> <span class='ocrx_word' id='word_1_17' title='bbox 2701 522 2987 596; x_wconf 85' lang='lat' dir='ltr'>Spiritum</span> <span class='ocrx_word' id='word_1_18' title='bbox 3036 526 3306 580; x_wconf 87' lang='lat' dir='ltr'>sanctum</span> <span class='ocrx_word' id='word_1_19' title='bbox 3358 524 3556 595; x_wconf 90' lang='lat' dir='ltr'>aperto</span> <span class='ocrx_word' id='word_1_20' title='bbox 3601 522 3844 581; x_wconf 88' lang='lat' dir='ltr'>nomine</span> 
     </span>
    </p>
   </div>
   <div class='ocr_carea' id='block_1_6' title="bbox 430 612 2081 685">
    <p class='ocr_par' dir='ltr' id='par_1_6' title="bbox 430 612 2081 685">
     <span class='ocr_line' id='line_1_6' title="bbox 430 612 2081 685; baseline -0.002 -14"><span class='ocrx_word' id='word_1_21' title='bbox 430 616 580 671; x_wconf 88' lang='lat' dir='ltr'>bene</span> <span class='ocrx_word' id='word_1_22' title='bbox 611 614 1027 685; x_wconf 80' lang='lat' dir='ltr'>interpretatus</span> <span class='ocrx_word' id='word_1_23' title='bbox 1071 617 1179 684; x_wconf 90' lang='lat' dir='ltr'>est,</span> <span class='ocrx_word' id='word_1_24' title='bbox 1213 613 1403 685; x_wconf 90' lang='lat' dir='ltr'>potuit</span> <span class='ocrx_word' id='word_1_25' title='bbox 1432 612 1588 669; x_wconf 91' lang='lat' dir='ltr'>idem</span> <span class='ocrx_word' id='word_1_26' title='bbox 1638 613 1879 669; x_wconf 85' lang='lat' dir='ltr'>verbum</span> <span class='ocrx_word' id='word_1_27' title='bbox 1913 616 1969 668; x_wconf 88' lang='lat' dir='ltr'>et</span> <span class='ocrx_word' id='word_1_28' title='bbox 2000 612 2081 667; x_wconf 90' lang='lat' dir='ltr'>ibi</span> 
     </span>
    </p>
   </div>
   <div class='ocr_carea' id='block_1_7' title="bbox 432 700 2083 775">
    <p class='ocr_par' dir='ltr' id='par_1_7' title="bbox 432 700 2083 775">
     <span class='ocr_line' id='line_1_7' title="bbox 432 700 2083 775; baseline -0.002 -16"><span class='ocrx_word' id='word_1_29' title='bbox 432 702 707 760; x_wconf 81' lang='lat' dir='ltr'>similiter</span> <span class='ocrx_word' id='word_1_30' title='bbox 752 701 1122 774; x_wconf 88' lang='lat' dir='ltr'>interpretari</span> <span class='ocrx_word' id='word_1_31' title='bbox 1152 718 1166 756; x_wconf 86' lang='lat'><strong>:</strong></span> <span class='ocrx_word' id='word_1_32' title='bbox 1199 701 1312 758; x_wconf 87' lang='lat' dir='ltr'>nisi</span> <span class='ocrx_word' id='word_1_33' title='bbox 1344 719 1478 757; x_wconf 86' lang='lat' dir='ltr'>eum</span> <span class='ocrx_word' id='word_1_34' title='bbox 1521 701 1877 775; x_wconf 82' lang='lat' dir='ltr'>ambiguitas</span> <span class='ocrx_word' id='word_1_35' title='bbox 1924 700 2083 757; x_wconf 77' lang='lat' dir='ltr'>fefel-</span> 
     </span>
    </p>
   </div>
   <div class='ocr_carea' id='block_1_8' title="bbox 432 790 2082 863">
    <p class='ocr_par' dir='ltr' id='par_1_8' title="bbox 432 790 2082 863">
     <span class='ocr_line' id='line_1_8' title="bbox 432 790 2082 863; baseline 0 -16"><span class='ocrx_word' id='word_1_36' title='bbox 432 791 619 849; x_wconf 89' lang='lat' dir='ltr'>lisset.</span> <span class='ocrx_word' id='word_1_37' title='bbox 652 790 818 847; x_wconf 89' lang='lat' dir='ltr'>Alius</span> <span class='ocrx_word' id='word_1_38' title='bbox 868 808 1004 847; x_wconf 94' lang='lat' dir='ltr'>vero</span> <span class='ocrx_word' id='word_1_39' title='bbox 1052 791 1249 863; x_wconf 89' lang='lat' dir='ltr'>ipsum</span> <span class='ocrx_word' id='word_1_40' title='bbox 1279 791 1544 863; x_wconf 89' lang='lat' dir='ltr'>verbum,</span> <span class='ocrx_word' id='word_1_41' title='bbox 1595 791 1903 857; x_wconf 78' lang='lat' dir='ltr'>redimeret,</span> <span class='ocrx_word' id='word_1_42' title='bbox 1943 806 2082 847; x_wconf 88' lang='lat' dir='ltr'>acu-</span> 
     </span>
    </p>
   </div>
   <div class='ocr_carea' id='block_1_9' title="bbox 432 879 2081 953">
    <p class='ocr_par' dir='ltr' id='par_1_9' title="bbox 432 879 2081 953">
     <span class='ocr_line' id='line_1_9' title="bbox 432 879 2081 953; baseline -0.001 -16"><span class='ocrx_word' id='word_1_43' title='bbox 432 881 552 937; x_wconf 87' lang='lat' dir='ltr'>tius</span> <span class='ocrx_word' id='word_1_44' title='bbox 580 879 936 949; x_wconf 83' lang='lat' dir='ltr'>intuebitur;</span> <span class='ocrx_word' id='word_1_45' title='bbox 968 883 1025 936; x_wconf 90' lang='lat' dir='ltr'>et</span> <span class='ocrx_word' id='word_1_46' title='bbox 1056 879 1209 936; x_wconf 89' lang='lat' dir='ltr'>dicet</span> <span class='ocrx_word' id='word_1_47' title='bbox 1237 896 1336 937; x_wconf 91' lang='lat' dir='ltr'>eos</span> <span class='ocrx_word' id='word_1_48' title='bbox 1370 879 1692 953; x_wconf 80' lang='lat' dir='ltr'>signiﬁcari</span> <span class='ocrx_word' id='word_1_49' title='bbox 1724 880 2081 952; x_wconf 87' lang='lat' dir='ltr'>redemptos,</span> 
     </span>
    </p>
   </div>
   <div class='ocr_carea' id='block_1_10' title="bbox 435 966 2083 1043">
    <p class='ocr_par' dir='ltr' id='par_1_10' title="bbox 435 966 2083 1043">
     <span class='ocr_line' id='line_1_10' title="bbox 435 966 2083 1043; baseline 0.001 -20"><span class='ocrx_word' id='word_1_50' title='bbox 435 968 535 1040; x_wconf 90' lang='lat' dir='ltr'>qui</span> <span class='ocrx_word' id='word_1_51' title='bbox 568 967 827 1041; x_wconf 91' lang='lat' dir='ltr'>primum</span> <span class='ocrx_word' id='word_1_52' title='bbox 877 967 949 1022; x_wconf 91' lang='lat' dir='ltr'>de</span> <span class='ocrx_word' id='word_1_53' title='bbox 994 966 1100 1043; x_wconf 82' lang='lat' dir='ltr'>Dei</span> <span class='ocrx_word' id='word_1_54' title='bbox 1146 972 1309 1039; x_wconf 91' lang='lat' dir='ltr'>parte</span> <span class='ocrx_word' id='word_1_55' title='bbox 1338 967 1576 1035; x_wconf 87' lang='lat' dir='ltr'>fuerint,</span> <span class='ocrx_word' id='word_1_56' title='bbox 1607 970 1663 1024; x_wconf 93' lang='lat' dir='ltr'>et</span> <span class='ocrx_word' id='word_1_57' title='bbox 1712 972 1912 1040; x_wconf 89' lang='lat' dir='ltr'>postea</span> <span class='ocrx_word' id='word_1_58' title='bbox 1954 982 2083 1024; x_wconf 92' lang='lat' dir='ltr'>esse</span> 
     </span>
    </p>
   </div>
   <div class='ocr_carea' id='block_1_11' title="bbox 434 1054 2078 1129">
    <p class='ocr_par' dir='ltr' id='par_1_11' title="bbox 434 1054 2078 1129">
     <span class='ocr_line' id='line_1_11' title="bbox 434 1054 2078 1129; baseline -0.001 -16"><span class='ocrx_word' id='word_1_59' title='bbox 434 1056 833 1113; x_wconf 89' lang='lat' dir='ltr'>cessaverint:</span> <span class='ocrx_word' id='word_1_60' title='bbox 867 1054 1002 1111; x_wconf 92' lang='lat' dir='ltr'>illos</span> <span class='ocrx_word' id='word_1_61' title='bbox 1031 1071 1163 1111; x_wconf 92' lang='lat' dir='ltr'>vero</span> <span class='ocrx_word' id='word_1_62' title='bbox 1194 1055 1295 1127; x_wconf 87' lang='lat' dir='ltr'>qui</span> <span class='ocrx_word' id='word_1_63' title='bbox 1345 1057 1455 1112; x_wconf 90' lang='lat' dir='ltr'>sub</span> <span class='ocrx_word' id='word_1_64' title='bbox 1504 1056 1630 1129; x_wconf 88' lang='lat' dir='ltr'>lege</span> <span class='ocrx_word' id='word_1_65' title='bbox 1679 1073 1794 1112; x_wconf 91' lang='lat' dir='ltr'>non</span> <span class='ocrx_word' id='word_1_66' title='bbox 1843 1055 2078 1124; x_wconf 88' lang='lat' dir='ltr'>fuerint,</span> 
     </span>
    </p>
   </div>
   <div class='ocr_carea' id='block_1_12' title="bbox 436 1143 2080 1215">
    <p class='ocr_par' dir='ltr' id='par_1_12' title="bbox 436 1143 2080 1215">
     <span class='ocr_line' id='line_1_12' title="bbox 436 1143 2080 1215; baseline -0.001 -12"><span class='ocrx_word' id='word_1_67' title='bbox 436 1163 551 1203; x_wconf 92' lang='lat' dir='ltr'>non</span> <span class='ocrx_word' id='word_1_68' title='bbox 584 1143 944 1201; x_wconf 72' lang='lat' dir='ltr'>tamredimi</span> <span class='ocrx_word' id='word_1_69' title='bbox 976 1160 1156 1215; x_wconf 91' lang='lat' dir='ltr'>quam</span> <span class='ocrx_word' id='word_1_70' title='bbox 1186 1145 1322 1200; x_wconf 92' lang='lat' dir='ltr'>emi.</span> <span class='ocrx_word' id='word_1_71' title='bbox 1346 1144 1510 1200; x_wconf 87' lang='lat' dir='ltr'>Unde</span> <span class='ocrx_word' id='word_1_72' title='bbox 1541 1149 1598 1201; x_wconf 87' lang='lat' dir='ltr'>et</span> <span class='ocrx_word' id='word_1_73' title='bbox 1627 1146 1699 1201; x_wconf 90' lang='lat' dir='ltr'>ad</span> <span class='ocrx_word' id='word_1_74' title='bbox 1730 1145 2080 1215; x_wconf 86' lang='lat' dir='ltr'>Corinthios,</span> 
     </span>
    </p>
   </div>
   <div class='ocr_carea' id='block_1_13' title="bbox 434 1232 2082 1307">
    <p class='ocr_par' dir='ltr' id='par_1_13' title="bbox 434 1232 2082 1307">
     <span class='ocr_line' id='line_1_13' title="bbox 434 1232 2082 1307; baseline -0.001 -18"><span class='ocrx_word' id='word_1_75' title='bbox 434 1234 493 1289; x_wconf 91' lang='lat' dir='ltr'>in</span> <span class='ocrx_word' id='word_1_76' title='bbox 553 1233 770 1307; x_wconf 86' lang='lat' dir='ltr'>quibus</span> <span class='ocrx_word' id='word_1_77' title='bbox 822 1232 1171 1288; x_wconf 82' lang='lat' dir='ltr'>audiebatur</span> <span class='ocrx_word' id='word_1_78' title='bbox 1225 1233 1552 1305; x_wconf 86' lang='lat' dir='ltr'>fornicatio,</span> <span class='ocrx_word' id='word_1_79' title='bbox 1604 1237 1662 1289; x_wconf 91' lang='lat' dir='ltr'>et</span> <span class='ocrx_word' id='word_1_80' title='bbox 1711 1234 1845 1290; x_wconf 91' lang='lat' dir='ltr'>talis</span> <span class='ocrx_word' id='word_1_81' title='bbox 1904 1234 2082 1289; x_wconf 87' lang='lat' dir='ltr'>forni-</span> 
     </span>
    </p>
   </div>
   <div class='ocr_carea' id='block_1_14' title="bbox 436 1322 2083 1395">
    <p class='ocr_par' dir='ltr' id='par_1_14' title="bbox 436 1322 2083 1395">
     <span class='ocr_line' id='line_1_14' title="bbox 436 1322 2083 1395; baseline -0.001 -16"><span class='ocrx_word' id='word_1_82' title='bbox 436 1323 585 1379; x_wconf 88' lang='lat' dir='ltr'>catio</span> <span class='ocrx_word' id='word_1_83' title='bbox 634 1339 761 1395; x_wconf 72' lang='lat' dir='ltr'>quis</span> <span class='ocrx_word' id='word_1_84' title='bbox 809 1339 882 1378; x_wconf 91' lang='lat' dir='ltr'>ne</span> <span class='ocrx_word' id='word_1_85' title='bbox 924 1322 1078 1377; x_wconf 91' lang='lat' dir='ltr'>inter</span> <span class='ocrx_word' id='word_1_86' title='bbox 1126 1325 1329 1394; x_wconf 81' lang='lat' dir='ltr'>gentes</span> <span class='ocrx_word' id='word_1_87' title='bbox 1377 1323 1614 1394; x_wconf 87' lang='lat' dir='ltr'>quidem</span> <span class='ocrx_word' id='word_1_88' title='bbox 1666 1325 1716 1395; x_wconf 87' lang='grc' dir='ltr'>(Ι</span> <span class='ocrx_word' id='word_1_89' title='bbox 1744 1323 1865 1380; x_wconf 83' lang='lat' dir='ltr'>Cor.</span> <span class='ocrx_word' id='word_1_90' title='bbox 1897 1340 1952 1390; x_wconf 89' lang='lat' dir='ltr'>v,</span> <span class='ocrx_word' id='word_1_91' title='bbox 2008 1325 2083 1393; x_wconf 89' lang='lat'>1),</span> 
     </span>
    </p>
   </div>
   <div class='ocr_carea' id='block_1_15' title="bbox 434 1412 2083 1485">
    <p class='ocr_par' dir='ltr' id='par_1_15' title="bbox 434 1412 2083 1485">
     <span class='ocr_line' id='line_1_15' title="bbox 434 1412 2083 1485; baseline -0.001 -16"><span class='ocrx_word' id='word_1_92' title='bbox 434 1412 754 1469; x_wconf 89' lang='lat' dir='ltr'>scribitur:</span> <span class='ocrx_word' id='word_1_93' title='bbox 788 1412 973 1468; x_wconf 87' lang='lat' dir='ltr'>Pretio</span> <span class='ocrx_word' id='word_1_94' title='bbox 1029 1413 1198 1484; x_wconf 82' lang='lat' dir='ltr'>empti</span> <span class='ocrx_word' id='word_1_95' title='bbox 1249 1413 1351 1467; x_wconf 89' lang='lat' dir='ltr'>esti</span> <span class='ocrx_word' id='word_1_96' title='bbox 1408 1412 1452 1485; x_wconf 90' lang='grc' dir='ltr'>(ι</span> <span class='ocrx_word' id='word_1_97' title='bbox 1494 1413 1619 1469; x_wconf 84' lang='lat' dir='ltr'>Cor.</span> <span class='ocrx_word' id='word_1_98' title='bbox 1668 1430 1767 1482; x_wconf 82' lang='lat' dir='ltr'>vn,</span> <span class='ocrx_word' id='word_1_99' title='bbox 1820 1412 1933 1484; x_wconf 84' lang='lat'>23),</span> <span class='ocrx_word' id='word_1_100' title='bbox 1967 1429 2083 1468; x_wconf 91' lang='lat' dir='ltr'>non</span> 
     </span>
    </p>
   </div>
   <div class='ocr_carea' id='block_1_16' title="bbox 433 1500 2082 1575">
    <p class='ocr_par' dir='ltr' id='par_1_16' title="bbox 433 1500 2082 1575">
     <span class='ocr_line' id='line_1_16' title="bbox 433 1500 2082 1575; baseline 0.001 -19"><span class='ocrx_word' id='word_1_101' title='bbox 433 1501 702 1574; x_wconf 83' lang='lat' dir='ltr'>redempti</span> <span class='ocrx_word' id='word_1_102' title='bbox 727 1519 745 1557; x_wconf 91' lang='lat'><strong><em>:</em></strong></span> <span class='ocrx_word' id='word_1_103' title='bbox 772 1501 882 1557; x_wconf 90' lang='lat' dir='ltr'>sub</span> <span class='ocrx_word' id='word_1_104' title='bbox 914 1500 1041 1573; x_wconf 88' lang='lat' dir='ltr'>lege</span> <span class='ocrx_word' id='word_1_105' title='bbox 1071 1502 1286 1573; x_wconf 88' lang='lat' dir='ltr'>quippe</span> <span class='ocrx_word' id='word_1_106' title='bbox 1317 1518 1431 1557; x_wconf 91' lang='lat' dir='ltr'>non</span> <span class='ocrx_word' id='word_1_107' title='bbox 1464 1502 1711 1558; x_wconf 86' lang='lat' dir='ltr'>fuerant.</span> <span class='ocrx_word' id='word_1_108' title='bbox 1747 1502 2082 1575; x_wconf 83' lang='lat' dir='ltr'>Recipimus</span> 
     </span>
    </p>
   </div>
   <div class='ocr_carea' id='block_1_17' title="bbox 433 1590 2085 1664">
    <p class='ocr_par' dir='ltr' id='par_1_17' title="bbox 433 1590 2085 1664">
     <span class='ocr_line' id='line_1_17' title="bbox 433 1590 2085 1664; baseline 0 -17"><span class='ocrx_word' id='word_1_109' title='bbox 433 1591 611 1664; x_wconf 82' lang='lat' dir='ltr'>igitur</span> <span class='ocrx_word' id='word_1_110' title='bbox 668 1590 1043 1662; x_wconf 88' lang='lat' dir='ltr'>adoptionem</span> <span class='ocrx_word' id='word_1_111' title='bbox 1100 1590 1353 1646; x_wconf 82' lang='lat' dir='ltr'>filiorum</span> <span class='ocrx_word' id='word_1_112' title='bbox 1402 1592 1499 1647; x_wconf 91' lang='lat' dir='ltr'>Dei</span> <span class='ocrx_word' id='word_1_113' title='bbox 1544 1608 1557 1647; x_wconf 76' lang='grc' dir='ltr'>ε</span> <span class='ocrx_word' id='word_1_114' title='bbox 1601 1596 1657 1647; x_wconf 88' lang='lat' dir='ltr'>et</span> <span class='ocrx_word' id='word_1_115' title='bbox 1712 1591 1997 1664; x_wconf 89' lang='lat' dir='ltr'>redempti</span> <span class='ocrx_word' id='word_1_116' title='bbox 2050 1608 2085 1647; x_wconf 88' lang='lat' dir='ltr'>a</span> 
     </span>
    </p>
   </div>
   <div class='ocr_carea' id='block_1_18' title="bbox 434 1679 2081 1749">
    <p class='ocr_par' dir='ltr' id='par_1_18' title="bbox 434 1679 2081 1749">
     <span class='ocr_line' id='line_1_18' title="bbox 434 1679 2081 1749; baseline 0 -13"><span class='ocrx_word' id='word_1_117' title='bbox 434 1679 685 1749; x_wconf 88' lang='lat' dir='ltr'>Christo,</span> <span class='ocrx_word' id='word_1_118' title='bbox 718 1680 827 1735; x_wconf 92' lang='lat' dir='ltr'>sub</span> <span class='ocrx_word' id='word_1_119' title='bbox 859 1679 1134 1735; x_wconf 87' lang='lat' dir='ltr'>servitute</span> <span class='ocrx_word' id='word_1_120' title='bbox 1171 1679 1591 1736; x_wconf 89' lang='lat' dir='ltr'>elementorum</span> <span class='ocrx_word' id='word_1_121' title='bbox 1625 1681 1830 1736; x_wconf 90' lang='lat' dir='ltr'>mundi</span> <span class='ocrx_word' id='word_1_122' title='bbox 1877 1685 1934 1737; x_wconf 87' lang='lat' dir='ltr'>et</span> <span class='ocrx_word' id='word_1_123' title='bbox 1983 1684 2081 1736; x_wconf 91' lang='lat' dir='ltr'>tu-</span> 
     </span>
    </p>
   </div>
   <div class='ocr_carea' id='block_1_19' title="bbox 432 1768 2082 1840">
    <p class='ocr_par' dir='ltr' id='par_1_19' title="bbox 432 1768 2082 1840">
     <span class='ocr_line' id='line_1_19' title="bbox 432 1768 2082 1840; baseline 0.001 -17"><span class='ocrx_word' id='word_1_124' title='bbox 432 1772 628 1824; x_wconf 89' lang='lat' dir='ltr'>torum</span> <span class='ocrx_word' id='word_1_125' title='bbox 658 1773 947 1840; x_wconf 88' lang='lat' dir='ltr'>potestate</span> <span class='ocrx_word' id='word_1_126' title='bbox 985 1784 1114 1823; x_wconf 91' lang='lat' dir='ltr'>esse</span> <span class='ocrx_word' id='word_1_127' title='bbox 1158 1768 1521 1826; x_wconf 87' lang='lat' dir='ltr'>desistimus.</span> <span class='ocrx_word' id='word_1_128' title='bbox 1555 1769 1854 1834; x_wconf 87' lang='lat' dir='ltr'>Quomodo</span> <span class='ocrx_word' id='word_1_129' title='bbox 1886 1773 2082 1825; x_wconf 90' lang='lat' dir='ltr'>autem</span> 
     </span>
    </p>
   </div>
   <div class='ocr_carea' id='block_1_20' title="bbox 434 1856 2082 1930">
    <p class='ocr_par' dir='ltr' id='par_1_20' title="bbox 434 1856 2082 1930">
     <span class='ocr_line' id='line_1_20' title="bbox 434 1856 2082 1930; baseline 0 -17"><span class='ocrx_word' id='word_1_130' title='bbox 434 1859 590 1913; x_wconf 90' lang='lat' dir='ltr'>inter</span> <span class='ocrx_word' id='word_1_131' title='bbox 618 1856 904 1914; x_wconf 89' lang='lat' dir='ltr'>redimere</span> <span class='ocrx_word' id='word_1_132' title='bbox 934 1862 992 1912; x_wconf 90' lang='lat' dir='ltr'>et</span> <span class='ocrx_word' id='word_1_133' title='bbox 1033 1873 1224 1913; x_wconf 89' lang='lat' dir='ltr'>emere</span> <span class='ocrx_word' id='word_1_134' title='bbox 1272 1858 1412 1930; x_wconf 92' lang='lat' dir='ltr'>quid</span> <span class='ocrx_word' id='word_1_135' title='bbox 1463 1858 1792 1928; x_wconf 85' lang='lat' dir='ltr'>interesset,</span> <span class='ocrx_word' id='word_1_136' title='bbox 1825 1858 2082 1915; x_wconf 89' lang='lat' dir='ltr'>ostendi-</span> 
     </span>
    </p>
   </div>
   <div class='ocr_carea' id='block_1_21' title="bbox 435 1946 2082 2021">
    <p class='ocr_par' dir='ltr' id='par_1_21' title="bbox 435 1946 2082 2021">
     <span class='ocr_line' id='line_1_21' title="bbox 435 1946 2082 2021; baseline 0.001 -19"><span class='ocrx_word' id='word_1_137' title='bbox 435 1964 591 2018; x_wconf 88' lang='lat' dir='ltr'>mus,</span> <span class='ocrx_word' id='word_1_138' title='bbox 623 1947 708 2002; x_wconf 91' lang='lat' dir='ltr'>sic</span> <span class='ocrx_word' id='word_1_139' title='bbox 738 1946 880 2018; x_wconf 92' lang='lat' dir='ltr'>quid</span> <span class='ocrx_word' id='word_1_140' title='bbox 926 1947 1004 2003; x_wconf 89' lang='lat' dir='ltr'>sit</span> <span class='ocrx_word' id='word_1_141' title='bbox 1051 1946 1204 2003; x_wconf 82' lang='lat' dir='ltr'>inter</span> <span class='ocrx_word' id='word_1_142' title='bbox 1241 1948 1521 2020; x_wconf 91' lang='lat' dir='ltr'>accipere,</span> <span class='ocrx_word' id='word_1_143' title='bbox 1555 1953 1612 2004; x_wconf 90' lang='lat' dir='ltr'>et</span> <span class='ocrx_word' id='word_1_144' title='bbox 1641 1948 1895 2021; x_wconf 89' lang='lat' dir='ltr'>recipere</span> <span class='ocrx_word' id='word_1_145' title='bbox 1944 1949 2082 2004; x_wconf 87' lang='lat' dir='ltr'>ado-</span> 
     </span>
    </p>
   </div>
   <div class='ocr_carea' id='block_1_22' title="bbox 434 2035 1494 2108">
    <p class='ocr_par' dir='ltr' id='par_1_22' title="bbox 434 2035 1494 2108">
     <span class='ocr_line' id='line_1_22' title="bbox 434 2035 1494 2108; baseline 0 -16"><span class='ocrx_word' id='word_1_146' title='bbox 434 2036 693 2108; x_wconf 88' lang='lat' dir='ltr'>ptionem</span> <span class='ocrx_word' id='word_1_147' title='bbox 722 2035 1001 2105; x_wconf 82' lang='lat' dir='ltr'>ﬁliorum,</span> <span class='ocrx_word' id='word_1_148' title='bbox 1034 2036 1494 2093; x_wconf 88' lang='lat' dir='ltr'>consideremus.</span> 
     </span>
    </p>
   </div>
   <div class='ocr_carea' id='block_1_23' title="bbox 505 2125 2087 2197">
    <p class='ocr_par' dir='ltr' id='par_1_23' title="bbox 505 2125 2087 2197">
     <span class='ocr_line' id='line_1_23' title="bbox 505 2125 2087 2197; baseline 0 -15"><span class='ocrx_word' id='word_1_149' title='bbox 505 2126 785 2197; x_wconf 88' lang='lat' dir='ltr'>(Vers.6.)</span> <span class='ocrx_word' id='word_1_150' title='bbox 814 2148 833 2175; x_wconf 75' lang='grc' dir='ltr'>α</span> <span class='ocrx_word' id='word_1_151' title='bbox 861 2125 1145 2190; x_wconf 87' lang='lat' dir='ltr'>Quoniam</span> <span class='ocrx_word' id='word_1_152' title='bbox 1178 2130 1371 2181; x_wconf 89' lang='lat' dir='ltr'>autem</span> <span class='ocrx_word' id='word_1_153' title='bbox 1418 2126 1587 2183; x_wconf 70' lang='lat' dir='ltr'>estis&#39;</span> <span class='ocrx_word' id='word_1_154' title='bbox 1610 2126 1713 2182; x_wconf 83' lang='lat' dir='ltr'>filii</span> <span class='ocrx_word' id='word_1_155' title='bbox 1769 2128 1888 2196; x_wconf 88' lang='lat' dir='ltr'>Dei,</span> <span class='ocrx_word' id='word_1_156' title='bbox 1921 2127 2087 2183; x_wconf 88' lang='lat' dir='ltr'>misit</span> 
     </span>
    </p>
   </div>
   <div class='ocr_carea' id='block_1_24' title="bbox 435 2213 2081 2286">
    <p class='ocr_par' dir='ltr' id='par_1_24' title="bbox 435 2213 2081 2286">
     <span class='ocr_line' id='line_1_24' title="bbox 435 2213 2081 2286; baseline 0.001 -16"><span class='ocrx_word' id='word_1_157' title='bbox 435 2219 620 2270; x_wconf 90' lang='lat' dir='ltr'>Deum</span> <span class='ocrx_word' id='word_1_158' title='bbox 643 2213 918 2286; x_wconf 88' lang='lat' dir='ltr'>spiritum</span> <span class='ocrx_word' id='word_1_159' title='bbox 945 2213 1069 2269; x_wconf 89' lang='lat' dir='ltr'>Filii</span> <span class='ocrx_word' id='word_1_160' title='bbox 1093 2214 1185 2269; x_wconf 91' lang='lat' dir='ltr'>sui</span> <span class='ocrx_word' id='word_1_161' title='bbox 1206 2214 1265 2269; x_wconf 88' lang='lat' dir='ltr'>in</span> <span class='ocrx_word' id='word_1_162' title='bbox 1287 2215 1463 2270; x_wconf 91' lang='lat' dir='ltr'>corda</span> <span class='ocrx_word' id='word_1_163' title='bbox 1490 2220 1691 2272; x_wconf 90' lang='lat' dir='ltr'>nostra</span> <span class='ocrx_word' id='word_1_164' title='bbox 1710 2216 2081 2285; x_wconf 87' lang='lat' dir='ltr'>clamantem,</span> 
     </span>
    </p>
   </div>
   <div class='ocr_carea' id='block_1_25' title="bbox 432 2303 2085 2376">
    <p class='ocr_par' dir='ltr' id='par_1_25' title="bbox 432 2303 2085 2376">
     <span class='ocr_line' id='line_1_25' title="bbox 432 2303 2085 2376; baseline 0.001 -16"><span class='ocrx_word' id='word_1_165' title='bbox 432 2304 620 2372; x_wconf 86' lang='lat' dir='ltr'>Abba,</span> <span class='ocrx_word' id='word_1_166' title='bbox 669 2303 910 2359; x_wconf 53' lang='lat' dir='ltr'>Pater.»</span> <span class='ocrx_word' id='word_1_167' title='bbox 958 2303 1264 2359; x_wconf 88' lang='lat' dir='ltr'>Mauifeste</span> <span class='ocrx_word' id='word_1_168' title='bbox 1318 2304 1634 2376; x_wconf 88' lang='lat' dir='ltr'>Apostolus</span> <span class='ocrx_word' id='word_1_169' title='bbox 1692 2306 1910 2362; x_wconf 83' lang='lat' dir='ltr'>Paulus</span> <span class='ocrx_word' id='word_1_170' title='bbox 1966 2311 2085 2363; x_wconf 91' lang='lat' dir='ltr'>tres</span> 
     </span>
    </p>
   </div>
   <div class='ocr_carea' id='block_1_26' title="bbox 434 2392 2083 2467">
    <p class='ocr_par' dir='ltr' id='par_1_26' title="bbox 434 2392 2083 2467">
     <span class='ocr_line' id='line_1_26' title="bbox 434 2392 2083 2467; baseline 0.002 -21"><span class='ocrx_word' id='word_1_171' title='bbox 434 2392 679 2464; x_wconf 89' lang='lat' dir='ltr'>spiritus</span> <span class='ocrx_word' id='word_1_172' title='bbox 728 2392 1012 2458; x_wconf 87' lang='lat' dir='ltr'>nominat,</span> <span class='ocrx_word' id='word_1_173' title='bbox 1065 2392 1351 2464; x_wconf 87' lang='lat' dir='ltr'>Spiritum</span> <span class='ocrx_word' id='word_1_174' title='bbox 1385 2393 1513 2448; x_wconf 88' lang='lat' dir='ltr'>Filii</span> <span class='ocrx_word' id='word_1_175' title='bbox 1567 2394 1683 2462; x_wconf 84' lang='lat' dir='ltr'>Dei,</span> <span class='ocrx_word' id='word_1_176' title='bbox 1717 2398 1781 2449; x_wconf 93' lang='lat' dir='ltr'>ut</span> <span class='ocrx_word' id='word_1_177' title='bbox 1827 2394 1885 2449; x_wconf 91' lang='lat' dir='ltr'>in</span> <span class='ocrx_word' id='word_1_178' title='bbox 1939 2412 2083 2467; x_wconf 68' lang='lat' dir='ltr'>prm-</span> 
     </span>
    </p>
   </div>
   <div class='ocr_carea' id='block_1_27' title="bbox 437 2480 2083 2551">
    <p class='ocr_par' dir='ltr' id='par_1_27' title="bbox 437 2480 2083 2551">
     <span class='ocr_line' id='line_1_27' title="bbox 437 2480 2083 2551; baseline 0.004 -16"><span class='ocrx_word' id='word_1_179' title='bbox 437 2480 591 2536; x_wconf 89' lang='lat' dir='ltr'>senti</span> <span class='ocrx_word' id='word_1_180' title='bbox 620 2480 745 2536; x_wconf 94' lang='lat' dir='ltr'>loco</span> <span class='ocrx_word' id='word_1_181' title='bbox 780 2496 793 2536; x_wconf 91' lang='lat'><strong>:</strong></span> <span class='ocrx_word' id='word_1_182' title='bbox 825 2481 971 2536; x_wconf 81' lang='lat' dir='ltr'>Misit</span> <span class='ocrx_word' id='word_1_183' title='bbox 1005 2482 1143 2535; x_wconf 87' lang='lat' dir='ltr'>Deus</span> <span class='ocrx_word' id='word_1_184' title='bbox 1191 2480 1462 2551; x_wconf 82' lang='lat' dir='ltr'>Spiritum</span> <span class='ocrx_word' id='word_1_185' title='bbox 1507 2484 1639 2537; x_wconf 84' lang='lat' dir='ltr'>Filii</span> <span class='ocrx_word' id='word_1_186' title='bbox 1686 2485 1747 2537; x_wconf 88' lang='lat' dir='ltr'>in</span> <span class='ocrx_word' id='word_1_187' title='bbox 1794 2484 1956 2540; x_wconf 87' lang='lat' dir='ltr'>corda</span> <span class='ocrx_word' id='word_1_188' title='bbox 1984 2500 2083 2541; x_wconf 87' lang='lat' dir='ltr'>no-</span> 
     </span>
    </p>
   </div>
   <div class='ocr_carea' id='block_1_28' title="bbox 434 2568 2086 2644">
    <p class='ocr_par' dir='ltr' id='par_1_28' title="bbox 434 2568 2086 2644">
     <span class='ocr_line' id='line_1_28' title="bbox 434 2568 2086 2644; baseline 0.004 -20"><span class='ocrx_word' id='word_1_189' title='bbox 434 2577 571 2625; x_wconf 80' lang='lat' dir='ltr'>stra.</span> <span class='ocrx_word' id='word_1_190' title='bbox 603 2569 673 2625; x_wconf 87' lang='lat' dir='ltr'>Et</span> <span class='ocrx_word' id='word_1_191' title='bbox 701 2568 986 2641; x_wconf 88' lang='lat' dir='ltr'>Spiritum</span> <span class='ocrx_word' id='word_1_192' title='bbox 1030 2568 1152 2637; x_wconf 91' lang='lat' dir='ltr'>Dei,</span> <span class='ocrx_word' id='word_1_193' title='bbox 1183 2574 1246 2623; x_wconf 93' lang='lat' dir='ltr'>ut</span> <span class='ocrx_word' id='word_1_194' title='bbox 1289 2568 1350 2624; x_wconf 92' lang='lat' dir='ltr'>in</span> <span class='ocrx_word' id='word_1_195' title='bbox 1380 2569 1479 2625; x_wconf 92' lang='lat' dir='ltr'>illo</span> <span class='ocrx_word' id='word_1_196' title='bbox 1514 2587 1526 2625; x_wconf 90' lang='lat'>:</span> <span class='ocrx_word' id='word_1_197' title='bbox 1562 2572 1827 2642; x_wconf 84' lang='lat' dir='ltr'>Quotquot</span> <span class='ocrx_word' id='word_1_198' title='bbox 1872 2574 2086 2644; x_wconf 84' lang='lat' dir='ltr'>Spiritu</span> 
     </span>
    </p>
   </div>
   <div class='ocr_carea' id='block_1_29' title="bbox 436 2657 2086 2733">
    <p class='ocr_par' dir='ltr' id='par_1_29' title="bbox 436 2657 2086 2733">
     <span class='ocr_line' id='line_1_29' title="bbox 436 2657 2086 2733; baseline 0.004 -20"><span class='ocrx_word' id='word_1_199' title='bbox 436 2659 539 2714; x_wconf 87' lang='lat' dir='ltr'>Dei</span> <span class='ocrx_word' id='word_1_200' title='bbox 582 2666 845 2727; x_wconf 87' lang='lat' dir='ltr'>aguntur,</span> <span class='ocrx_word' id='word_1_201' title='bbox 897 2657 956 2713; x_wconf 88' lang='lat' dir='ltr'>hi</span> <span class='ocrx_word' id='word_1_202' title='bbox 1002 2658 1114 2729; x_wconf 88' lang='lat' dir='ltr'>ﬁlii</span> <span class='ocrx_word' id='word_1_203' title='bbox 1157 2659 1254 2714; x_wconf 91' lang='lat' dir='ltr'>Dei</span> <span class='ocrx_word' id='word_1_204' title='bbox 1299 2663 1428 2714; x_wconf 88' lang='lat' dir='ltr'>sunt</span> <span class='ocrx_word' id='word_1_205' title='bbox 1474 2660 1646 2731; x_wconf 84' lang='lat' dir='ltr'>(Rom.</span> <span class='ocrx_word' id='word_1_206' title='bbox 1698 2678 1821 2729; x_wconf 85' lang='lat' dir='ltr'>vm,</span> <span class='ocrx_word' id='word_1_207' title='bbox 1873 2663 1981 2733; x_wconf 78' lang='grc'>14).</span> <span class='ocrx_word' id='word_1_208' title='bbox 2016 2664 2086 2719; x_wconf 89' lang='lat' dir='ltr'>Et</span> 
     </span>
    </p>
   </div>
   <div class='ocr_carea' id='block_1_30' title="bbox 438 2746 2086 2822">
    <p class='ocr_par' dir='ltr' id='par_1_30' title="bbox 438 2746 2086 2822">
     <span class='ocr_line' id='line_1_30' title="bbox 438 2746 2086 2822; baseline 0.002 -19"><span class='ocrx_word' id='word_1_209' title='bbox 438 2747 725 2819; x_wconf 86' lang='lat' dir='ltr'>Spiritum</span> <span class='ocrx_word' id='word_1_210' title='bbox 774 2751 1046 2803; x_wconf 90' lang='lat' dir='ltr'>sanctum</span> <span class='ocrx_word' id='word_1_211' title='bbox 1079 2751 1145 2802; x_wconf 91' lang='lat' dir='ltr'>ut</span> <span class='ocrx_word' id='word_1_212' title='bbox 1175 2746 1256 2802; x_wconf 92' lang='lat' dir='ltr'>ibi</span> <span class='ocrx_word' id='word_1_213' title='bbox 1290 2763 1301 2803; x_wconf 94' lang='lat'><strong>:</strong></span> <span class='ocrx_word' id='word_1_214' title='bbox 1340 2747 1573 2820; x_wconf 84' lang='lat' dir='ltr'>Corpora</span> <span class='ocrx_word' id='word_1_215' title='bbox 1602 2757 1781 2805; x_wconf 88' lang='lat' dir='ltr'>vestra</span> <span class='ocrx_word' id='word_1_216' title='bbox 1825 2752 2086 2822; x_wconf 82' lang='lat' dir='ltr'>templum</span> 
     </span>
    </p>
   </div>
   <div class='ocr_carea' id='block_1_31' title="bbox 436 2836 2082 2911">
    <p class='ocr_par' dir='ltr' id='par_1_31' title="bbox 436 2836 2082 2911">
     <span class='ocr_line' id='line_1_31' title="bbox 436 2836 2082 2911; baseline 0.002 -19"><span class='ocrx_word' id='word_1_217' title='bbox 436 2838 616 2892; x_wconf 88' lang='lat' dir='ltr'>sancti</span> <span class='ocrx_word' id='word_1_218' title='bbox 659 2836 899 2908; x_wconf 88' lang='lat' dir='ltr'>Spiritus</span> <span class='ocrx_word' id='word_1_219' title='bbox 938 2845 1088 2903; x_wconf 88' lang='lat' dir='ltr'>sunt,</span> <span class='ocrx_word' id='word_1_220' title='bbox 1121 2836 1219 2907; x_wconf 86' lang='lat' dir='ltr'>qui</span> <span class='ocrx_word' id='word_1_221' title='bbox 1244 2840 1325 2892; x_wconf 90' lang='lat' dir='ltr'>est</span> <span class='ocrx_word' id='word_1_222' title='bbox 1352 2838 1410 2892; x_wconf 87' lang='lat' dir='ltr'>in</span> <span class='ocrx_word' id='word_1_223' title='bbox 1444 2839 1593 2893; x_wconf 86' lang='lat' dir='ltr'>vobis</span> <span class='ocrx_word' id='word_1_224' title='bbox 1632 2838 1677 2909; x_wconf 96' lang='grc'>(1</span> <span class='ocrx_word' id='word_1_225' title='bbox 1707 2839 1827 2895; x_wconf 86' lang='lat' dir='ltr'>Cor.</span> <span class='ocrx_word' id='word_1_226' title='bbox 1863 2857 1938 2911; x_wconf 87' lang='grc' dir='ltr'>ιν,</span> <span class='ocrx_word' id='word_1_227' title='bbox 1974 2841 2082 2909; x_wconf 88' lang='grc'>19).</span> 
     </span>
    </p>
   </div>
   <div class='ocr_carea' id='block_1_32' title="bbox 440 2925 2085 3000">
    <p class='ocr_par' dir='ltr' id='par_1_32' title="bbox 440 2925 2085 3000">
     <span class='ocr_line' id='line_1_32' title="bbox 440 2925 2085 3000; baseline 0.001 -19"><span class='ocrx_word' id='word_1_228' title='bbox 440 2925 638 2982; x_wconf 83' lang='lat' dir='ltr'>Alium</span> <span class='ocrx_word' id='word_1_229' title='bbox 682 2929 878 2982; x_wconf 89' lang='lat' dir='ltr'>autem</span> <span class='ocrx_word' id='word_1_230' title='bbox 927 2929 1198 2981; x_wconf 91' lang='lat' dir='ltr'>sanctum</span> <span class='ocrx_word' id='word_1_231' title='bbox 1248 2926 1532 2998; x_wconf 91' lang='lat' dir='ltr'>Spiritum</span> <span class='ocrx_word' id='word_1_232' title='bbox 1584 2943 1711 2983; x_wconf 89' lang='lat' dir='ltr'>esse</span> <span class='ocrx_word' id='word_1_233' title='bbox 1754 2944 1930 3000; x_wconf 90' lang='lat' dir='ltr'>quam</span> <span class='ocrx_word' id='word_1_234' title='bbox 1987 2929 2085 2984; x_wconf 88' lang='lat' dir='ltr'>Fi-</span> 
     </span>
    </p>
   </div>
   <div class='ocr_carea' id='block_1_33' title="bbox 438 3013 2081 3090">
    <p class='ocr_par' dir='ltr' id='par_1_33' title="bbox 438 3013 2081 3090">
     <span class='ocr_line' id='line_1_33' title="bbox 438 3013 2081 3090; baseline 0.001 -19"><span class='ocrx_word' id='word_1_235' title='bbox 438 3015 584 3072; x_wconf 88' lang='lat' dir='ltr'>lium</span> <span class='ocrx_word' id='word_1_236' title='bbox 616 3015 736 3085; x_wconf 88' lang='lat' dir='ltr'>Dei,</span> <span class='ocrx_word' id='word_1_237' title='bbox 769 3013 1078 3071; x_wconf 89' lang='lat' dir='ltr'>manifeste</span> <span class='ocrx_word' id='word_1_238' title='bbox 1108 3018 1165 3071; x_wconf 92' lang='lat' dir='ltr'>et</span> <span class='ocrx_word' id='word_1_239' title='bbox 1193 3015 1250 3070; x_wconf 92' lang='lat' dir='ltr'>in</span> <span class='ocrx_word' id='word_1_240' title='bbox 1278 3015 1587 3088; x_wconf 86' lang='lat' dir='ltr'>Evangelio</span> <span class='ocrx_word' id='word_1_241' title='bbox 1620 3018 2036 3090; x_wconf 90' lang='lat' dir='ltr'>comprobatur</span> <span class='ocrx_word' id='word_1_242' title='bbox 2068 3035 2081 3074; x_wconf 90' lang='lat'><strong>:</strong></span> 
     </span>
    </p>
   </div>
   <div class='ocr_carea' id='block_1_34' title="bbox 442 3104 2083 3174">
    <p class='ocr_par' dir='ltr' id='par_1_34' title="bbox 442 3104 2083 3174">
     <span class='ocr_line' id='line_1_34' title="bbox 442 3104 2083 3174; baseline 0.002 -15"><span class='ocrx_word' id='word_1_243' title='bbox 442 3105 549 3172; x_wconf 85' lang='lat' dir='ltr'>Qui</span> <span class='ocrx_word' id='word_1_244' title='bbox 573 3105 784 3159; x_wconf 73' lang='lat' dir='ltr'>dixerit</span> <span class='ocrx_word' id='word_1_245' title='bbox 810 3104 1034 3159; x_wconf 86' lang='lat' dir='ltr'>verbum</span> <span class='ocrx_word' id='word_1_246' title='bbox 1078 3107 1266 3159; x_wconf 84' lang='lat' dir='ltr'>contra</span> <span class='ocrx_word' id='word_1_247' title='bbox 1304 3106 1508 3161; x_wconf 83' lang='lat' dir='ltr'>Filium</span> <span class='ocrx_word' id='word_1_248' title='bbox 1553 3106 1811 3174; x_wconf 81' lang='lat' dir='ltr'>hominis,</span> <span class='ocrx_word' id='word_1_249' title='bbox 1844 3106 2083 3163; x_wconf 85' lang='lat' dir='ltr'>dimitte-</span> 
     </span>
    </p>
   </div>
   <div class='ocr_carea' id='block_1_35' title="bbox 439 3193 2086 3277">
    <p class='ocr_par' dir='ltr' id='par_1_35' title="bbox 439 3193 2086 3277">
     <span class='ocr_line' id='line_1_35' title="bbox 439 3193 2086 3277; baseline 0.002 -29"><span class='ocrx_word' id='word_1_250' title='bbox 439 3197 533 3248; x_wconf 89' lang='lat' dir='ltr'>tur</span> <span class='ocrx_word' id='word_1_251' title='bbox 583 3194 654 3248; x_wconf 88' lang='lat' dir='ltr'>ei.</span> <span class='ocrx_word' id='word_1_252' title='bbox 697 3194 1025 3265; x_wconf 84' lang='lat' dir='ltr'>Quicunque</span> <span class='ocrx_word' id='word_1_253' title='bbox 1075 3202 1252 3277; x_wconf 77' lang='lat' dir='ltr'>autem</span> <span class='ocrx_word' id='word_1_254' title='bbox 1306 3193 1510 3265; x_wconf 62' lang='lat' dir='ltr'>dimqit</span> <span class='ocrx_word' id='word_1_255' title='bbox 1566 3199 1756 3251; x_wconf 80' lang='lat' dir='ltr'>contra</span> <span class='ocrx_word' id='word_1_256' title='bbox 1810 3198 2086 3263; x_wconf 76' lang='lat' dir='ltr'>Spiritum</span> 
     </span>
    </p>
   </div>
   <div class='ocr_carea' id='block_1_36' title="bbox 2190 610 3843 686">
    <p class='ocr_par' dir='ltr' id='par_1_36' title="bbox 2190 610 3843 686">
     <span class='ocr_line' id='line_1_36' title="bbox 2190 610 3843 686; baseline 0.001 -18"><span class='ocrx_word' id='word_1_257' title='bbox 2190 618 2375 670; x_wconf 83' lang='lat' dir='ltr'>vocat.</span> <span class='ocrx_word' id='word_1_258' title='bbox 2428 617 2561 678; x_wconf 72' lang='lat' dir='ltr'>Quae</span> <span class='ocrx_word' id='word_1_259' title='bbox 2614 612 2852 686; x_wconf 91' lang='lat' dir='ltr'>quidem</span> <span class='ocrx_word' id='word_1_260' title='bbox 2907 629 3042 668; x_wconf 90' lang='lat' dir='ltr'>cum</span> <span class='ocrx_word' id='word_1_261' title='bbox 3102 610 3401 668; x_wconf 90' lang='lat' dir='ltr'>vocabulis</span> <span class='ocrx_word' id='word_1_262' title='bbox 3458 612 3843 685; x_wconf 88' lang='lat' dir='ltr'>personisque</span> 
     </span>
    </p>
   </div>
   <div class='ocr_carea' id='block_1_37' title="bbox 2191 701 3845 773">
    <p class='ocr_par' dir='ltr' id='par_1_37' title="bbox 2191 701 3845 773">
     <span class='ocr_line' id='line_1_37' title="bbox 2191 701 3845 773; baseline 0.002 -16"><span class='ocrx_word' id='word_1_263' title='bbox 2191 702 2559 771; x_wconf 83' lang='lat' dir='ltr'>dissentiant,</span> <span class='ocrx_word' id='word_1_264' title='bbox 2595 702 2930 759; x_wconf 88' lang='lat' dir='ltr'>substantia</span> <span class='ocrx_word' id='word_1_265' title='bbox 2958 706 3287 773; x_wconf 91' lang='lat' dir='ltr'>naturaque</span> <span class='ocrx_word' id='word_1_266' title='bbox 3315 701 3535 758; x_wconf 87' lang='lat' dir='ltr'>sociata</span> <span class='ocrx_word' id='word_1_267' title='bbox 3564 706 3708 759; x_wconf 89' lang='lat' dir='ltr'>sunt</span> <span class='ocrx_word' id='word_1_268' title='bbox 3738 720 3751 758; x_wconf 92' lang='lat'>:</span> <span class='ocrx_word' id='word_1_269' title='bbox 3785 707 3845 760; x_wconf 86' lang='lat' dir='ltr'>et</span> 
     </span>
    </p>
   </div>
   <div class='ocr_carea' id='block_1_38' title="bbox 2191 791 3841 865">
    <p class='ocr_par' dir='ltr' id='par_1_38' title="bbox 2191 791 3841 865">
     <span class='ocr_line' id='line_1_38' title="bbox 2191 791 3841 865; baseline 0.001 -19"><span class='ocrx_word' id='word_1_270' title='bbox 2191 791 2590 849; x_wconf 79' lang='lat' dir='ltr'>indifferenter</span> <span class='ocrx_word' id='word_1_271' title='bbox 2630 792 2785 848; x_wconf 91' lang='lat' dir='ltr'>idem</span> <span class='ocrx_word' id='word_1_272' title='bbox 2814 791 3065 865; x_wconf 89' lang='lat' dir='ltr'>Spiritus</span> <span class='ocrx_word' id='word_1_273' title='bbox 3096 791 3169 847; x_wconf 91' lang='lat' dir='ltr'>ob</span> <span class='ocrx_word' id='word_1_274' title='bbox 3209 795 3431 847; x_wconf 76' lang='lat' dir='ltr'>naturae</span> <span class='ocrx_word' id='word_1_275' title='bbox 3478 791 3841 861; x_wconf 89' lang='lat' dir='ltr'>societatem,</span> 
     </span>
    </p>
   </div>
   <div class='ocr_carea' id='block_1_39' title="bbox 2193 878 3841 954">
    <p class='ocr_par' dir='ltr' id='par_1_39' title="bbox 2193 878 3841 954">
     <span class='ocr_line' id='line_1_39' title="bbox 2193 878 3841 954; baseline 0.001 -19"><span class='ocrx_word' id='word_1_276' title='bbox 2193 897 2349 936; x_wconf 91' lang='lat' dir='ltr'>nunc</span> <span class='ocrx_word' id='word_1_277' title='bbox 2381 880 2569 937; x_wconf 87' lang='lat' dir='ltr'>Patris</span> <span class='ocrx_word' id='word_1_278' title='bbox 2600 881 2817 936; x_wconf 90' lang='lat' dir='ltr'>dicitur</span> <span class='ocrx_word' id='word_1_279' title='bbox 2853 896 3002 949; x_wconf 90' lang='lat' dir='ltr'>esse,</span> <span class='ocrx_word' id='word_1_280' title='bbox 3035 894 3193 936; x_wconf 89' lang='lat' dir='ltr'>nunc</span> <span class='ocrx_word' id='word_1_281' title='bbox 3224 878 3375 935; x_wconf 91' lang='lat' dir='ltr'>Filii.</span> <span class='ocrx_word' id='word_1_282' title='bbox 3406 883 3841 954; x_wconf 80' lang='lat' dir='ltr'>Argumentum</span> 
     </span>
    </p>
   </div>
   <div class='ocr_carea' id='block_1_40' title="bbox 2194 969 3841 1042">
    <p class='ocr_par' dir='ltr' id='par_1_40' title="bbox 2194 969 3841 1042">
     <span class='ocr_line' id='line_1_40' title="bbox 2194 969 3841 1042; baseline 0.001 -18"><span class='ocrx_word' id='word_1_283' title='bbox 2194 973 2389 1025; x_wconf 89' lang='lat' dir='ltr'>autem</span> <span class='ocrx_word' id='word_1_284' title='bbox 2431 986 2546 1042; x_wconf 92' lang='lat' dir='ltr'>quo</span> <span class='ocrx_word' id='word_1_285' title='bbox 2595 985 2854 1026; x_wconf 90' lang='lat' dir='ltr'>asserere</span> <span class='ocrx_word' id='word_1_286' title='bbox 2906 972 3169 1037; x_wconf 87' lang='lat' dir='ltr'>conatur,</span> <span class='ocrx_word' id='word_1_287' title='bbox 3201 985 3308 1025; x_wconf 91' lang='lat' dir='ltr'>nos</span> <span class='ocrx_word' id='word_1_288' title='bbox 3354 969 3482 1040; x_wconf 87' lang='lat' dir='ltr'>jam</span> <span class='ocrx_word' id='word_1_289' title='bbox 3539 986 3657 1025; x_wconf 90' lang='lat' dir='ltr'>non</span> <span class='ocrx_word' id='word_1_290' title='bbox 3712 983 3841 1025; x_wconf 85' lang='lat' dir='ltr'>esse</span> 
     </span>
    </p>
   </div>
   <div class='ocr_carea' id='block_1_41' title="bbox 2194 1056 3839 1130">
    <p class='ocr_par' dir='ltr' id='par_1_41' title="bbox 2194 1056 3839 1130">
     <span class='ocr_line' id='line_1_41' title="bbox 2194 1056 3839 1130; baseline 0.002 -18"><span class='ocrx_word' id='word_1_291' title='bbox 2194 1058 2305 1113; x_wconf 86' lang='lat' dir='ltr'>sub</span> <span class='ocrx_word' id='word_1_292' title='bbox 2353 1057 2501 1130; x_wconf 86' lang='lat' dir='ltr'>lege,</span> <span class='ocrx_word' id='word_1_293' title='bbox 2535 1058 2637 1114; x_wconf 91' lang='lat' dir='ltr'>sed</span> <span class='ocrx_word' id='word_1_294' title='bbox 2688 1058 2798 1113; x_wconf 91' lang='lat' dir='ltr'>sub</span> <span class='ocrx_word' id='word_1_295' title='bbox 2846 1057 3035 1130; x_wconf 89' lang='lat' dir='ltr'>gratia</span> <span class='ocrx_word' id='word_1_296' title='bbox 3079 1056 3311 1113; x_wconf 90' lang='lat' dir='ltr'>Domini</span> <span class='ocrx_word' id='word_1_297' title='bbox 3354 1057 3521 1126; x_wconf 88' lang='lat' dir='ltr'>Jesu,</span> <span class='ocrx_word' id='word_1_298' title='bbox 3551 1057 3653 1114; x_wconf 90' lang='lat' dir='ltr'>tali</span> <span class='ocrx_word' id='word_1_299' title='bbox 3702 1057 3839 1127; x_wconf 86' lang='lat' dir='ltr'>ﬁne,</span> 
     </span>
    </p>
   </div>
   <div class='ocr_carea' id='block_1_42' title="bbox 2195 1146 3839 1220">
    <p class='ocr_par' dir='ltr' id='par_1_42' title="bbox 2195 1146 3839 1220">
     <span class='ocr_line' id='line_1_42' title="bbox 2195 1146 3839 1220; baseline 0.002 -19"><span class='ocrx_word' id='word_1_300' title='bbox 2195 1146 2509 1201; x_wconf 87' lang='lat' dir='ltr'>concludit.</span> <span class='ocrx_word' id='word_1_301' title='bbox 2559 1146 2840 1217; x_wconf 88' lang='lat' dir='ltr'>Superius</span> <span class='ocrx_word' id='word_1_302' title='bbox 2888 1147 3113 1202; x_wconf 88' lang='lat' dir='ltr'>dixerat</span> <span class='ocrx_word' id='word_1_303' title='bbox 3140 1147 3304 1219; x_wconf 81' lang='lat' dir='ltr'>(vers.</span> <span class='ocrx_word' id='word_1_304' title='bbox 3350 1147 3431 1218; x_wconf 88' lang='lat'>5),</span> <span class='ocrx_word' id='word_1_305' title='bbox 3480 1156 3546 1203; x_wconf 88' lang='lat' dir='ltr'>ut</span> <span class='ocrx_word' id='word_1_306' title='bbox 3592 1147 3839 1220; x_wconf 86' lang='lat' dir='ltr'>adoptio-</span> 
     </span>
    </p>
   </div>
   <div class='ocr_carea' id='block_1_43' title="bbox 2192 1235 3843 1307">
    <p class='ocr_par' dir='ltr' id='par_1_43' title="bbox 2192 1235 3843 1307">
     <span class='ocr_line' id='line_1_43' title="bbox 2192 1235 3843 1307; baseline 0.001 -17"><span class='ocrx_word' id='word_1_307' title='bbox 2192 1252 2317 1290; x_wconf 85' lang='lat' dir='ltr'>nem</span> <span class='ocrx_word' id='word_1_308' title='bbox 2365 1236 2610 1306; x_wconf 83' lang='lat' dir='ltr'>ﬁliorum</span> <span class='ocrx_word' id='word_1_309' title='bbox 2651 1236 3017 1307; x_wconf 82' lang='lat' dir='ltr'>reciperemus</span> <span class='ocrx_word' id='word_1_310' title='bbox 3048 1255 3066 1291; x_wconf 93' lang='lat'><em>:</em></span> <span class='ocrx_word' id='word_1_311' title='bbox 3098 1252 3255 1291; x_wconf 91' lang='lat' dir='ltr'>nunc</span> <span class='ocrx_word' id='word_1_312' title='bbox 3297 1235 3395 1291; x_wconf 90' lang='lat' dir='ltr'>Dei</span> <span class='ocrx_word' id='word_1_313' title='bbox 3442 1252 3572 1293; x_wconf 90' lang='lat' dir='ltr'>esse</span> <span class='ocrx_word' id='word_1_314' title='bbox 3615 1253 3723 1293; x_wconf 90' lang='lat' dir='ltr'>nos</span> <span class='ocrx_word' id='word_1_315' title='bbox 3768 1236 3843 1292; x_wconf 80' lang='lat' dir='ltr'>ﬁ-</span> 
     </span>
    </p>
   </div>
   <div class='ocr_carea' id='block_1_44' title="bbox 2195 1323 3840 1396">
    <p class='ocr_par' dir='ltr' id='par_1_44' title="bbox 2195 1323 3840 1396">
     <span class='ocr_line' id='line_1_44' title="bbox 2195 1323 3840 1396; baseline 0.002 -18"><span class='ocrx_word' id='word_1_316' title='bbox 2195 1323 2325 1393; x_wconf 89' lang='lat' dir='ltr'>lios,</span> <span class='ocrx_word' id='word_1_317' title='bbox 2357 1340 2425 1379; x_wconf 87' lang='lat' dir='ltr'>ex</span> <span class='ocrx_word' id='word_1_318' title='bbox 2468 1324 2675 1396; x_wconf 89' lang='lat' dir='ltr'>spiritu</span> <span class='ocrx_word' id='word_1_319' title='bbox 2722 1324 2930 1395; x_wconf 89' lang='lat' dir='ltr'>probat</span> <span class='ocrx_word' id='word_1_320' title='bbox 2976 1340 3153 1396; x_wconf 88' lang='lat' dir='ltr'>quem</span> <span class='ocrx_word' id='word_1_321' title='bbox 3202 1323 3491 1380; x_wconf 86' lang='lat' dir='ltr'>habemus</span> <span class='ocrx_word' id='word_1_322' title='bbox 3537 1325 3598 1380; x_wconf 91' lang='lat' dir='ltr'>in</span> <span class='ocrx_word' id='word_1_323' title='bbox 3649 1325 3840 1383; x_wconf 90' lang='lat' dir='ltr'>nobis.</span> 
     </span>
    </p>
   </div>
   <div class='ocr_carea' id='block_1_45' title="bbox 2195 1411 3845 1485">
    <p class='ocr_par' dir='ltr' id='par_1_45' title="bbox 2195 1411 3845 1485">
     <span class='ocr_line' id='line_1_45' title="bbox 2195 1411 3845 1485; baseline 0.001 -15"><span class='ocrx_word' id='word_1_324' title='bbox 2195 1411 2507 1484; x_wconf 85' lang='lat' dir='ltr'>Nunquam</span> <span class='ocrx_word' id='word_1_325' title='bbox 2554 1412 2733 1478; x_wconf 91' lang='lat' dir='ltr'>enim,</span> <span class='ocrx_word' id='word_1_326' title='bbox 2782 1412 2994 1485; x_wconf 89' lang='lat' dir='ltr'>inquit,</span> <span class='ocrx_word' id='word_1_327' title='bbox 3028 1413 3377 1469; x_wconf 90' lang='lat' dir='ltr'>auderemus</span> <span class='ocrx_word' id='word_1_328' title='bbox 3408 1413 3599 1469; x_wconf 87' lang='lat' dir='ltr'>dicere</span> <span class='ocrx_word' id='word_1_329' title='bbox 3631 1430 3647 1471; x_wconf 91' lang='lat'><strong>:</strong></span> <span class='ocrx_word' id='word_1_330' title='bbox 3674 1415 3845 1471; x_wconf 83' lang='lat' dir='ltr'>Pater</span> 
     </span>
    </p>
   </div>
   <div class='ocr_carea' id='block_1_46' title="bbox 2191 1502 3845 1573">
    <p class='ocr_par' dir='ltr' id='par_1_46' title="bbox 2191 1502 3845 1573">
     <span class='ocr_line' id='line_1_46' title="bbox 2191 1502 3845 1573; baseline 0.002 -17"><span class='ocrx_word' id='word_1_331' title='bbox 2191 1509 2375 1557; x_wconf 85' lang='lat' dir='ltr'>noster</span> <span class='ocrx_word' id='word_1_332' title='bbox 2401 1504 2497 1572; x_wconf 89' lang='lat' dir='ltr'>qui</span> <span class='ocrx_word' id='word_1_333' title='bbox 2547 1517 2602 1557; x_wconf 91' lang='lat' dir='ltr'>es</span> <span class='ocrx_word' id='word_1_334' title='bbox 2646 1502 2707 1556; x_wconf 87' lang='lat' dir='ltr'>in</span> <span class='ocrx_word' id='word_1_335' title='bbox 2754 1503 2907 1557; x_wconf 63' lang='lat' dir='ltr'>caelis</span> <span class='ocrx_word' id='word_1_336' title='bbox 2937 1519 2957 1557; x_wconf 91' lang='lat'><strong><em>:</em></strong></span> <span class='ocrx_word' id='word_1_337' title='bbox 2987 1502 3371 1573; x_wconf 72' lang='lat' dir='ltr'>Sanctiﬁcatur</span> <span class='ocrx_word' id='word_1_338' title='bbox 3423 1519 3623 1559; x_wconf 81' lang='lat' dir='ltr'>nomen</span> <span class='ocrx_word' id='word_1_339' title='bbox 3684 1513 3845 1560; x_wconf 87' lang='lat' dir='ltr'>tuum</span> 
     </span>
    </p>
   </div>
   <div class='ocr_carea' id='block_1_47' title="bbox 2191 1590 3842 1666">
    <p class='ocr_par' dir='ltr' id='par_1_47' title="bbox 2191 1590 3842 1666">
     <span class='ocr_line' id='line_1_47' title="bbox 2191 1590 3842 1666; baseline 0.004 -23"><span class='ocrx_word' id='word_1_340' title='bbox 2191 1590 2401 1659; x_wconf 83' lang='lat' dir='ltr'>(Matth.</span> <span class='ocrx_word' id='word_1_341' title='bbox 2433 1590 2592 1657; x_wconf 77' lang='lat' dir='ltr'>v1,9,</span> <span class='ocrx_word' id='word_1_342' title='bbox 2633 1593 2825 1663; x_wconf 88' lang='lat' dir='ltr'>seqq.),</span> <span class='ocrx_word' id='word_1_343' title='bbox 2876 1590 2990 1647; x_wconf 89' lang='lat' dir='ltr'>nisi</span> <span class='ocrx_word' id='word_1_344' title='bbox 3046 1591 3119 1646; x_wconf 94' lang='lat' dir='ltr'>de</span> <span class='ocrx_word' id='word_1_345' title='bbox 3176 1590 3535 1648; x_wconf 88' lang='lat' dir='ltr'>conscientia</span> <span class='ocrx_word' id='word_1_346' title='bbox 3589 1593 3842 1666; x_wconf 84' lang='lat' dir='ltr'>Spiritus</span> 
     </span>
    </p>
   </div>
   <div class='ocr_carea' id='block_1_48' title="bbox 2192 1677 3845 1754">
    <p class='ocr_par' dir='ltr' id='par_1_48' title="bbox 2192 1677 3845 1754">
     <span class='ocr_line' id='line_1_48' title="bbox 2192 1677 3845 1754; baseline 0.003 -22"><span class='ocrx_word' id='word_1_347' title='bbox 2192 1677 2512 1735; x_wconf 86' lang='lat' dir='ltr'>habitantis</span> <span class='ocrx_word' id='word_1_348' title='bbox 2538 1678 2598 1734; x_wconf 91' lang='lat' dir='ltr'>in</span> <span class='ocrx_word' id='word_1_349' title='bbox 2630 1679 2821 1748; x_wconf 90' lang='lat' dir='ltr'>nobis,</span> <span class='ocrx_word' id='word_1_350' title='bbox 2854 1684 2913 1735; x_wconf 92' lang='lat' dir='ltr'>et</span> <span class='ocrx_word' id='word_1_351' title='bbox 2945 1695 3159 1752; x_wconf 87' lang='lat' dir='ltr'>magna</span> <span class='ocrx_word' id='word_1_352' title='bbox 3197 1696 3483 1736; x_wconf 89' lang='lat' dir='ltr'>sensuum</span> <span class='ocrx_word' id='word_1_353' title='bbox 3514 1685 3571 1737; x_wconf 92' lang='lat' dir='ltr'>et</span> <span class='ocrx_word' id='word_1_354' title='bbox 3599 1681 3845 1754; x_wconf 86' lang='lat' dir='ltr'>dogma-</span> 
     </span>
    </p>
   </div>
   <div class='ocr_carea' id='block_1_49' title="bbox 2192 1768 3844 1839">
    <p class='ocr_par' dir='ltr' id='par_1_49' title="bbox 2192 1768 3844 1839">
     <span class='ocr_line' id='line_1_49' title="bbox 2192 1768 3844 1839; baseline 0.004 -18"><span class='ocrx_word' id='word_1_355' title='bbox 2192 1770 2316 1823; x_wconf 92' lang='lat' dir='ltr'>tum</span> <span class='ocrx_word' id='word_1_356' title='bbox 2348 1784 2485 1824; x_wconf 92' lang='lat' dir='ltr'>voce</span> <span class='ocrx_word' id='word_1_357' title='bbox 2515 1768 2839 1824; x_wconf 87' lang='lat' dir='ltr'>clamante:</span> <span class='ocrx_word' id='word_1_358' title='bbox 2870 1768 3039 1839; x_wconf 85' lang='lat' dir='ltr'>Abba,</span> <span class='ocrx_word' id='word_1_359' title='bbox 3073 1773 3261 1825; x_wconf 85' lang='lat' dir='ltr'>Pater.</span> <span class='ocrx_word' id='word_1_360' title='bbox 3295 1769 3463 1826; x_wconf 87' lang='lat' dir='ltr'>Abba</span> <span class='ocrx_word' id='word_1_361' title='bbox 3492 1770 3844 1827; x_wconf 83' lang='lat' dir='ltr'>Hebraicum</span> 
     </span>
    </p>
   </div>
   <div class='ocr_carea' id='block_1_50' title="bbox 2193 1855 3843 1929">
    <p class='ocr_par' dir='ltr' id='par_1_50' title="bbox 2193 1855 3843 1929">
     <span class='ocr_line' id='line_1_50' title="bbox 2193 1855 3843 1929; baseline 0.002 -19"><span class='ocrx_word' id='word_1_362' title='bbox 2193 1859 2302 1923; x_wconf 92' lang='lat' dir='ltr'>est,</span> <span class='ocrx_word' id='word_1_363' title='bbox 2340 1855 2600 1928; x_wconf 90' lang='lat' dir='ltr'>idipsum</span> <span class='ocrx_word' id='word_1_364' title='bbox 2654 1856 2994 1929; x_wconf 87' lang='lat' dir='ltr'>signiﬁcans</span> <span class='ocrx_word' id='word_1_365' title='bbox 3042 1857 3205 1929; x_wconf 87' lang='lat' dir='ltr'>quod</span> <span class='ocrx_word' id='word_1_366' title='bbox 3246 1861 3304 1913; x_wconf 92' lang='lat' dir='ltr'>et</span> <span class='ocrx_word' id='word_1_367' title='bbox 3351 1857 3539 1913; x_wconf 89' lang='lat' dir='ltr'>Pater.</span> <span class='ocrx_word' id='word_1_368' title='bbox 3571 1858 3641 1913; x_wconf 89' lang='lat' dir='ltr'>Et</span> <span class='ocrx_word' id='word_1_369' title='bbox 3689 1857 3843 1914; x_wconf 84' lang='lat' dir='ltr'>hanc</span> 
     </span>
    </p>
   </div>
   <div class='ocr_carea' id='block_1_51' title="bbox 2193 1945 3847 2019">
    <p class='ocr_par' dir='ltr' id='par_1_51' title="bbox 2193 1945 3847 2019">
     <span class='ocr_line' id='line_1_51' title="bbox 2193 1945 3847 2019; baseline 0.002 -19"><span class='ocrx_word' id='word_1_370' title='bbox 2193 1945 2678 2001; x_wconf 89' lang='lat' dir='ltr'>consuetudinem</span> <span class='ocrx_word' id='word_1_371' title='bbox 2710 1946 2769 2001; x_wconf 91' lang='lat' dir='ltr'>in</span> <span class='ocrx_word' id='word_1_372' title='bbox 2802 1945 3070 2018; x_wconf 90' lang='lat' dir='ltr'>pluribus</span> <span class='ocrx_word' id='word_1_373' title='bbox 3113 1945 3255 2002; x_wconf 93' lang='lat' dir='ltr'>locis</span> <span class='ocrx_word' id='word_1_374' title='bbox 3286 1946 3590 2019; x_wconf 89' lang='lat' dir='ltr'>Scriptura</span> <span class='ocrx_word' id='word_1_375' title='bbox 3619 1964 3847 2005; x_wconf 85' lang='lat' dir='ltr'>conser-</span> 
     </span>
    </p>
   </div>
   <div class='ocr_carea' id='block_1_52' title="bbox 2193 2034 3846 2108">
    <p class='ocr_par' dir='ltr' id='par_1_52' title="bbox 2193 2034 3846 2108">
     <span class='ocr_line' id='line_1_52' title="bbox 2193 2034 3846 2108; baseline 0.002 -19"><span class='ocrx_word' id='word_1_376' title='bbox 2193 2039 2307 2102; x_wconf 89' lang='lat' dir='ltr'>vat,</span> <span class='ocrx_word' id='word_1_377' title='bbox 2332 2045 2397 2089; x_wconf 85' lang='lat' dir='ltr'>ut</span> <span class='ocrx_word' id='word_1_378' title='bbox 2418 2035 2767 2091; x_wconf 89' lang='lat' dir='ltr'>Hebraicum</span> <span class='ocrx_word' id='word_1_379' title='bbox 2789 2034 3030 2091; x_wconf 91' lang='lat' dir='ltr'>verbum</span> <span class='ocrx_word' id='word_1_380' title='bbox 3061 2052 3196 2091; x_wconf 88' lang='lat' dir='ltr'>cum</span> <span class='ocrx_word' id='word_1_381' title='bbox 3230 2036 3716 2108; x_wconf 86' lang='lat' dir='ltr'>interpretatione</span> <span class='ocrx_word' id='word_1_382' title='bbox 3737 2052 3846 2093; x_wconf 85' lang='lat' dir='ltr'>sua</span> 
     </span>
    </p>
   </div>
   <div class='ocr_carea' id='block_1_53' title="bbox 2194 2124 3848 2198">
    <p class='ocr_par' dir='ltr' id='par_1_53' title="bbox 2194 2124 3848 2198">
     <span class='ocr_line' id='line_1_53' title="bbox 2194 2124 3848 2198; baseline 0.001 -19"><span class='ocrx_word' id='word_1_383' title='bbox 2194 2127 2393 2195; x_wconf 89' lang='lat' dir='ltr'>ponat.</span> <span class='ocrx_word' id='word_1_384' title='bbox 2437 2124 2792 2192; x_wconf 91' lang='lat' dir='ltr'>Bartimeus,</span> <span class='ocrx_word' id='word_1_385' title='bbox 2830 2124 2984 2194; x_wconf 89' lang='lat' dir='ltr'>ﬁlius</span> <span class='ocrx_word' id='word_1_386' title='bbox 3030 2125 3202 2180; x_wconf 86' lang='lat' dir='ltr'>Timei</span> <span class='ocrx_word' id='word_1_387' title='bbox 3228 2125 3414 2197; x_wconf 79' lang='lat' dir='ltr'>(Marc.</span> <span class='ocrx_word' id='word_1_388' title='bbox 3447 2142 3506 2194; x_wconf 85' lang='lat' dir='ltr'>x,</span> <span class='ocrx_word' id='word_1_389' title='bbox 3536 2126 3647 2198; x_wconf 79' lang='grc'>46).</span> <span class='ocrx_word' id='word_1_390' title='bbox 3679 2128 3848 2196; x_wconf 88' lang='lat' dir='ltr'>Aser,</span> 
     </span>
    </p>
   </div>
   <div class='ocr_carea' id='block_1_54' title="bbox 2192 2211 3842 2287">
    <p class='ocr_par' dir='ltr' id='par_1_54' title="bbox 2192 2211 3842 2287">
     <span class='ocr_line' id='line_1_54' title="bbox 2192 2211 3842 2287; baseline 0.003 -21"><span class='ocrx_word' id='word_1_391' title='bbox 2192 2212 2399 2267; x_wconf 71' lang='lat' dir='ltr'>divitiae</span> <span class='ocrx_word' id='word_1_392' title='bbox 2429 2211 2585 2283; x_wconf 84' lang='lat' dir='ltr'>(Gen.</span> <span class='ocrx_word' id='word_1_393' title='bbox 2633 2230 2785 2281; x_wconf 80' lang='lat' dir='ltr'>XLIX,</span> <span class='ocrx_word' id='word_1_394' title='bbox 2835 2214 2946 2285; x_wconf 78' lang='lat'>20).</span> <span class='ocrx_word' id='word_1_395' title='bbox 3002 2213 3274 2283; x_wconf 91' lang='lat' dir='ltr'>Tabitha,</span> <span class='ocrx_word' id='word_1_396' title='bbox 3327 2215 3533 2271; x_wconf 88' lang='lat' dir='ltr'>Dorcas</span> <span class='ocrx_word' id='word_1_397' title='bbox 3579 2216 3714 2287; x_wconf 80' lang='lat' dir='ltr'>(Aet.</span> <span class='ocrx_word' id='word_1_398' title='bbox 3762 2231 3842 2284; x_wconf 76' lang='lat' dir='ltr'>Ix,</span> 
     </span>
    </p>
   </div>
   <div class='ocr_carea' id='block_1_55' title="bbox 2192 2301 3845 2376">
    <p class='ocr_par' dir='ltr' id='par_1_55' title="bbox 2192 2301 3845 2376">
     <span class='ocr_line' id='line_1_55' title="bbox 2192 2301 3845 2376; baseline 0.003 -21"><span class='ocrx_word' id='word_1_399' title='bbox 2192 2301 2282 2372; x_wconf 87' lang='lat'>36)</span> <span class='ocrx_word' id='word_1_400' title='bbox 2316 2318 2329 2356; x_wconf 93' lang='lat'><strong>:</strong></span> <span class='ocrx_word' id='word_1_401' title='bbox 2363 2306 2422 2357; x_wconf 89' lang='lat' dir='ltr'>et</span> <span class='ocrx_word' id='word_1_402' title='bbox 2451 2301 2509 2357; x_wconf 91' lang='lat' dir='ltr'>in</span> <span class='ocrx_word' id='word_1_403' title='bbox 2541 2302 2773 2371; x_wconf 88' lang='lat' dir='ltr'>Genesi,</span> <span class='ocrx_word' id='word_1_404' title='bbox 2810 2302 3058 2370; x_wconf 86' lang='lat' dir='ltr'>Mesech,</span> <span class='ocrx_word' id='word_1_405' title='bbox 3090 2303 3424 2360; x_wconf 85' lang='lat' dir='ltr'>vernaculus</span> <span class='ocrx_word' id='word_1_406' title='bbox 3454 2304 3610 2375; x_wconf 88' lang='lat' dir='ltr'>(Gen.</span> <span class='ocrx_word' id='word_1_407' title='bbox 3641 2321 3734 2372; x_wconf 87' lang='lat' dir='ltr'>xv,</span> <span class='ocrx_word' id='word_1_408' title='bbox 3766 2304 3845 2376; x_wconf 90' lang='lat'>3),</span> 
     </span>
    </p>
   </div>
   <div class='ocr_carea' id='block_1_56' title="bbox 2192 2389 3847 2451">
    <p class='ocr_par' dir='ltr' id='par_1_56' title="bbox 2192 2389 3847 2451">
     <span class='ocr_line' id='line_1_56' title="bbox 2192 2389 3847 2451; baseline 0.004 -6"><span class='ocrx_word' id='word_1_409' title='bbox 2192 2394 2251 2445; x_wconf 91' lang='lat' dir='ltr'>et</span> <span class='ocrx_word' id='word_1_410' title='bbox 2280 2394 2487 2446; x_wconf 65' lang='lat' dir='ltr'>caetera</span> <span class='ocrx_word' id='word_1_411' title='bbox 2515 2389 2607 2446; x_wconf 90' lang='lat' dir='ltr'>bis</span> <span class='ocrx_word' id='word_1_412' title='bbox 2658 2391 2895 2448; x_wconf 83' lang='lat' dir='ltr'>similia.</span> <span class='ocrx_word' id='word_1_413' title='bbox 2930 2395 3073 2447; x_wconf 91' lang='lat' dir='ltr'>Cum</span> <span class='ocrx_word' id='word_1_414' title='bbox 3104 2396 3301 2448; x_wconf 91' lang='lat' dir='ltr'>autem</span> <span class='ocrx_word' id='word_1_415' title='bbox 3330 2393 3496 2450; x_wconf 84' lang='lat' dir='ltr'>Abba</span> <span class='ocrx_word' id='word_1_416' title='bbox 3536 2393 3707 2450; x_wconf 90' lang='lat' dir='ltr'>Pater</span> <span class='ocrx_word' id='word_1_417' title='bbox 3735 2393 3847 2451; x_wconf 80' lang='lat' dir='ltr'>He-</span> 
     </span>
    </p>
   </div>
   <div class='ocr_carea' id='block_1_57' title="bbox 2193 2479 3841 2552">
    <p class='ocr_par' dir='ltr' id='par_1_57' title="bbox 2193 2479 3841 2552">
     <span class='ocr_line' id='line_1_57' title="bbox 2193 2479 3841 2552; baseline 0.003 -18"><span class='ocrx_word' id='word_1_418' title='bbox 2193 2479 2345 2535; x_wconf 72' lang='lat' dir='ltr'>braeo</span> <span class='ocrx_word' id='word_1_419' title='bbox 2393 2480 2651 2552; x_wconf 86' lang='lat' dir='ltr'>Syroque</span> <span class='ocrx_word' id='word_1_420' title='bbox 2681 2495 2951 2536; x_wconf 87' lang='lat' dir='ltr'>sermone</span> <span class='ocrx_word' id='word_1_421' title='bbox 2980 2480 3213 2537; x_wconf 84' lang='lat' dir='ltr'>dicatur</span> <span class='ocrx_word' id='word_1_422' title='bbox 3239 2486 3298 2537; x_wconf 92' lang='lat' dir='ltr'>et</span> <span class='ocrx_word' id='word_1_423' title='bbox 3328 2482 3611 2538; x_wconf 87' lang='lat' dir='ltr'>Dominus</span> <span class='ocrx_word' id='word_1_424' title='bbox 3643 2487 3841 2539; x_wconf 89' lang='lat' dir='ltr'>noster</span> 
     </span>
    </p>
   </div>
   <div class='ocr_carea' id='block_1_58' title="bbox 2194 2568 3844 2643">
    <p class='ocr_par' dir='ltr' id='par_1_58' title="bbox 2194 2568 3844 2643">
     <span class='ocr_line' id='line_1_58' title="bbox 2194 2568 3844 2643; baseline 0.004 -21"><span class='ocrx_word' id='word_1_425' title='bbox 2194 2568 2253 2623; x_wconf 92' lang='lat' dir='ltr'>in</span> <span class='ocrx_word' id='word_1_426' title='bbox 2285 2568 2592 2642; x_wconf 88' lang='lat' dir='ltr'>Evangelio</span> <span class='ocrx_word' id='word_1_427' title='bbox 2640 2569 2958 2641; x_wconf 66' lang='lat' dir='ltr'>praecipiat,</span> <span class='ocrx_word' id='word_1_428' title='bbox 2992 2569 3223 2626; x_wconf 91' lang='lat' dir='ltr'>nullum</span> <span class='ocrx_word' id='word_1_429' title='bbox 3257 2575 3482 2643; x_wconf 90' lang='lat' dir='ltr'>patrem</span> <span class='ocrx_word' id='word_1_430' title='bbox 3513 2573 3844 2629; x_wconf 85' lang='lat' dir='ltr'>vocandum</span> 
     </span>
    </p>
   </div>
   <div class='ocr_carea' id='block_1_59' title="bbox 2194 2657 3847 2732">
    <p class='ocr_par' dir='ltr' id='par_1_59' title="bbox 2194 2657 3847 2732">
     <span class='ocr_line' id='line_1_59' title="bbox 2194 2657 3847 2732; baseline 0.004 -21"><span class='ocrx_word' id='word_1_431' title='bbox 2194 2657 2307 2712; x_wconf 90' lang='lat' dir='ltr'>nisi</span> <span class='ocrx_word' id='word_1_432' title='bbox 2365 2657 2549 2712; x_wconf 92' lang='lat' dir='ltr'>Deum</span> <span class='ocrx_word' id='word_1_433' title='bbox 2609 2658 2816 2729; x_wconf 82' lang='lat' dir='ltr'>(Matth.</span> <span class='ocrx_word' id='word_1_434' title='bbox 2857 2675 3017 2728; x_wconf 84' lang='lat' dir='ltr'>xxm,</span> <span class='ocrx_word' id='word_1_435' title='bbox 3064 2659 3141 2731; x_wconf 87' lang='grc'>9),</span> <span class='ocrx_word' id='word_1_436' title='bbox 3191 2660 3385 2716; x_wconf 90' lang='lat' dir='ltr'>nescio</span> <span class='ocrx_word' id='word_1_437' title='bbox 3431 2677 3551 2732; x_wconf 86' lang='lat' dir='ltr'>qua</span> <span class='ocrx_word' id='word_1_438' title='bbox 3606 2659 3847 2717; x_wconf 86' lang='lat' dir='ltr'>licentia</span> 
     </span>
    </p>
   </div>
   <div class='ocr_carea' id='block_1_60' title="bbox 2194 2745 3845 2819">
    <p class='ocr_par' dir='ltr' id='par_1_60' title="bbox 2194 2745 3845 2819">
     <span class='ocr_line' id='line_1_60' title="bbox 2194 2745 3845 2819; baseline 0.003 -19"><span class='ocrx_word' id='word_1_439' title='bbox 2194 2745 2254 2800; x_wconf 90' lang='lat' dir='ltr'>in</span> <span class='ocrx_word' id='word_1_440' title='bbox 2283 2745 2654 2802; x_wconf 88' lang='lat' dir='ltr'>monasteriis</span> <span class='ocrx_word' id='word_1_441' title='bbox 2680 2746 2771 2802; x_wconf 88' lang='lat' dir='ltr'>vel</span> <span class='ocrx_word' id='word_1_442' title='bbox 2803 2763 3078 2803; x_wconf 90' lang='lat' dir='ltr'>vocemus</span> <span class='ocrx_word' id='word_1_443' title='bbox 3126 2747 3236 2803; x_wconf 91' lang='lat' dir='ltr'>hoc</span> <span class='ocrx_word' id='word_1_444' title='bbox 3286 2749 3525 2805; x_wconf 90' lang='lat' dir='ltr'>nomine</span> <span class='ocrx_word' id='word_1_445' title='bbox 3556 2748 3724 2819; x_wconf 88' lang='lat' dir='ltr'>alios,</span> <span class='ocrx_word' id='word_1_446' title='bbox 3755 2748 3845 2806; x_wconf 88' lang='lat' dir='ltr'>vel</span> 
     </span>
    </p>
   </div>
   <div class='ocr_carea' id='block_1_61' title="bbox 2192 2835 3845 2911">
    <p class='ocr_par' dir='ltr' id='par_1_61' title="bbox 2192 2835 3845 2911">
     <span class='ocr_line' id='line_1_61' title="bbox 2192 2835 3845 2911; baseline 0.003 -22"><span class='ocrx_word' id='word_1_447' title='bbox 2192 2835 2380 2890; x_wconf 91' lang='lat' dir='ltr'>vocari</span> <span class='ocrx_word' id='word_1_448' title='bbox 2414 2851 2521 2890; x_wconf 94' lang='lat' dir='ltr'>nos</span> <span class='ocrx_word' id='word_1_449' title='bbox 2569 2835 3034 2909; x_wconf 88' lang='lat' dir='ltr'>acquiescamus.</span> <span class='ocrx_word' id='word_1_450' title='bbox 3077 2836 3145 2892; x_wconf 89' lang='lat' dir='ltr'>Et</span> <span class='ocrx_word' id='word_1_451' title='bbox 3191 2840 3348 2894; x_wconf 86' lang='lat' dir='ltr'>certe</span> <span class='ocrx_word' id='word_1_452' title='bbox 3394 2837 3519 2909; x_wconf 91' lang='lat' dir='ltr'>ipse</span> <span class='ocrx_word' id='word_1_453' title='bbox 3562 2838 3845 2911; x_wconf 60' lang='lat' dir='ltr'>pracepit</span> 
     </span>
    </p>
   </div>
   <div class='ocr_carea' id='block_1_62' title="bbox 2194 2922 3843 2997">
    <p class='ocr_par' dir='ltr' id='par_1_62' title="bbox 2194 2922 3843 2997">
     <span class='ocr_line' id='line_1_62' title="bbox 2194 2922 3843 2997; baseline 0.004 -19"><span class='ocrx_word' id='word_1_454' title='bbox 2194 2922 2303 2979; x_wconf 93' lang='lat' dir='ltr'>hoc</span> <span class='ocrx_word' id='word_1_455' title='bbox 2336 2922 2435 2995; x_wconf 92' lang='lat' dir='ltr'>qui</span> <span class='ocrx_word' id='word_1_456' title='bbox 2467 2922 2691 2979; x_wconf 87' lang='lat' dir='ltr'>dixerat</span> <span class='ocrx_word' id='word_1_457' title='bbox 2716 2940 2832 2981; x_wconf 91' lang='lat' dir='ltr'>non</span> <span class='ocrx_word' id='word_1_458' title='bbox 2867 2940 2996 2981; x_wconf 90' lang='lat' dir='ltr'>esse</span> <span class='ocrx_word' id='word_1_459' title='bbox 3030 2925 3357 2996; x_wconf 89' lang='lat' dir='ltr'>jurandum</span> <span class='ocrx_word' id='word_1_460' title='bbox 3382 2927 3608 2997; x_wconf 85' lang='lat' dir='ltr'>(Matth.</span> <span class='ocrx_word' id='word_1_461' title='bbox 3640 2944 3698 2993; x_wconf 92' lang='lat' dir='ltr'>v,</span> <span class='ocrx_word' id='word_1_462' title='bbox 3731 2928 3843 2997; x_wconf 74' lang='grc'>34).</span> 
     </span>
    </p>
   </div>
   <div class='ocr_carea' id='block_1_63' title="bbox 2195 3012 3843 3089">
    <p class='ocr_par' dir='ltr' id='par_1_63' title="bbox 2195 3012 3843 3089">
     <span class='ocr_line' id='line_1_63' title="bbox 2195 3012 3843 3089; baseline 0.004 -22"><span class='ocrx_word' id='word_1_463' title='bbox 2195 3012 2253 3067; x_wconf 92' lang='lat' dir='ltr'>Si</span> <span class='ocrx_word' id='word_1_464' title='bbox 2286 3028 2403 3067; x_wconf 92' lang='lat' dir='ltr'>non</span> <span class='ocrx_word' id='word_1_465' title='bbox 2447 3013 2746 3083; x_wconf 88' lang='lat' dir='ltr'>juramus,</span> <span class='ocrx_word' id='word_1_466' title='bbox 2791 3029 2898 3070; x_wconf 91' lang='lat' dir='ltr'>nec</span> <span class='ocrx_word' id='word_1_467' title='bbox 2946 3019 3172 3085; x_wconf 90' lang='lat' dir='ltr'>patrem</span> <span class='ocrx_word' id='word_1_468' title='bbox 3218 3014 3459 3086; x_wconf 90' lang='lat' dir='ltr'>quidem</span> <span class='ocrx_word' id='word_1_469' title='bbox 3503 3015 3843 3089; x_wconf 87' lang='lat' dir='ltr'>quempiam</span> 
     </span>
    </p>
   </div>
   <div class='ocr_carea' id='block_1_64' title="bbox 2195 3102 3842 3176">
    <p class='ocr_par' dir='ltr' id='par_1_64' title="bbox 2195 3102 3842 3176">
     <span class='ocr_line' id='line_1_64' title="bbox 2195 3102 3842 3176; baseline 0.002 -19"><span class='ocrx_word' id='word_1_470' title='bbox 2195 3102 2589 3158; x_wconf 89' lang='lat' dir='ltr'>nominemus.</span> <span class='ocrx_word' id='word_1_471' title='bbox 2644 3102 2704 3158; x_wconf 92' lang='lat' dir='ltr'>Si</span> <span class='ocrx_word' id='word_1_472' title='bbox 2752 3102 2825 3158; x_wconf 92' lang='lat' dir='ltr'>de</span> <span class='ocrx_word' id='word_1_473' title='bbox 2874 3106 3038 3175; x_wconf 90' lang='lat' dir='ltr'>patre</span> <span class='ocrx_word' id='word_1_474' title='bbox 3085 3103 3605 3176; x_wconf 84' lang='lat' dir='ltr'>interpretabimur</span> <span class='ocrx_word' id='word_1_475' title='bbox 3651 3103 3842 3175; x_wconf 88' lang='lat' dir='ltr'>aliter,</span> 
     </span>
    </p>
   </div>
   <div class='ocr_carea' id='block_1_65' title="bbox 2195 3189 3844 3267">
    <p class='ocr_par' dir='ltr' id='par_1_65' title="bbox 2195 3189 3844 3267">
     <span class='ocr_line' id='line_1_65' title="bbox 2195 3189 3844 3267; baseline 0.002 -20"><span class='ocrx_word' id='word_1_476' title='bbox 2195 3196 2252 3247; x_wconf 91' lang='lat' dir='ltr'>et</span> <span class='ocrx_word' id='word_1_477' title='bbox 2279 3192 2352 3247; x_wconf 90' lang='lat' dir='ltr'>de</span> <span class='ocrx_word' id='word_1_478' title='bbox 2369 3192 2623 3262; x_wconf 88' lang='lat' dir='ltr'>jurando</span> <span class='ocrx_word' id='word_1_479' title='bbox 2654 3189 2822 3247; x_wconf 83' lang='lat' dir='ltr'>aliter</span> <span class='ocrx_word' id='word_1_480' title='bbox 2841 3190 3058 3247; x_wconf 90' lang='lat' dir='ltr'>sentire</span> <span class='ocrx_word' id='word_1_481' title='bbox 3076 3207 3355 3265; x_wconf 89' lang='lat' dir='ltr'>cogemur</span> <span class='ocrx_word' id='word_1_482' title='bbox 3372 3193 3494 3263; x_wconf 74' lang='grc' dir='ltr'>(Αι.</span> <span class='ocrx_word' id='word_1_483' title='bbox 3519 3194 3844 3267; x_wconf 87' lang='lat' dir='ltr'>cogemus).</span> 
     </span>
    </p>
   </div>
   <div class='ocr_carea' id='block_1_66' title="bbox 437 3263 3843 3357">
    <p class='ocr_par' dir='ltr' id='par_1_66' title="bbox 437 3263 3843 3357">
     <span class='ocr_line' id='line_1_66' title="bbox 437 3263 3843 3357; baseline 0 -18"><span class='ocrx_word' id='word_1_484' title='bbox 437 3290 705 3351; x_wconf 88' lang='lat' dir='ltr'>sanctum,</span> <span class='ocrx_word' id='word_1_485' title='bbox 727 3263 837 3338; x_wconf 84' lang='lat' dir='ltr'>nec</span> <span class='ocrx_word' id='word_1_486' title='bbox 878 3263 985 3350; x_wconf 81' lang='lat' dir='ltr'>hic,</span> <span class='ocrx_word' id='word_1_487' title='bbox 1016 3297 1115 3337; x_wconf 87' lang='lat' dir='ltr'>nec</span> <span class='ocrx_word' id='word_1_488' title='bbox 1138 3263 1201 3337; x_wconf 74' lang='lat' dir='ltr'>in</span> <span class='ocrx_word' id='word_1_489' title='bbox 1227 3284 1415 3353; x_wconf 81' lang='lat' dir='ltr'>futuro</span> <span class='ocrx_word' id='word_1_490' title='bbox 1442 3263 1767 3340; x_wconf 71' lang='lat' dir='ltr'>dimittetur</span> <span class='ocrx_word' id='word_1_491' title='bbox 1794 3287 1847 3341; x_wconf 89' lang='lat' dir='ltr'>ei</span> <span class='ocrx_word' id='word_1_492' title='bbox 1876 3285 2082 3357; x_wconf 77' lang='lat' dir='ltr'>(Matth.</span> <span class='ocrx_word' id='word_1_493' title='bbox 2115 3263 2158 3330; x_wconf 78' lang='lat' dir='ltr'>C</span> <span class='ocrx_word' id='word_1_494' title='bbox 2198 3280 2532 3337; x_wconf 87' lang='lat' dir='ltr'>Notandum</span> <span class='ocrx_word' id='word_1_495' title='bbox 2583 3280 2781 3346; x_wconf 91' lang='lat' dir='ltr'>etiam,</span> <span class='ocrx_word' id='word_1_496' title='bbox 2814 3280 2956 3352; x_wconf 87' lang='lat' dir='ltr'>quia</span> <span class='ocrx_word' id='word_1_497' title='bbox 2982 3263 3203 3337; x_wconf 84' lang='lat' dir='ltr'>clamor</span> <span class='ocrx_word' id='word_1_498' title='bbox 3244 3281 3304 3336; x_wconf 91' lang='lat' dir='ltr'>in</span> <span class='ocrx_word' id='word_1_499' title='bbox 3348 3263 3693 3355; x_wconf 69' lang='lat' dir='ltr'>Scripturis,</span> <span class='ocrx_word' id='word_1_500' title='bbox 3727 3263 3843 3339; x_wconf 83' lang='lat' dir='ltr'>non</span> 
     </span>
    </p>
   </div>
   <div class='ocr_carea' id='block_1_67' title="bbox 438 3371 2086 3446">
    <p class='ocr_par' dir='ltr' id='par_1_67' title="bbox 438 3371 2086 3446">
     <span class='ocr_line' id='line_1_67' title="bbox 438 3371 2086 3446; baseline 0.001 -17"><span class='ocrx_word' id='word_1_501' title='bbox 438 3390 541 3444; x_wconf 77' lang='grc' dir='ltr'>χιι,</span> <span class='ocrx_word' id='word_1_502' title='bbox 601 3373 712 3441; x_wconf 88' lang='grc'>32).</span> <span class='ocrx_word' id='word_1_503' title='bbox 769 3376 887 3427; x_wconf 85' lang='lat' dir='ltr'>Hoc</span> <span class='ocrx_word' id='word_1_504' title='bbox 943 3371 1095 3439; x_wconf 90' lang='lat' dir='ltr'>ideo,</span> <span class='ocrx_word' id='word_1_505' title='bbox 1147 3371 1288 3442; x_wconf 91' lang='lat' dir='ltr'>quia</span> <span class='ocrx_word' id='word_1_506' title='bbox 1343 3371 1515 3427; x_wconf 86' lang='lat' dir='ltr'>multi</span> <span class='ocrx_word' id='word_1_507' title='bbox 1570 3389 1674 3444; x_wconf 92' lang='lat' dir='ltr'>per</span> <span class='ocrx_word' id='word_1_508' title='bbox 1730 3373 2086 3446; x_wconf 90' lang='lat' dir='ltr'>imperitiam</span> 
     </span>
    </p>
   </div>
   <div class='ocr_carea' id='block_1_68' title="bbox 440 3458 2085 3533">
    <p class='ocr_par' dir='ltr' id='par_1_68' title="bbox 440 3458 2085 3533">
     <span class='ocr_line' id='line_1_68' title="bbox 440 3458 2085 3533; baseline 0.001 -15"><span class='ocrx_word' id='word_1_509' title='bbox 440 3460 879 3533; x_wconf 88' lang='lat' dir='ltr'>Scripturarum</span> <span class='ocrx_word' id='word_1_510' title='bbox 929 3459 1109 3530; x_wconf 91' lang='lat' dir='ltr'>(quod</span> <span class='ocrx_word' id='word_1_511' title='bbox 1165 3464 1224 3515; x_wconf 91' lang='lat' dir='ltr'>et</span> <span class='ocrx_word' id='word_1_512' title='bbox 1274 3458 1610 3516; x_wconf 88' lang='lat' dir='ltr'>Firmianus</span> <span class='ocrx_word' id='word_1_513' title='bbox 1658 3461 1716 3515; x_wconf 93' lang='lat' dir='ltr'>in</span> <span class='ocrx_word' id='word_1_514' title='bbox 1765 3467 1963 3518; x_wconf 88' lang='lat' dir='ltr'>octavo</span> <span class='ocrx_word' id='word_1_515' title='bbox 2012 3464 2085 3519; x_wconf 90' lang='lat' dir='ltr'>ad</span> 
     </span>
    </p>
   </div>
   <div class='ocr_carea' id='block_1_69' title="bbox 439 3547 2089 3621">
    <p class='ocr_par' dir='ltr' id='par_1_69' title="bbox 439 3547 2089 3621">
     <span class='ocr_line' id='line_1_69' title="bbox 439 3547 2089 3621; baseline 0.001 -15"><span class='ocrx_word' id='word_1_516' title='bbox 439 3549 879 3606; x_wconf 89' lang='lat' dir='ltr'>Demetrianum</span> <span class='ocrx_word' id='word_1_517' title='bbox 928 3547 1320 3619; x_wconf 89' lang='lat' dir='ltr'>Epistolarum</span> <span class='ocrx_word' id='word_1_518' title='bbox 1370 3547 1560 3604; x_wconf 59' lang='lat' dir='ltr'>librot</span> <span class='ocrx_word' id='word_1_519' title='bbox 1609 3549 1767 3621; x_wconf 87' lang='lat' dir='ltr'>facit)</span> <span class='ocrx_word' id='word_1_520' title='bbox 1818 3554 2089 3607; x_wconf 86' lang='lat' dir='ltr'>asserunt</span> 
     </span>
    </p>
   </div>
   <div class='ocr_carea' id='block_1_70' title="bbox 439 3636 2089 3710">
    <p class='ocr_par' dir='ltr' id='par_1_70' title="bbox 439 3636 2089 3710">
     <span class='ocr_line' id='line_1_70' title="bbox 439 3636 2089 3710; baseline 0.002 -18"><span class='ocrx_word' id='word_1_521' title='bbox 439 3637 719 3710; x_wconf 79' lang='lat' dir='ltr'>Spiritum</span> <span class='ocrx_word' id='word_1_522' title='bbox 749 3640 1019 3693; x_wconf 90' lang='lat' dir='ltr'>sanctum</span> <span class='ocrx_word' id='word_1_523' title='bbox 1050 3652 1201 3710; x_wconf 63' lang='lat' dir='ltr'>saepe</span> <span class='ocrx_word' id='word_1_524' title='bbox 1244 3636 1494 3706; x_wconf 90' lang='lat' dir='ltr'>Patrem,</span> <span class='ocrx_word' id='word_1_525' title='bbox 1528 3654 1679 3710; x_wconf 66' lang='lat' dir='ltr'>saepe</span> <span class='ocrx_word' id='word_1_526' title='bbox 1729 3637 1938 3694; x_wconf 91' lang='lat' dir='ltr'>Filium</span> <span class='ocrx_word' id='word_1_527' title='bbox 1988 3656 2089 3696; x_wconf 87' lang='lat' dir='ltr'>no-</span> 
     </span>
    </p>
   </div>
   <div class='ocr_carea' id='block_1_71' title="bbox 440 3725 2083 3799">
    <p class='ocr_par' dir='ltr' id='par_1_71' title="bbox 440 3725 2083 3799">
     <span class='ocr_line' id='line_1_71' title="bbox 440 3725 2083 3799; baseline 0.002 -17"><span class='ocrx_word' id='word_1_528' title='bbox 440 3725 675 3783; x_wconf 89' lang='lat' dir='ltr'>minari.</span> <span class='ocrx_word' id='word_1_529' title='bbox 708 3727 938 3782; x_wconf 88' lang='lat' dir='ltr'>Etcum</span> <span class='ocrx_word' id='word_1_530' title='bbox 987 3726 1294 3799; x_wconf 87' lang='lat' dir='ltr'>perspicue</span> <span class='ocrx_word' id='word_1_531' title='bbox 1331 3727 1389 3781; x_wconf 92' lang='lat' dir='ltr'>in</span> <span class='ocrx_word' id='word_1_532' title='bbox 1422 3725 1706 3783; x_wconf 90' lang='lat' dir='ltr'>Trinitate</span> <span class='ocrx_word' id='word_1_533' title='bbox 1753 3729 2083 3797; x_wconf 88' lang='lat' dir='ltr'>credamus,</span> 
     </span>
    </p>
   </div>
   <div class='ocr_carea' id='block_1_72' title="bbox 439 3816 2085 3890">
    <p class='ocr_par' dir='ltr' id='par_1_72' title="bbox 439 3816 2085 3890">
     <span class='ocr_line' id='line_1_72' title="bbox 439 3816 2085 3890; baseline 0 -17"><span class='ocrx_word' id='word_1_534' title='bbox 439 3816 676 3873; x_wconf 89' lang='lat' dir='ltr'>tertiam</span> <span class='ocrx_word' id='word_1_535' title='bbox 732 3833 1042 3890; x_wconf 89' lang='lat' dir='ltr'>personam</span> <span class='ocrx_word' id='word_1_536' title='bbox 1104 3817 1463 3889; x_wconf 72' lang='lat' dir='ltr'>auferentes,</span> <span class='ocrx_word' id='word_1_537' title='bbox 1522 3832 1639 3871; x_wconf 93' lang='lat' dir='ltr'>non</span> <span class='ocrx_word' id='word_1_538' title='bbox 1694 3817 2085 3873; x_wconf 91' lang='lat' dir='ltr'>substantiam</span> 
     </span>
    </p>
   </div>
   <div class='ocr_carea' id='block_1_73' title="bbox 441 3903 2086 3981">
    <p class='ocr_par' dir='ltr' id='par_1_73' title="bbox 441 3903 2086 3981">
     <span class='ocr_line' id='line_1_73' title="bbox 441 3903 2086 3981; baseline -0.001 -16"><span class='ocrx_word' id='word_1_539' title='bbox 441 3908 570 3980; x_wconf 90' lang='lat' dir='ltr'>ejus</span> <span class='ocrx_word' id='word_1_540' title='bbox 611 3905 817 3964; x_wconf 89' lang='lat' dir='ltr'>volunt</span> <span class='ocrx_word' id='word_1_541' title='bbox 863 3923 1012 3975; x_wconf 89' lang='lat' dir='ltr'>esse,</span> <span class='ocrx_word' id='word_1_542' title='bbox 1045 3905 1149 3962; x_wconf 90' lang='lat' dir='ltr'>sed</span> <span class='ocrx_word' id='word_1_543' title='bbox 1205 3920 1438 3960; x_wconf 87' lang='lat' dir='ltr'>nomen.</span> <span class='ocrx_word' id='word_1_544' title='bbox 1471 3903 1553 3961; x_wconf 91' lang='lat' dir='ltr'>Ne</span> <span class='ocrx_word' id='word_1_545' title='bbox 1599 3909 1792 3961; x_wconf 89' lang='lat' dir='ltr'>autem</span> <span class='ocrx_word' id='word_1_546' title='bbox 1844 3906 2086 3981; x_wconf 88' lang='lat' dir='ltr'>longum</span> 
     </span>
    </p>
   </div>
   <div class='ocr_carea' id='block_1_74' title="bbox 438 3993 2087 4072">
    <p class='ocr_par' dir='ltr' id='par_1_74' title="bbox 438 3993 2087 4072">
     <span class='ocr_line' id='line_1_74' title="bbox 438 3993 2087 4072; baseline -0.004 -14"><span class='ocrx_word' id='word_1_547' title='bbox 438 4000 649 4058; x_wconf 92' lang='lat' dir='ltr'>faciam</span> <span class='ocrx_word' id='word_1_548' title='bbox 681 4000 822 4072; x_wconf 91' lang='lat' dir='ltr'>(non</span> <span class='ocrx_word' id='word_1_549' title='bbox 869 3997 1025 4053; x_wconf 91' lang='lat' dir='ltr'>enim</span> <span class='ocrx_word' id='word_1_550' title='bbox 1074 3993 1363 4068; x_wconf 86' lang='lat' dir='ltr'>dialogus,</span> <span class='ocrx_word' id='word_1_551' title='bbox 1398 3995 1499 4049; x_wconf 91' lang='lat' dir='ltr'>sed</span> <span class='ocrx_word' id='word_1_552' title='bbox 1542 3996 1691 4051; x_wconf 74' lang='lat'>451</span> <span class='ocrx_word' id='word_1_553' title='bbox 1729 4001 2087 4053; x_wconf 89' lang='lat' dir='ltr'>commenta-</span> 
     </span>
    </p>
   </div>
   <div class='ocr_carea' id='block_1_75' title="bbox 438 4082 2085 4159">
    <p class='ocr_par' dir='ltr' id='par_1_75' title="bbox 438 4082 2085 4159">
     <span class='ocr_line' id='line_1_75' title="bbox 438 4082 2085 4159; baseline -0.007 -10"><span class='ocrx_word' id='word_1_554' title='bbox 438 4092 563 4149; x_wconf 90' lang='lat' dir='ltr'>rius</span> <span class='ocrx_word' id='word_1_555' title='bbox 591 4088 911 4159; x_wconf 89' lang='lat' dir='ltr'>scribitur),</span> <span class='ocrx_word' id='word_1_556' title='bbox 943 4086 1015 4141; x_wconf 92' lang='lat' dir='ltr'>de</span> <span class='ocrx_word' id='word_1_557' title='bbox 1042 4082 1533 4156; x_wconf 87' lang='lat' dir='ltr'>quinquagesimo</span> <span class='ocrx_word' id='word_1_558' title='bbox 1565 4082 1790 4155; x_wconf 90' lang='lat' dir='ltr'>psalmo</span> <span class='ocrx_word' id='word_1_559' title='bbox 1820 4089 1936 4140; x_wconf 90' lang='lat' dir='ltr'>tres</span> <span class='ocrx_word' id='word_1_560' title='bbox 1967 4085 2085 4157; x_wconf 89' lang='lat' dir='ltr'>spi-</span> 
     </span>
    </p>
   </div>
   <div class='ocr_carea' id='block_1_76' title="bbox 438 4171 2084 4245">
    <p class='ocr_par' dir='ltr' id='par_1_76' title="bbox 438 4171 2084 4245">
     <span class='ocr_line' id='line_1_76' title="bbox 438 4171 2084 4245; baseline -0.006 -8"><span class='ocrx_word' id='word_1_561' title='bbox 438 4182 590 4237; x_wconf 87' lang='lat' dir='ltr'>ritus</span> <span class='ocrx_word' id='word_1_562' title='bbox 617 4179 950 4235; x_wconf 88' lang='lat' dir='ltr'>nominatos</span> <span class='ocrx_word' id='word_1_563' title='bbox 998 4173 1249 4230; x_wconf 90' lang='lat' dir='ltr'>breviter</span> <span class='ocrx_word' id='word_1_564' title='bbox 1291 4171 1620 4239; x_wconf 88' lang='lat' dir='ltr'>ostendam,</span> <span class='ocrx_word' id='word_1_565' title='bbox 1664 4172 1945 4245; x_wconf 87' lang='lat' dir='ltr'>propheta</span> <span class='ocrx_word' id='word_1_566' title='bbox 1992 4172 2084 4228; x_wconf 87' lang='lat' dir='ltr'>di-</span> 
     </span>
    </p>
   </div>
   <div class='ocr_carea' id='block_1_77' title="bbox 440 4261 2082 4333">
    <p class='ocr_par' dir='ltr' id='par_1_77' title="bbox 440 4261 2082 4333">
     <span class='ocr_line' id='line_1_77' title="bbox 440 4261 2082 4333; baseline -0.005 -8"><span class='ocrx_word' id='word_1_567' title='bbox 440 4273 605 4325; x_wconf 88' lang='lat' dir='ltr'>cente</span> <span class='ocrx_word' id='word_1_568' title='bbox 636 4283 650 4322; x_wconf 92' lang='lat'><strong>:</strong></span> <span class='ocrx_word' id='word_1_569' title='bbox 686 4266 788 4322; x_wconf 85' lang='lat' dir='ltr'>Cor</span> <span class='ocrx_word' id='word_1_570' title='bbox 833 4263 1101 4319; x_wconf 85' lang='lat' dir='ltr'>mundum</span> <span class='ocrx_word' id='word_1_571' title='bbox 1146 4277 1275 4317; x_wconf 85' lang='lat' dir='ltr'>crea</span> <span class='ocrx_word' id='word_1_572' title='bbox 1305 4261 1366 4315; x_wconf 87' lang='lat' dir='ltr'>in</span> <span class='ocrx_word' id='word_1_573' title='bbox 1395 4275 1501 4330; x_wconf 89' lang='lat' dir='ltr'>me,</span> <span class='ocrx_word' id='word_1_574' title='bbox 1531 4261 1691 4329; x_wconf 88' lang='lat' dir='ltr'>Deus,</span> <span class='ocrx_word' id='word_1_575' title='bbox 1724 4265 1775 4317; x_wconf 89' lang='lat' dir='ltr'>et</span> <span class='ocrx_word' id='word_1_576' title='bbox 1820 4264 2082 4333; x_wconf 80' lang='lat' dir='ltr'>spiritum</span> 
     </span>
    </p>
   </div>
   <div class='ocr_carea' id='block_1_78' title="bbox 437 4350 2084 4422">
    <p class='ocr_par' dir='ltr' id='par_1_78' title="bbox 437 4350 2084 4422">
     <span class='ocr_line' id='line_1_78' title="bbox 437 4350 2084 4422; baseline -0.004 -8"><span class='ocrx_word' id='word_1_577' title='bbox 437 4360 649 4414; x_wconf 89' lang='lat' dir='ltr'>rectum</span> <span class='ocrx_word' id='word_1_578' title='bbox 679 4356 883 4410; x_wconf 87' lang='lat' dir='ltr'>innova</span> <span class='ocrx_word' id='word_1_579' title='bbox 930 4354 992 4406; x_wconf 89' lang='lat' dir='ltr'>in</span> <span class='ocrx_word' id='word_1_580' title='bbox 1040 4351 1339 4406; x_wconf 84' lang='lat' dir='ltr'>visceribus</span> <span class='ocrx_word' id='word_1_581' title='bbox 1382 4350 1541 4405; x_wconf 90' lang='lat' dir='ltr'>meis.</span> <span class='ocrx_word' id='word_1_582' title='bbox 1571 4350 1647 4405; x_wconf 89' lang='lat' dir='ltr'>Ne</span> <span class='ocrx_word' id='word_1_583' title='bbox 1680 4350 1954 4422; x_wconf 84' lang='lat' dir='ltr'>projicias</span> <span class='ocrx_word' id='word_1_584' title='bbox 1995 4368 2084 4408; x_wconf 88' lang='lat' dir='ltr'>me</span> 
     </span>
    </p>
   </div>
   <div class='ocr_carea' id='block_1_79' title="bbox 438 4440 2083 4517">
    <p class='ocr_par' dir='ltr' id='par_1_79' title="bbox 438 4440 2083 4517">
     <span class='ocr_line' id='line_1_79' title="bbox 438 4440 2083 4517; baseline -0.004 -14"><span class='ocrx_word' id='word_1_585' title='bbox 438 4464 474 4502; x_wconf 87' lang='lat' dir='ltr'>a</span> <span class='ocrx_word' id='word_1_586' title='bbox 498 4446 656 4517; x_wconf 82' lang='lat' dir='ltr'>[acia</span> <span class='ocrx_word' id='word_1_587' title='bbox 685 4452 779 4499; x_wconf 89' lang='lat' dir='ltr'>tua</span> <span class='ocrx_word' id='word_1_588' title='bbox 809 4459 827 4497; x_wconf 88' lang='lat'><strong><em>:</em></strong></span> <span class='ocrx_word' id='word_1_589' title='bbox 858 4444 911 4496; x_wconf 89' lang='lat' dir='ltr'>et</span> <span class='ocrx_word' id='word_1_590' title='bbox 952 4440 1224 4511; x_wconf 88' lang='lat' dir='ltr'>Spiritum</span> <span class='ocrx_word' id='word_1_591' title='bbox 1250 4446 1500 4493; x_wconf 84' lang='lat' dir='ltr'>sanctum</span> <span class='ocrx_word' id='word_1_592' title='bbox 1525 4440 1685 4493; x_wconf 85' lang='lat' dir='ltr'>tuum</span> <span class='ocrx_word' id='word_1_593' title='bbox 1733 4456 1805 4495; x_wconf 90' lang='lat' dir='ltr'>ne</span> <span class='ocrx_word' id='word_1_594' title='bbox 1854 4442 2083 4513; x_wconf 77' lang='lat' dir='ltr'>auferas</span> 
     </span>
    </p>
   </div>
   <div class='ocr_carea' id='block_1_80' title="bbox 434 4527 2083 4602">
    <p class='ocr_par' dir='ltr' id='par_1_80' title="bbox 434 4527 2083 4602">
     <span class='ocr_line' id='line_1_80' title="bbox 434 4527 2083 4602; baseline -0.004 -10"><span class='ocrx_word' id='word_1_595' title='bbox 434 4554 469 4592; x_wconf 90' lang='lat' dir='ltr'>a</span> <span class='ocrx_word' id='word_1_596' title='bbox 498 4550 604 4591; x_wconf 90' lang='lat' dir='ltr'>me.</span> <span class='ocrx_word' id='word_1_597' title='bbox 639 4530 812 4588; x_wconf 82' lang='lat' dir='ltr'>Redde</span> <span class='ocrx_word' id='word_1_598' title='bbox 839 4528 980 4583; x_wconf 87' lang='lat' dir='ltr'>mihi</span> <span class='ocrx_word' id='word_1_599' title='bbox 1026 4527 1280 4584; x_wconf 67' lang='lat' dir='ltr'>laetitiam</span> <span class='ocrx_word' id='word_1_600' title='bbox 1326 4527 1597 4583; x_wconf 88' lang='lat' dir='ltr'>salutaris</span> <span class='ocrx_word' id='word_1_601' title='bbox 1643 4529 1750 4596; x_wconf 88' lang='lat' dir='ltr'>tui,</span> <span class='ocrx_word' id='word_1_602' title='bbox 1782 4536 1834 4584; x_wconf 84' lang='lat' dir='ltr'>et</span> <span class='ocrx_word' id='word_1_603' title='bbox 1875 4530 2083 4602; x_wconf 87' lang='lat' dir='ltr'>spiritu</span> 
     </span>
    </p>
   </div>
   <div class='ocr_carea' id='block_1_81' title="bbox 2198 3368 3846 3441">
    <p class='ocr_par' dir='ltr' id='par_1_81' title="bbox 2198 3368 3846 3441">
     <span class='ocr_line' id='line_1_81' title="bbox 2198 3368 3846 3441; baseline 0.002 -17"><span class='ocrx_word' id='word_1_604' title='bbox 2198 3370 2351 3426; x_wconf 74' lang='lat'>452</span> <span class='ocrx_word' id='word_1_605' title='bbox 2401 3385 2626 3441; x_wconf 67' lang='lat' dir='ltr'>magna:</span> <span class='ocrx_word' id='word_1_606' title='bbox 2672 3368 2829 3425; x_wconf 89' lang='lat' dir='ltr'>vocis</span> <span class='ocrx_word' id='word_1_607' title='bbox 2874 3369 3136 3438; x_wconf 88' lang='lat' dir='ltr'>emissio,</span> <span class='ocrx_word' id='word_1_608' title='bbox 3169 3370 3272 3426; x_wconf 89' lang='lat' dir='ltr'>sed</span> <span class='ocrx_word' id='word_1_609' title='bbox 3320 3370 3576 3428; x_wconf 69' lang='lat' dir='ltr'>scientim</span> <span class='ocrx_word' id='word_1_610' title='bbox 3623 3371 3846 3428; x_wconf 86' lang='lat' dir='ltr'>intelli-</span> 
     </span>
    </p>
   </div>
   <div class='ocr_carea' id='block_1_82' title="bbox 2195 3458 3843 3531">
    <p class='ocr_par' dir='ltr' id='par_1_82' title="bbox 2195 3458 3843 3531">
     <span class='ocr_line' id='line_1_82' title="bbox 2195 3458 3843 3531; baseline 0.004 -19"><span class='ocrx_word' id='word_1_611' title='bbox 2195 3462 2367 3531; x_wconf 88' lang='lat' dir='ltr'>gatur</span> <span class='ocrx_word' id='word_1_612' title='bbox 2395 3462 2453 3513; x_wconf 92' lang='lat' dir='ltr'>et</span> <span class='ocrx_word' id='word_1_613' title='bbox 2479 3458 2821 3531; x_wconf 90' lang='lat' dir='ltr'>dogmatum</span> <span class='ocrx_word' id='word_1_614' title='bbox 2866 3458 3229 3531; x_wconf 86' lang='lat' dir='ltr'>magnitudo.</span> <span class='ocrx_word' id='word_1_615' title='bbox 3260 3459 3408 3516; x_wconf 90' lang='lat' dir='ltr'>Nam</span> <span class='ocrx_word' id='word_1_616' title='bbox 3456 3465 3513 3516; x_wconf 91' lang='lat' dir='ltr'>et</span> <span class='ocrx_word' id='word_1_617' title='bbox 3556 3462 3615 3517; x_wconf 91' lang='lat' dir='ltr'>in</span> <span class='ocrx_word' id='word_1_618' title='bbox 3649 3461 3843 3518; x_wconf 82' lang='lat' dir='ltr'>Exodo</span> 
     </span>
    </p>
   </div>
   <div class='ocr_carea' id='block_1_83' title="bbox 2197 3544 3845 3619">
    <p class='ocr_par' dir='ltr' id='par_1_83' title="bbox 2197 3544 3845 3619">
     <span class='ocr_line' id='line_1_83' title="bbox 2197 3544 3845 3619; baseline 0.004 -20"><span class='ocrx_word' id='word_1_619' title='bbox 2197 3544 2498 3618; x_wconf 90' lang='lat' dir='ltr'>respondit</span> <span class='ocrx_word' id='word_1_620' title='bbox 2528 3546 2811 3601; x_wconf 87' lang='lat' dir='ltr'>Dominus</span> <span class='ocrx_word' id='word_1_621' title='bbox 2842 3545 2913 3600; x_wconf 91' lang='lat' dir='ltr'>ad</span> <span class='ocrx_word' id='word_1_622' title='bbox 2949 3546 3222 3619; x_wconf 89' lang='lat' dir='ltr'>Moysen:</span> <span class='ocrx_word' id='word_1_623' title='bbox 3249 3547 3391 3616; x_wconf 82' lang='lat' dir='ltr'>Quid</span> <span class='ocrx_word' id='word_1_624' title='bbox 3416 3548 3626 3604; x_wconf 81' lang='lat' dir='ltr'>clamas</span> <span class='ocrx_word' id='word_1_625' title='bbox 3653 3548 3729 3605; x_wconf 87' lang='lat' dir='ltr'>ad</span> <span class='ocrx_word' id='word_1_626' title='bbox 3756 3564 3845 3607; x_wconf 86' lang='lat' dir='ltr'>me</span> 
     </span>
    </p>
   </div>
   <div class='ocr_carea' id='block_1_84' title="bbox 2196 3633 3846 3711">
    <p class='ocr_par' dir='ltr' id='par_1_84' title="bbox 2196 3633 3846 3711">
     <span class='ocr_line' id='line_1_84' title="bbox 2196 3633 3846 3711; baseline 0.003 -22"><span class='ocrx_word' id='word_1_627' title='bbox 2196 3633 2389 3703; x_wconf 74' lang='lat' dir='ltr'>(Exod.</span> <span class='ocrx_word' id='word_1_628' title='bbox 2421 3651 2533 3701; x_wconf 79' lang='lat' dir='ltr'>xw,</span> <span class='ocrx_word' id='word_1_629' title='bbox 2570 3634 2704 3703; x_wconf 83' lang='lat'>15)?</span> <span class='ocrx_word' id='word_1_630' title='bbox 2733 3651 2866 3690; x_wconf 91' lang='lat' dir='ltr'>cum</span> <span class='ocrx_word' id='word_1_631' title='bbox 2898 3636 3134 3707; x_wconf 90' lang='lat' dir='ltr'>penitus</span> <span class='ocrx_word' id='word_1_632' title='bbox 3167 3636 3349 3709; x_wconf 84' lang='lat' dir='ltr'>Moysi</span> <span class='ocrx_word' id='word_1_633' title='bbox 3378 3652 3484 3692; x_wconf 87' lang='lat' dir='ltr'>vox</span> <span class='ocrx_word' id='word_1_634' title='bbox 3512 3636 3674 3693; x_wconf 88' lang='lat' dir='ltr'>nulla</span> <span class='ocrx_word' id='word_1_635' title='bbox 3700 3654 3846 3711; x_wconf 65' lang='lat' dir='ltr'>pra:-</span> 
     </span>
    </p>
   </div>
   <div class='ocr_carea' id='block_1_85' title="bbox 2196 3722 3847 3801">
    <p class='ocr_par' dir='ltr' id='par_1_85' title="bbox 2196 3722 3847 3801">
     <span class='ocr_line' id='line_1_85' title="bbox 2196 3722 3847 3801; baseline 0.003 -22"><span class='ocrx_word' id='word_1_636' title='bbox 2196 3724 2455 3779; x_wconf 90' lang='lat' dir='ltr'>cesserit.</span> <span class='ocrx_word' id='word_1_637' title='bbox 2478 3722 2693 3779; x_wconf 88' lang='lat' dir='ltr'>Verum</span> <span class='ocrx_word' id='word_1_638' title='bbox 2721 3729 3137 3797; x_wconf 88' lang='lat' dir='ltr'>compunctum</span> <span class='ocrx_word' id='word_1_639' title='bbox 3171 3741 3272 3781; x_wconf 92' lang='lat' dir='ltr'>cor</span> <span class='ocrx_word' id='word_1_640' title='bbox 3298 3730 3356 3781; x_wconf 89' lang='lat' dir='ltr'>et</span> <span class='ocrx_word' id='word_1_641' title='bbox 3384 3742 3488 3798; x_wconf 90' lang='lat' dir='ltr'>pro</span> <span class='ocrx_word' id='word_1_642' title='bbox 3518 3726 3731 3801; x_wconf 89' lang='lat' dir='ltr'>populo</span> <span class='ocrx_word' id='word_1_643' title='bbox 3760 3726 3847 3784; x_wconf 86' lang='lat' dir='ltr'>la-</span> 
     </span>
    </p>
   </div>
   <div class='ocr_carea' id='block_1_86' title="bbox 2196 3811 3847 3888">
    <p class='ocr_par' dir='ltr' id='par_1_86' title="bbox 2196 3811 3847 3888">
     <span class='ocr_line' id='line_1_86' title="bbox 2196 3811 3847 3888; baseline 0.002 -18"><span class='ocrx_word' id='word_1_644' title='bbox 2196 3811 2590 3887; x_wconf 89' lang='lat' dir='ltr'>crymabiliter</span> <span class='ocrx_word' id='word_1_645' title='bbox 2618 3813 3031 3887; x_wconf 89' lang='lat' dir='ltr'>ingemiscens,</span> <span class='ocrx_word' id='word_1_646' title='bbox 3061 3814 3365 3888; x_wconf 92' lang='lat' dir='ltr'>Scriptura</span> <span class='ocrx_word' id='word_1_647' title='bbox 3393 3814 3712 3873; x_wconf 88' lang='lat' dir='ltr'>clamorem</span> <span class='ocrx_word' id='word_1_648' title='bbox 3739 3832 3847 3873; x_wconf 85' lang='lat' dir='ltr'>vo-</span> 
     </span>
    </p>
   </div>
   <div class='ocr_carea' id='block_1_87' title="bbox 2196 3902 3847 3976">
    <p class='ocr_par' dir='ltr' id='par_1_87' title="bbox 2196 3902 3847 3976">
     <span class='ocr_line' id='line_1_87' title="bbox 2196 3902 3847 3976; baseline 0.002 -17"><span class='ocrx_word' id='word_1_649' title='bbox 2196 3902 2363 3960; x_wconf 87' lang='lat' dir='ltr'>cavit.</span> <span class='ocrx_word' id='word_1_650' title='bbox 2401 3903 2701 3969; x_wconf 90' lang='lat' dir='ltr'>Quomodo</span> <span class='ocrx_word' id='word_1_651' title='bbox 2730 3903 2929 3975; x_wconf 90' lang='lat' dir='ltr'>igitur,</span> <span class='ocrx_word' id='word_1_652' title='bbox 2954 3903 3054 3976; x_wconf 91' lang='lat' dir='ltr'>qui</span> <span class='ocrx_word' id='word_1_653' title='bbox 3075 3903 3357 3976; x_wconf 91' lang='lat' dir='ltr'>Spiritum</span> <span class='ocrx_word' id='word_1_654' title='bbox 3381 3904 3507 3960; x_wconf 86' lang='lat' dir='ltr'>Filii</span> <span class='ocrx_word' id='word_1_655' title='bbox 3542 3904 3640 3962; x_wconf 91' lang='lat' dir='ltr'>Dei</span> <span class='ocrx_word' id='word_1_656' title='bbox 3668 3905 3847 3963; x_wconf 84' lang='lat' dir='ltr'>habet</span> 
     </span>
    </p>
   </div>
   <div class='ocr_carea' id='block_1_88' title="bbox 2195 3992 3844 4067">
    <p class='ocr_par' dir='ltr' id='par_1_88' title="bbox 2195 3992 3844 4067">
     <span class='ocr_line' id='line_1_88' title="bbox 2195 3992 3844 4067; baseline 0.002 -20"><span class='ocrx_word' id='word_1_657' title='bbox 2195 3992 2354 4048; x_wconf 83' lang='lat' dir='ltr'>filius</span> <span class='ocrx_word' id='word_1_658' title='bbox 2379 3993 2474 4049; x_wconf 86' lang='lat' dir='ltr'>Dei</span> <span class='ocrx_word' id='word_1_659' title='bbox 2506 3996 2621 4061; x_wconf 91' lang='lat' dir='ltr'>est;</span> <span class='ocrx_word' id='word_1_660' title='bbox 2657 3993 2740 4049; x_wconf 91' lang='lat' dir='ltr'>sic</span> <span class='ocrx_word' id='word_1_661' title='bbox 2770 3993 2829 4047; x_wconf 92' lang='lat' dir='ltr'>in</span> <span class='ocrx_word' id='word_1_662' title='bbox 2864 3992 3247 4065; x_wconf 82' lang='lat' dir='ltr'>reciprocum,</span> <span class='ocrx_word' id='word_1_663' title='bbox 3273 3994 3375 4066; x_wconf 89' lang='lat' dir='ltr'>qui</span> <span class='ocrx_word' id='word_1_664' title='bbox 3407 3994 3681 4067; x_wconf 86' lang='lat' dir='ltr'>spiritum</span> <span class='ocrx_word' id='word_1_665' title='bbox 3712 3994 3844 4051; x_wconf 88' lang='lat' dir='ltr'>Filii</span> 
     </span>
    </p>
   </div>
   <div class='ocr_carea' id='block_1_89' title="bbox 2195 4081 3700 4157">
    <p class='ocr_par' dir='ltr' id='par_1_89' title="bbox 2195 4081 3700 4157">
     <span class='ocr_line' id='line_1_89' title="bbox 2195 4081 3700 4157; baseline 0.001 -19"><span class='ocrx_word' id='word_1_666' title='bbox 2195 4082 2295 4138; x_wconf 91' lang='lat' dir='ltr'>Dei</span> <span class='ocrx_word' id='word_1_667' title='bbox 2328 4098 2443 4137; x_wconf 92' lang='lat' dir='ltr'>non</span> <span class='ocrx_word' id='word_1_668' title='bbox 2475 4081 2670 4149; x_wconf 89' lang='lat' dir='ltr'>habet,</span> <span class='ocrx_word' id='word_1_669' title='bbox 2703 4081 2805 4138; x_wconf 94' lang='lat' dir='ltr'>Dei</span> <span class='ocrx_word' id='word_1_670' title='bbox 2836 4081 2992 4138; x_wconf 83' lang='lat' dir='ltr'>ﬁlius</span> <span class='ocrx_word' id='word_1_671' title='bbox 3025 4098 3138 4138; x_wconf 92' lang='lat' dir='ltr'>non</span> <span class='ocrx_word' id='word_1_672' title='bbox 3170 4086 3365 4156; x_wconf 89' lang='lat' dir='ltr'>potest</span> <span class='ocrx_word' id='word_1_673' title='bbox 3396 4083 3700 4157; x_wconf 87' lang='lat' dir='ltr'>appellari.</span> 
     </span>
    </p>
   </div>
   <div class='ocr_carea' id='block_1_90' title="bbox 2266 4170 3850 4243">
    <p class='ocr_par' dir='ltr' id='par_1_90' title="bbox 2266 4170 3850 4243">
     <span class='ocr_line' id='line_1_90' title="bbox 2266 4170 3850 4243; baseline 0.006 -20"><span class='ocrx_word' id='word_1_674' title='bbox 2266 4170 2449 4239; x_wconf 87' lang='lat' dir='ltr'>(Vers.</span> <span class='ocrx_word' id='word_1_675' title='bbox 2480 4171 2558 4242; x_wconf 90' lang='lat'>7).</span> <span class='ocrx_word' id='word_1_676' title='bbox 2586 4192 2614 4221; x_wconf 83' lang='grc'>‹‹</span> <span class='ocrx_word' id='word_1_677' title='bbox 2638 4172 2838 4243; x_wconf 87' lang='lat' dir='ltr'>Itaque</span> <span class='ocrx_word' id='word_1_678' title='bbox 2861 4172 2989 4242; x_wconf 83' lang='lat' dir='ltr'>jam</span> <span class='ocrx_word' id='word_1_679' title='bbox 3013 4188 3128 4227; x_wconf 90' lang='lat' dir='ltr'>non</span> <span class='ocrx_word' id='word_1_680' title='bbox 3150 4175 3242 4228; x_wconf 88' lang='lat' dir='ltr'>est</span> <span class='ocrx_word' id='word_1_681' title='bbox 3270 4188 3494 4242; x_wconf 90' lang='lat' dir='ltr'>servus,</span> <span class='ocrx_word' id='word_1_682' title='bbox 3529 4174 3631 4229; x_wconf 89' lang='lat' dir='ltr'>sed</span> <span class='ocrx_word' id='word_1_683' title='bbox 3663 4171 3850 4233; x_wconf 83' lang='lat' dir='ltr'>ﬁlius.</span> 
     </span>
    </p>
   </div>
   <div class='ocr_carea' id='block_1_91' title="bbox 2193 4258 3846 4332">
    <p class='ocr_par' dir='ltr' id='par_1_91' title="bbox 2193 4258 3846 4332">
     <span class='ocr_line' id='line_1_91' title="bbox 2193 4258 3846 4332; baseline 0.002 -16"><span class='ocrx_word' id='word_1_684' title='bbox 2193 4260 2353 4326; x_wconf 90' lang='lat' dir='ltr'>Quod</span> <span class='ocrx_word' id='word_1_685' title='bbox 2386 4262 2434 4316; x_wconf 91' lang='lat' dir='ltr'>si</span> <span class='ocrx_word' id='word_1_686' title='bbox 2465 4258 2643 4325; x_wconf 83' lang='lat' dir='ltr'>filius,</span> <span class='ocrx_word' id='word_1_687' title='bbox 2677 4265 2736 4315; x_wconf 91' lang='lat' dir='ltr'>et</span> <span class='ocrx_word' id='word_1_688' title='bbox 2759 4260 2944 4316; x_wconf 65' lang='lat' dir='ltr'>haeres</span> <span class='ocrx_word' id='word_1_689' title='bbox 2972 4277 3078 4332; x_wconf 91' lang='lat' dir='ltr'>per</span> <span class='ocrx_word' id='word_1_690' title='bbox 3107 4259 3402 4316; x_wconf 89' lang='lat' dir='ltr'>Christum</span> <span class='ocrx_word' id='word_1_691' title='bbox 3422 4261 3466 4317; x_wconf 82' lang='grc'>⁸.</span> <span class='ocrx_word' id='word_1_692' title='bbox 3492 4283 3521 4311; x_wconf 88' lang='grc'><strong>››</strong></span> <span class='ocrx_word' id='word_1_693' title='bbox 3552 4260 3846 4319; x_wconf 83' lang='lat' dir='ltr'>Habentes</span> 
     </span>
    </p>
   </div>
   <div class='ocr_carea' id='block_1_92' title="bbox 2191 4348 3841 4422">
    <p class='ocr_par' dir='ltr' id='par_1_92' title="bbox 2191 4348 3841 4422">
     <span class='ocr_line' id='line_1_92' title="bbox 2191 4348 3841 4422; baseline 0.002 -19"><span class='ocrx_word' id='word_1_694' title='bbox 2191 4348 2401 4421; x_wconf 91' lang='lat' dir='ltr'>inquit,</span> <span class='ocrx_word' id='word_1_695' title='bbox 2462 4348 2735 4421; x_wconf 91' lang='lat' dir='ltr'>spiritum</span> <span class='ocrx_word' id='word_1_696' title='bbox 2793 4348 2919 4403; x_wconf 89' lang='lat' dir='ltr'>Filii</span> <span class='ocrx_word' id='word_1_697' title='bbox 2979 4348 3079 4405; x_wconf 90' lang='lat' dir='ltr'>Dei</span> <span class='ocrx_word' id='word_1_698' title='bbox 3124 4349 3184 4405; x_wconf 90' lang='lat' dir='ltr'>in</span> <span class='ocrx_word' id='word_1_699' title='bbox 3238 4348 3403 4405; x_wconf 84' lang='lat' dir='ltr'>vobis</span> <span class='ocrx_word' id='word_1_700' title='bbox 3461 4349 3841 4422; x_wconf 89' lang='lat' dir='ltr'>clamantem,</span> 
     </span>
    </p>
   </div>
   <div class='ocr_carea' id='block_1_93' title="bbox 2189 4437 3845 4511">
    <p class='ocr_par' dir='ltr' id='par_1_93' title="bbox 2189 4437 3845 4511">
     <span class='ocr_line' id='line_1_93' title="bbox 2189 4437 3845 4511; baseline 0.002 -18"><span class='ocrx_word' id='word_1_701' title='bbox 2189 4438 2372 4510; x_wconf 89' lang='lat' dir='ltr'>Abba,</span> <span class='ocrx_word' id='word_1_702' title='bbox 2404 4437 2590 4505; x_wconf 88' lang='lat' dir='ltr'>Pater,</span> <span class='ocrx_word' id='word_1_703' title='bbox 2616 4454 2734 4494; x_wconf 92' lang='lat' dir='ltr'>non</span> <span class='ocrx_word' id='word_1_704' title='bbox 2760 4437 2907 4493; x_wconf 92' lang='lat' dir='ltr'>servi</span> <span class='ocrx_word' id='word_1_705' title='bbox 2940 4437 3199 4511; x_wconf 69' lang='lat' dir='ltr'>coepistis</span> <span class='ocrx_word' id='word_1_706' title='bbox 3229 4454 3379 4505; x_wconf 90' lang='lat' dir='ltr'>esse,</span> <span class='ocrx_word' id='word_1_707' title='bbox 3406 4439 3508 4495; x_wconf 91' lang='lat' dir='ltr'>sed</span> <span class='ocrx_word' id='word_1_708' title='bbox 3539 4437 3667 4495; x_wconf 77' lang='lat' dir='ltr'>filii.</span> <span class='ocrx_word' id='word_1_709' title='bbox 3693 4438 3845 4504; x_wconf 78' lang='lat' dir='ltr'>Quia</span> 
     </span>
    </p>
   </div>
   <div class='ocr_carea' id='block_1_94' title="bbox 2191 4525 3848 4601">
    <p class='ocr_par' dir='ltr' id='par_1_94' title="bbox 2191 4525 3848 4601">
     <span class='ocr_line' id='line_1_94' title="bbox 2191 4525 3848 4601; baseline 0.001 -18"><span class='ocrx_word' id='word_1_710' title='bbox 2191 4532 2323 4583; x_wconf 87' lang='lat' dir='ltr'>ante</span> <span class='ocrx_word' id='word_1_711' title='bbox 2345 4525 2492 4583; x_wconf 89' lang='lat' dir='ltr'>nihil</span> <span class='ocrx_word' id='word_1_712' title='bbox 2508 4526 2863 4583; x_wconf 80' lang='lat' dir='ltr'>ditl‘erebatis</span> <span class='ocrx_word' id='word_1_713' title='bbox 2880 4544 2915 4583; x_wconf 92' lang='lat' dir='ltr'>a</span> <span class='ocrx_word' id='word_1_714' title='bbox 2929 4542 3093 4583; x_wconf 89' lang='lat' dir='ltr'>servo</span> <span class='ocrx_word' id='word_1_715' title='bbox 3110 4543 3245 4584; x_wconf 87' lang='lat' dir='ltr'>cum</span> <span class='ocrx_word' id='word_1_716' title='bbox 3262 4527 3470 4584; x_wconf 87' lang='lat' dir='ltr'>essetis</span> <span class='ocrx_word' id='word_1_717' title='bbox 3488 4532 3698 4584; x_wconf 88' lang='lat' dir='ltr'>natura</span> <span class='ocrx_word' id='word_1_718' title='bbox 3713 4526 3848 4601; x_wconf 82' lang='lat' dir='ltr'>qui-</span> 
     </span>
    </p>
   </div>
   <div class='ocr_carea' id='block_1_95' title="bbox 426 4608 3845 4698">
    <p class='ocr_par' dir='ltr' id='par_1_95' title="bbox 426 4608 3845 4698">
     <span class='ocr_line' id='line_1_95' title="bbox 426 4608 3845 4698; baseline -0.002 -18"><span class='ocrx_word' id='word_1_719' title='bbox 426 4621 736 4698; x_wconf 87' lang='lat' dir='ltr'>principali</span> <span class='ocrx_word' id='word_1_720' title='bbox 760 4616 1025 4688; x_wconf 77' lang='lat' dir='ltr'>conﬁrma</span> <span class='ocrx_word' id='word_1_721' title='bbox 1064 4632 1152 4673; x_wconf 87' lang='lat' dir='ltr'>me</span> <span class='ocrx_word' id='word_1_722' title='bbox 1181 4616 1355 4687; x_wconf 89' lang='lat' dir='ltr'>(Psal.</span> <span class='ocrx_word' id='word_1_723' title='bbox 1390 4633 1439 4687; x_wconf 75' lang='grc' dir='ltr'>ι,</span> <span class='ocrx_word' id='word_1_724' title='bbox 1476 4608 1565 4684; x_wconf 73' lang='lat'>12,</span> <span class='ocrx_word' id='word_1_725' title='bbox 1597 4616 1683 4684; x_wconf 89' lang='lat'>13,</span> <span class='ocrx_word' id='word_1_726' title='bbox 1720 4618 1829 4689; x_wconf 83' lang='grc'>14).</span> <span class='ocrx_word' id='word_1_727' title='bbox 1864 4618 2079 4674; x_wconf 87' lang='lat' dir='ltr'>Princi-</span> <span class='ocrx_word' id='word_1_728' title='bbox 2113 4630 2158 4697; x_wconf 80' lang='lat' dir='ltr'>D</span> <span class='ocrx_word' id='word_1_729' title='bbox 2190 4616 2321 4672; x_wconf 91' lang='lat' dir='ltr'>dem</span> <span class='ocrx_word' id='word_1_730' title='bbox 2340 4616 2471 4685; x_wconf 90' lang='lat' dir='ltr'>Dei;</span> <span class='ocrx_word' id='word_1_731' title='bbox 2492 4615 2591 4672; x_wconf 91' lang='lat' dir='ltr'>sed</span> <span class='ocrx_word' id='word_1_732' title='bbox 2612 4615 2722 4671; x_wconf 89' lang='lat' dir='ltr'>sub</span> <span class='ocrx_word' id='word_1_733' title='bbox 2739 4615 3036 4672; x_wconf 90' lang='lat' dir='ltr'>tutoribus</span> <span class='ocrx_word' id='word_1_734' title='bbox 3053 4620 3109 4672; x_wconf 91' lang='lat' dir='ltr'>et</span> <span class='ocrx_word' id='word_1_735' title='bbox 3123 4616 3418 4673; x_wconf 90' lang='lat' dir='ltr'>actoribus</span> <span class='ocrx_word' id='word_1_736' title='bbox 3433 4615 3845 4691; x_wconf 82' lang='lat' dir='ltr'>parvulidege-</span> 
     </span>
    </p>
   </div>
   <div class='ocr_carea' id='block_1_96' title="bbox 430 4704 2078 4787">
    <p class='ocr_par' dir='ltr' id='par_1_96' title="bbox 430 4704 2078 4787">
     <span class='ocr_line' id='line_1_96' title="bbox 430 4704 2078 4787; baseline -0.003 -17"><span class='ocrx_word' id='word_1_737' title='bbox 430 4712 622 4787; x_wconf 91' lang='lat' dir='ltr'>palem</span> <span class='ocrx_word' id='word_1_738' title='bbox 671 4708 969 4785; x_wconf 79' lang='lat' dir='ltr'>spiritum,</span> <span class='ocrx_word' id='word_1_739' title='bbox 1019 4707 1248 4763; x_wconf 88' lang='lat' dir='ltr'>Patrem</span> <span class='ocrx_word' id='word_1_740' title='bbox 1280 4704 1534 4777; x_wconf 89' lang='lat' dir='ltr'>appellat</span> <span class='ocrx_word' id='word_1_741' title='bbox 1566 4722 1578 4761; x_wconf 92' lang='lat'>:</span> <span class='ocrx_word' id='word_1_742' title='bbox 1614 4705 1753 4777; x_wconf 91' lang='lat' dir='ltr'>quia</span> <span class='ocrx_word' id='word_1_743' title='bbox 1799 4706 1980 4764; x_wconf 90' lang='lat' dir='ltr'>Filius</span> <span class='ocrx_word' id='word_1_744' title='bbox 2008 4723 2078 4764; x_wconf 86' lang='lat' dir='ltr'>ex</span> 
     </span>
    </p>
   </div>
   <div class='ocr_carea' id='block_1_97' title="bbox 428 4794 2075 4872">
    <p class='ocr_par' dir='ltr' id='par_1_97' title="bbox 428 4794 2075 4872">
     <span class='ocr_line' id='line_1_97' title="bbox 428 4794 2075 4872; baseline -0.005 -11"><span class='ocrx_word' id='word_1_745' title='bbox 428 4805 617 4872; x_wconf 88' lang='lat' dir='ltr'>Patre,</span> <span class='ocrx_word' id='word_1_746' title='bbox 678 4805 735 4858; x_wconf 90' lang='lat' dir='ltr'>et</span> <span class='ocrx_word' id='word_1_747' title='bbox 790 4816 904 4856; x_wconf 92' lang='lat' dir='ltr'>non</span> <span class='ocrx_word' id='word_1_748' title='bbox 964 4797 1130 4853; x_wconf 87' lang='lat' dir='ltr'>Pater</span> <span class='ocrx_word' id='word_1_749' title='bbox 1186 4811 1254 4852; x_wconf 80' lang='lat' dir='ltr'>ex</span> <span class='ocrx_word' id='word_1_750' title='bbox 1314 4794 1479 4849; x_wconf 91' lang='lat' dir='ltr'>Filio.</span> <span class='ocrx_word' id='word_1_751' title='bbox 1537 4794 1819 4867; x_wconf 89' lang='lat' dir='ltr'>Spiritum</span> <span class='ocrx_word' id='word_1_752' title='bbox 1879 4801 2075 4853; x_wconf 89' lang='lat' dir='ltr'>autem</span> 
     </span>
    </p>
   </div>
   <div class='ocr_carea' id='block_1_98' title="bbox 425 4881 2072 4959">
    <p class='ocr_par' dir='ltr' id='par_1_98' title="bbox 425 4881 2072 4959">
     <span class='ocr_line' id='line_1_98' title="bbox 425 4881 2072 4959; baseline -0.006 -9"><span class='ocrx_word' id='word_1_753' title='bbox 425 4896 675 4959; x_wconf 91' lang='lat' dir='ltr'>rectum,</span> <span class='ocrx_word' id='word_1_754' title='bbox 706 4888 968 4946; x_wconf 88' lang='lat' dir='ltr'>veritatis</span> <span class='ocrx_word' id='word_1_755' title='bbox 1018 4889 1193 4958; x_wconf 87' lang='lat' dir='ltr'>atque</span> <span class='ocrx_word' id='word_1_756' title='bbox 1231 4882 1498 4954; x_wconf 62' lang='lat' dir='ltr'>justitia,</span> <span class='ocrx_word' id='word_1_757' title='bbox 1531 4881 1826 4939; x_wconf 87' lang='lat' dir='ltr'>Christum</span> <span class='ocrx_word' id='word_1_758' title='bbox 1880 4888 2072 4941; x_wconf 91' lang='lat' dir='ltr'>Domi-</span> 
     </span>
    </p>
   </div>
   <div class='ocr_carea' id='block_1_99' title="bbox 428 4971 2075 5052">
    <p class='ocr_par' dir='ltr' id='par_1_99' title="bbox 428 4971 2075 5052">
     <span class='ocr_line' id='line_1_99' title="bbox 428 4971 2075 5052; baseline -0.004 -13"><span class='ocrx_word' id='word_1_759' title='bbox 428 4998 568 5039; x_wconf 86' lang='lat' dir='ltr'>num</span> <span class='ocrx_word' id='word_1_760' title='bbox 621 4978 960 5052; x_wconf 82' lang='lat' dir='ltr'>signiﬁcat:</span> <span class='ocrx_word' id='word_1_761' title='bbox 1015 4976 1156 5044; x_wconf 88' lang='lat' dir='ltr'>Quia</span> <span class='ocrx_word' id='word_1_762' title='bbox 1202 4974 1365 5028; x_wconf 86' lang='lat' dir='ltr'>Pater</span> <span class='ocrx_word' id='word_1_763' title='bbox 1411 4987 1568 5027; x_wconf 87' lang='lat' dir='ltr'>omne</span> <span class='ocrx_word' id='word_1_764' title='bbox 1603 4971 1882 5044; x_wconf 85' lang='lat' dir='ltr'>judicium</span> <span class='ocrx_word' id='word_1_765' title='bbox 1930 4975 2075 5033; x_wconf 88' lang='lat' dir='ltr'>dedit</span> 
     </span>
    </p>
   </div>
   <div class='ocr_carea' id='block_1_100' title="bbox 424 5060 2075 5143">
    <p class='ocr_par' dir='ltr' id='par_1_100' title="bbox 424 5060 2075 5143">
     <span class='ocr_line' id='line_1_100' title="bbox 424 5060 2075 5143; baseline -0.005 -14"><span class='ocrx_word' id='word_1_766' title='bbox 424 5073 569 5129; x_wconf 80' lang='lat' dir='ltr'>Filio</span> <span class='ocrx_word' id='word_1_767' title='bbox 596 5070 773 5143; x_wconf 86' lang='lat' dir='ltr'>(Joan.</span> <span class='ocrx_word' id='word_1_768' title='bbox 807 5084 859 5136; x_wconf 76' lang='grc' dir='ltr'>ν,</span> <span class='ocrx_word' id='word_1_769' title='bbox 890 5065 1004 5138; x_wconf 83' lang='grc'>22),</span> <span class='ocrx_word' id='word_1_770' title='bbox 1034 5068 1100 5121; x_wconf 91' lang='lat' dir='ltr'>ut</span> <span class='ocrx_word' id='word_1_771' title='bbox 1157 5061 1332 5118; x_wconf 89' lang='lat' dir='ltr'>David</span> <span class='ocrx_word' id='word_1_772' title='bbox 1390 5060 1472 5116; x_wconf 88' lang='lat' dir='ltr'>ait</span> <span class='ocrx_word' id='word_1_773' title='bbox 1520 5078 1533 5117; x_wconf 89' lang='lat'><strong>:</strong></span> <span class='ocrx_word' id='word_1_774' title='bbox 1585 5062 1747 5134; x_wconf 86' lang='lat' dir='ltr'>Deus,</span> <span class='ocrx_word' id='word_1_775' title='bbox 1798 5064 2075 5135; x_wconf 88' lang='lat' dir='ltr'>judicium</span> 
     </span>
    </p>
   </div>
   <div class='ocr_carea' id='block_1_101' title="bbox 419 5150 2069 5228">
    <p class='ocr_par' dir='ltr' id='par_1_101' title="bbox 419 5150 2069 5228">
     <span class='ocr_line' id='line_1_101' title="bbox 419 5150 2069 5228; baseline -0.005 -10"><span class='ocrx_word' id='word_1_776' title='bbox 419 5167 577 5218; x_wconf 89' lang='lat' dir='ltr'>tuum</span> <span class='ocrx_word' id='word_1_777' title='bbox 604 5159 731 5228; x_wconf 88' lang='lat' dir='ltr'>regi</span> <span class='ocrx_word' id='word_1_778' title='bbox 775 5157 866 5226; x_wconf 87' lang='lat' dir='ltr'>da,</span> <span class='ocrx_word' id='word_1_779' title='bbox 897 5164 950 5211; x_wconf 90' lang='lat' dir='ltr'>et</span> <span class='ocrx_word' id='word_1_780' title='bbox 994 5154 1304 5226; x_wconf 88' lang='lat' dir='ltr'>potentiam</span> <span class='ocrx_word' id='word_1_781' title='bbox 1333 5159 1485 5206; x_wconf 87' lang='lat' dir='ltr'>tuam</span> <span class='ocrx_word' id='word_1_782' title='bbox 1507 5150 1529 5185; x_wconf 80' lang='grc'>²</span> <span class='ocrx_word' id='word_1_783' title='bbox 1560 5150 1675 5209; x_wconf 80' lang='lat' dir='ltr'>ﬁlio</span> <span class='ocrx_word' id='word_1_784' title='bbox 1722 5155 1867 5224; x_wconf 86' lang='lat' dir='ltr'>regis</span> <span class='ocrx_word' id='word_1_785' title='bbox 1896 5155 2069 5224; x_wconf 86' lang='lat' dir='ltr'>(Psal.</span> 
     </span>
    </p>
   </div>
   <div class='ocr_carea' id='block_1_102' title="bbox 496 5294 2067 5359">
    <p class='ocr_par' dir='ltr' id='par_1_102' title="bbox 496 5294 2067 5359">
     <span class='ocr_line' id='line_1_102' title="bbox 496 5294 2067 5359; baseline -0.004 -1"><span class='ocrx_word' id='word_1_786' title='bbox 496 5307 511 5339; x_wconf 85' lang='grc'>¹</span> <span class='ocrx_word' id='word_1_787' title='bbox 545 5301 823 5359; x_wconf 86' lang='lat' dir='ltr'>Susnicor</span> <span class='ocrx_word' id='word_1_788' title='bbox 851 5312 1164 5354; x_wconf 90' lang='lat' dir='ltr'>numerum</span> <span class='ocrx_word' id='word_1_789' title='bbox 1186 5296 1400 5351; x_wconf 89' lang='lat' dir='ltr'>cubare</span> <span class='ocrx_word' id='word_1_790' title='bbox 1422 5294 1481 5349; x_wconf 90' lang='lat' dir='ltr'>in</span> <span class='ocrx_word' id='word_1_791' title='bbox 1508 5295 1721 5350; x_wconf 92' lang='lat' dir='ltr'>mendo</span> <span class='ocrx_word' id='word_1_792' title='bbox 1745 5314 1757 5352; x_wconf 92' lang='lat'>:</span> <span class='ocrx_word' id='word_1_793' title='bbox 1786 5298 2067 5353; x_wconf 90' lang='lat' dir='ltr'>Lactantii</span> 
     </span>
    </p>
   </div>
   <div class='ocr_carea' id='block_1_103' title="bbox 419 5366 2069 5442">
    <p class='ocr_par' dir='ltr' id='par_1_103' title="bbox 419 5366 2069 5442">
     <span class='ocr_line' id='line_1_103' title="bbox 419 5366 2069 5442; baseline -0.004 -10"><span class='ocrx_word' id='word_1_794' title='bbox 419 5377 577 5433; x_wconf 91' lang='lat' dir='ltr'>enim</span> <span class='ocrx_word' id='word_1_795' title='bbox 632 5366 812 5428; x_wconf 83' lang='lat' dir='ltr'>libros</span> <span class='ocrx_word' id='word_1_796' title='bbox 855 5367 1261 5442; x_wconf 87' lang='lat' dir='ltr'>epistolarum,</span> <span class='ocrx_word' id='word_1_797' title='bbox 1293 5366 1363 5421; x_wconf 88' lang='lat' dir='ltr'>ad</span> <span class='ocrx_word' id='word_1_798' title='bbox 1392 5367 1810 5442; x_wconf 72' lang='lat' dir='ltr'>Demetrianum</span> <span class='ocrx_word' id='word_1_799' title='bbox 1855 5370 2069 5425; x_wconf 87' lang='lat' dir='ltr'>audito-</span> 
     </span>
    </p>
   </div>
   <div class='ocr_carea' id='block_1_104' title="bbox 420 5438 2072 5513">
    <p class='ocr_par' dir='ltr' id='par_1_104' title="bbox 420 5438 2072 5513">
     <span class='ocr_line' id='line_1_104' title="bbox 420 5438 2072 5513; baseline -0.004 -9"><span class='ocrx_word' id='word_1_800' title='bbox 420 5464 539 5504; x_wconf 87' lang='lat' dir='ltr'>rem</span> <span class='ocrx_word' id='word_1_801' title='bbox 565 5462 751 5509; x_wconf 88' lang='lat' dir='ltr'>suum,</span> <span class='ocrx_word' id='word_1_802' title='bbox 786 5438 1019 5498; x_wconf 76' lang='lat' dir='ltr'>nonnisi</span> <span class='ocrx_word' id='word_1_803' title='bbox 1052 5441 1201 5513; x_wconf 90' lang='lat' dir='ltr'>duos</span> <span class='ocrx_word' id='word_1_804' title='bbox 1231 5438 1645 5513; x_wconf 35' lang='lat' dir='ltr'>recenset‘ipse</span> <span class='ocrx_word' id='word_1_805' title='bbox 1681 5438 2072 5513; x_wconf 71' lang='lat' dir='ltr'>Hieronymus</span> 
     </span>
    </p>
   </div>
   <div class='ocr_carea' id='block_1_105' title="bbox 422 5509 2069 5581">
    <p class='ocr_par' dir='ltr' id='par_1_105' title="bbox 422 5509 2069 5581">
     <span class='ocr_line' id='line_1_105' title="bbox 422 5509 2069 5581; baseline -0.005 -6"><span class='ocrx_word' id='word_1_806' title='bbox 422 5518 571 5575; x_wconf 91' lang='lat' dir='ltr'>libro</span> <span class='ocrx_word' id='word_1_807' title='bbox 620 5516 687 5571; x_wconf 90' lang='lat' dir='ltr'>de</span> <span class='ocrx_word' id='word_1_808' title='bbox 737 5517 875 5572; x_wconf 86' lang='lat' dir='ltr'>Viris</span> <span class='ocrx_word' id='word_1_809' title='bbox 921 5512 1256 5578; x_wconf 84' lang='lat' dir='ltr'>Illustribus,</span> <span class='ocrx_word' id='word_1_810' title='bbox 1290 5526 1415 5581; x_wconf 89' lang='lat' dir='ltr'>cap.</span> <span class='ocrx_word' id='word_1_811' title='bbox 1443 5510 1532 5563; x_wconf 89' lang='lat'>80.</span> <span class='ocrx_word' id='word_1_812' title='bbox 1566 5509 1814 5566; x_wconf 90' lang='lat' dir='ltr'>Proinde</span> <span class='ocrx_word' id='word_1_813' title='bbox 1866 5509 2069 5568; x_wconf 80' lang='lat' dir='ltr'>malim</span> 
     </span>
    </p>
   </div>
   <div class='ocr_carea' id='block_1_106' title="bbox 420 5582 2067 5663">
    <p class='ocr_par' dir='ltr' id='par_1_106' title="bbox 420 5582 2067 5663">
     <span class='ocr_line' id='line_1_106' title="bbox 420 5582 2067 5663; baseline -0.012 -16"><span class='ocrx_word' id='word_1_814' title='bbox 420 5607 490 5646; x_wconf 83' lang='lat' dir='ltr'>ex</span> <span class='ocrx_word' id='word_1_815' title='bbox 526 5587 759 5663; x_wconf 91' lang='lat' dir='ltr'>ingenio</span> <span class='ocrx_word' id='word_1_816' title='bbox 798 5586 894 5663; x_wconf 80' lang='lat' dir='ltr'>hic</span> <span class='ocrx_word' id='word_1_817' title='bbox 940 5583 1140 5651; x_wconf 86' lang='lat' dir='ltr'>altero,</span> <span class='ocrx_word' id='word_1_818' title='bbox 1177 5598 1278 5663; x_wconf 68' lang='lat' dir='ltr'>pro</span> <span class='ocrx_word' id='word_1_819' title='bbox 1310 5589 1507 5663; x_wconf 59' lang='lat' dir='ltr'>octavo</span> <span class='ocrx_word' id='word_1_820' title='bbox 1558 5582 1797 5663; x_wconf 73' lang='lat' dir='ltr'>rescribi</span> <span class='ocrx_word' id='word_1_821' title='bbox 1833 5599 1846 5636; x_wconf 86' lang='lat'>:</span> <span class='ocrx_word' id='word_1_822' title='bbox 1881 5599 2067 5657; x_wconf 75' lang='lat' dir='ltr'>quan-</span> 
     </span>
    </p>
   </div>
   <div class='ocr_carea' id='block_1_107' title="bbox 416 5651 2066 5733">
    <p class='ocr_par' dir='ltr' id='par_1_107' title="bbox 416 5651 2066 5733">
     <span class='ocr_line' id='line_1_107' title="bbox 416 5651 2066 5733; baseline -0.004 -14"><span class='ocrx_word' id='word_1_823' title='bbox 416 5651 624 5733; x_wconf 53' lang='lat' dir='ltr'>quam&quot;</span> <span class='ocrx_word' id='word_1_824' title='bbox 643 5658 976 5733; x_wconf 79' lang='lat' dir='ltr'>tacentibus</span> <span class='ocrx_word' id='word_1_825' title='bbox 997 5651 1347 5733; x_wconf 33' lang='grc' dir='ltr'>’ως-δίη,ἱῇὴῇ</span> <span class='ocrx_word' id='word_1_826' title='bbox 1379 5657 1563 5710; x_wconf 90' lang='lat' dir='ltr'>muto.</span> <span class='ocrx_word' id='word_1_827' title='bbox 1596 5655 1878 5712; x_wconf 68' lang='lat' dir='ltr'>Ceterum</span> <span class='ocrx_word' id='word_1_828' title='bbox 1896 5651 2066 5715; x_wconf 60' lang='lat' dir='ltr'>&#39;con-</span> 
     </span>
    </p>
   </div>
   <div class='ocr_carea' id='block_1_108' title="bbox 412 5724 1388 5817">
    <p class='ocr_par' dir='ltr' id='par_1_108' title="bbox 412 5724 1388 5817">
     <span class='ocr_line' id='line_1_108' title="bbox 412 5724 1388 5817; baseline -0.014 -21"><span class='ocrx_word' id='word_1_829' title='bbox 412 5724 543 5817; x_wconf 51' lang='lat' dir='ltr'>cule</span> <span class='ocrx_word' id='word_1_830' title='bbox 572 5734 631 5794; x_wconf 88' lang='lat' dir='ltr'>S.</span> <span class='ocrx_word' id='word_1_831' title='bbox 666 5730 952 5793; x_wconf 84' lang='lat' dir='ltr'>Hilarium</span> <span class='ocrx_word' id='word_1_832' title='bbox 981 5728 1051 5787; x_wconf 87' lang='lat' dir='ltr'>de</span> <span class='ocrx_word' id='word_1_833' title='bbox 1086 5724 1388 5787; x_wconf 87' lang='lat' dir='ltr'>Trinitate.</span> 
     </span>
    </p>
   </div>
   <div class='ocr_carea' id='block_1_109' title="bbox 2190 4702 3845 4777">
    <p class='ocr_par' dir='ltr' id='par_1_109' title="bbox 2190 4702 3845 4777">
     <span class='ocr_line' id='line_1_109' title="bbox 2190 4702 3845 4777; baseline 0.001 -17"><span class='ocrx_word' id='word_1_834' title='bbox 2190 4705 2347 4761; x_wconf 88' lang='lat' dir='ltr'>batis</span> <span class='ocrx_word' id='word_1_835' title='bbox 2372 4722 2385 4761; x_wconf 91' lang='lat'><strong>:</strong></span> <span class='ocrx_word' id='word_1_836' title='bbox 2410 4704 2562 4777; x_wconf 90' lang='lat' dir='ltr'>quod</span> <span class='ocrx_word' id='word_1_837' title='bbox 2587 4704 2636 4759; x_wconf 90' lang='lat' dir='ltr'>si</span> <span class='ocrx_word' id='word_1_838' title='bbox 2661 4702 2763 4758; x_wconf 77' lang='lat' dir='ltr'>lilii</span> <span class='ocrx_word' id='word_1_839' title='bbox 2786 4703 2948 4776; x_wconf 90' lang='lat' dir='ltr'>estis,</span> <span class='ocrx_word' id='word_1_840' title='bbox 2967 4708 3392 4777; x_wconf 90' lang='lat' dir='ltr'>consequenter</span> <span class='ocrx_word' id='word_1_841' title='bbox 3409 4703 3574 4760; x_wconf 87' lang='lat' dir='ltr'>vobis</span> <span class='ocrx_word' id='word_1_842' title='bbox 3594 4704 3845 4761; x_wconf 87' lang='lat' dir='ltr'>debetur</span> 
     </span>
    </p>
   </div>
   <div class='ocr_carea' id='block_1_110' title="bbox 2185 4793 3839 4866">
    <p class='ocr_par' dir='ltr' id='par_1_110' title="bbox 2185 4793 3839 4866">
     <span class='ocr_line' id='line_1_110' title="bbox 2185 4793 3839 4866; baseline 0.001 -16"><span class='ocrx_word' id='word_1_843' title='bbox 2185 4794 2588 4860; x_wconf 70' lang='lat' dir='ltr'>haereditas,ut</span> <span class='ocrx_word' id='word_1_844' title='bbox 2606 4793 2896 4866; x_wconf 91' lang='lat' dir='ltr'>quomodo</span> <span class='ocrx_word' id='word_1_845' title='bbox 2912 4793 3187 4865; x_wconf 89' lang='lat' dir='ltr'>spiritum</span> <span class='ocrx_word' id='word_1_846' title='bbox 3204 4793 3328 4850; x_wconf 85' lang='lat' dir='ltr'>Filii</span> <span class='ocrx_word' id='word_1_847' title='bbox 3342 4793 3442 4849; x_wconf 89' lang='lat' dir='ltr'>Dei</span> <span class='ocrx_word' id='word_1_848' title='bbox 3461 4793 3839 4866; x_wconf 85' lang='lat' dir='ltr'>accipientes,</span> 
     </span>
    </p>
   </div>
   <div class='ocr_carea' id='block_1_111' title="bbox 2185 4881 3840 4941">
    <p class='ocr_par' dir='ltr' id='par_1_111' title="bbox 2185 4881 3840 4941">
     <span class='ocr_line' id='line_1_111' title="bbox 2185 4881 3840 4941; baseline 0.001 -2"><span class='ocrx_word' id='word_1_849' title='bbox 2185 4884 2323 4940; x_wconf 90' lang='lat' dir='ltr'>facti</span> <span class='ocrx_word' id='word_1_850' title='bbox 2354 4882 2495 4939; x_wconf 91' lang='lat' dir='ltr'>estis</span> <span class='ocrx_word' id='word_1_851' title='bbox 2528 4881 2633 4937; x_wconf 81' lang='lat' dir='ltr'>ﬁlii</span> <span class='ocrx_word' id='word_1_852' title='bbox 2677 4881 2777 4938; x_wconf 93' lang='lat' dir='ltr'>Dei</span> <span class='ocrx_word' id='word_1_853' title='bbox 2812 4898 2824 4937; x_wconf 90' lang='lat'>:</span> <span class='ocrx_word' id='word_1_854' title='bbox 2861 4882 2943 4937; x_wconf 87' lang='lat' dir='ltr'>ita</span> <span class='ocrx_word' id='word_1_855' title='bbox 2971 4882 3030 4937; x_wconf 91' lang='lat' dir='ltr'>in</span> <span class='ocrx_word' id='word_1_856' title='bbox 3061 4882 3391 4939; x_wconf 88' lang='lat' dir='ltr'>libertatem</span> <span class='ocrx_word' id='word_1_857' title='bbox 3438 4883 3511 4938; x_wconf 89' lang='lat' dir='ltr'>de</span> <span class='ocrx_word' id='word_1_858' title='bbox 3558 4883 3840 4941; x_wconf 81' lang='lat' dir='ltr'>servitute</span> 
     </span>
    </p>
   </div>
   <div class='ocr_carea' id='block_1_112' title="bbox 2183 4970 3833 5042">
    <p class='ocr_par' dir='ltr' id='par_1_112' title="bbox 2183 4970 3833 5042">
     <span class='ocr_line' id='line_1_112' title="bbox 2183 4970 3833 5042; baseline 0 -14"><span class='ocrx_word' id='word_1_859' title='bbox 2183 4972 2413 5042; x_wconf 86' lang='lat' dir='ltr'>mutati,</span> <span class='ocrx_word' id='word_1_860' title='bbox 2448 4972 2704 5027; x_wconf 67' lang='lat' dir='ltr'>haeredes</span> <span class='ocrx_word' id='word_1_861' title='bbox 2733 4970 2862 5027; x_wconf 91' lang='lat' dir='ltr'>sitis</span> <span class='ocrx_word' id='word_1_862' title='bbox 2905 4987 3040 5027; x_wconf 91' lang='lat' dir='ltr'>cum</span> <span class='ocrx_word' id='word_1_863' title='bbox 3088 4971 3317 5029; x_wconf 73' lang='lat' dir='ltr'>hearede</span> <span class='ocrx_word' id='word_1_864' title='bbox 3364 4971 3552 5028; x_wconf 86' lang='lat' dir='ltr'>Patris</span> <span class='ocrx_word' id='word_1_865' title='bbox 3600 4971 3833 5029; x_wconf 90' lang='lat' dir='ltr'>Christo</span> 
     </span>
    </p>
   </div>
   <div class='ocr_carea' id='block_1_113' title="bbox 2179 5060 3838 5134">
    <p class='ocr_par' dir='ltr' id='par_1_113' title="bbox 2179 5060 3838 5134">
     <span class='ocr_line' id='line_1_113' title="bbox 2179 5060 3838 5134; baseline -0.001 -16"><span class='ocrx_word' id='word_1_866' title='bbox 2179 5062 2340 5129; x_wconf 89' lang='lat' dir='ltr'>Jesu,</span> <span class='ocrx_word' id='word_1_867' title='bbox 2374 5060 2474 5133; x_wconf 91' lang='lat' dir='ltr'>qui</span> <span class='ocrx_word' id='word_1_868' title='bbox 2521 5076 2590 5117; x_wconf 85' lang='lat' dir='ltr'>ex</span> <span class='ocrx_word' id='word_1_869' title='bbox 2641 5076 2892 5132; x_wconf 90' lang='lat' dir='ltr'>persona</span> <span class='ocrx_word' id='word_1_870' title='bbox 2929 5060 3187 5117; x_wconf 90' lang='lat' dir='ltr'>hominis</span> <span class='ocrx_word' id='word_1_871' title='bbox 3236 5061 3526 5133; x_wconf 84' lang='lat' dir='ltr'>assumpti</span> <span class='ocrx_word' id='word_1_872' title='bbox 3571 5060 3838 5134; x_wconf 89' lang='lat' dir='ltr'>loquitur</span> 
     </span>
    </p>
   </div>
   <div class='ocr_carea' id='block_1_114' title="bbox 2182 5148 3836 5223">
    <p class='ocr_par' dir='ltr' id='par_1_114' title="bbox 2182 5148 3836 5223">
     <span class='ocr_line' id='line_1_114' title="bbox 2182 5148 3836 5223; baseline 0.002 -17"><span class='ocrx_word' id='word_1_873' title='bbox 2182 5152 2243 5206; x_wconf 91' lang='lat' dir='ltr'>ln</span> <span class='ocrx_word' id='word_1_874' title='bbox 2290 5148 2518 5223; x_wconf 87' lang='lat' dir='ltr'>psalmo</span> <span class='ocrx_word' id='word_1_875' title='bbox 2551 5165 2564 5204; x_wconf 88' lang='lat'><strong>:</strong></span> <span class='ocrx_word' id='word_1_876' title='bbox 2594 5150 2855 5205; x_wconf 88' lang='lat' dir='ltr'>Dominus</span> <span class='ocrx_word' id='word_1_877' title='bbox 2903 5149 3055 5205; x_wconf 76' lang='lat' dir='ltr'>dixit</span> <span class='ocrx_word' id='word_1_878' title='bbox 3099 5150 3170 5205; x_wconf 86' lang='lat' dir='ltr'>ad</span> <span class='ocrx_word' id='word_1_879' title='bbox 3218 5166 3325 5219; x_wconf 88' lang='lat' dir='ltr'>me,</span> <span class='ocrx_word' id='word_1_880' title='bbox 3356 5151 3532 5207; x_wconf 79' lang='lat' dir='ltr'>Filius</span> <span class='ocrx_word' id='word_1_881' title='bbox 3574 5165 3734 5207; x_wconf 78' lang='lat' dir='ltr'>meus</span> <span class='ocrx_word' id='word_1_882' title='bbox 3778 5167 3836 5209; x_wconf 74' lang='lat' dir='ltr'>es</span> 
     </span>
    </p>
   </div>
   <div class='ocr_carea' id='block_1_115' title="bbox 2250 5291 3831 5364">
    <p class='ocr_par' dir='ltr' id='par_1_115' title="bbox 2250 5291 3831 5364">
     <span class='ocr_line' id='line_1_115' title="bbox 2250 5291 3831 5364; baseline 0.001 -17"><span class='ocrx_word' id='word_1_883' title='bbox 2250 5293 2271 5327; x_wconf 86' lang='grc'>²</span> <span class='ocrx_word' id='word_1_884' title='bbox 2303 5291 2548 5348; x_wconf 90' lang='lat' dir='ltr'>Palatin.</span> <span class='ocrx_word' id='word_1_885' title='bbox 2598 5308 2764 5361; x_wconf 91' lang='lat' dir='ltr'>mss.,</span> <span class='ocrx_word' id='word_1_886' title='bbox 2806 5299 2858 5347; x_wconf 88' lang='lat' dir='ltr'>et</span> <span class='ocrx_word' id='word_1_887' title='bbox 2892 5292 3175 5364; x_wconf 86' lang='lat' dir='ltr'>justitiam</span> <span class='ocrx_word' id='word_1_888' title='bbox 3218 5297 3392 5360; x_wconf 89' lang='lat' dir='ltr'>tuam,</span> <span class='ocrx_word' id='word_1_889' title='bbox 3440 5292 3831 5364; x_wconf 86' lang='lat' dir='ltr'>quemadmo-</span> 
     </span>
    </p>
   </div>
   <div class='ocr_carea' id='block_1_116' title="bbox 2180 5364 3832 5435">
    <p class='ocr_par' dir='ltr' id='par_1_116' title="bbox 2180 5364 3832 5435">
     <span class='ocr_line' id='line_1_116' title="bbox 2180 5364 3832 5435; baseline 0 -15"><span class='ocrx_word' id='word_1_890' title='bbox 2180 5365 2321 5420; x_wconf 91' lang='lat' dir='ltr'>dum</span> <span class='ocrx_word' id='word_1_891' title='bbox 2355 5364 2581 5435; x_wconf 88' lang='lat' dir='ltr'>pridem</span> <span class='ocrx_word' id='word_1_892' title='bbox 2626 5364 3002 5434; x_wconf 88' lang='lat' dir='ltr'>rescripserat</span> <span class='ocrx_word' id='word_1_893' title='bbox 3052 5364 3357 5433; x_wconf 75' lang='lat' dir='ltr'>Victorius,</span> <span class='ocrx_word' id='word_1_894' title='bbox 3408 5364 3730 5432; x_wconf 88' lang='lat' dir='ltr'>codicibus,</span> <span class='ocrx_word' id='word_1_895' title='bbox 3766 5367 3832 5420; x_wconf 85' lang='lat' dir='ltr'>ut</span> 
     </span>
    </p>
   </div>
   <div class='ocr_carea' id='block_1_117' title="bbox 2180 5434 3218 5512">
    <p class='ocr_par' dir='ltr' id='par_1_117' title="bbox 2180 5434 3218 5512">
     <span class='ocr_line' id='line_1_117' title="bbox 2180 5434 3218 5512; baseline -0.001 -21"><span class='ocrx_word' id='word_1_896' title='bbox 2180 5436 2280 5512; x_wconf 74' lang='lat' dir='ltr'>ait,</span> <span class='ocrx_word' id='word_1_897' title='bbox 2314 5434 2371 5491; x_wconf 83' lang='lat' dir='ltr'>et</span> <span class='ocrx_word' id='word_1_898' title='bbox 2400 5434 2754 5491; x_wconf 87' lang='lat' dir='ltr'>editionibus</span> <span class='ocrx_word' id='word_1_899' title='bbox 2783 5435 3218 5512; x_wconf 67' lang='lat' dir='ltr'>adjuvantibus.</span> 
     </span>
    </p>
   </div>
   <div class='ocr_carea' id='block_1_118' title="bbox 2248 5507 3830 5578">
    <p class='ocr_par' dir='ltr' id='par_1_118' title="bbox 2248 5507 3830 5578">
     <span class='ocr_line' id='line_1_118' title="bbox 2248 5507 3830 5578; baseline 0.001 -17"><span class='ocrx_word' id='word_1_900' title='bbox 2248 5508 2270 5541; x_wconf 85' lang='grc'>³</span> <span class='ocrx_word' id='word_1_901' title='bbox 2304 5512 2424 5563; x_wconf 93' lang='lat' dir='ltr'>Duo</span> <span class='ocrx_word' id='word_1_902' title='bbox 2459 5523 2626 5575; x_wconf 90' lang='lat' dir='ltr'>mss.,</span> <span class='ocrx_word' id='word_1_903' title='bbox 2670 5523 2774 5578; x_wconf 85' lang='lat' dir='ltr'>per</span> <span class='ocrx_word' id='word_1_904' title='bbox 2801 5508 2992 5572; x_wconf 84' lang='lat' dir='ltr'>Deum,</span> <span class='ocrx_word' id='word_1_905' title='bbox 3027 5507 3164 5578; x_wconf 58' lang='lat' dir='ltr'>pro&#39;</span> <span class='ocrx_word' id='word_1_906' title='bbox 3176 5522 3277 5578; x_wconf 89' lang='lat' dir='ltr'>per</span> <span class='ocrx_word' id='word_1_907' title='bbox 3324 5507 3602 5578; x_wconf 74' lang='lat' dir='ltr'>Christum</span> <span class='ocrx_word' id='word_1_908' title='bbox 3616 5522 3638 5569; x_wconf 88' lang='grc'>,·</span> <span class='ocrx_word' id='word_1_909' title='bbox 3666 5509 3830 5562; x_wconf 68' lang='lat' dir='ltr'>Gra-</span> 
     </span>
    </p>
   </div>
   <div class='ocr_carea' id='block_1_119' title="bbox 2175 5574 3829 5655">
    <p class='ocr_par' dir='ltr' id='par_1_119' title="bbox 2175 5574 3829 5655">
     <span class='ocr_line' id='line_1_119' title="bbox 2175 5574 3829 5655; baseline -0.002 -21"><span class='ocrx_word' id='word_1_910' title='bbox 2175 5595 2280 5655; x_wconf 66' lang='lat' dir='ltr'>cqs</span> <span class='ocrx_word' id='word_1_911' title='bbox 2307 5574 2626 5655; x_wconf 81' lang='lat' dir='ltr'>utrumqu_e</span> <span class='ocrx_word' id='word_1_912' title='bbox 2654 5574 2863 5655; x_wconf 60' lang='lat' dir='ltr'>habet,</span> <span class='ocrx_word' id='word_1_913' title='bbox 2893 5574 3413 5655; x_wconf 42' lang='lat' dir='ltr'>numici/65103695</span> <span class='ocrx_word' id='word_1_914' title='bbox 3450 5574 3829 5655; x_wconf 40' lang='lat' dir='ltr'>StathtO&#39;COS.</span> 
     </span>
    </p>
   </div>
   <div class='ocr_carea' id='block_1_120' title="bbox 2175 5648 3830 5728">
    <p class='ocr_par' dir='ltr' id='par_1_120' title="bbox 2175 5648 3830 5728">
     <span class='ocr_line' id='line_1_120' title="bbox 2175 5648 3830 5728; baseline 0.004 -19"><span class='ocrx_word' id='word_1_915' title='bbox 2175 5650 2249 5709; x_wconf 89' lang='lat' dir='ltr'>ad</span> <span class='ocrx_word' id='word_1_916' title='bbox 2281 5666 2455 5727; x_wconf 87' lang='lat' dir='ltr'>quem</span> <span class='ocrx_word' id='word_1_917' title='bbox 2505 5648 2668 5726; x_wconf 78' lang='lat' dir='ltr'>refigi</span> <span class='ocrx_word' id='word_1_918' title='bbox 2720 5648 3200 5727; x_wconf 70' lang='lat' dir='ltr'>placeret,&#39;héeres</span> <span class='ocrx_word' id='word_1_919' title='bbox 3231 5651 3330 5711; x_wconf 86' lang='lat' dir='ltr'>Dei</span> <span class='ocrx_word' id='word_1_920' title='bbox 3368 5667 3474 5728; x_wconf 80' lang='lat' dir='ltr'>per</span> <span class='ocrx_word' id='word_1_921' title='bbox 3520 5648 3830 5716; x_wconf 58' lang='lat' dir='ltr'>Christum}</span> 
     </span>
    </p>
   </div>
  </div>
