4144 6202
374 334 490 398 ιοι

1037 331 1549 397 GOMMENTAR.
1597 333 1674 394 IN
1721 333 1969 396 EPIST.
2017 327 2123 395 AD
2170 335 2453 397 GALAT.
2499 333 2650 398 LIB.
2695 337 2774 412 ll,
2819 337 2990 400 CAP.
3033 337 3142 404 IV.

3679 331 3798 394 402

377 479 457 536 tu,
479 483 576 542 ego
608 464 772 524 hodie
803 482 975 537 genui
1004 474 1074 523 te.
1129 469 1352 524 Postula
1394 486 1428 522 a
1480 485 1586 531 me.
1637 476 1688 523 et
1733 467 1870 523 dabo
1919 469 2024 522 tibi
2051 469 2106 535 Α
2135 469 2314 535 dreus,
2380 473 2442 525 ut
2494 471 2729 527 Judaeos
2780 472 3145 529 lucrifaceret
3205 475 3254 545 (ι
3286 476 3410 533 Cor.
3447 492 3526 544 ix,
3557 473 3671 547 20),
3734 478 3792 532 et

374 568 562 632 gentes
591 557 963 614 haereditatem
992 561 1168 623 tuam,
1198 566 1249 614 et
1291 560 1686 629 possessionem
1734 562 1898 612 tuant
1926 560 2033 612 ter-

375 652 560 706 minos
587 651 755 704 terrae
801 647 971 718 (Psal.
1037 664 1097 712 ιι,
1143 651 1194 713 7,
1243 649 1320 718 8).
1368 649 1529 713 Quod
1573 651 1768 702 autem
1815 647 1872 700 in
1924 646 2030 701 hoc

376 737 505 795 loco
526 737 803 804 dicimus,
829 736 888 790 in
913 736 1134 792 caeteris
1158 753 1388 808 quoque
1401 737 1707 791 observare
1725 735 2026 802 debemus,

376 829 450 884 de
476 832 598 883 toto
629 843 843 899 genere
872 825 1178 882 hominum
1211 825 1497 898 singulari
1530 841 1778 881 numero
1814 824 2026 896 dispu-

372 917 508 974 tari.
541 916 760 971 Omnes
789 915 947 970 enim
981 915 1305 980 credentes,
1338 932 1521 970 unum
1555 932 1767 970 sumus
1792 913 1851 968 in
1871 913 2029 969 Chri-

357 1011 469 1063 sto
501 1006 662 1070 Jesu,
695 1009 752 1059 et
780 1005 1046 1060 membra
1077 1004 1337 1076 corporis
1357 1005 1507 1076 eius,
1541 1005 1672 1060 etin
1705 1004 2026 1076 perfectum

373 1095 572 1150 virum
604 1093 839 1158 redacti,
874 1092 1042 1148 illum
1074 1092 1363 1150 habemus
1421 1098 1620 1166 caput,
1670 1093 1809 1165 quia
1853 1095 2028 1164 caput

373 1182 487 1238 viri
527 1181 790 1238 Christus
821 1187 910 1238 est
938 1182 984 1253 (I
1015 1181 1136 1237 Cor.
1167 1199 1246 1249 χι,
1277 1184 1353 1251 3).

449 1275 642 1339 (Vers.
701 1271 756 1337 8,
814 1271 894 1341 9.)
954 1293 982 1320 ‹‹
1019 1270 1130 1326 Sed
1188 1274 1330 1326 tunc
1388 1270 1626 1343 quidem
1700 1270 2024 1326 nescientes

374 1365 558 1417 Deum
590 1359 858 1416 servistis
888 1359 982 1415 his
1013 1359 1115 1432 qui
1146 1365 1360 1415 natura
1389 1377 1501 1416 non
1527 1364 1695 1415 erant
1725 1359 1825 1414 dii.
1858 1359 2024 1414 Nune

371 1466 510 1506 vero
541 1453 962 1521 cognoscentes
997 1453 1199 1516 Deum,
1233 1449 1424 1522 magis
1455 1453 1650 1504 autem
1683 1448 1898 1521 cogniti
1951 1449 2022 1503 ab

375 1555 466 1606 eo,
500 1538 788 1611 quomodo
838 1537 1242 1594 convertimini
1295 1538 1508 1594 iterum
1558 1538 1629 1594 ad
1687 1537 1922 1592 inﬁrma
1968 1541 2024 1592 et

373 1644 557 1702 egena
581 1627 892 1693 elementa,
927 1627 1142 1699 quibus
1187 1643 1420 1682 rursum
1475 1626 1691 1682 servire
1736 1626 1915 1682 vultis
1939 1627 1966 1680 ?
1993 1648 2014 1675 ι

373 1717 608 1774 Galatas
639 1733 790 1789 quos
821 1717 892 1772 ab
927 1716 1214 1773 idolorum
1247 1716 1408 1772 cultu
1439 1718 1509 1772 ad
1544 1717 1720 1771 ﬁdem
1761 1717 1862 1772 Dei
1902 1715 2020 1772 veri

372 1805 825 1877 transtulerunt,
859 1806 1069 1879 arguit,
1121 1806 1413 1877 quomodo
1471 1805 1642 1861 idolis
1701 1805 2016 1873 derelictis,
2050 1843 2097 1907 Β

373 1913 500 1970 quas
533 1901 746 1952 natura
804 1912 919 1951 non
950 1900 1116 1951 erant
1146 1895 1249 1962 dii,
1282 1900 1338 1950 et
1366 1900 1782 1967 cognoscentes
1815 1899 2016 1961 Deum,

371 1986 563 2058 magis
594 1989 790 2041 autem
824 1983 1040 2057 cogniti
1072 1985 1143 2039 ab
1174 1983 1322 2055 ipso,
1355 1984 1564 2056 spiritu
1586 2001 1819 2056 quoque
1846 1985 2021 2055 adop-

371 2075 552 2132 tionis
584 2079 845 2147 accepto,
875 2090 1114 2129 rursum
1147 2073 1316 2144 quasi
1349 2074 1596 2146 parvuli,
1629 2079 1687 2129 et
1723 2074 1834 2129 sub
1865 2078 2020 2130 tuto-

371 2165 535 2222 ribus
583 2168 641 2220 et
681 2164 995 2236 paedagogo
1027 2178 1154 2218 esse
1203 2163 1522 2234 cupientes,
1567 2164 1640 2219 ad
1685 2164 1920 2218 inﬁrma
1968 2167 2025 2218 et

368 2253 725 2326 paupertina
757 2257 1121 2309 revertantur
1154 2256 1169 2288 ¹
1205 2251 1513 2323 elementa,
1548 2269 1675 2324 qua:
1721 2257 2024 2324 propterea

366 2343 611 2400 inﬁrmo
643 2346 697 2397 et
724 2342 961 2414 pauperi
993 2358 1168 2397 sensu
1229 2341 1443 2414 pepulo
1495 2341 1632 2396 data
1680 2346 1820 2397 sunt
1867 2343 2020 2400 453

315 2443 326 2452 '
367 2433 430 2489 in
463 2433 713 2495 deserto,
749 2431 888 2503 quia
919 2447 1033 2485 non
1068 2434 1298 2502 poterat
1325 2429 1585 2503 accipere
1631 2435 1689 2485 et
1735 2430 2023 2485 sustinere

368 2522 615 2593 majora.
650 2521 862 2576 Eadem
896 2524 1092 2575 autem
1126 2519 1434 2582 elementa,
1463 2536 1590 2591 quae
1609 2536 1762 2574 nunc
1791 2520 2026 2576 inﬁrma

373 2615 435 2666 et
459 2626 638 2682 egena
669 2607 1002 2681 appellavit,
1045 2609 1318 2681 superius
1361 2613 1590 2663 tantum
1640 2610 1846 2663 mundi
1909 2609 2024 2665 ele-

372 2701 575 2753 menta
626 2697 840 2770 posuit.
891 2698 959 2752 Et
1040 2697 1140 2752 ubi
1216 2696 1507 2752 elementa
1582 2698 1786 2752 mundi
1868 2698 2025 2753 dicta

370 2790 531 2856 sunt,
556 2786 635 2840 ibi
671 2803 789 2842 non
823 2790 911 2842 est
941 2785 1229 2850 additum,
1275 2786 1501 2855 inﬁrma
1529 2791 1580 2841 et
1629 2803 1816 2858 egena.
1879 2787 2025 2842 Hinc

371 2891 610 2932 rursum
635 2875 734 2931 ubi
769 2875 1004 2930 inﬁrma
1031 2880 1237 2930 vocata
1261 2880 1423 2942 sunt,
1457 2876 1676 2946 mundi,
1728 2881 1793 2932 ut
1843 2893 2025 2948 supra

376 2964 634 3020 diximus
665 2967 828 3035 (vers.
862 2965 936 3036 4),
972 2981 1183 3020 nomen
1217 2968 1306 3020 est
1354 2965 1619 3020 tacitum.
1654 2969 1800 3020 Puto
1832 2965 2028 3037 itaque

373 3053 666 3125 quamdiu
700 3052 830 3124 quis
880 3052 1160 3125 parvulus
1191 3058 1300 3119 est,
1330 3070 1434 3108 nec
1474 3057 1760 3110 statutum
1795 3073 1829 3110 a
1861 3059 2025 3126 patre

381 3141 896 3214 tempusimplevit
918 3143 1076 3213 (vers.
1103 3144 1245 3214 1,2),
1270 3148 1336 3198 ut
1359 3142 1515 3197 ﬁlius
1539 3147 1597 3198 et
1619 3143 1799 3198 haeres
1827 3143 2025 3215 appel-

2143 558 2200 614 in
2233 559 2469 615 Generis
2499 577 2568 615 ex
2596 566 2724 616 voto
2756 579 2985 617 comam
3016 563 3265 618 totondit
3315 566 3451 634 (Act.
3503 583 3662 634 xvm,
3703 566 3784 634 8),

2143 652 2199 702 et
2256 649 2629 721 nudipedalia
2675 656 2848 722 atque
2889 652 3186 707 calvitium
3245 655 3670 728 Hierosolymis
3724 656 3784 712 in

2139 738 2357 810 templo
2388 739 2639 798 exercuit
2668 740 2802 809 (Act.
2856 758 2968 810 xxI,
2998 743 3067 794 24
3097 744 3288 813 seqq),
3322 747 3386 797 ut
3423 759 3622 799 eorum
3674 761 3780 800 se-

2138 826 2303 882 daret
2349 827 2648 896 invidiam,
2697 830 2797 900 qui
2855 829 3193 886 eatechizati
3237 832 3308 886 de
3355 847 3420 887 eo
3468 832 3490 865 ²
3521 832 3780 902 fuerant,

2139 917 2294 986 quod
2325 921 2529 972 contra
2558 917 2744 990 legem
2779 919 2983 990 Moysi,
3016 924 3072 974 et
3092 920 3274 976 Deum
3302 921 3513 977 faceret
3535 922 3786 993 prophe-

2136 1009 2331 1061 tarum
2357 1023 2368 1061 :
2405 1006 2489 1061 ita
2517 1011 2574 1062 et
2603 1013 2834 1063 sanctss
2859 1008 3016 1064 viros
3045 1009 3251 1065 fecisse
3284 1010 3524 1082 quidem
3557 1027 3624 1067 ea
3652 1028 3779 1083 quas

2138 1094 2288 1168 legis
2318 1101 2503 1163 erant,
2537 1098 2637 1152 sed
2671 1114 2911 1153 sensum
2943 1098 3132 1170 magis
3178 1098 3324 1172 legis
3373 1104 3605 1157 secutos
3653 1117 3782 1158 esse

2138 1201 2316 1256 quam
2348 1184 2624 1241 litteram.
2672 1187 2778 1250 Qui
2833 1205 2946 1243 non
2996 1187 3193 1244 minus
3244 1206 3422 1261 quam
3478 1190 3777 1248 Abraham

2135 1272 2364 1329 sublato
2396 1274 2465 1329 de
2497 1275 2640 1330 faeie
2669 1275 3014 1346 velamento,
3049 1277 3358 1350 cupierunt
3384 1278 3581 1336 videre
3623 1280 3780 1336 diem

2133 1361 2369 1433 Christi,
2429 1367 2487 1418 et
2529 1365 2798 1420 viderunt
2850 1368 3005 1423 454
3061 1372 3118 1422 et
3163 1367 3337 1423 laetati
3390 1372 3561 1424 sunt:
3621 1369 3780 1426 Facti

2132 1449 2366 1506 inﬁrmo
2399 1452 2612 1524 populo
2643 1454 2884 1522 inﬁrmi,
2936 1460 3000 1510 ut
3048 1456 3314 1513 inﬁrmos
3372 1457 3783 1514 lucrifacerent

2131 1541 2181 1608 (l
2209 1540 2328 1595 Cor.
2363 1558 2440 1609 xx,
2472 1543 2585 1612 22),
2619 1546 2677 1597 et
2709 1542 2801 1597 his
2832 1543 2932 1614 qui
2967 1545 3077 1599 sub
3106 1543 3232 1617 lege
3265 1551 3431 1601 erant
3459 1546 3630 1617 quasi
3687 1563 3776 1602 es-

2132 1633 2262 1683 sent
2310 1629 2423 1700 ipsi
2461 1631 2571 1685 sub
2622 1630 2766 1704 lege,
2806 1637 2873 1687 ut
2922 1649 3021 1688 eos
3079 1634 3152 1688 ab
3207 1633 3397 1703 idolis,
3435 1636 3650 1706 quibus
3714 1635 3774 1690 in

2129 1719 2373 1790 [Egypto
2396 1726 2793 1788 assueverant,
2819 1726 3177 1794 separarent.
3202 1724 3538 1780 Absurdum
3561 1724 3778 1797 quippe

2129 1813 2218 1862 est
2248 1808 2481 1880 Moysen
2528 1815 2584 1864 et
2641 1815 2879 1866 caeteros
2945 1811 3415 1870 confabulatores
3465 1813 3567 1870 Dei
3607 1815 3667 1869 in
3709 1831 3777 1870 ea

2129 1896 2310 1952 fuisse
2341 1897 2700 1965 conditione,
2734 1904 2798 1953 ut
2827 1917 2943 1955 non
2975 1901 3283 1957 credamus
3314 1902 3397 1957 eis
3429 1904 3467 1970 ²,
3503 1908 3560 1958 et
3582 1905 3777 1974 praeﬁ-

2130 1985 2319 2041 nitum
2352 1991 2588 2058 tempus
2620 2004 2653 2040 a
2689 1988 2854 2043 Patre
2886 1989 3136 2058 venisse,
3187 1995 3244 2045 et
3291 1991 3625 2062 redemptos
3673 2009 3773 2047 eos

2130 2089 2258 2129 esse
2305 2074 2376 2128 de
2433 2076 2708 2130 servitute
2765 2076 2960 2148 legali,
2995 2083 3050 2132 et
3089 2078 3462 2150 adoptionem
3512 2079 3768 2136 ﬁliorum

2129 2167 2496 2232 consecutos,
2527 2169 2583 2219 et
2613 2165 3014 2222 haereditatem
3068 2167 3294 2239 cepisse
3337 2185 3474 2224 eum
3521 2169 3775 2226 Christo.

2132 2253 2505 2323 Quacunque
2549 2253 2705 2308 enim
2757 2257 2875 2309 toto
2921 2255 3118 2326 generi
3184 2255 3442 2312 humano
3491 2256 3780 2328 sapientia

2137 2339 2238 2395 Dei
2270 2340 2438 2412 quasi
2474 2341 2573 2396 uni
2611 2341 2755 2396 Filio
2787 2343 3059 2414 praestitit
3088 2345 3127 2412 ‘,
3160 2343 3282 2399 haec
3312 2345 3516 2401 eadem
3547 2346 3780 2401 unicui-

2137 2445 2251 2500 que
2283 2433 2621 2484 sanctorum
2656 2447 2888 2502 semper
2917 2449 3024 2487 suo
3047 2433 3251 2487 ordine
3271 2437 3327 2488 et
3347 2434 3785 2506 dispensatione

2133 2517 2346 2589 largita
2379 2522 2490 2573 est.
2524 2519 2732 2590 Legem
2783 2520 2952 2575 nobis
2982 2521 3160 2592 Moysi
3217 2520 3454 2577 inﬁrma
3501 2527 3558 2578 et
3604 2539 3788 2596 egena

2136 2606 2468 2662 dicentibus
2499 2607 2807 2677 elementa,
2841 2611 3206 2666 occasionem
3248 2610 3556 2667 inveniunt
3601 2612 3784 2669 haere-

2135 2695 2254 2761 tici,
2293 2700 2355 2750 ut
2386 2696 2696 2752 detrahant
2726 2699 3002 2766 Creatori,
3035 2700 3172 2770 quia
3203 2701 3492 2756 mundum
3516 2702 3788 2758 condide-

2140 2785 2236 2851 rit,
2269 2791 2325 2840 ct
2355 2785 2542 2857 legem
2575 2788 2854 2842 sanxerit.
2888 2787 3112 2851 Quibus
3145 2805 3249 2844 nos
3273 2789 3784 2860 respondebimus,

2134 2872 2190 2928 id
2225 2875 2378 2944 quod
2414 2891 2594 2946 supra
2625 2875 2904 2945 diximus,
2938 2876 3171 2932 inﬁrma
3201 2877 3295 2932 bis
3325 2894 3452 2933 esse
3501 2882 3558 2932 et
3603 2894 3787 2949 egena

2135 2961 2442 3029 elementa,
2480 2964 2578 3036 qui
2612 2966 2682 3019 ad
2711 2981 2778 3019 ea
2824 2970 2958 3036 post
2988 2965 3279 3036 Evangelii
3313 2966 3561 3037 gratiam
3594 2982 3782 3021 rever-

2134 3055 2358 3106 tuntur.
2393 3055 2718 3124 Antequam
2752 3069 2884 3108 vero
2917 3054 3270 3124 praeﬁnitum
3297 3059 3532 3126 tempus
3562 3054 3786 3110 veniret

2144 3157 2176 3195 a
2209 3145 2399 3205 Patre,
2434 3158 2548 3196 non
2573 3145 2692 3195 tam
2727 3142 2961 3196 inﬁrma
2991 3147 3049 3196 et
3077 3158 3258 3214 egena
3306 3141 3599 3214 appellata
3658 3159 3786 3200 esse

371 3231 480 3287 lari
513 3237 710 3303 queat,
725 3232 836 3287 sub
867 3231 1172 3288 elementis
1201 3247 1335 3286 eum
1363 3231 1593 3299 mundi,
1617 3232 1740 3304 lege
1760 3232 2026 3288 videlicet
2057 3215 2100 3281 C
2139 3229 2449 3294 elementa,
2481 3246 2655 3301 quam
2689 3231 2918 3284 mundi.
2953 3231 3216 3302 Denique
3247 3232 3594 3304 priusquam
3625 3231 3787 3286 Chri-

373 3336 503 3377 esse
537 3319 742 3393 Moysi.
776 3321 921 3376 Cum
955 3325 1150 3376 autem
1185 3325 1316 3393 post
1351 3321 1677 3377 libertatem
1711 3321 1830 3376 filio
1861 3321 2023 3377 debi-

374 3415 498 3466 tam
533 3426 739 3466 rursus
773 3425 1042 3464 reversus
1082 3410 1260 3465 fuerit
1306 3411 1376 3465 ad
1424 3409 1633 3482 legem,
1684 3410 2025 3466 circumcidi

373 3498 597 3563 volens,
653 3504 711 3554 et
752 3502 936 3554 totam
994 3498 1249 3554 Judaicaa
1290 3500 1726 3572 superstitionis
1774 3499 2026 3555 litteram

375 3589 572 3660 sequi,
601 3593 740 3643 tunc
790 3605 917 3659 quas
969 3587 1131 3660 prius
1177 3587 1228 3642 ei
1273 3589 1478 3644 mundi
1509 3593 1740 3644 tantum
1799 3589 2030 3643 fuerant

380 3678 698 3744 elementa,
730 3677 968 3733 inﬁrma
993 3693 1227 3750 quoque
1258 3681 1315 3732 et
1343 3694 1525 3750 egena
1555 3678 1830 3733 dicuntur
1873 3693 2030 3732 exor-

380 3767 504 3822 dia.
541 3771 602 3821 In
635 3771 863 3822 tantum
895 3766 1051 3821 enim
1083 3765 1228 3822 nihil
1251 3772 1499 3838 prosunt
1529 3767 1851 3822 cultoribus
1881 3766 2027 3834 suis,

380 3860 455 3912 ut
485 3871 558 3909 ne
586 3855 696 3909 hac
725 3855 963 3926 quidem
996 3856 1080 3911 eis
1111 3855 1382 3912 exhibere
1411 3855 1640 3911 valeant
1689 3857 1843 3927 quod
1895 3860 2031 3910 ante

380 3942 796 4018 praestiterant,
851 3943 1273 4016 Hierosolyma,
1323 3944 1542 4015 templo
1592 3943 1880 4016 altarique
1927 3945 2031 3998 de-

381 4031 651 4090 structis.
685 4032 1054 4105 Respondeat
1095 4031 1332 4104 aliquis,
1383 4037 1440 4088 et
1490 4031 1680 4088 dicat:
1731 4033 1791 4088 Si
1840 4032 1929 4088 lex
1975 4039 2032 4088 et

382 4126 676 4196 praecepta
705 4139 838 4194 quae
868 4122 923 4176 in
959 4121 1084 4194 lege
1117 4121 1449 4193 conscripta
1479 4126 1637 4189 sunt,
1695 4121 1932 4176 inﬁrma
1977 4126 2034 4178 et

380 4226 572 4283 egena
602 4209 894 4266 elementa
923 4214 1084 4278 sunt,
1107 4215 1164 4266 et
1192 4209 1252 4265 hi
1286 4209 1382 4282 qui
1415 4216 1807 4283 cognoverunt
1826 4209 2030 4282 Deum,

380 4299 576 4370 magis
607 4304 802 4355 autem
834 4298 1050 4372 cogniti
1083 4305 1222 4354 sunt
1253 4299 1324 4354 ab
1358 4315 1446 4367 eo,
1493 4298 1680 4371 legem
1729 4299 2034 4354 observare

387 4405 508 4444 non
543 4387 754 4442 debent
783 4392 878 4456 (ne
909 4387 1194 4460 incipiant
1243 4404 1360 4444 non
1410 4392 1531 4442 tam
1566 4393 1741 4444 Deum
1782 4388 1970 4444 colere
2001 4406 2036 4443 a

391 4493 511 4550 quo
543 4477 758 4549 cogniti
787 4482 948 4549 sunt,
981 4494 1159 4549 quam
1194 4478 1263 4532 ad
1295 4493 1395 4532 eos
1426 4477 1631 4532 reverti
1665 4477 1764 4549 qui
1826 4483 2034 4533 natura

388 4583 505 4624 non
537 4571 679 4621 sunt
702 4567 827 4638 dii),
858 4571 962 4622 aut
990 4567 1179 4638 legem
1210 4565 1666 4621 observaverunt
1710 4567 1935 4639 Moyses
1980 4573 2035 4622 et
2063 4589 2110 4653 Ι)

386 4655 709 4729 prophetae,
742 4660 799 4711 et
831 4673 944 4712 non
977 4660 1374 4729 cognoverunt
1411 4659 1616 4719 Deum,
1670 4671 1772 4709 nec
1817 4655 2032 4727 cogniti

388 4749 529 4802 sunt
556 4745 630 4800 ab
689 4760 793 4812 eo;
831 4750 934 4801 aut
963 4745 1012 4801 si
1069 4748 1466 4816 cognoverunt
1515 4749 1717 4810 Deum,
1759 4745 2036 4799 mandata

387 4831 534 4906 legis
565 4833 809 4889 minime
836 4833 1292 4906 compleverunt.
1327 4833 1489 4899 Quod
1548 4837 1862 4904 utrumque
1893 4834 2037 4905 peri-

391 4920 660 4978 culosum
693 4926 782 4978 est
811 4922 1038 4979 dicere:
1073 4927 1191 4978 Aut
1222 4921 1352 4977 illos
1384 4939 1499 4977 non
1550 4921 1758 4977 fecisse
1802 4939 1928 4992 quae
1959 4921 2036 4999 le-

387 5011 482 5084 gis
514 5015 674 5080 sunt,
706 5015 764 5067 et
794 5011 879 5068 sic
909 5011 1250 5086 cognovisse
1284 5017 1492 5066 Deum:
1528 5015 1631 5066 aut
1662 5027 1774 5066 non
1826 5027 2034 5083 cogno-

387 5101 544 5156 visse
575 5105 780 5166 Deum,
811 5101 955 5156 dum
986 5101 1221 5156 inﬁrma
1249 5103 1305 5156 et
1333 5116 1516 5172 egena
1551 5099 1695 5169 legis
1751 5099 2038 5156 elementa

391 5190 752 5245 custodiunt.
786 5191 950 5256 Quod
985 5190 1222 5263 quidem
1256 5190 1340 5245 sic
1371 5189 1512 5245 solvi
1545 5194 1753 5261 potest,
1788 5195 1852 5245 ut
1881 5189 2038 5245 dica-

394 5292 530 5333 mus
561 5277 714 5346 illos,
746 5280 1039 5351 quomodo
1091 5278 1304 5335 Paulus
1336 5279 1524 5332 factus
1570 5282 1658 5334 est
1701 5279 1918 5334 Judaeis
1945 5279 2042 5335 Ju-

473 5455 489 5528 ξ
513 5453 693 5528 [idem
727 5472 897 5526 mss.,
927 5456 1000 5512 ad
1028 5457 1253 5528 inﬁrma
1281 5463 1334 5511 et
1362 5470 1532 5527 egena
1560 5463 1932 5512 revertantur.

468 5525 490 5560 ³
519 5526 808 5601 Rescribit
833 5525 1126 5586 Victorius
1156 5530 1229 5601 ad
1261 5525 1501 5601 suorum
1534 5544 1678 5582 mss.
1724 5528 1919 5601 ﬁdem,
1950 5531 2045 5601 qui

387 5601 621 5729 quaeaut
642 5599 812 5675 deeo,
843 5605 957 5659 etc.
1005 5599 1201 5659 Nostri
1259 5616 1394 5656 cum
1453 5599 1744 5672 impressa
1799 5599 2043 5657 lectione

417 5686 592 5728 aclun
627 5712 641 5727 .

417 5686 641 5728 ιοιιιιη.

2137 3318 2210 3374 sti
2245 3319 2300 3372 in
2333 3322 2451 3374 toto
2481 3319 2619 3373 orbe
2652 3318 3026 3391 Evangelium
3058 3325 3408 3386 coruscaret,
3453 3320 3788 3377 habuerunt

2138 3424 2312 3463 suum
2342 3407 2625 3479 fulgorem
2661 3413 2948 3480 pracepta
2978 3409 3186 3481 legalia
3218 3435 3232 3477 ;
3287 3417 3601 3481 postquam
3649 3425 3784 3465 vero

2138 3498 2333 3568 majus
2359 3496 2704 3568 evangelicre
2726 3498 2924 3568 gratim
2943 3498 3143 3554 lumen
3170 3497 3409 3564 effulsit,
3427 3503 3482 3554 et
3511 3498 3790 3569 soljusti-

2136 3585 2229 3640 tia:
2246 3585 2348 3640 toti
2373 3585 2592 3639 mundo
2617 3602 2677 3640 se
2700 3587 2978 3656 prodidit,
3004 3586 3307 3642 stellarum
3331 3587 3529 3643 lumen
3549 3589 3793 3644 abscon-

2139 3674 2328 3729 ditum
2359 3680 2466 3738 est,
2501 3679 2557 3728 ct
2585 3691 2786 3730 earum
2813 3676 2958 3731 radii
2990 3676 3406 3748 caligaverunt:
3441 3677 3524 3732 ita
3554 3683 3617 3732 ut
3639 3683 3790 3748 Apo-

2140 3763 2326 3819 stolus
2357 3762 2413 3816 in
2446 3763 2559 3818 alio
2591 3763 2714 3819 loco
2771 3765 3023 3821 diceret:
3084 3769 3222 3822 Nam
3271 3783 3373 3822 nec
3412 3765 3791 3838 gloriﬁcatum

2140 3860 2236 3917 est,
2271 3851 2412 3922 quod
2441 3853 2810 3923 glori/iratum
2851 3854 2964 3924 fuit
2996 3857 3054 3908 in
3103 3857 3206 3910 hac
3233 3863 3406 3926 parte,
3435 3858 3666 3925 propter
3695 3870 3790 3910 ea:—

2140 3941 2425 3996 cellentem
2454 3942 2695 4012 gloriam
2723 3944 2795 4013 (II
2828 3943 2949 3998 Cor.
2983 3961 3068 4010 ιιι,
3118 3945 3225 4011 10).
3276 3944 3437 4006 Quod
3486 3943 3616 3997 aliis
3663 3959 3790 3998 ver-

2141 4029 2233 4085 bis
2264 4029 2722 4102 nuncloquitur,
2759 4036 2823 4085 ut
2869 4031 3046 4098 dicat,
3104 4031 3195 4086 lex
3246 4031 3422 4103 Moysi
3474 4048 3603 4101 quae
3659 4036 3793 4086 ante

2141 4118 2519 4190 Evangelium
2553 4119 2734 4190 dives,
2767 4125 2824 4174 et
2853 4119 3154 4192 opulenta,
3187 4124 3244 4175 et
3273 4119 3430 4175 clara
3479 4119 3609 4189 fuit,
3661 4123 3794 4190 post

2143 4209 2454 4264 adventum
2505 4208 2722 4263 Christi
2773 4210 2844 4263 ad
2891 4209 3390 4279 comparationem
3441 4208 3571 4279 ejus
3623 4207 3793 4279 quasi

2143 4296 2377 4350 inﬁrma
2431 4302 2488 4352 et
2535 4313 2738 4369 egena,
2784 4296 3102 4351 immunita
3153 4302 3326 4368 atque
3369 4297 3672 4353 destructa
3707 4299 3797 4351 est

2144 4386 2214 4440 ab
2247 4401 2312 4438 co
2343 4385 2444 4454 qui
2478 4387 2667 4456 major
2697 4385 2808 4440 fuit
2833 4384 3164 4452 Salomone,
3199 4391 3256 4441 et
3289 4385 3531 4458 templo,
3563 4389 3620 4441 et
3647 4385 3798 4441 Jona

2144 4472 2352 4544 (Matth.
2391 4490 2492 4542 xu,
2529 4475 2630 4534 42;
2678 4491 2754 4538 vx,
2782 4474 2890 4545 41).
2921 4476 3082 4540 Quod
3127 4475 3284 4530 enim
3335 4475 3620 4547 scriptum
3669 4478 3791 4529 est:

2145 4563 2308 4618 Illum
2353 4571 2573 4633 opoptet
2606 4579 2866 4628 crescere,
2913 4580 3000 4619 me
3056 4574 3238 4619 autem
3283 4565 3468 4618 minui
3505 4565 3682 4634 (Joan.
3734 4579 3792 4630 ιι,

2140 4653 2272 4720 30):
2322 4667 2436 4705 non
2460 4656 2578 4705 tam
2627 4667 2696 4706 ex
2715 4651 2981 4718 Joannis,
3025 4669 3201 4724 quam
3229 4669 3298 4706 ex
3342 4651 3487 4723 legis
3539 4667 3792 4713 persona

2143 4740 2363 4795 dictum
2386 4740 2691 4811 puto,quia
2713 4757 2942 4812 semper
2963 4741 3179 4795 cedunt
3195 4739 3420 4795 minora
3444 4739 3792 4809 majoribus,

2142 4835 2198 4885 et
2225 4829 2480 4900 perfecta
2507 4829 2690 4884 initiis
2725 4834 3149 4902 proponuntur.
3185 4828 3347 4884 Alias
3397 4835 3592 4883 autem
3637 4827 3796 4883 inﬁr-

2146 4935 2244 4972 ma
2271 4922 2329 4971 et
2361 4933 2544 4987 egena
2575 4915 2887 4986 elementa,
2934 4916 3268 4971 Judaeorum
3317 4915 3682 4982 traditiones,
3734 4918 3792 4970 et

2146 5006 2475 5062 secundum
2499 5005 2752 5060 litteram
2777 5005 2950 5061 vilem
2985 5004 3434 5077 intelligentiam
3485 5003 3798 5059 conﬁrma-

2149 5096 2363 5162 bimus,
2395 5112 2520 5165 quae
2556 5094 3168 5165 suntjustiﬁcationes
3201 5111 3316 5149 non
3348 5094 3535 5159 bonae,
3569 5097 3623 5148 et
3647 5109 3786 5164 prae-

2148 5189 2315 5255 cepta
2365 5199 2476 5236 non
2522 5184 2693 5238 bona.
2743 5185 2892 5240 455
2947 5183 3205 5237 Robusta
3251 5183 3466 5254 quippe
3515 5186 3572 5237 et
3632 5181 3791 5238 dives

2147 5284 2234 5335 est
2268 5278 2428 5350 Legis
2460 5274 2843 5347 intelligentia
2893 5271 3220 5345 spiritualis
3270 5271 3486 5343 (Ezech.
3538 5288 3632 5340 xx,
3673 5271 3786 5340 25),

2221 5457 2242 5490 ³
2270 5455 2503 5522 Absque
2554 5450 2807 5524 negandi
2852 5446 3142 5522 particula
3185 5446 3430 5503 Palatin.
3491 5463 3663 5515 mss.,
3742 5455 3804 5502 ut

2152 5528 2442 5584 credamus
2471 5527 2568 5581 eis.

2223 5601 2243 5633 ⁵
2270 5598 2380 5655 Alii
2411 5597 2548 5654 editi
2581 5595 2734 5666 libri,
2769 5595 2928 5666 quasi
2956 5595 3016 5648 in
3055 5594 3196 5649 Filio
3227 5591 3512 5665 praestitit,
3545 5594 3658 5646 etc.
