4144 6202
321 315 440 393 403

1583 319 1650 382 8.
1696 318 2010 383 EUSEBII
2054 316 2502 383 HIERONYMI

3621 312 3743 387 ΑΜ

322 454 411 519 ita
441 452 507 509 ut
528 452 629 506 aut
655 450 892 523 penitus
919 449 1274 509 elementum
1298 468 1412 509 non
1437 452 1644 513 debeat
1668 451 1970 526 appellari.
2005 453 2057 518 Α
2089 450 2249 521 (Ibid.
2287 452 2373 506 14.
2406 450 2598 524 seqq).
2622 451 2693 507 Et
2750 434 2928 507 alibi}
2983 448 3173 523 Tribus
3216 444 3554 519 temporibus
3599 450 3755 509 anni.

330 545 435 599 aut
462 539 817 605 elementum
850 538 1089 611 quidem
1112 540 1188 597 sit
1212 542 1643 613 comparatione
1666 542 1849 599 futuri
1869 558 1973 597 saa-

333 627 470 699 culi,
519 630 576 683 et
620 626 747 682 vitae
794 625 854 681 in
908 626 1137 683 Christo
1183 632 1348 699 Jesu,
1402 647 1517 702 qua
1577 646 1731 686 nunc
1778 630 1981 686 vivunt

335 714 528 791 angeli
556 732 940 789 supernisque
986 718 1252 773 virtutes.
1303 719 1512 775 Sensui
1562 735 1694 776 vero
1736 719 1980 779 Judaico

333 808 695 880 comparata,
732 822 848 863 non
880 810 1001 861 tam
1034 805 1411 875 elementum,
1444 807 1554 864 hoc
1583 812 1691 877 est,
1722 807 1977 880 initium,

334 913 509 972 quam
541 895 817 968 perfectio
850 899 1241 968 nuncupetur.
1275 898 1437 964 Quod
1470 902 1664 954 autem
1684 897 1765 953 ait
1787 914 1801 953 :
1827 899 1983 955 Nunc

330 1003 458 1055 vero
486 988 867 1055 cognoscentes
897 986 1087 1055 Deum,
1118 988 1297 1057 magis
1325 990 1511 1053 autem
1540 988 1748 1057 cogniti
1783 988 1850 1042 ab
1898 1003 1977 1056 eo,

331 1073 479 1143 illud
509 1072 784 1142 ostendit,
819 1074 981 1145 quod
1014 1078 1147 1147 post
1178 1074 1469 1131 idolorum
1499 1075 1746 1148 cultum,
1796 1076 1981 1133 Deum

332 1162 728 1221 intellexerint
781 1162 1019 1231 Galate,
1073 1164 1163 1221 vel
1214 1164 1411 1237 potius
1463 1164 1579 1238 ipsi
1654 1166 1984 1239 cognitione

338 1253 466 1327 ejus
497 1252 661 1325 digni
691 1250 810 1308 sint
848 1251 1122 1323 judicati.
1176 1253 1303 1310 Non
1352 1254 1507 1326 quod
1553 1254 1707 1311 Deus
1751 1254 1986 1312 Creator

333 1332 601 1405 omnium
632 1338 857 1413 aliquid
887 1340 1147 1412 ignoret;
1183 1343 1283 1398 sed
1320 1343 1473 1415 quod
1500 1358 1598 1398 eos
1620 1347 1854 1399 tantum
1875 1343 1986 1400 sci-

334 1448 397 1488 re
420 1431 669 1498 dicatur,
703 1430 805 1503 qui
857 1447 1113 1493 errorem
1166 1421 1378 1504 pietate
1426 1432 1800 1490 mutaverint.
1853 1433 1983 1504 Cog-

335 1521 511 1592 noscit
550 1521 815 1585 Dominus
863 1520 958 1593 qui
1001 1530 1128 1575 sunt
1179 1521 1295 1592 ejus
1347 1521 1420 1593 (II
1464 1522 1597 1577 Tim.
1645 1539 1706 1589 ιι,
1758 1521 1866 1595 19).
1919 1522 1987 1599 Et

336 1609 603 1675 Salvator
623 1608 680 1665 in
713 1608 1020 1682 Evangelio
1046 1624 1058 1663 :
1082 1610 1193 1680 Ego
1222 1626 1362 1681 sum,
1396 1610 1496 1678 ait,
1551 1615 1741 1683 pastor
1794 1612 1982 1680 bonus,

334 1707 387 1757 et
415 1713 667 1770 cognosco
696 1713 861 1767 meos,
915 1701 965 1765 et
1006 1704 1332 1769 cognoscunt
1376 1715 1465 1755 me
1504 1716 1637 1756 meae
1690 1701 1873 1770 (Joan.
1927 1720 1981 1758 χ.

340 1787 450 1856 14).
482 1787 734 1842 Econtra
762 1788 834 1844 ad
884 1786 1133 1860 impios:
1187 1788 1376 1844 Nescio
1425 1805 1539 1855 vos,
1578 1789 1811 1846 recedite
1838 1807 1870 1845 a
1900 1806 1986 1846 me

336 1878 582 1957 operarii
609 1875 919 1948 iniquitatis
950 1876 1100 1946 (Luc.
1133 1894 1256 1947 xm,
1288 1878 1400 1947 27).
1435 1882 1500 1933 Et
1529 1880 1601 1935 ad
1634 1877 1843 1934 stultas
1872 1878 1985 1934 vir-

336 1966 503 2039 gines
527 1982 541 2022 :
573 1967 772 2023 Nescio
796 1981 885 2035 vos
910 1967 1174 2038 quaeestis
1199 1966 1469 2039 [A1.sitis]
1498 1968 1852 2041 (Matth.xxv,
1877 1969 1904 2033 1
1945 1968 1984 2040 ).

337 2055 649 2127 (Vers.10,
697 2053 811 2126 Η.)
868 2054 1062 2111 «Dies
1119 2055 1463 2125 observatis,
1525 2060 1581 2113 et
1625 2073 1879 2126 menses,
1934 2060 1991 2114 et

335 2148 625 2216 tempora,
656 2146 714 2199 et
734 2160 940 2216 annos,
970 2143 1147 2200 timeo
1171 2161 1294 2213 vos,
1336 2146 1395 2201 ni
1452 2145 1598 2202 forte
1642 2146 1768 2203 sine
1814 2163 1992 2203 causa

337 2231 725 2303 laboraverim
746 2233 807 2288 in
838 2232 1071 2289 vobis.»
1097 2234 1206 2298 Qui
1246 2252 1362 2291 non
1408 2235 1613 2291 adorat
1649 2236 1880 2293 Patrem
1931 2236 1989 2290 in

337 2321 552 2396 spiritu
582 2325 641 2378 et
656 2321 916 2389 veritate,
951 2324 1138 2379 nescit
1159 2323 1590 2380 sabbatismum
1630 2324 1851 2382 sanctis
1900 2341 1989 2380 re-

336 2410 616 2485 positum,
640 2411 713 2468 de
743 2428 858 2489 quo
888 2410 1151 2485 loquitur
1201 2417 1351 2469 Deus
1382 2430 1395 2467 :
1439 2412 1500 2470 Si
1549 2415 1889 2470 introierunt
1931 2414 1992 2471 in

334 2500 584 2572 requiem
602 2515 780 2559 meam
804 2499 978 2566 (Psal.
1027 2516 1175 2569 χειν,
1206 2501 1260 2572 >;
1294 2504 1353 2557 et
1397 2519 1516 2557 non
1556 2503 1627 2560 de
1677 2502 1793 2559 illis
1842 2506 1988 2559 tem-

338 2578 581 2662 poribus
603 2588 966 2656 recordatur,
988 2589 1060 2645 de
1084 2590 1300 2662 quibus
1321 2590 1607 2664 scriptum
1639 2595 1764 2648 est:
1799 2593 1992 2649 Recor-

337 2679 563 2748 damini
591 2677 813 2737 dierum
843 2678 1039 2747 saeculi
1062 2678 1192 2750 (Isa.
1227 2696 1374 2747 XLVI,
1425 2680 1502 2750 9).
1533 2680 1603 2736 Et
1653 2680 1788 2737 alibi
1818 2697 1830 2737 :
1882 2681 1990 2737 Me-

334 2771 583 2833 moratus
610 2784 733 2839 sum
748 2767 863 2825 dies
881 2770 1152 2840 antiquos,
1171 2771 1222 2824 et
1242 2785 1415 2843 annos
1442 2778 1678 2829 aeternos
1708 2787 1769 2825 in
1815 2779 1991 2826 mente

336 2858 511 2925 habui
541 2857 712 2929 (Psal.
746 2872 932 2926 ιχχνι,
963 2857 1042 2929 6).
1097 2856 1229 2914 Dies
1273 2858 1551 2915 Judaicos
1601 2859 1887 2927 observat,
1936 2863 1993 2916 et

339 2962 601 3027 menses,
639 2950 697 3003 et
723 2948 1009 3019 tempora,
1042 2949 1100 3002 et
1144 2963 1350 3003 annos.
1404 2946 1559 3016 Dies,
1611 2952 1675 3004 ut
1726 2948 1989 3017 Sabbati,

338 3039 395 3092 et
423 3035 767 3104 neomenim,
801 3040 858 3094 et
878 3052 913 3093 a
943 3035 1172 3092 decima
1201 3036 1424 3094 mensis
1472 3037 1649 3110 primi
1697 3053 1886 3110 usque
1917 3038 1990 3094 ad

340 3128 611 3198 quartam
643 3125 956 3193 decimam,
991 3142 1110 3197 qua
1137 3142 1326 3199 agnus
1384 3143 1696 3200 corporeus
1738 3127 1991 3184 victimae

2088 541 2375 613 apparebit
2395 540 2771 597 masculinum
2797 544 2957 596 tuum
2987 540 3050 594 in
3076 541 3364 610 conspectu
3390 537 3615 593 Domina
3639 538 3741 596 Dei

2089 631 2174 685 tui
2201 629 2393 700 (Exod.
2426 647 2613 695 χχχιν,
2663 630 2777 701 23).
2832 628 2995 695 Quod
3049 632 3247 685 autem
3291 626 3390 693 ait,
3442 631 3498 685 et
3540 642 3736 697 annos,

2089 723 2231 791 puto
2260 718 2332 775 de
2361 719 2609 790 septimo
2642 716 3006 775 remissionis
3038 732 3189 775 anno
3217 715 3352 780 dici,
3384 718 3441 771 et
3471 715 3545 771 de
3572 715 3741 787 quin-

2090 808 2636 882 q.uagesimo,quem
2652 806 2748 887 illi
2767 807 2798 863 ,Ι
2808 805 3067 862 ubileum
3081 803 3555 863 vocant.Plenius
3577 803 3742 863 hunc

2090 897 2282 959 locum
2314 898 2390 957 ad
2419 896 2791 954 Colossenses
2837 894 3149 968 Apostolus
3201 892 3451 967 explicat
3498 893 3761 973 dicens:_

2089 987 2255 1051 Nemo
2281 1002 2407 1058 ergo
2437 1003 2528 1044 vos
2547 986 2758 1059 judice:
2789 987 2848 1043 in
2876 984 3015 1056 cibo,
3046 988 3154 1049 aut
3212 985 3274 1039 in
3316 986 3472 1056 potu,
3531 986 3636 1041 aut
3682 985 3765 1063 in.

2086 1081 2247 1150 parte
2278 1077 2393 1143 diei
2409 1077 2556 1148 festi,
2578 1079 2675 1133 aut
2702 1076 3024 1143 neomeniae,
3062 1078 3160 1131 aut
3202 1073 3574 1139 sabbatorum,
3621 1086 3757 1147 quae

2091 1174 2221 1221 sunt
2242 1166 2444 1221 umbra
2470 1167 2791 1236 futurorum
2824 1165 3048 1239 (Gotoss.
3080 1180 3144 1235 ιι,
3178 1163 3287 1236 16).
3345 1162 3579 1227 Partem
3624 1160 3747 1227 diei

2092 1254 2229 1311 festi
2260 1255 2332 1310 ad
2363 1254 2802 1311 distinctionem
2834 1257 3129 1327 perpetuas
3159 1250 3488 1313 festivitatis
3519 1249 3614 1315 hic
3644 1267 3742 1323 po-

2094 1343 2233 1411 suit,
2266 1346 2329 1399 ut
2359 1359 2475 1399 non
2505 1343 2764 1409 brevem,
2796 1346 2876 1410 et,
2900 1346 2966 1398 ut
2995 1341 3077 1409 ita
3098 1340 3315 1410 dicam,
3336 1340 3518 1411 totius
3534 1356 3763 1417 00:90"

2094 1433 2179 1493 ris
2207 1433 2529 1505 quamdam
2556 1430 2930 1504 particulam,
2964 1431 3068 1489 sed
3112 1434 3303 1487 totum
3346 1429 3481 1494 vita:
3529 1434 3747 1495 nostrar

2095 1521 2354 1595 spatium
2370 1525 2664 1594 perpetuae.
2678 1519 2973 1593 inGhristo
2992 1518 3383 1587 solemnitatis
3395 1518 3740 1585 habeamus.
3760 1590 3767 1599 ν

2094 1611 2164 1666 Et
2184 1614 2251 1666 ut
2279 1610 2702 1683 posterioribus
2732 1608 2929 1683 priora
2957 1613 3323 1679 connectam,
3354 1607 3495 1681 quid
3525 1607 3597 1673 de
3615 1605 3753 1683 lege.

2095 1699 2280 1773 Moysi
2311 1699 2463 1756 etde
2491 1699 2791 1772 superﬂua
2820 1698 3083 1759 ciborum
3132 1696 3471 1757 curiositate
3523 1695 3585 1763 in_
3632 1694 3775 1763 hac,

2095 1789 2299 1845 eadem
2333 1787 2591 1861 Epistola
2618 1787 2896 1854 sentiant,
2929 1786 3129 1845 statim
3151 1783 3461 1863 subjungit
3482 1790 3539 1841 et
3558 1782 3745 1865 loquis

2093 1882 2193 1934 tur
2222 1895 2234 1935 :
2267 1880 2336 1936 Si
2362 1880 2513 1935 enim
2540 1879 2751 1939 mortui
2778 1877 2911 1933 estis
2938 1893 3071 1939 cum,
3094 1874 3332 1943 Christo,
3364 1874 3432 1931 ab
3458 1875 3751 1947 elementis,

2094 1967 2292 2029 mundi
2320 1967 2503 2040 hujus,
2538 1966 2675 2040 quid
2701 1965 2877 2023 adhuc
2924 1969 3193 2038 tanquam
3245 1965 3491 2035 uiuentes.
3536 1966 3599 2029 in
3646 1962 3773 2044 hoc.‘

2094 2056 2299 2115 mundo
2328 2056 2657 2113 decernitis?
2686 2056 2761 2112 Ne
2791 2056 3107 2128 tetigeritis,
3152 2068 3329 2126 neque
3372 2053 3768 2131 gustaveritis,

2094 2164 2271 2220 neque
2299 2148 2786 2219 contrectaveritis,
2818 2161 2943 2218 quae
2988 2152 3117 2202 sunt
3174 2145 3362 2201 omnia
3406 2145 3468 2199 in
3517 2142 3769 2219 interitu.

2097 2239 2215 2310 ipso
2246 2254 2369 2302 usu,
2402 2236 2697 2293 secundum
2720 2238 3000 2308 praecepta
3030 2244 3081 2290 et
3121 2234 3411 2290 doctrinas
3460 2232 3750 2289 hominum

2098 2326 2257 2398 (Ibid.
2292 2326 2501 2399 20-22).
2535 2325 2701 2382 Dicat
2729 2324 2947 2398 aliquis
2976 2340 2989 2380 :
3023 2322 3084 2381 Si
3114 2323 3240 2380 dies
3268 2323 3575 2385 observare
3632 2336 3751 2376 non

2100 2414 2259 2481 licet,
2294 2419 2350 2471 et
2380 2430 2638 2485 menses,
2660 2418 2718 2470 et
2745 2416 3028 2485 tempora,
3062 2416 3127 2473 et,
3149 2427 3355 2478 annos,
3390 2426 3498 2479 nos
3519 2424 3751 2483 quoque

2101 2503 2293 2560 simile
2324 2503 2547 2561 crimen
2579 2501 2948 2559 incurrimus
2980 2505 3256 2575 quartam
3288 2497 3519 2567 sabbati
3549 2498 3749 2556 obser-

2097 2596 2324 2659 vantes,
2355 2595 2412 2648 et
2441 2607 2811 2667 parasceven,
2844 2594 2903 2647 et
2932 2589 3087 2647 diem
3120 2588 3504 2654 Dominicam,
3528 2590 3586 2643 et
3596 2587 3753 2665 jejug

2101 2682 2267 2738 nium
2316 2680 2809 2753 Quadragesimw,
2861 2683 2919 2736 et
2954 2677 3190 2735 Pascha:
3247 2675 3654 2747 festivitatem,
3691 2679 3769 2756 et.

2100 2773 2470 2829 Pentecostes
2499 2768 2787 2843 laetitiam,
2820 2772 2877 2825 et
2931 2784 3036 2842 pro
3083 2766 3371 2829 varietate.
3419 2765 3763 2845 regionumh

2099 2859 2325 2917 diversa
2354 2859 2416 2915 in
2444 2859 2667 2916 honore
2716 2862 3042 2931 martyrum
3091 2861 3361 2929 tempore,
3407 2855 3775 2935 constituta.

2099 2948 2185 3009 Ad
2214 2948 2371 3022 quod
2403 2947 2505 3021 qui
2548 2946 2894 3020 simpliciter
2945 2945 3349 3019 respondebit,
3392 2945 3582 3017 dicet:
3632 2960 3769 3022 non_

2099 3038 2332 3095 eosdem
2364 3036 2622 3094 Judaice
2654 3035 3081 3095 observationis
3136 3035 3263 3092 dies
3289 3050 3421 3092 esse
3450 3050 3607 3111 quos,
3644 3050 3769 3108 no-..

2107 3132 2283 3186 st-ros.
2315 3126 2433 3183 Nos
2463 3126 2619 3184 enim
2659 3143 2774 3184 non
2832 3140 3171 3199 azymorum
3229 3122 3449 3196 pascha
3496 3121 3759 3189 celebra-.

338 3216 691 3282 reservatur,
723 3216 781 3268 et
800 3230 833 3268 a
853 3218 1066 3284 quarta
1085 3214 1312 3272 decima
1334 3191 1524 3287 usque
1543 3217 1615 3272 ad
1649 3216 1992 3273 vicesimam
2024 3191 2067 3260 (ἶ
2107 3234 2263 3283 mus,
2287 3216 2388 3272 sed
2413 3214 2861 3273 resurrectionis
2881 3219 2939 3270 et
2959 3213 3169 3271 crucis.
3191 3212 3307 3270 Nec
3341 3216 3569 3285 septem
3582 3212 3771 3289 juxta;

342 3300 596 3383 primam
632 3301 898 3379 ejusdem
931 3301 1174 3370 mensis,
1206 3305 1443 3375 quando
1461 3322 1667 3377 azyma
1682 3306 1999 3361 comedun-

218 3458 233 3467 κ
342 3395 445 3463 tur
474 3390 665 3464 (Exod.
693 3390 795 3460 χιι,
822 3392 875 3460 3,
911 3392 1019 3459 18),
1053 3408 1170 3448 non
1201 3391 1554 3449 sinceritatis
1612 3398 1670 3448 et
1715 3393 1999 3463 veritatis,

351 3480 455 3539 sed
486 3480 546 3535 in
578 3482 861 3539 fermento
892 3478 1075 3535 veteri
1099 3479 1333 3535 malitias
1364 3485 1422 3536 et
1469 3482 1748 3554 nequitias
1796 3481 2000 3537 Phari-

353 3584 604 3641 sworum
636 3568 683 3640 (1
709 3567 833 3623 Cor.
865 3585 920 3634 v,
942 3569 1019 3634 8).
1053 3572 1285 3643 Septem
1326 3586 1561 3643 quoque
1615 3570 2005 3643 septimanas,

353 3655 457 3729 qui
487 3655 603 3715 ritu
631 3654 879 3735 Judaico
901 3661 1035 3729 post
1063 3674 1266 3730 azyma
1290 3662 1610 3732 computat,
1634 3659 1760 3715 dies
1781 3658 2004 3716 Israeli-

348 3744 475 3821 tica:
505 3747 881 3801 Pentecostes
926 3745 1064 3802 colit
1094 3747 1285 3814 (Exod.
1330 3765 1446 3806 χιχ.
1494 3749 1569 3821 1).
1622 3749 1740 3804 Nec
1784 3766 1897 3805 non
1949 3753 2009 3806 et

354 3831 689 3908 clangorem
719 3833 994 3890 tubarum
1027 3851 1229 3892 mense
1260 3836 1511 3908 septimo
1540 3836 1731 3910 prima
1784 3838 2005 3895 mensis

353 3921 548 3997 (Exod.
582 3939 744 3991 χχιιι,
780 3923 888 3995 16).
931 3923 1170 3980 Decima
1198 3942 1431 3997 quoque
1468 3927 1735 3997 ejusdem
1784 3926 2006 3993 mensis

353 4011 747 4085 expiationem
780 4017 838 4068 et
859 4012 1182 4086 jejunium,
1218 4018 1276 4070 et
1306 4014 1685 4089 scenopegias
1731 4033 1800 4073 ex
1846 4032 2008 4072 more

355 4101 607 4183 ﬁgentes
638 4103 812 4171 Levii.
840 4119 1006 4171 χχιιι,
1035 4103 1150 4175 34),
1182 4103 1458 4160 Judaicos
1484 4104 1817 4161 -observant
1859 4103 2005 4176 dies,

357 4190 596 4259 Menses
611 4195 809 4251 autem
833 4190 1189 4260 custodiunt,
1205 4193 1305 4265 qui
1336 4192 1594 4266 primum
1617 4197 1673 4250 et
1694 4193 2010 4266 septimum

362 4295 630 4335 mensem
663 4279 853 4350 (Leuit.
882 4298 1046 4348 χχιιι,
1094 4282 1151 4353 5,
1203 4284 1258 4349 6,
1303 4284 1393 4354 24,
1442 4284 1531 4354 3-4,
1586 4284 1676 4351 39,
1722 4284 1833 4353 41),
1893 4299 2009 4338 non

354 4366 759 4441 intelligentes
801 4370 1142 4441 mysterium
1174 4373 1453 4439 veritatis,
1482 4373 1812 4429 observant.
1846 4373 2013 4427 Tem-

358 4473 504 4531 pora
533 4472 769 4529 quoque
799 4459 954 4523 450
988 4458 1208 4530 colunt,
1232 4461 1332 4532 qui
1366 4466 1450 4517 ter
1504 4479 1608 4534 per
1653 4479 1839 4527 annos
1887 4461 2011 4518 sin-

2108 3322 2332 3363 morem
2354 3304 2532 3361 Israel
2564 3320 2948 3361 numeramus
2990 3301 3392 3371 hebdomadas
3437 3300 3509 3365 in,
3547 3299 3752 3365 Pente-

2110 3399 2289 3462 coste,
2324 3394 2425 3451 sed
2486 3393 2742 3467 Spiritus
2801 3391 2992 3449 sancti
3040 3407 3391 3461 veneramur
3436 3390 3769 3465 adventum.

2110 3484 2252 3557 (Act.
2278 3500 2339 3554 ιι,
2368 3486 2403 3537 2
2433 3498 2601 3557 seqq.)
2631 3484 2707 3551 Et
2726 3500 2799 3540 ne
2845 3482 3179 3547 inordinata
3235 3479 3617 3557 congregatio.
3648 3495 3769 3553 pay,

2110 3571 2236 3645 puli
2270 3572 2446 3628 tidem
2479 3572 2495 3606 ¹
2529 3571 2821 3639 minueret
2866 3571 2928 3628 in
2985 3571 3238 3638 Christo,
3284 3574 3586 3643 propterea
3627 3566 3771 3643 dies,

2110 3661 2292 3735 aliqui
2324 3660 2626 3718 constituti
2657 3665 2816 3734 sunt,
2855 3665 2918 3717 ut
2951 3660 3013 3716 in
3042 3676 3228 3719 unum
3278 3674 3489 3731 omnes,
3539 3654 3763 3733 pariter.

2110 3750 2464 3811 veniremus.
2488 3750 2619 3815 Non,
2644 3766 2759 3823 quo
2786 3748 3070 3811 celebrior
3100 3749 3180 3806 sit
3197 3748 3324 3805 dies
3354 3746 3454 3809 illa
3481 3762 3605 3821 qua.
3628 3760 3765 3823 cons

2110 3840 2403 3907 venimus,
2435 3840 2537 3897 sed
2587 3856 2701 3912 quo
2748 3855 3100 3912 quacunque
3148 3838 3243 3895 die
3290 3834 3763 3909 conveniendum

2114 3930 2212 3999 sit,
2247 3930 2344 3989 45
2359 3931 2401 3985 7·
2435 3945 2505 3987 ex
2550 3932 2863 4002 conspectu
2894 3929 2999 4001 [Αἰ.
3032 3932 3092 3984 et
3134 3925 3635 4001 aspectu]_mutuo
3663 3921 3767 3977 ιε..

2114 4018 2251 4075 titia
2279 4020 2479 4092 major,
2503 4019 2746 4075 oriatur.
2777 4017 2886 4091 Qui
2936 4034 3070 4075 vero
3123 4016 3414 4091 oppositae.
3450 4009 3763 4090 quastioni

2117 4108 2347 4166 acutius
2372 4108 2722 4181 respondere
2750 4110 3033 4179 conatur,
3052 4105 3196 4173 illud
3228 4105 3504 4173 afﬁrmat,
3558 4115 3763 4167 omnes

2116 4198 2243 4259 dies
2303 4197 2558 4269 aequales
2613 4213 2762 4269 esse,
2821 4212 2927 4253 nec
2976 4213 3081 4269 per
3130 4210 3481 4267 parasceven
3532 4196 3767 4265 tantum,

2118 4286 2416 4343 Christum
2450 4285 2735 4359 cruciﬁgi,
2765 4285 2934 4351 etdie
2960 4284 3260 4353 Dominica
3308 4297 3629 4356 resurgere,
3660 4280 3769 4355 sed

2119 4392 2351 4449 semper
2373 4379 2640 4441 sanctum
2673 4374 3121 4431 resurrectionis
3150 4390 3283 4431 esse
3308 4372 3463 4429 diem
3514 4374 3572 4427 et
3607 4384 3763 4435 sem-

2119 4482 2224 4538 per
2253 4482 2386 4521 cum
2421 4480 2595 4523 carne
2624 4464 2780 4533 vesci
2832 4463 3160 4531 Dominica,
3193 4461 3433 4535 jejunis,
3465 4462 3664 4529 autem
3708 4460 3767 4513 et
3834 4498 3839 4501 -

359 4545 532 4625 gulos
560 4544 990 4624 Jerusolymam
1019 4547 1319 4605 venientes
1351 4550 1544 4622 (Exod.
1572 4569 1736 4622 χχιιι,
1769 4552 1880 4622 17),
1904 4568 2011 4623 pu-
2040 4564 2091 4632 D
2122 4554 2605 4628 congregationes
2630 4554 2784 4609 inter
2813 4553 2942 4619 dies
2964 4557 3204 4626 propter
3232 4568 3331 4617 eos
3373 4567 3408 4606 α
3435 4548 3577 4605 viris
3626 4562 3766 4624 pru;

356 4638 488 4701 tant
509 4651 571 4691 se
597 4634 827 4701 Domini
850 4634 1094 4707 implere
1111 4644 1485 4710 praeceptum,
1511 4639 1795 4697 dicentis:
1822 4640 2012 4707 Tribus
2074 4638 2081 4647 ’
2124 4644 2404 4700 dantibus
2433 4642 2780 4699 constitutos
2811 4644 2851 4711 ³,
2885 4642 2997 4714 qui
3035 4640 3227 4715 magis
3268 4638 3478 4705 saeculo
3534 4638 3764 4705 vacant.

359 4724 707 4796 temporibus
727 4726 867 4781 anni
894 4724 1036 4781 diem
1082 4727 1282 4797 festum
1329 4729 1509 4801 agetis
1552 4729 1713 4797 mihi,
1751 4729 2009 4785 solemni-

360 4814 526 4869 tatem
552 4829 895 4886 azymorum,
927 4817 978 4869 et
1007 4815 1414 4872 solemnitatem
1462 4819 1653 4873 messis
1690 4819 2007 4889 primitiua-

357 4917 486 4957 rum
510 4919 523 4968 ;
554 4912 607 4958 et
636 4904 1043 4960 solemnitatem
1068 4907 1556 4962 consummationis
1584 4908 1645 4962 in
1663 4908 1825 4961 exitu
1870 4910 2013 4963 anni

432 5026 457 5154 tl
473 5026 649 5169 1ἓέιὲ
680 5027 926 5156 igitur).
961 5046 1073 5087 ms.
1106 5046 1176 5086 ne
1207 5030 1521 5087 inordinate
1546 5034 1865 5104 congregati
1910 5049 2009 5105 Ρο-

432 5138 435 5153 .
460 5116 482 5154 ι
644 5130 662 5168 ‘9
791 5140 804 5155 ο

397 5109 482 5155 uti
512 5109 662 5156 ηαεδδ
693 5109 804 5156 etc.

356 5115 482 5171 puti
511 5115 662 5169 pnes,
693 5115 804 5156 etc.

421 5171 456 5258 γ’
486 5169 676 5258 Sumit
704 5169 863 5258 hinc_
884 5171 996 5227 sibi
1033 5173 1277 5258 Dalltsus
1327 5174 1599 5258 animost
1629 5176 2006 5258 probaturus,

361 5242 585 5324 nonab
618 5240 921 5324 apostolis,
956 5244 1056 5299 sed
1086 5247 1464 5324 postmodum
1487 5264 1521 5301 a
1547 5240 1689 5303 viris
1705 5240 2007 5324 prudentii

360 5313 709 5391 busjejunia
727 5313 911 5391 fuisse
935 5313 1268 5391 constituta.
1288 5323 1359 5373 At
1371 5334 1640 5391 veronon
1665 5313 1810 5375 alios
1832 5337 2008 5391 quam

362 5384 659 5464 apostolos
687 5384 945 5464 virorum
979 5388 1333 5464 prudentum
1365 5390 1600 5445 nomine
1617 5384 1911 5464 designari
1937 5394 2007 5447 ab

361 5455 943 5534 Hieronymolliquet
970 5455 1041 5513 ex
1068 5457 1176 5515 hoc
1198 5460 1325 5530 ipso
1349 5466 1618 5517 contextu
1644 5455 2004 5534 planissime,

366 5528 679 5602 cumdiem
711 5528 1077 5602 Dominicam
1120 5536 1176 5587 et
1219 5528 1661 5602 congregationes
1709 5535 1853 5590 inter
1894 5535 2009 5590 dies

365 5600 654 5684 ejusdem,
689 5605 867 5683 atque
888 5600 1117 5672 jejunis
1148 5600 1537 5684 institutionis
1565 5621 1694 5684 esse
1725 5621 1860 5684 .non
1897 5606 2010 5684 .du-

364 5671 532 5729 bitet.
555 5671 924 5730 Dominicam
954 5671 1103 5731 vero
1135 5674 1287 5733 diem
1323 5691 1438 5732 non
1462 5676 1591 5747 jam
1644 5675 1779 5733 inde
1828 5676 2008 5735 fuisse

2125 4749 2300 4806 quam
2337 4732 2474 4803 Deo,
2508 4749 2613 4795 nec
2638 4735 2907 4803 possunt,
2930 4730 3047 4788 imo
3087 4729 3299 4787 nolunt
3324 4732 3448 4785 toto
3486 4726 3549 4791 in
3576 4722 3766 4801 Εοοιβῖ

2118 4823 2207 4879 sia
2236 4822 2363 4878 vitae
2396 4838 2515 4877 suae
2564 4825 2827 4893 tempore
2875 4818 3237 4894 congregari,
3277 4822 3336 4875 et
3382 4819 3517 4875 ante
3561 4813 3769 4893 humu:

2124 4928 2234 4968 nos
2245 4915 2553 4979 actus,Deo
2566 4910 2896 4966 orationum
2917 4903 3764 4975 suarumoﬁ‘erresacriﬁcium,

2120 5037 2195 5092 ab
2226 5034 2508 5108 apostolis
2539 5032 2722 5108 sacris
2753 5032 3131 5090 constitutam
3180 5028 3765 5108 operaudisknemo,

2120 5098 2346 5181 opinor,
2380 5106 2514 5162 ierit
2539 5105 2789 5187 inﬁcias.
2822 5109 3103 5186 Gestorum
3128 5098 3449 5167 etiliserte.
3474 5098 3766 5170 alibipro:

2122 5180 2312 5236 fessus
2341 5182 2432 5234 est
2456 5182 2511 5233 S.
2546 5177 2712 5233 Pater
2735 5193 2792 5232 ιιι
2823 5182 2992 5245 epist.
3023 5177 3085 5235 41
3120 5176 3190 5245 ad
3245 5173 3601 5245 Marcellam,
3637 5184 3769 5245 qua

2122 5195 2312 5236 tessus
2341 5195 2432 5234 est
2456 5195 2511 5233 δ.
2546 5195 2712 5233 rater
2735 5195 2792 5232 in
2823 5195 2992 5249 epist.
3023 5195 3085 5235 ιιι
3120 5195 3190 5245 aa
3245 5195 3601 5245 matronam,
3637 5195 3769 5245 quas

2120 5255 2322 5307 contra
2343 5250 2683 5315 Montanum
2707 5246 3556 5320 inscribitur,quadrages_imam
3579 5257 3771 5320 secuit;

2123 5323 2252 5377 dum
2283 5321 2657 5396 traditionem
2708 5315 3105 5396 apostolorum
3142 5315 3398 5396 'jejui‘ari
3418 5333 3436 5396 ξ
3478 5315 3769 5396 docetque

2119 5396 2263 5451 adeo
2292 5409 2354 5449 cz.
2382 5394 2720 5459 necessitate,
2745 5384 2866 5447 'non
2894 5408 2967 5447 ex
2993 5384 3273 5447 voluntate
3301 5386 3620 5459 quotannis
3662 5384 3767 5459 ob-

2118 5465 2486 5530 servandam,
2513 5464 2671 5535 quod
2703 5456 2776 5521 ab
2808 5463 2954 5535 ipsis
2982 5456 3491 5535 apostolisormm.
3509 5456 3762 5535 duxerit.

2123 5537 2286 5617 Adde
2326 5528 2847 5617 inaliq'uotmssf
2866 5539 2923 5591 et
2972 5528 3515 5617 pénpsiiabanum
3582 5528 3700 5599 hic,
3730 5543 3766 5582 a

2114 5610 2261 5665 viris.
2284 5604 2631 5665 credentibus
2658 5604 2795 5678 legi,
2826 5623 2931 5679 pro
2949 5604 3332 5679 prudentibus.
