4144 6202
352 346 478 416 466

1023 347 1538 412 COMMENTAR.
1587 349 1958 411 IN‘EPIST.
2004 349 2116 409 AD
2156 348 2434 410 GALAT.
2483 349 2630 410 LIB.
2676 350 2751 422 ll,
2801 351 2973 411 CAP.
3021 347 3124 414 ιν.

3665 345 3782 406 406

355 487 581 555 Quotus
611 479 772 539 cnim
801 478 1057 555 quisque
1084 487 1190 549 est,
1250 482 1352 554 qui
1411 481 1621 539 saltem
1678 483 1798 540 haec
1829 501 2013 556 pauca
2039 483 2094 549 Α
2125 486 2510 560 evangelizavi
2542 486 2706 542 vobis
2728 487 2854 557 jam
2887 487 3135 556 pridem.
3163 504 3186 535 ι
3216 483 3511 556 Superiori
3542 486 3778 541 senten-

353 591 482 646 quaa
518 576 744 627 statuta
791 575 951 637 sunt,
984 570 1072 626 vel
1133 572 1340 626 orandi
1395 576 1681 644 tempora,
1743 573 1832 628 vel
1855 574 2010 644 jeju-

355 663 534 719 nandi
569 677 802 733 semper
848 662 1156 716 exerceat?
1214 663 1415 734 Itaque
1472 663 1623 718 sicut
1680 664 1850 719 nobis
1880 663 2014 718 licet

352 751 443 808 vel
478 751 745 822 jejunare
775 766 1028 821 semper,
1047 749 1136 805 vel
1166 767 1398 823 semper
1429 767 1614 823 orare,
1642 757 1698 808 et
1727 753 1879 808 diem
1903 753 2014 808 Do-

354 840 637 900 minicam
669 844 906 912 accepto
937 838 1168 896 Domini
1210 857 1450 912 corpore
1494 841 1893 899 indesinenter
1921 859 2011 898 ce-

351 929 584 988 lebrare
612 929 1054 1001 gaudentibus:
1119 946 1234 985 non
1293 929 1375 986 ita
1429 933 1488 986 et
1542 931 1762 987 Judaais
1805 931 1894 987 fas
1923 936 2013 986 est

357 1019 524 1078 omni
543 1021 802 1090 tempore
817 1016 1128 1074 immolare
1139 1034 1380 1091 agnum,
1401 1019 1796 1076 Pentecostem
1821 1037 2010 1092 agere,

352 1105 743 1166 tabernacula
797 1106 997 1180 ﬁgere,
1046 1108 1318 1179 jejunare
1369 1108 1649 1180 quotidie.
1699 1109 1853 1166 Satis
1880 1126 2014 1165 vero

359 1201 536 1258 caute
567 1196 719 1253 inter
748 1195 1158 1252 auctoritatem
1189 1198 1474 1270 Apostoli,
1503 1203 1559 1254 et
1606 1199 1796 1254 sancti
1823 1198 2012 1254 homi-

351 1287 448 1344 nis
474 1284 778 1343 lenitatem
798 1285 976 1341 verba
994 1287 1333 1342 moderatus
1355 1291 1465 1354 est,
1504 1288 1760 1345 inferens
1785 1304 1797 1343 :
1838 1291 2014 1344 Timeo

347 1392 466 1441 uos,
524 1391 597 1431 ne
649 1378 796 1448 forte
850 1375 980 1431 sine.
1030 1392 1198 1432 causa
1251 1377 1621 1434 laboraverim
1664 1380 1723 1433 in
1757 1380 1923 1435 vobis.
1957 1380 2011 1436 Si

352 1465 513 1524 enim
548 1465 799 1538 abrupte
837 1465 1227 1522 condemnare
1275 1467 1576 1539 voluisset,
1628 1468 1870 1525 dixisset
1900 1470 2012 1524 uti-

356 1571 473 1628 que
506 1555 682 1610 Timeo
715 1570 842 1610 vos:
900 1556 1022 1610 sine
1065 1570 1234 1612 causa
1284 1558 1440 1612 enim
1475 1558 1724 1613 laboravi
1752 1559 1812 1612 in
1840 1559 2010 1615 vobis.

356 1645 524 1702 Nunc
552 1647 751 1701 autem
782 1643 986 1700 videns
1017 1661 1116 1700 eos
1147 1645 1340 1702 zelum
1369 1647 1470 1702 Dei
1501 1647 1731 1713 habere,
1765 1649 1863 1702 sed
1896 1665 2011 1704 non

358 1733 690 1792 secundum
718 1733 1023 1790 scientiam
1046 1734 1219 1805 (Rom.
1243 1753 1298 1803 x,
1321 1737 1400 1806 2),
1424 1753 1530 1792 nec
1551 1737 1787 1808 penitus
1809 1753 2010 1793 eorum

2125 577 2216 632 tias
2241 579 2426 649 junge
2451 576 2604 648 quod
2629 575 2916 646 sequitur,
2948 575 3101 646 quod
3135 577 3200 629 ut
3239 575 3338 630 ﬁat
3381 572 3775 639 manifestius,

2124 666 2199 723 sit
2222 667 2360 722 ordo
2391 666 2500 721 iste
2528 682 2702 736 quem
2736 664 3014 738 ﬁngimus
3043 680 3056 718 :
3085 663 3336 719 Obsecro
3368 679 3494 730 vos,
3541 664 3772 733 fratres,

2122 760 2303 812 estote
2338 753 2490 810 sicut
2519 759 2576 809 et
2605 770 2732 826 ego,
2765 754 2903 825 quia
2933 757 2990 809 et
3018 769 3123 824 ego
3184 751 3336 809 sicut
3385 768 3506 808 vos.
3567 752 3774 808 Simile

2123 849 2212 900 est
2241 844 2377 899 huic
2403 842 2547 898 illud
2581 860 2594 897 :
2629 845 2894 914 Rogamus
2922 858 3021 913 pro
3054 842 3290 908 Christo,
3333 840 3778 898 reconciliamini

2126 937 2231 990 Deo
2261 935 2332 1003 (II
2363 933 2482 989 Cor.
2514 951 2566 988 v.
2609 933 2722 1003 20).
2755 933 2869 988 Nec
2890 948 3006 987 non
3028 936 3085 986 et
3130 931 3267 988 alibi
3301 949 3319 985 :
3379 931 3608 987 Obsecro
3655 932 3776 1002 pri-

2121 1039 2274 1078 mum
2294 1025 2541 1077 omnium
2570 1021 2693 1088 ﬁeri
2737 1020 3166 1092 deprecationes,
3223 1019 3519 1084 orationes,
3575 1021 3770 1090 postu-

2124 1113 2379 1177 lationes,
2440 1111 2752 1179 gratiarum
2808 1111 3047 1165 actiones
3091 1109 3139 1179 (I
3185 1109 3320 1164 Tim.
3381 1125 3442 1164 11.
3495 1108 3570 1179 i).
3618 1106 3771 1163 Petri

2124 1217 2357 1273 quoque
2380 1200 2554 1256 verba
2575 1199 2823 1256 dicentis
2857 1216 2870 1252 :
2899 1199 3148 1256 Seniores
3187 1199 3249 1254 in
3306 1199 3455 1256 vobis
3488 1213 3616 1270 rogo
3645 1213 3772 1254 con-

2121 1291 2304 1346 senior
2337 1292 2472 1362 ipse,
2504 1294 2554 1346 et
2584 1291 2733 1345 testis
2761 1290 3082 1361 passionum
3113 1287 3325 1345 Christi
3352 1290 3405 1360 (I
3419 1289 3574 1345 Petr.
3602 1305 3659 1357 v,
3692 1287 3768 1358 1).

2123 1380 2257 1444 Quae
2287 1379 2520 1450 quidem
2553 1383 2610 1433 et
2639 1395 2745 1434 nos
2775 1379 2847 1434 ad
2880 1376 3276 1434 humilitatem
3331 1381 3668 1450 provocant,
3713 1380 3773 1432 et

2123 1467 2500 1540 supercilium
2535 1466 2842 1523 decutiunt
2868 1467 3297 1538 episcoporum,
3320 1467 3443 1538 tqui
3497 1465 3655 1522 velut
3711 1465 3770 1520 in

2121 1555 2322 1629 aliqua
2343 1556 2584 1612 sublimi
2621 1555 2858 1628 specula
2910 1555 3238 1622 constituti,
3297 1555 3390 1610 vix
3447 1555 3774 1627 dignantur

2119 1647 2319 1701 videre
2348 1645 2647 1708 mortales.
2680 1651 2738 1700 et
2766 1643 2982 1716 alloqui
3007 1661 3314 1701 conservos
3341 1660 3498 1700 suos.
3535 1643 3774 1700 Discant

2121 1735 2192 1792 ab
2224 1735 2521 1807 Apostolo,
2553 1735 2705 1792 459
2739 1738 3000 1790 errantes
3033 1739 3090 1790 et
3142 1733 3488 1805 insipientes
3535 1731 3772 1790 Galatas

354 1821 688 1894 desperavit
713 1820 1008 1923 salutem,‘
1025 1822 1125 1895 qui
1151 1823 1246 1896 pio
1279 1825 1510 1880 fuerant
1537 1841 1730 1882 errore
1763 1827 2008 1900 decepti,
2042 1859 2091 1923 B
2125 1825 2333 1880 fratres
2356 1824 2566 1880 vocari.
2599 1823 2839 1880 Discant
2868 1827 3000 1896 post
3055 1821 3514 1895 increpationem
3557 1821 3773 1878 blanda

355 1928 464 1968 nec
493 1928 735 1967 rursum
766 1911 1212 1983 irreprehensos
1241 1913 1506 1985 reliquit,
1533 1932 1606 1970 ne
1633 1920 1690 1970 et
1719 1915 1863 1986 ipsis
1893 1933 2015 1988 per-

355 1999 634 2058 servandi
664 2000 722 2055 in
751 2015 968 2064 errore,
1012 2005 1068 2056 et
1125 2001 1347 2058 caeteris
1408 2003 1771 2060 occasionem
1804 2004 2014 2060 simili-

354 2092 450 2145 ter
475 2088 760 2145 tribueret
790 2089 1045 2144 errandi.
1080 2089 1256 2146 Timeo
1287 2099 1468 2147 autem
1498 2108 1610 2163 vos,
1644 2093 1861 2165 posuit,
1887 2112 2015 2167 pro-

357 2194 424 2234 eo
458 2178 759 2250 quodest,
817 2180 982 2234 timeo
1039 2179 1110 2234 de
1161 2179 1332 2236 vobis.
1392 2181 1528 2237 Sine
1584 2199 1763 2238 causa
1791 2183 2017 2240 laborat

362 2265 673 2339 magister,
700 2282 831 2322 eum
866 2265 1000 2339 ipse
1037 2273 1313 2340 provocat
1371 2270 1441 2325 ad
1503 2271 1727 2342 majora
1757 2272 2014 2345 discipu-

359 2354 479 2423 los,
512 2359 572 2411 et
598 2354 684 2410 illi
713 2360 887 2426 retro,
921 2355 1068 2428 lapsi
1103 2357 1180 2412 ad
1203 2356 1433 2414 minora
1459 2364 1518 2415 et
1562 2358 1810 2417 humilia
1834 2361 2015 2418 revol-

364 2449 606 2501 vuntur.

440 2533 628 2603 (νει-ε.
665 2533 776 2605 12.)
806 2555 836 2583 (ι
868 2533 1066 2589 Estote
1102 2534 1256 2591 sicut
1285 2539 1343 2591 et
1389 2552 1521 2608 ego,
1549 2537 1690 2608 quia
1718 2542 1773 2592 et
1801 2555 1906 2610 ego
1939 2539 2016 2595 si-

367 2627 474 2680 cut
501 2639 620 2679 vos.
658 2645 686 2671 n
719 2622 885 2689 Quod
915 2623 1060 2678 dicit
1089 2623 1204 2680 tale
1235 2629 1344 2690 est,
1394 2627 1698 2697 quomodo.
1719 2644 1825 2700 ego
1857 2629 2019 2685 vobis

368 2711 628 2769 inﬁrmis
649 2729 782 2769 sum
807 2712 996 2768 factus
1035 2712 1308 2770 inﬁrmus
1329 2716 1381 2786 (I
1409 2713 1533 2771 Cor.
1567 2733 1641 2784 1x,
1676 2717 1786 2788 22),
1819 2723 1877 2772 et
1903 2735 2017 2774 non

367 2801 540 2877 potui.
557 2800 714 2873 loqui
743 2806 812 2857 ut
840 2801 1270 2873 spiritualihus,
1294 2805 1394 2860 sed
1419 2805 1586 2876 quasi
1611 2806 1944 2880 carnalibus
1965 2812 2022 2864 et

365 2890 628 2964 parvulis
676 2890 740 2947 in
789 2890 1020 2948 Christo
1075 2893 1123 2962 (I
1170 2893 1291 2948 Cor.
1326 2910 1408 2959 ιιι,
1446 2896 1498 2962 1,
1527 2897 1605 2966 2),
1639 2900 1696 2952 et
1721 2897 1858 2968 quia
1887 2914 2019 2953 nec-

367 2979 512 3036 dum
547 2980 827 3052 poteratis
869 2978 1068 3037 solido.
1109 2980 1236 3038 cibo
1282 2983 1458 3050 vesci,
1492 2984 1646 3040 458
1677 2984 2020 3057 Evangelico

367 3084 474 3126 vos
499 3073 732 3126 tantum
761 3068 920 3125 lacte.
941 3070 1154 3142 potavi,
1207 3070 1412 3128 nolens
1442 3072 1502 3127 in
1541 3079 1708 3130 aetate
1736 3092 1836 3131 vos
1868 3091 2020 3131 sem-

365 3175 473 3231 per
495 3158 1142 3231 infantia-permanere,
1160 3161 1260 3216 sed
1285 3160 1574 3233 paulatim
1591 3163 1660 3218 ad
1684 3164 2023 3220 adolescen.

2123 1915 2300 1969 verba
2330 1913 2578 1969 dicentis
2611 1930 2624 1967 :
2659 1912 2882 1968 Obsecro
2913 1928 3021 1967 vos.
3055 1912 3218 1977 Quod
3257 1915 3456 1967 autem
3484 1911 3772 1975 obsecrat,

2127 2002 2270 2058 illud
2306 2007 2413 2076 est,
2446 2007 2512 2058 ut
2539 2001 2862 2058 imitatores
2893 2001 3020 2072 ejus
3044 2000 3182 2066 sint,
3207 2000 3359 2056 sicut
3387 1999 3512 2071 ipse
3559 1997 3802 2055 Christi

2129 2092 2174 2163 (I
2204 2095 2328 2148 Cor.
2361 2109 2439 2162 x1,
2475 2092 2563 2150 l):
2597 2091 2715 2145 imo
2775 2095 2839 2144 ut
2889 2093 3233 2162 praesentem
3288 2087 3489 2144 locum
3539 2103 3772 2159 sequar,

2130 2180 2276 2236 nihil
2307 2185 2395 2236 est
2423 2181 2642 2251 grande
2672 2180 2827 2250 quod
2860 2177 3118 2250 postulat
3151 2195 3163 2234 :
3190 2181 3256 2232 ut
3311 2176 3603 2249 quomodo
3649 2175 3777 2248 ipse

2129 2274 2364 2343 propter
2393 2269 2523 2325 illos
2553 2269 2624 2325 de
2653 2268 2860 2341 majori
2892 2269 3078 2324 factus
3107 2270 3200 2323 est
3226 2266 3438 2336 minor,
3469 2266 3553 2322 sic
3606 2264 3694 2320 illi
3745 2281 3780 2320 a

2131 2359 2458 2414 minoribus
2488 2359 2559 2414 ad
2584 2359 2809 2430 majora
2829 2357 3245 2414 conscendant.
3268 2356 3422 2413 Nihit
3448 2354 3777 2428 me,inquit,

2131 2449 2369 2505 lanistis.
2405 2448 2585 2503 Laedit
2614 2446 2944 2518 discipulus
2968 2446 3338 2519 magistrum,
3380 2445 3430 2500 si
3463 2460 3564 2516 per
3593 2443 3778 2520 negli-

2128 2538 2383 2608 gentiam
2408 2554 2576 2594 suam
2601 2540 2888 2609 praecepta
2907 2537 3034 2607 ejus
3050 2536 3429 2606 laboremque
3453 2533 3775 2606 disperdat.

2128 2628 2256 2684 Non
2287 2627 2556 2683 laeserant
2576 2626 2792 2683 Galatas
2848 2624 3213 2698 Apostolum,
3271 2640 3458 2696 usque
3516 2623 3576 2678 in
3633 2638 3779 2695 pris-

2129 2733 2266 2773 sens
2286 2722 2521 2790 tempus
2536 2715 2915 2788 Evangelium
2945 2716 3072 2785 ejus
3102 2729 3170 2769 ac
3217 2713 3498 2769 mandata
3543 2728 3778 2767 servan-

2131 2811 2237 2862 tes.
2273 2808 2382 2862 Aut
2411 2809 2562 2861 certe
2593 2806 2710 2860 ita:
2746 2804 2986 2869 Quando
3015 2803 3180 2858 vobis
3210 2802 3467 2873 primum
3515 2800 3776 2870 Evange-

2132 2895 2279 2951 lium
2311 2894 2654 2951 annuntiavi
2690 2911 2703 2961 ;
2735 2897 2793 2948 et
2833 2897 3070 2964 propter
3123 2891 3529 2947 inﬁrmitatem
3585 2885 3779 2943 carnis

2130 2990 2354 3052 vestrae,
2389 2984 2526 3055 quia
2547 3000 2660 3038 non
2721 2981 2999 3054 poteratis
3056 2982 3423 3036 sacramenta
3478 2975 3780 3048 suscipere

2133 3076 2378 3145 majora,
2409 3071 2715 3144 praedicavi
2744 3071 2908 3126 vobis
2937 3069 3106 3140 quasi
3138 3066 3399 3140 parvulis
3437 3067 3485 3137 (Ι
3514 3065 3635 3122 Cor.
3693 3080 3778 3131 ιιι,

2131 3166 2212 3230 2),
2239 3167 2296 3217 et
2327 3161 2618 3234 meipsum
2645 3159 2948 3214 inﬁrmum
2971 3173 3103 3214 esse
3124 3155 3423 3224 simulavi,
3455 3159 3521 3210 ut
3547 3170 3655 3210 vos
3698 3151 3786 3208 in-

367 3247 514 3304 tiam
546 3251 604 3303 et
625 3248 1002 3318 juventutem
1055 3266 1246 3321 usque
1289 3232 1642 3322 perducere,
1673 3257 1736 3308 ut
1767 3252 2024 3309 solidum
2053 3232 2096 3299 C
2136 3232 2758 3307 ﬁrmoslucrifacerem
2790 3249 2841 3320 (ι
2874 3248 2994 3304 Cor.
3046 3264 3121 3314 ix,
3178 3247 3307 3316 22):
3369 3259 3563 3300 nonne
3617 3241 3784 3314 quasi

370 3335 578 3393 cibum
632 3336 886 3410 possetis
946 3337 1211 3410 accipere
1265 3340 1428 3406 (Hebr
1480 3357 1535 3408 v,
1570 3342 1696 3412 12):
1731 3341 1812 3397 ita
1839 3347 2027 3399 et'vos

372 3425 602 3484 debetis
633 3441 762 3481 esse
795 3425 949 3481 sicut
979 3430 1036 3482 et
1065 3443 1178 3500 ego.
1203 3444 1357 3496 sum,
1391 3429 1737 3501 perfectiora
1761 3431 2029 3488 videlicet

374 3529 604 3586 sapere,
634 3513 886 3571 dimisso.
909 3515 1077 3588 lacte,
1110 3517 1187 3571 ad
1217 3517 1491 3574 fortiores.
1513 3519 1696 3585 cibos,
1730 3525 1788 3575 et
1817 3521 1888 3576 ad
1921 3538 2027 3593 pa-

373 3601 521 3659 bula
544 3603 798 3660 transire
855 3605 1098 3676 majora.
1158 3609 1281 3661 Hoc
1335 3611 1530 3662 autem
1571 3607 1830 3681 loquitur
1859 3610 2027 3682 quasi

374 3690 698 3750 Salvatoris
714 3692 1000 3759 imitator,
1030 3694 1136 3766 qui
1163 3711 1278 3750 non
1309 3697 1577 3768 rapinam
1602 3699 1922 3754 arbitratus
1941 3704 2030 3755 est

375 3797 441 3838 se
471 3797 603 3838 esse.
628 3781 898 3854 aqualem
947 3783 1084 3852 Deo,
1143 3783 1244 3840 sed
1303 3784 1685 3857 semetipsum
1716 3787 2032 3844 exinanivit

376 3871 634 3926 formam
665 3872 816 3927 servi
845 3872 1178 3944 accipiens;
1209 3878 1267 3928 et
1295 3872 1502 3930 habitu
1545 3875 1816 3932 inventus
1847 3883 1936 3933 est
1967 3882 2032 3932 ut

373 3959 561 4016 homo
593 3959 854 4033 (Philipp.
890 3979 954 4028 ιι,
989 3963 1043 4029 6,
1073 3963 1151 4030 7),
1183 3967 1250 4018 ut
1277 3979 1386 4019 nos
1414 3963 1495 4018 dii
1525 3964 1798 4020 ﬁeremus
1829 3982 1896 4021 ex
1924 3965 2028 4022 ho-

374 4046 666 4115 minibus,
699 4054 757 4105 et
787 4066 900 4106 non
937 4049 1091 4106 ultra
1121 4067 1485 4108 moraremur
1510 4069 1524 4120 ;
1555 4053 1656 4108 sed
1679 4069 2031 4125 consurgen-

374 4141 466 4194 tes
500 4139 514 4172 ¹
549 4136 805 4206 Christo,
837 4139 1010 4196 amici
1041 4140 1171 4211 ejus
1227 4141 1557 4196 diceremur
1612 4147 1671 4197 et
1716 4143 1944 4210 fratres,
1976 4152 2031 4198 et

376 4230 446 4284 ut
465 4231 625 4283 esset
651 4227 978 4300 discipulus
1012 4229 1164 4286 sicut
1211 4229 1514 4302 magister,
1561 4236 1617 4286 et
1645 4248 1846 4288 servus
1879 4231 2032 4288 sicut

375 4314 664 4371 dominus
687 4316 892 4383 (Matth.
925 4335 980 4385 κ,
1011 4319 1130 4390 24).
1169 4319 1363 4374 Potest
1409 4323 1606 4375 autem
1649 4325 1706 4375 et
1753 4321 1836 4376 ita
1860 4319 2030 4376 intel-

378 4401 489 4476 ligi
516 4421 534 4458 ι
563 4403 811 4461 Obsecro
840 4423 960 4474 vos,
995 4406 1208 4478 inquit,
1240 4408 1468 4474 fratres,
1488 4413 1553 4463 ut
1571 4409 1818 4464 Judaica
1839 4410 2031 4465 obser-

377 4493 618 4549 vatione
647 4499 998 4570 contempta,
1031 4496 1283 4562 dierum,
1324 4496 1640 4568 mensium,
1673 4503 2028 4570 temporum,

2137 3341 2412 3413 angelum
2436 3338 2784 3411 suscepistis
2822 3354 2938 3407 me,
3005 3335 3171 3406 quasi
3223 3333 3521 3392 Christum
3577 3333 3784 3388 Jesum

2138 3430 2298 3500 (vers.
2336 3429 2474 3501 14-)?
2503 3428 2646 3483 Cum
2685 3427 2864 3498 igitur
2911 3426 2972 3480 in
3026 3422 3188 3480 nullo
3231 3439 3326 3478 me
3374 3421 3472 3478 illo
3528 3424 3788 3491 tempore

2140 3517 2405 3574 lasseritis
2437 3517 2541 3589 [Αι.
2576 3515 2857 3587 laesistis),
2887 3518 2944 3570 et
2973 3528 3066 3569 me
3085 3512 3263 3568 vestri
3294 3527 3474 3566 causa
3498 3507 3786 3564 humilem

2138 3612 2312 3679 atque
2342 3607 2633 3676 dejectum
2663 3603 2915 3660 similem
2945 3602 3040 3657 Dei
3074 3601 3216 3657 Filio
3246 3597 3620 3672 putaveritis:
3642 3611 3786 3669 quo-

2118 3697 2310 3764 ,modo
2332 3697 2402 3752 ad
2437 3695 2664 3765 majora
2691 3709 2794 3748 vos
2827 3707 3146 3764 provocans
3176 3689 3354 3745 laedor
3381 3705 3416 3742 a
3444 3686 3634 3752 vobis,
3654 3701 3783 3758 per-

2139 3787 2331 3842 dendo
2361 3784 2617 3840 laborem
2669 3798 2887 3847 meum,
2943 3785 2999 3836 et
3043 3777 3542 3851 dispensationem
3598 3773 3783 3841 illam,

2140 3891 2259 3946 qua
2288 3891 2381 3930 me
2413 3871 2719 3945 parvulum
2754 3887 2883 3926 esse
2914 3867 3350 3931 simulaveram,
3392 3865 3556 3920 irrito
3614 3878 3787 3934 opere

2141 3981 2298 4021 nunc
2329 3963 2582 4034 lugetis’
2603 3961 2630 4016 ?
2660 3961 2768 4016 Per
2797 3958 3202 4014 inﬁrmitatem
3233 3959 3426 4011 autem
3455 3952 3648 4009 carnis
3670 3966 3785 4005 non

2141 4071 2283 4118 suae,
2316 4053 2415 4108 sed
2449 4050 2839 4119 audientium,
2868 4045 3086 4104 Galatis
3108 4044 3324 4101 Paulus
3351 4037 3786 4109 annuntiatzqui

2140 4159 2254 4197 non
2279 4145 2547 4213 poterant
2575 4155 2810 4194 carnem
2842 4135 3130 4206 subjicere
3158 4132 3329 4188 verbo
3357 4127 3588 4200 Dei,!sed
3619 4125 3789 4198 quasi

2141 4231 2357 4295 carnei,
2411 4227 2557 4283 nihil
2605 4224 2999 4297 intelligentiae
3049 4235 3356 4292 suscepere
3437 4214 3786 4289 spini-tualis.

2141 4319 2302 4382 Quod
2324 4323 2387 4372 ut
2407 4315 2730 4372 evidentius
2761 4313 2902 4381 ﬁat,)
2928 4326 3217 4384 ponamus
3268 4305 3625 4378 exemplum.
3681 4307 3792 4359 Per

2140 4407 2544 4462 inﬁrmitatem
2578 4403 2770 4458 carnis
2799 4402 2986 4464 docet,
3022 4398 3120 4470 qui
3153 4397 3330 4453 dicit:
3364 4395 3423 4451 Si
3441 4410 3497 4450 se
3525 4409 3639 4450 non
3663 4408 3789 4448 con-

2141 4496 2338 4561 tinent,
2357 4494 2568 4549 nubant
2589 4492 2633 4560 (ι
2665 4492 2792 4547 Cor.
2823 4507 2924 4560 v11,
2963 4489 3040 4558 9).
3103 4488 3216 4543 Et:
3267 4485 3482 4549 Mulier,
3538 4484 3589 4538 si
3641 4496 3790 4536 mor-

381 4569 896 4654 atqueannorum,
922 4602 1049 4657 quas
1071 4589 1216 4641 sunt
1238 4584 1459 4641 umbrae
1485 4569 1813 4643 futurorum
1842 4589 2030 4657 (Hebr.
2063 4602 2110 4666 Β
2143 4593 2268 4640 tuus
2324 4584 2494 4654 fuerit
2550 4583 2666 4636 vir-
2700 4580 2835 4651 ejus,
2896 4577 3202 4666 tiberadest
3231 4591 3250 4628 :
3298 4575 3391 4629 cui
3431 4571 3546 4627 vult
3597 4569 3789 4634 nubat,

377 4689 452 4744 ι,
505 4671 574 4743 1).
632 4688 728 4732 me
784 4674 1121 4746 imitemini,
1179 4674 1284 4748 qui
1333 4675 1459 4732 sine
1511 4675 1746 4747 querela
1793 4675 1852 4730 in
1911 4677 2034 4749 lege

380 4767 658 4818 versatus
687 4762 953 4835 (Philipp.
1018 4781 1104 4831 ιιι,
1162 4765 1241 4835 6),
1299 4764 1498 4820 omnia
1553 4765 1870 4821 arbitratus
1900 4783 2029 4822 sum

382 4850 558 4922 quasi
591 4858 980 4924 purgamenta
1007 4859 1190 4924 atque
1234 4853 1604 4925 quisqui-lies,
1642 4859 1706 4908 ut
1736 4853 2032 4910 Christum

387 4938 791 4996 lucrifacerem
820 4941 984 5011 (Ibid.
1018 4943 1099 5013 8).
1139 4942 1242 4998 Fui
1281 4942 1498 5015 quippe
1527 4948 1584 4997 et
1613 4958 1719 5015 ego
1751 4943 1903 4998 sicut
1932 4961 2034 4998 vos

379 5045 541 5088 nunc
571 5029 737 5096 estis,
787 5046 933 5086 cum-
981 5029 1201 5087 eisdem
1257 5031 1765 5089 observationibus
1798 5035 2035 5088 strictus

379 5117 646 5187 tenebar,
678 5119 1091 5176 etEcclesiam
1116 5119 1350 5184 Christi,
1391 5120 1529 5191 quia
1574 5119 1690 5176 ista
1738 5138 1851 5176 non
1887 5121 2036 5177 face-

384 5210 495 5276 ret,
526 5224 890 5280 persequens
915 5209 1313 5266 devastabam.

463 5294 643 5366 (Verr.
680 5299 768 5369 12,
803 5298 914 5370 13.)
945 5319 973 5347 ‹‹
1006 5297 1256 5363 Fratres,
1305 5297 1547 5354 obsecro
1593 5314 1715 5365 vos,
1765 5297 1910 5354 nihil
1945 5314 2038 5354 me

385 5382 642 5444 lesistis.
669 5386 843 5445 Scitis
871 5389 1066 5444 autem
1100 5387 1239 5460 quia
1267 5403 1372 5460 per
1408 5387 1814 5444 inﬁrmitatem
1847 5387 2040 5444 carnis

462 5543 762 5620 ‘_Iterum
795 5546 1070 5620 Palatia.
1140 5563 1309 5615 mss.,
1367 5549 1458 5605 sed
1527 5551 1926 5620 resurgentes:
1987 5552 2045 5602 et

383 5614 905 5762 paualgmgiperius,
954 5614 1430 5690 conresurgentes,
1481 5637 1594 5693 pro
1633 5614 1887 5691 simplici
1915 5633 2042 5675 con-

381 5704 486 5748 sur
674 5729 715 5760 .,

2144 4676 2360 4729 tantum
2385 4673 2444 4726 in
2474 4671 2708 4726 Domino
2742 4667 2898 4738 (Ibid.
2921 4665 3033 4734 39).
3069 4664 3452 4733 Nequaquam
3499 4673 3630 4712 vero
3690 4671 3794 4727 per

2146 4761 2547 4817 inﬁrmitatem
2577 4756 2770 4813 carnis
2800 4757 2986 4819 docet,
3011 4754 3122 4808 ista
3151 4761 3621 4832 commemorans
3655 4759 3668 4800 :
3699 4743 3793 4800 So-

2144 4853 2288 4907 lutus
2316 4867 2370 4906 es
2399 4850 2468 4904 υὺ
2488 4863 2678 4909 uxore,
2719 4846 2840 4902 noli
2893 4856 3142 4915 quaerere
3180 4853 3410 4894 uxorem
3461 4832 3618 4906 (Ibid.
3676 4833 3788 4903 27).

2143 4941 2260 4997 Et:
2298 4941 2520 5010 Tempus
2550 4942 2625 4993 est
2664 4939 2721 4990 ut
2779 4938 2832 4989 et
2878 4949 2972 5004 qui
3029 4930 3226 4985 habent
3280 4940 3498 4995 uxores,
3554 4925 3636 4979 sic
3683 4923 3795 4977 sint

2144 5029 2304 5100 quasi
2333 5044 2445 5084 non
2477 5027 2728 5082 habentes
2759 5022 2911 5092 (Ibid.
2947 5021 3058 5086 29).
3091 5017 3222 5073 Alia
3252 5015 3467 5088 quippe
3509 5014 3796 5085 praecepta

2147 5118 2217 5173 ad
2248 5115 2607 5188 Spirituales,
2628 5112 2744 5168 alia
2772 5112 2986 5165 dantur
3018 5107 3086 5163 ad
3120 5120 3384 5161 carneos.
3418 5100 3484 5157 Et
3515 5100 3676 5188 aliud
3708 5101 3798 5154 est

2147 5187 2300 5276 quod
2329 5205 2492 5273 juxta
2522 5199 2858 5272 imperium,
2891 5197 3049 5252 aliud
3081 5195 3234 5266 quod
3278 5194 3447 5264 juxta
3487 5187 3796 5262 indulgen-

2146 5295 2289 5350 tiam
2321 5291 2672 5365 praecipitur.

2221 5384 2408 5453 (Vers.
2442 5381 2552 5449 14.)
2584 5399 2605 5427 ι
2640 5379 2708 5434 Et
2737 5375 3120 5433 tentationem
3160 5375 3435 5437 vestram,
3494 5383 3622 5441 quis
3678 5366 3805 5422 erat

2221 5544 2542 5600 'Fortasse
2589 5539 2786 5595 verius
2841 5536 2901 5592 in
2959 5551 3074 5591 uno
3134 5531 3408 5589 Palatino.
3447 5531 3556 5594 est,
3615 5523 3805 5594 iugem

2153 5617 2308 5688 quod
2336 5616 2552 5672 referas
2583 5612 2654 5668 ad
2687 5611 3008 5684 ipsummet
3037 5605 3313 5664 Paulum.
