4144 6202
391 379 510 446 407
1057 404 1061 408 ·
1426 403 1435 411 ·
1649 385 1716 447 S.
1761 383 2071 448 EUSEBll
2115 380 2558 446 HIERONYMI
3691 380 3811 446 408

402 515 462 573 in
516 528 686 572 carne
717 530 866 587 mea,
900 529 1015 573 non
1076 515 1403 589 sprevistis,
1457 533 1647 590 neque
1701 517 2043 590 respuistis:
2080 517 2133 584 Α
2165 515 2339 571 verba
2368 515 2425 570 in
2452 513 2738 587 principio
2787 511 3042 570 valuisse
3102 513 3487 582 demonstrat,
3521 515 3585 571 ut
3613 514 3808 590 angeli

399 605 501 661 sed
535 604 688 660 sicut
718 604 992 678 angelum
1023 606 1124 661 Dei
1156 605 1463 678 exeepistis
1506 623 1619 671 me,
1677 608 1833 662 sicut
1889 606 2053 664 Chri-
2163 609 2514 677 putarentur
2541 609 2597 660 et
2627 603 2863 660 Christi.

401 698 562 752 stum
585 693 809 750 Jesum.
835 714 862 746 ι)
882 694 1179 751 Obscurus
1209 695 1456 764 locus,et
1485 697 1640 751 460
1661 695 1852 750 acrius
1875 701 2057 752 atten-
2235 693 2418 765 (Vere.
2454 695 2542 760 15,
2581 695 2692 761 16.)
2732 717 2758 742 ‹‹
2803 692 2910 749 Ubi
2957 698 3044 749 est
3073 707 3210 766 ergo
3241 693 3538 750 beatitudo
3572 696 3807 752 vestra?

404 783 654 840 dendus.
685 784 805 856 Ego
839 784 1098 855 quidem,
1125 785 1227 850 ait,
1269 785 1436 855 quasi
1471 783 1732 856 parvulis
1761 785 1925 840 vobis
1971 791 2055 841 at-
2165 782 2590 839 Testimonium
2645 782 2800 838 enim
2858 781 3135 854 perhibeo
3191 782 3395 850 vobis;
3435 783 3574 854 quia
3607 783 3655 838 si
3689 785 3810 841 ﬁeri

408 889 522 945 que
552 871 902 928 lactentibus
937 890 1039 944 per
1069 873 1470 928 inﬁrmitatem
1494 873 1685 929 carnis
1715 878 1917 929 vestris
1928 875 2055 946 jam

407 962 634 1036 pridem
657 961 1065 1035 evangelizavi,
1098 980 1131 1017 a
1163 962 1490 1017 minoribus
1521 962 1827 1034 incipiens,
1861 968 1918 1018 et
1971 964 2059 1036 (ut

410 1051 492 1107 ita
521 1050 735 1124 dicam)
768 1052 922 1123 apud
956 1067 1058 1106 vos
1080 1068 1226 1124 pene
1259 1051 1612 1107 balbutiens.
1647 1053 1782 1115 Quae
1823 1051 2055 1124 dispen-

409 1140 560 1197 satio
591 1145 648 1196 et
680 1141 1108 1212 praedicationis
1137 1141 1382 1196 inﬁrmae
1414 1139 1735 1210 simulatio,
1767 1157 1898 1197 mea
1928 1141 2055 1214 qui-

405 1230 541 1286 dem
573 1229 918 1302 gubernatio
951 1235 1073 1285 erat
1107 1248 1119 1298 ;
1153 1231 1254 1286 sed
1276 1235 1469 1286 vestra
1491 1230 1757 1297 tentatio,
1791 1248 1863 1286 an
1895 1229 2058 1286 vobis

407 1318 727 1392 placerent,
761 1323 816 1374 et
833 1335 1046 1392 magna
1074 1319 1411 1376 viderentur
1430 1337 1496 1376 ea
1527 1337 1654 1392 quae
1703 1337 1806 1392 pro
1866 1320 2060 1376 condi-

408 1407 566 1464 tione
595 1406 687 1464 sui
723 1407 951 1464 minora
999 1412 1185 1478 erant,
1247 1413 1304 1464 et
1357 1426 1390 1464 a
1446 1425 1540 1464 me
1588 1409 1757 1480 quasi
1811 1409 2061 1465 humilia

408 1497 850 1570 promebantur.
883 1500 1020 1564 Quae
1051 1498 1289 1570 quidem
1322 1515 1445 1567 vos,
1482 1515 1596 1552 non
1629 1503 1694 1552 ut
1724 1515 1924 1570 parva,
1957 1499 2058 1554 sed

411 1589 478 1642 ut
506 1603 721 1659 magna
750 1587 1066 1658 capientes,
1099 1587 1158 1641 in
1180 1591 1409 1642 tantum
1453 1587 1724 1642 admirati
1773 1587 1936 1654 estis,
1998 1592 2062 1644 ut

411 1691 508 1732 me
540 1676 640 1746 qui
673 1693 741 1732 ea
765 1675 1048 1748 loquebar
1069 1676 1239 1748 quasi
1269 1676 1566 1749 angelum,
1601 1681 1677 1746 et,
1707 1681 1773 1732 ut
1802 1676 1935 1749 plus
1981 1677 2063 1733 di-

413 1780 565 1834 cam,
632 1763 801 1836 quasi
860 1763 959 1819 Dei
1015 1763 1228 1820 Filium
1276 1765 1674 1838 susciperetis.
1734 1770 1866 1822 Haec
1924 1783 2058 1840 ergo

413 1857 608 1908 vestra
637 1853 899 1920 tentatio,
928 1871 1044 1926 qua
1074 1870 1178 1926 ego
1209 1871 1312 1910 vos
1342 1854 1400 1909 in
1433 1855 1651 1910 carnali
1683 1856 1797 1911 mei
1837 1873 2057 1912 sermo-

416 1941 512 1998 nis
541 1943 987 1999 annuntiatione
1019 1945 1338 2011 tentabam,
1390 1961 1503 2000 non
1546 1945 1656 1999 fuit
1711 1950 2065 2018 contempta,

431 2047 536 2088 nec
554 2030 690 2087 vilis
725 2051 738 2100 ;
773 2032 872 2088 sed
906 2033 1039 2105 plus
1070 2050 1245 2105 quam
1260 2033 1860 2105 aestimabam,habuit
1888 2035 2074 2108 digni-

426 2121 788 2177 tatis.Potest
817 2125 875 2177 et
903 2121 1068 2178 locus
1098 2122 1207 2178 iste
1237 2122 1320 2178 ita
1349 2123 1591 2178 edisseri
1617 2139 1628 2178 :
1665 2124 1897 2195 quando
1946 2125 2074 2180 veni

428 2211 502 2267 ad
531 2227 654 2282 vos,
683 2227 798 2266 non
829 2211 960 2266 veni
990 2211 1048 2266 in
1081 2228 1350 2267 sermone
1381 2212 1676 2284 sapientiae
1709 2214 1756 2284 (1
1781 2215 1970 2283 Cor.u,
1998 2213 2072 2285 1),

427 2300 528 2356 sed
562 2298 738 2355 homo
769 2299 1014 2355 humilis
1035 2303 1209 2371 atque
1225 2301 1769 2372 contemptus,nihil
1793 2319 2074 2375 magnum

425 2388 766 2459 deferens‘,
818 2387 1182 2444 cruciﬁxum.
1235 2389 1377 2444 Cum
1425 2389 1604 2461 igitur
1653 2407 1746 2446 me
1802 2391 2075 2448 videretis

424 2474 483 2529 in
546 2491 786 2546 corpore
841 2476 1287 2533 inﬁrmitatibus
1344 2479 1591 2535 obnoxio
1663 2480 2074 2548 constitutum,

426 2578 606 2635 regna
633 2563 892 2619 coelestia
921 2563 1291 2636 pollicentem
1324 2582 1438 2622 non
1469 2567 1757 2636 irrisistis,
1793 2585 1896 2624 nec
1925 2569 2073 2624 aesti-

425 2651 601 2708 matis
618 2652 863 2725 dignum
887 2669 1016 2709 esse
1038 2658 1405 2727 contemptu:
1427 2656 1841 2730 intelligebalis
1859 2658 2075 2731 quippe

425 2739 820 2798 humilitatem
852 2742 1045 2799 carnis
1078 2749 1302 2809 meae,et
1331 2744 1520 2816 ipsius
1541 2745 1778 2804 habitus
1798 2746 2074 2803 vilitatem

425 2830 496 2886 ad
524 2835 780 2887 vestram
841 2833 1225 2888 tentationem
1285 2833 1450 2889 ﬁeri:
1511 2851 1584 2890 an
1626 2833 1893 2892 videlicet
1949 2852 2078 2891 con-

425 2919 765 2977 temneretis
795 2937 955 2991 eum,
985 2922 1083 2994 qui
1118 2923 1190 2978 ab
1226 2923 1544 2980 incredulis
1575 2924 1926 2980 miserabilis
1969 2943 2075 2997 pu-

424 3009 662 3066 tabatur
694 3027 708 3078 ;
743 3010 842 3066 sed
875 3015 1078 3068 contra
1125 3011 1291 3067 illum
1321 3012 1627 3084 humilem,
1678 3013 1851 3069 vilem
1903 3018 2077 3086 atque

425 3102 851 3171 contemptum,
875 3101 957 3156 ita
977 3105 1043 3156 ut
1063 3103 1360 3174 angelum,
1379 3105 1436 3158 et
1455 3102 1770 3176 plusquam
1803 3103 2076 3177 angelum

425 3187 788 3258 suscepistis.
821 3189 936 3244 Aut
957 3195 1110 3245 certe
1135 3191 1425 3263 suspicari
1459 3209 1799 3263 possumus,
1829 3195 2074 3266 Aposto-

427 3273 548 3331 lum
589 3254 655 3331 eo
714 3281 948 3348 tempus
998 3295 1112 3351 quo
1169 3254 1424 3350 primum
1459 3254 1638 3336 -venit
1685 3282 1758 3337 ad
1787 3254 2076 3350 '«Galatas,
2108 3254 2150 3320 C

423 3367 736 3436 aagrotasse
771 3390 784 3433 ;
813 3369 869 3421 et
899 3365 1095 3437 aliqua
1125 3367 1456 3438 corpusculi
1488 3369 1828 3426 inﬁrmitate
1874 3372 2074 3428 deten-

422 3457 573 3520 tum,
607 3471 723 3510 non
755 3455 1018 3512 cessasse
1047 3459 1264 3526 tamen,
1308 3473 1413 3512 nec
1453 3473 1652 3513 vocem
1700 3458 1930 3516 silentio
1989 3477 2076 3516 re-

421 3543 730 3614 pressisse,
771 3560 884 3614 quo
917 3543 1116 3601 minus
1147 3551 1400 3618 cceptum
1430 3545 1810 3619 Evangelium
1869 3550 2074 3620 praedi-

423 3634 599 3686 caret.
659 3631 806 3688 Nam
857 3634 1102 3689 tradunt
1146 3651 1280 3690 eum
1366 3635 1782 3708 gravissimum
1868 3636 2078 3710 capitis

423 3717 683 3774 dolorem
709 3737 861 3793 sazpe
892 3738 1273 3795 perpessum:
1309 3729 1367 3780 et
1413 3724 1570 3781 hunc
1625 3741 1753 3780 esse
1802 3725 2076 3798 angelum

421 3811 672 3878 Satanae,
699 3809 799 3881 qui
827 3811 1136 3884 oppositus
1167 3813 1218 3868 ei
1242 3812 1338 3881 sit,
1373 3817 1438 3868 ut
1495 3830 1628 3870 eum
1688 3813 2079 3887 colaphizaret

424 3896 484 3952 in
516 3913 713 3967 carne,
746 3916 820 3956 ne
839 3899 1213 3957 extolleretur
1242 3902 1316 3974 (II
1345 3901 1470 3958 Cor.
1521 3920 1620 3974 xu,
1675 3904 1750 3975 7).
1802 3904 1931 3960 Haec
1988 3906 2076 3961 in-

423 3987 693 4055 ﬁrmitas,
727 3991 784 4044 et
813 3987 1066 4062 languor
1093 3990 1188 4046 hic
1210 3991 1488 4063 corporis,
1517 3992 1671 4064 apud
1703 4009 1801 4048 eos
1861 3993 2077 4065 quibus

423 4077 894 4134 annuntiabatur
926 4079 1328 4152 Evangelium,
1361 4081 1605 4136 tentatio
1627 4080 1737 4136 fuit
1773 4099 1784 4136 :
1818 4099 1890 4137 an
1939 4099 2074 4138 con-

421 4169 751 4222 temnerent
781 4184 915 4224 eum
949 4168 1228 4225 sublimia
1259 4170 1717 4241 promittentem,
1753 4187 1926 4243 quem
1949 4172 2074 4228 lan-

422 4255 707 4327 guoribus
738 4257 998 4329 corporis
1029 4259 1358 4329 subjectum
1391 4259 1684 4316 videbant.
1718 4260 1831 4316 Nec
1873 4278 1986 4317 non
2019 4268 2076 4319 et

423 4341 570 4398 illud
603 4343 717 4399 dici
745 4348 956 4416 potest,
986 4348 1140 4418 quod
1191 4347 1250 4402 in
1307 4347 1594 4420 principio
1652 4349 1935 4406 adventus
1981 4350 2072 4406 sui

421 4431 496 4486 ad
521 4429 784 4501 Galatas,
816 4434 1224 4504 contumelias,
1285 4438 1432 4492 461
1498 4442 1554 4492 et
1613 4438 2071 4510 persecutiones,

420 4525 479 4576 et
510 4519 712 4595 plagas
734 4523 994 4596 corporis
1021 4525 1092 4580 ab
1117 4524 1208 4580 his
1249 4525 1348 4597 qui
1393 4527 1760 4582 contraibant
1816 4529 2072 4602 Evange-

2165 872 2471 944 potuisset,
2519 870 2720 927 oculos
2774 875 2998 927 vestros
3057 870 3360 926 eruissetis
3417 876 3474 927 et
3504 871 3813 930 dedissetis

2166 961 2331 1016 mihi.
2367 961 2512 1033 Ergo
2546 959 2821 1016 inimicus
2875 959 3038 1015 vobis
3097 960 3285 1014 factus
3344 976 3478 1015 sum
3509 960 3808 1018 veritatem

2169 1050 2369 1106 dicens
2408 1050 2573 1105 vobis
2597 1053 2619 1104 Ρ
2643 1073 2669 1098 ››
2693 1051 2904 1105 Beatus
2925 1053 3014 1104 est
3034 1049 3131 1121 qui
3160 1048 3426 1105 ambulat
3452 1049 3510 1105 in
3534 1050 3813 1107 virtutum

2170 1139 2283 1209 via,
2309 1140 2409 1194 sed
2437 1140 2486 1194 si
2509 1139 2577 1194 ad
2599 1139 2845 1195 virtutes
2866 1155 3053 1210 usque
3074 1138 3415 1210 pervenerit.
3441 1139 3556 1195 Nec
3581 1141 3818 1212 prodest

2171 1245 2205 1283 a
2232 1227 2387 1282 vitiis
2420 1227 2752 1296 recessisse,
2787 1227 2900 1284 nisi
2921 1227 3140 1300 optima
3160 1228 3644 1301 comprehendas.
3673 1231 3816 1296 Quia

2169 1321 2426 1373 nontam
2453 1317 2618 1372 initia
2640 1322 2777 1373 sunt
2797 1317 2856 1371 in
2878 1317 3049 1373 bonis
3070 1317 3282 1373 studiis
3301 1317 3614 1386 laudanda,
3638 1336 3814 1392 quam

2171 1405 2307 1462 ﬁnis
2337 1408 2377 1461 ¹.
2413 1405 2576 1462 Sicut
2605 1407 2759 1462 enim
2793 1406 2851 1462 in
2891 1406 3060 1463 vinea
3119 1407 3290 1463 multi
3339 1424 3524 1479 usque
3573 1409 3643 1464 ad
3674 1426 3818 1482 pras-

2168 1494 2291 1550 lum
2321 1513 2440 1551 uvae
2472 1496 2690 1568 gradus
2721 1501 2895 1552 sunt:
2941 1500 2998 1552 et
3053 1497 3310 1569 primum
3369 1513 3607 1553 necesse
3636 1503 3726 1554 est
3756 1503 3822 1555 ut

2169 1584 2302 1640 vitis
2332 1589 2590 1657 gemmet
2619 1585 2678 1640 in
2722 1585 3016 1657 pampinis
3064 1602 3228 1658 spem
3289 1587 3593 1659 promittat
3623 1587 3683 1642 in
3717 1589 3820 1644 ilo-

2171 1673 2333 1728 ribus
2359 1691 2371 1728 :
2406 1673 2619 1729 dehinc
2649 1678 2713 1728 ut
2744 1674 2882 1729 flore
2913 1675 3180 1746 decusso,
3215 1675 3397 1732 futuri
3425 1675 3576 1731 botri
3600 1675 3822 1748 species

2170 1762 2549 1831 deformetur,
2583 1762 2984 1836 paulatimque
3009 1767 3351 1836 turgescens
3381 1781 3490 1820 uva
3515 1765 3822 1838 parturiat,

2176 1855 2240 1907 ut
2272 1867 2475 1924 pressa
2503 1851 2895 1908 torcularibus
2937 1851 3132 1908 dulcia
3189 1858 3387 1909 musta
3441 1853 3708 1910 desudet.
3742 1859 3828 1910 Ita

2181 1944 2238 1996 et
2267 1940 2327 1996 in
2360 1941 2628 1997 doctrina
2659 1941 2876 2015 singuli
2908 1942 3340 1998 beatitudinum
3363 1946 3502 1998 sunt
3523 1948 3826 2014 provectus

2181 2030 2299 2102 (Alr
2329 2030 2640 2102 profectus)
2668 2047 2680 2087 :
2705 2035 2769 2086 ut
2785 2031 2983 2087 audiat
3013 2031 3147 2104 quis
3169 2032 3413 2088 verbum
3443 2033 3562 2100 Dei,
3592 2038 3656 2088 ut
3689 2049 3829 2089 con-

2184 2119 2383 2192 cipiat,
2419 2124 2485 2174 ut
2542 2120 2600 2174 in
2662 2124 2821 2175 utero
2879 2120 3086 2176 anime
3144 2122 3271 2192 ejus
3328 2120 3641 2188 adolescat,
3673 2127 3731 2179 et
3761 2123 3831 2178 ad

2184 2213 2417 2280 partum
2451 2225 2638 2282 usque
2671 2209 2987 2282 perveniat.
3022 2208 3093 2266 Ut
3142 2227 3276 2266 cum
3322 2211 3611 2284 pepererit
3642 2209 3832 2280 illum,

2185 2296 2332 2354 lacte
2365 2299 2640 2369 enutriat,
2675 2303 2731 2354 et
2761 2316 2864 2371 per
2894 2288 3226 2368 infantiam,
3274 2299 3607 2372 pueritiam,
3641 2300 3834 2358 adole-

2185 2387 2493 2456 scentiam,
2518 2390 2912 2459 juventutem,
2945 2389 3015 2444 ad
3059 2390 3378 2462 perfectum
3421 2389 3614 2446 virum
3647 2407 3834 2463 usque

2184 2478 2483 2550 perducat.
2519 2477 2660 2532 Cum
2693 2494 2830 2550 ergo
2879 2477 3118 2551 singuli,
3170 2483 3236 2534 ut
3282 2478 3561 2546 diximus,
3593 2480 3832 2552 gradus,

2178 2568 2347 2638 juxta
2403 2571 2710 2639 provectus
2769 2583 2907 2623 suos
2963 2567 3218 2624 habeant
3275 2569 3736 2625 beatitudinem:
3784 2569 3835 2626 si

2185 2655 2344 2722 ﬁnis,
2377 2659 2433 2710 et
2462 2659 2526 2710 ut
2555 2654 2636 2711 ita
2675 2655 2905 2728 loquar,
2966 2661 3225 2714 extrema
3275 2675 3486 2714 manus
3547 2658 3704 2731 operi
3737 2659 3834 2715 de-

2185 2744 2379 2809 fuerit,
2415 2748 2575 2801 totus
2604 2743 2769 2801 labor
2800 2745 3003 2801 irritus
3049 2747 3182 2815 ﬁet;
3233 2751 3290 2802 et
3321 2747 3583 2803 dicetur:
3622 2748 3722 2806 Ubi
3757 2757 3836 2804 est

2185 2849 2314 2902 ergo
2369 2833 2644 2890 beatitudo
2701 2834 2930 2890 vestra?
2987 2834 3288 2903 Quamvis,
3347 2835 3559 2908 inquit,
3617 2853 3721 2894 vos
3769 2854 3834 2893 eo

2185 2925 2446 2994 tempore
2476 2939 2590 2994 quo
2637 2922 3012 2996 Evangelium
3065 2924 3239 2994 juxta
3296 2941 3530 2980 carnem
3562 2941 3836 2998 suscepe-

2187 3013 2350 3079 ratis,
2382 3012 2581 3068 beatos
2605 3012 2859 3068 dicerem
2888 3013 3044 3085 quod
3067 3013 3126 3068 in
3149 3012 3334 3070 initiis
3378 3013 3689 3071 fervebatis
3715 3032 3729 3071 :
3752 3023 3835 3070 ta-

2188 3117 2318 3157 men
2335 3118 2489 3157 nunc
2503 3100 2640 3174 quia
2654 3118 2768 3156 non
2785 3101 2947 3158 video
2961 3101 3206 3158 mdiﬁcio
3224 3101 3456 3159 culmen
3471 3103 3834 3175 impositum,

2189 3194 2246 3245 et
2277 3206 2424 3262 pene
2449 3198 2840 3262 "nequaquam
2873 3191 2895 3224 ³
2935 3191 3096 3262 jacta
3145 3191 3512 3264 fundamina,
3546 3209 3720 3266 cogor
3747 3193 3835 3248 di-

2189 3293 2353 3338 cere:
2389 3280 2492 3348 Qbi
2519 3287 2598 3335 est
2644 3295 2768 3351 ergo
2811 3279 3082 3336 beatitudo
3137 3285 3338 3347 vestra,
3399 3298 3516 3353 qua
3571 3298 3674 3338 vos
3704 3281 3836 3338 bea-

2188 3371 2279 3423 tos
2310 3367 2602 3424 arbitrans
2635 3376 2768 3424 ante
2826 3367 3143 3424 laudabam
3165 3370 3194 3424 ?
3248 3369 3394 3426 Vere
3441 3370 3595 3427 enim
3629 3375 3685 3427 et
3713 3370 3838 3444 ipse

2188 3456 2391 3525 fateor,
2426 3457 2565 3529 quia
2594 3457 2676 3512 sic
2708 3474 2800 3513 me
2831 3458 2995 3514 vobis
3027 3458 3278 3515 humilia
3312 3458 3722 3532 praedicantem
3751 3460 3841 3516 vel

2189 3545 2699 3618 persecutionibus
2759 3547 2914 3605 452
2974 3547 3396 3614 conﬂictatum,
3453 3548 3510 3602 in
3551 3535 3840 3621 principio

2187 3633 2510 3690 dilexistis:
2545 3640 2609 3690 ut
2665 3635 2712 3690 si
2770 3635 2896 3691 ﬁeri
2953 3641 3152 3708 posset
3209 3636 3601 3710 (hyperbolice
3641 3642 3838 3694 autem

2187 3728 2327 3780 sunt
2383 3724 2722 3797 accipienda
2777 3743 2903 3797 qua:
2963 3724 3246 3798 loquitur)
3317 3725 3622 3783 eruissetis
3676 3727 3841 3783 vobis

2187 3812 2404 3880 oculos,
2439 3818 2495 3869 et
2545 3813 2710 3882 mihi,
2773 3819 2840 3869 ut
2897 3813 3162 3870 omnium
3221 3819 3481 3871 vestrum
3512 3815 3840 3872 luminibus

2185 3900 2320 3974 plus
2361 3917 2680 3974 cernerem,
2737 3901 3072 3959 dedissetis.
3133 3903 3433 3976 Optabatis
3493 3905 3707 3978 quippe
3734 3921 3839 3961 vos

2186 4007 2366 4048 caecos
2395 4007 2524 4048 esse
2555 4009 2658 4064 per
2705 3991 3062 4048 inell'abilem
3119 3991 3176 4047 in
3236 4009 3328 4049 me
3354 3993 3739 4062 charitatem;
3773 3998 3842 4050 ut

2184 4079 2318 4152 plus
2349 4081 2408 4135 in
2442 4097 2570 4137 meo
2601 4080 2772 4136 corde
2814 4081 3108 4153 Evangelii
3138 4081 3338 4138 lumen
3386 4082 3654 4151 oriretur,
3685 4099 3843 4140 emo-

2183 4169 2744 4226 lumentum‘meum
2775 4170 2989 4226 vestris
3029 4171 3264 4227 damnis
3301 4188 3560 4228 crescere
3602 4171 3839 4228 voleba-

2185 4257 2295 4314 tis:
2331 4263 2388 4313 et
2417 4258 2526 4315 hoc
2557 4259 2655 4316 illo
2686 4264 2971 4334 tempore,
3005 4277 3121 4332 quo
3169 4260 3334 4317 vobis
3381 4261 3552 4334 quasi
3578 4259 3839 4334 parvulis

2185 4350 2359 4419 atque
2380 4337 2750 4417 lactentibus,
2777 4348 2896 4404 sive
2937 4354 3173 4422 propter
3211 4349 3616 4406 inﬁrmitatem
3643 4348 3839 4407 carnis

2181 4440 2385 4492 vestrae
2431 4453 2609 4508 parva
2663 4442 2720 4493 et
2775 4437 3026 4494 humilia
3057 4438 3503 4510 annuntiabam,
3553 4437 3673 4494 sive
3703 4453 3837 4511 pro-

2184 4529 2313 4596 pter
2333 4542 2473 4581 mea:
2497 4526 2695 4582 carnis
2719 4526 2992 4598 injurias,
3030 4544 3146 4583 non
3197 4528 3413 4601 dignus
3441 4526 3684 4583 videbar
3700 4525 3836 4583 ﬁde.

418 4608 498 4665 lio
528 4611 878 4667 sustinuerit
909 4613 992 4668 :ei
1021 4613 1170 4670 hanc
1203 4615 1383 4670 fuisse
1419 4616 1801 4672 tentationem
1833 4617 1921 4673 vel
1948 4635 2073 4673 ma-
2104 4628 2153 4692 Ι)
2184 4614 2348 4670 Nunc
2369 4632 2501 4671 vero
2524 4615 2663 4687 quia
2688 4616 2759 4672 ab
2787 4616 3093 4672 elementis
3137 4622 3194 4672 et
3223 4615 3464 4689 syllabis
3488 4619 3545 4671 et
3589 4615 3837 4672 lectione

422 4699 647 4756 ximam
679 4699 920 4774 Galatia,
953 4703 1299 4775 Apostolum
1333 4704 1544 4759 Christi
1569 4706 1940 4762 cernentibus
1961 4723 2079 4763 ver-

2191 4703 2396 4775 puerili
2429 4705 2572 4777 coepi
2626 4721 2726 4760 vos
2761 4705 2829 4760 ad
2873 4706 3097 4776 majora
3153 4705 3348 4762 studia
3406 4720 3736 4776 provocare,
3766 4710 3838 4759 ut

418 4787 634 4846 berari.
699 4791 864 4856 Quod
917 4796 1113 4849 autem
1167 4793 1268 4860 ait,
1332 4793 1485 4848 sicut
1560 4793 1855 4866 angelum,
1929 4797 2083 4855 sicut
2191 4791 2370 4848 libros
2401 4792 2648 4849 teneatis
2679 4793 2739 4848 in
2791 4794 3086 4866 manibus,
3143 4798 3208 4849 ut
3261 4794 3434 4867 plena
3465 4793 3835 4860 eruditionis,

425 4877 727 4935 Christum
759 4880 962 4936 Jesum
998 4883 1343 4956 suscepistis
1374 4899 1505 4939 me:
1571 4887 1628 4938 et
1691 4884 1894 4956 angelo
1970 4887 2078 4958 [AL

419 4966 670 5040 angelis]
703 4968 1002 5026 Christum
1035 4987 1163 5027 esse
1186 4972 1437 5027 ostendit
1462 4973 1769 5044 majorem,
1795 4989 1966 5044 quem
1995 4993 2079 5031 se-

417 5055 678 5111 cundum
701 5057 1202 5130 dispensationem
1251 5060 1509 5133 corporis
1573 5060 1860 5118 minorem
1914 5063 2076 5120 Psal-

416 5142 595 5200 mista
653 5149 1006 5216 cantaverat,
1067 5149 1324 5205 dicens:
1381 5150 1670 5206 Minorasti
1708 5167 1832 5208 eum
1904 5154 2076 5224 paulo

413 5233 602 5290 minus
631 5234 698 5289 ab
741 5236 961 5308 angelis
994 5237 1164 5308 (Psal.
1205 5257 1329 5310 vur,
1387 5241 1441 5311 6)
1496 5258 1516 5302 ;
1572 5245 1629 5296 et
1675 5245 1902 5298 tantum
1971 5260 2077 5299 sua

486 5357 715 5438 {Addit
743 5359 814 5438 dc
852 5378 959 5438 suo
1020 5362 1318 5438 Marianus
1367 5363 1658 5421 Victorius
1726 5367 2072 5438 particulam

410 5430 546 5508 nisi,
583 5429 638 5484 id
670 5434 779 5508 est,
809 5433 958 5508 nihil
1001 5452 1258 5506 magnum
1280 5437 1548 5506 deferens,
1576 5439 1686 5493 nisi
1722 5429 2069 5508 ﬁrmi/trum.

409 5500 552 5582 Mss.
580 5501 810 5582 codices
841 5500 1258 5582 leguntpfquod
1317 5500 1423 5562 nos
1476 5500 1805 5582 posuimus,
1853 5500 2072 5582 Sensus

410 5571 522 5652 iste
551 5589 681 5629 esse
711 5571 1136 5652 videtufr,nihit
1179 5595 1444 5647 magnum
1476 5571 1684 5652 praeter
1739 5571 2072 5650 cfuciﬁxum

411 5643 658 5723 deferens
689 5665 709 5712 ;
741 5647 827 5703 vel
857 5643 1006 5723 nihil
1037 5643 1316 5723 magnum,
1351 5643 1603 5722 deferens
1637 5643 1966 5723 cruciﬁxum
1988 5670 2066 5709 δο·

413 5725 550 5772 tum.
583 5717 771 5776 MART.
805 5751 873 5762 -ο
897 5721 982 5776 Ita
1015 5723 1070 5776 et
1101 5717 1284 5776 nostri
1303 5717 1460 5779 ωδε.
1519 5717 1854 5796 praeferunt,
1916 5727 2067 5783 bono

2189 4887 2245 4938 et
2273 4899 2558 4939 sensuum
2578 4884 2754 4940 verba
2776 4883 3036 4951 discetis,
3061 4882 3464 4955 recalcitratis,
3489 4881 3833 4948 irascimini,

2187 4973 2380 5044 gravis
2431 4971 2593 5028 vobis
2651 4972 2880 5028 videtur
2927 4989 3054 5030 esse
3084 4972 3360 5045 perfectio
3391 4971 3788 5028 doctrinarum
3820 4988 3836 5028 :

2185 5067 2242 5116 et
2273 5061 2329 5115 in
2363 5066 2592 5116 tantum
2626 5062 2686 5116 in
2719 5061 2864 5118 alios
2895 5062 3106 5118 mutati
3155 5061 3298 5118 estis
3346 5061 3613 5132 affectus,
3643 5063 3710 5116 ut
3741 5077 3838 5117 me

2186 5166 2359 5222 quem
2394 5151 2561 5222 quasi
2595 5149 2868 5224 angelum
2901 5155 2957 5206 et
2977 5150 3274 5207 Christum
3298 5149 3708 5224 susceperatis,
3736 5149 3837 5206 cui

2182 5239 2460 5296 volebatis
2518 5239 2716 5296 oculos
2776 5245 2999 5297 vestros
3057 5240 3304 5306 tradere,
3357 5255 3514 5295 nunc
3565 5237 3838 5296 habeatis

2185 5364 2328 5419 satis
2359 5381 2557 5420 sensu.
2589 5364 2884 5421 Victorius
2931 5366 3002 5421 de
3060 5383 3166 5422 suo
3225 5364 3408 5435 addit,
3469 5365 3603 5432 nisi,
3635 5364 3693 5420 id
3722 5370 3835 5434 est,

2182 5437 2326 5492 mth
2351 5453 2580 5506 magnus
2607 5437 2872 5508 deferens,
2904 5439 3014 5493 nisi
3044 5438 3403 5505 Cruci/imum.

2252 5513 2271 5542 ²
2303 5508 2415 5563 Nec
2447 5507 2600 5565 male
2630 5507 2785 5564 unus
2823 5507 3145 5577 Palatinus,
3193 5525 3304 5563 non
3349 5517 3460 5563 tum
3510 5507 3678 5563 initia
3705 5511 3836 5564 sunt

2178 5580 2332 5654 nobis
2358 5579 2860 5654 studiijaudqnda,
2892 5597 3078 5654 quam,
3110 5584 3219 5654 etc.

2248 5653 2269 5685 ³
2299 5652 2479 5708 Penes
2508 5651 2850 5723 Victorium,
2881 5651 3020 5725 pene
3045 5651 3432 5726 nequidquam.
