4144 6202
396 414 518 479 ιο9

1063 413 1574 479 COMMENTAR.
1622 416 1700 479 ΙΝ
1747 415 1995 477 EPIST.
2040 414 2142 477 AD
2187 414 2464 480 GALAT.
2509 412 2659 482 LIB.
2704 418 2783 494 II,
2827 418 3001 483 CAP.
3046 419 3155 486 ιν.

3687 424 3808 488 410
3885 484 3890 490 .

400 545 757 613 inimicum;
791 543 931 619 quia
960 547 1124 604 vobis
1153 547 1388 620 plenam
1422 550 1706 606 annuntio
1735 551 2061 606 veritatem.
2094 549 2150 615 A
2178 549 2548 607 aemulatione
2580 552 2742 625 digni
2774 556 2934 619 sunt,
2993 569 3172 624 quam
3223 553 3354 611 illos
3408 553 3570 629 ipsos
3616 555 3821 613 volunt

400 638 718 711 Eleganter
747 641 944 692 autem
1007 638 1358 694 sententiam
1418 639 1775 708 terminavit,
1820 639 2062 694 dicens:

409 732 563 799 Ergo
621 727 890 782 inimicus
945 726 1092 782 vobis
1145 729 1323 798 factus
1377 745 1500 783 sum
1556 731 1837 785 veritatem
1881 728 2066 784 dicens

413 815 610 874 vobis?
645 819 712 871 ut
743 811 1262 872 ostenderetinitia
1309 819 1761 890 pradicationis,
1797 835 1910 874 non
1943 822 2064 873 tam

405 906 720 962 veritatem
747 904 950 972 fuisse,
976 921 1153 976 quam
1178 906 1449 963 umbram
1479 912 1536 963 et
1567 907 1883 981 imaginem
1916 908 2063 964 veri-

397 995 568 1051 tatis.
601 993 823 1049 Similis
855 997 947 1049 est
977 993 1114 1049 huic
1145 993 1249 1050 illa
1310 997 1601 1052 sententia
1653 996 1866 1052 nobilis
1907 998 2062 1069 apud

402 1083 708 1140 Romanos
740 1086 920 1154 poetas
952 1086 1222 1151 (TaasN'r.
1258 1085 1315 1140 in
1345 1085 1488 1140 And.
1522 1103 1561 1152 ι,
1593 1084 1670 1155 1).

625 1216 949 1280 Obsequium
983 1216 1199 1276 amicos,
1249 1217 1444 1267 veritas
1481 1218 1664 1268 odium
1693 1219 1848 1281 parit.

399 1352 518 1409 Sed
554 1350 686 1406 vide
711 1354 931 1422 quanto
964 1350 1059 1406 hic
1088 1350 1300 1407 melius
1357 1369 1534 1424 quam
1591 1351 1720 1421 ille;
1752 1352 2062 1425 Apostolus

404 1439 568 1497 enim
597 1438 691 1495 his
722 1455 871 1510 quos
906 1438 1120 1496 stultos
1167 1440 1391 1497 dixerat
1439 1441 1637 1512 (Galat.
1670 1457 1754 1510 ιιι,
1805 1443 1880 1513 3),
1915 1459 2063 1514 quos

403 1527 684 1604 parvulos
714 1527 1036 1600 appellarat
1066 1531 1228 1600 (vers.
1262 1531 1339 1602 3),
1366 1529 1516 1586 hanc
1539 1529 1890 1587 sententiam
1913 1536 2059 1586 tem-

406 1617 648 1692 peravit,
680 1622 738 1672 et
765 1616 1083 1690 specialem
1115 1618 1286 1675 fecit:
1342 1621 1482 1674 dum
1540 1620 1771 1691 proprie
1828 1620 1899 1674 ad
1933 1635 2060 1690 per-

407 1724 588 1766 sonas
618 1705 975 1778 Galatasque
1007 1707 1237 1764 direxit.
1267 1707 1368 1764 Ille
1395 1724 1528 1764 vero
1547 1713 1603 1764 et
1630 1707 1982 1781 generalem,
2007 1712 2064 1764 et

410 1798 496 1854 ita
521 1813 582 1852 se
612 1797 770 1868 apud
802 1813 1007 1852 omnes
1038 1795 1256 1854 habere
1287 1797 1661 1866 denuntians,
1692 1797 2063 1854 vehementer

411 1884 646 1943 erravit.
679 1884 1039 1958 Obsequium
1069 1885 1250 1952 enim,
1284 1903 1399 1958 quo
1422 1886 1644 1958 putavit
1665 1887 1883 1942 amicos
1910 1880 2056 1955 fieri,
2094 1919 2142 1984 Β

412 1974 659 2030 veritate
687 1975 946 2046 dempta,
981 1992 1098 2030 non
1128 1979 1250 2032 tam
1309 1975 1656 2047 obsequium
1715 1980 1823 2041 est,
1883 1992 2060 2048 quam

416 2063 697 2129 adulatio,
726 2069 783 2120 et
839 2065 1194 2121 assentatio:
1261 2082 1408 2136 quas
1457 2064 1851 2122 clandestinae
1882 2063 2071 2137 magis

416 2153 782 2220 inimicitias,
799 2170 977 2224 quam
992 2152 1281 2210 amicitias
1307 2155 1418 2210 dici
1438 2155 1667 2226 debere,
1694 2155 2068 2228 perspicuum

416 2247 529 2300 est.
564 2242 755 2299 Simul
788 2247 982 2299 autem
1043 2248 1100 2299 et
1153 2242 1300 2299 illud
1362 2245 1876 2314 considerandum,
1913 2244 2070 2315 quod

415 2331 598 2387 hodie
628 2347 858 2403 quoque
887 2332 1150 2403 quandiu
1181 2331 1438 2404 parvulis
1489 2337 1665 2404 atque
1696 2333 2068 2400 lactentibus,

418 2428 481 2478 et
508 2421 602 2477 his
628 2420 686 2477 in
718 2438 971 2494 quorum
1004 2421 1277 2478 cordibus
1315 2439 1618 2495 nunquam
1638 2422 1907 2479 Christus
1937 2423 2072 2479 ado-

412 2510 604 2577 lescit,
638 2526 742 2566 nec
775 2509 1042 2582 proﬁcit‘
1074 2515 1243 2566 aetate
1300 2515 1357 2566 et
1414 2511 1721 2584 sapientia,
1781 2518 1835 2567 et
1883 2512 2071 2585 gratia

415 2599 573 2672 apud
605 2600 759 2656 403
790 2599 976 2654 Deum
1030 2604 1086 2655 et
1115 2599 1385 2656 homines
1441 2601 1593 2672 (Luc.
1652 2617 1713 2666 ιι,
1742 2601 1854 2672 5‘2),
1897 2593 2070 2672 juxta

409 2682 677 2744 litteram
711 2688 1044 2760 Scripturas
1075 2689 1480 2761 explanamus,
1514 2689 1848 2756 laudamur,
1882 2689 2072 2762 suspi-

421 2777 635 2844 cimur,
658 2777 1031 2833 admirationi
1058 2777 1365 2834 habemur.
1385 2779 1528 2836 Cum
1546 2784 1742 2836 autem
1763 2779 2069 2852 paululum

423 2867 777 2940 coeperimus
809 2882 907 2923 eos
937 2884 1269 2940 provocare,
1297 2873 1364 2923 ut
1390 2872 1694 2925 transeant
1717 2867 1797 2925 ad
1823 2871 2068 2940 majora,

423 2956 496 3011 de
528 2956 894 3027 praeconibus
923 2956 1140 3012 nostris
1165 2955 1387 3012 inimici
1420 2957 1601 3024 ﬁant;
1632 2963 1688 3013 et
1731 2957 1939 3013 malint
1967 2958 2070 3012 Ju-

427 3044 580 3100 dzeos
608 3045 804 3116 potius
835 3061 1013 3116 quam
1064 3045 1358 3117 apostolos
1389 3047 1576 3118 sequi,
1640 3047 1739 3120 qui
1780 3064 1814 3102 a
1869 3043 2070 3102 Phari-

425 3149 676 3188 saeorum
699 3131 720 3167 ³
742 3133 1010 3189 doctrina
1039 3139 1096 3189 et
1145 3135 1564 3191 traditionibus
1611 3136 1966 3202 recedentes,
1998 3138 2070 3192 ad

424 3221 622 3294 ipsum
638 3221 933 3278 Christum
948 3223 1417 3295 propitiatorium
1433 3229 1489 3279 et
1501 3225 1910 3296 perfectionem
1927 3224 2071 3297 legis

423 3310 677 3383 ingressi
734 3316 919 3368 sunt:
974 3328 1078 3367 nec
1129 3311 1392 3369 divinum
1449 3330 1781 3370 sermonem
1813 3315 2072 3386 accipere

425 3400 723 3472 dignetur,
758 3401 860 3472 qui
894 3401 1162 3457 Ecclesia:
1195 3402 1507 3474 magistros
1528 3403 1702 3474 jubet
1752 3404 1824 3458 ad
1868 3403 2074 3460 altiora

425 3489 705 3561 dogmata
727 3489 1094 3558 scandere,et
1107 3491 1245 3547 totis
1265 3491 1489 3548 viribus
1511 3491 1831 3549 sublimare
1850 3509 2070 3561 vocem,

425 3593 530 3632 nec
558 3576 1124 3634 circumlatrantium
1156 3565 1468 3652 strepitum
1498 3581 1907 3653 pertimescere
1937 3599 2072 3653 par-

425 3664 717 3733 vulorum,
751 3667 1044 3724 dicentem
1113 3669 1218 3740 (At.
1289 3669 1548 3741 dicens):
1609 3671 1784 3743 Super
1835 3679 2076 3727 montem

426 3756 700 3811 excelsum
727 3757 973 3823 ascende,
1005 3760 1102 3830 qui
1157 3760 1507 3830 evangelizas
1563 3760 1714 3816 Sion.
1774 3761 1976 3817 Exalta
2014 3763 2076 3817 in

424 3845 632 3901 virtute
698 3861 884 3902 vocem
951 3856 1130 3914 tuam,
1187 3850 1284 3920 qui
1345 3849 1689 3921 evangelizas
1751 3850 2071 3906 Jerusalem.

428 3934 650 4005 Exalta,
679 3933 800 3990 noli
822 3937 1015 3992 timere
1045 3937 1178 4008 (lsa.
1210 3953 1288 4003 x1,
1318 3939 1395 4010 9).

502 4021 687 4098 (Vere.
721 4025 806 4092 17,
871 4025 983 4095 18.)
1019 4048 1046 4076 ‹‹
1101 4026 1474 4082 ιΕιιιιιΙιιιιιιιι-
1527 4043 1631 4083 vos
1662 4028 1684 4062 ⁸
1740 4043 1854 4082 non
1886 4027 2070 4084 bene:

424 4111 529 4168 sed
559 4111 865 4169 excludere
893 4130 995 4170 vos
1023 4113 1247 4186 volunt,
1282 4120 1346 4171 ut
1375 4115 1508 4173 illos
1557 4114 1934 4171 aemulemini.
1968 4117 2074 4173 Bo-

426 4216 570 4256 num
602 4205 802 4258 autem
833 4202 1196 4260 semulamini
1228 4205 1288 4260 in
1347 4206 1498 4262 bono
1557 4221 1821 4278 semper;
1857 4210 1912 4262 et
1960 4222 2075 4261 non

421 4293 659 4346 tantum
692 4307 826 4347 cum
859 4309 1118 4364 presens
1150 4311 1281 4350 sum
1314 4295 1470 4366 apud
1499 4311 1620 4352 vos.
1653 4317 1682 4346 ››
1710 4294 2080 4351 ιλΕιιιιιΙιιιιῐιιιε

422 4377 601 4445 bene,
633 4379 734 4450 qui
764 4397 898 4438 cum
929 4382 1165 4439 videant
1194 4382 1254 4438 in
1316 4382 1611 4455 aliquibus
1667 4400 1796 4440 esse
1833 4383 2074 4456 gratias,

429 4466 610 4534 dona,
642 4467 905 4539 virtutes,
930 4471 1044 4544 ipsi
1075 4471 1221 4528 tales
1251 4488 1380 4528 esse
1409 4473 1762 4542 desiderant,
1795 4478 1852 4529 et
1879 4474 2076 4544 ﬁdem,

309 4579 312 4582 -
424 4553 606 4611 vitam
625 4562 801 4630 atque
821 4560 1176 4616 industriam
1209 4577 1409 4617 eorum
1441 4577 1542 4633 per
1571 4578 1697 4633 quae
1728 4561 1828 4618 illa
1857 4578 2079 4617 merue-

2177 640 2362 696 facere
2394 643 2642 712 pejores,
2675 646 2731 699 et
2789 646 3109 699 retrorsum
3167 645 3396 700 trahere
3447 645 3822 703 aemulatione

2174 747 2464 802 perversa.
2497 731 2669 787 Verbi
2701 733 2890 802 gratia
2921 733 3144 788 dictum
3178 733 3294 790 sit:
3327 734 3696 792 Christianus
3731 741 3825 792 est

2174 820 2491 892 quispiam,
2526 821 2666 892 legit
2692 823 2928 894 Moysen
2949 828 3006 878 et
3040 823 3376 896 prophetas,
3408 824 3519 879 scit
3540 825 3740 882 omnia
3760 826 3820 882 in

2175 910 2384 964 umbra
2404 913 2460 964 et
2480 910 2538 962 in
2561 909 2814 983 imagine
2835 910 2914 966 illi
2935 911 3148 984 populo
3171 911 3540 983 praecessisse
3568 938 3581 980 ;
3609 914 3826 985 scripta

2175 1003 2369 1055 autem
2402 1015 2530 1054 esse
2559 1007 2797 1072 propter
2827 1018 2931 1057 nos
2988 1001 3045 1057 in
3080 1018 3226 1073 quos
3277 1002 3423 1058 fines
3474 1001 3821 1060 seculorum

2174 1089 2556 1144 decurrerunt
2580 1090 2628 1160 (1
2681 1090 2801 1146 Cor.
2862 1109 2919 1157 x,
2982 1091 3094 1158 11).
3155 1089 3669 1148 Circumcisioneln
3701 1109 3818 1148 non

2172 1182 2292 1232 tam
2325 1178 2614 1250 praeputii,
2647 1195 2825 1250 quam
2885 1179 3116 1236 aurium
3174 1185 3231 1236 et
3287 1181 3479 1237 cordis
3524 1181 3817 1255 intelligit.

2172 1267 2506 1324 Resurrexit
2535 1284 2669 1323 cum
2699 1269 2929 1326 Christo
2959 1285 2972 1324 :
3031 1286 3100 1325 ea
3156 1270 3363 1342 quaerit
3419 1288 3547 1342 quae
3579 1288 3818 1327 sursum

2173 1360 2311 1411 sunt
2336 1357 2553 1429 (Coloss.
2589 1375 2671 1424 ιιι,
2709 1359 2780 1430 1).
2814 1357 3121 1415 Liberatus
3152 1376 3214 1415 es
3245 1361 3318 1416 ab
3374 1376 3549 1416 onere
3595 1364 3651 1416 et
3697 1377 3817 1416 ser-

2170 1446 2351 1500 vitute
2383 1446 2548 1519 legis,
2583 1463 2655 1502 ne
2685 1451 2920 1520 tangas,
2953 1465 3024 1504 ne
3057 1452 3278 1520 gustes,
3338 1465 3410 1505 ne
3447 1449 3822 1506 contaminss

2171 1534 2396 1606 (Coloss.
2432 1552 2491 1606 ιι,
2541 1536 2655 1607 21),
2707 1537 3052 1608 imperantis
3085 1555 3098 1594 :
3133 1537 3269 1593 huic
3312 1537 3360 1592 si
3393 1537 3526 1609 quis
3565 1538 3830 1611 Scriptu-

2173 1640 2370 1679 rarum
2397 1625 2589 1680 verbis
2622 1623 2866 1681 voluerit
2896 1627 3270 1698 persuadere,
3303 1630 3368 1682 ut
3404 1642 3518 1682 non
3568 1641 3673 1698 per
3700 1631 3822 1682 tro-

2171 1714 2486 1786 pologiam,
2511 1717 2611 1772 sed
2656 1716 3014 1772 occidentem
3046 1718 3202 1774 464
3232 1717 3491 1773 litteram
3524 1733 3651 1789 quae
3687 1721 3828 1773 sunt

2171 1804 2388 1875 scripta
2418 1806 2492 1875 (II
2520 1806 2652 1861 Cor.
2693 1824 2776 1874 ιιι,
2809 1807 2886 1877 (ι),
2940 1805 3256 1879 suscipiat:
3290 1811 3354 1862 ut
3403 1806 3463 1861 in
3515 1806 3824 1863 manifesto

2172 1893 2274 1948 fiat
2301 1893 2561 1961 Judaeus,
2596 1911 2712 1950 non
2758 1894 2816 1949 in
2850 1894 3078 1950 occulto
3130 1898 3310 1965 (Rom.
3349 1914 3410 1965 ιι,
3442 1896 3558 1967 28),
3590 1895 3827 1952 amula-

2178 1985 2276 2037 tur
2307 1997 2440 2037 eum
2483 1999 2598 2038 non
2630 1984 2808 2050 bene;
2843 1985 2943 2040 sed
2998 1985 3225 2040 concito
3273 2001 3448 2040 cursu
3499 1985 3570 2040 ad
3603 1985 3829 2054 majora

2178 2071 2545 2142 gradientem
2578 2072 2873 2128 retrahere
2906 2072 3180 2140 festinat;
3214 2078 3280 2128 ut
3309 2089 3370 2128 se
3422 2072 3618 2145 potius
3647 2090 3826 2128 aamuo

2176 2157 2330 2214 letur
2360 2160 2460 2230 qui
2489 2165 2809 2216 retrorsum
2843 2162 3038 2217 vadit:
3073 2168 3175 2218 aut
3204 2167 3359 2219 certe
3405 2178 3540 2218 eum
3573 2162 3826 2218 multum

2180 2247 2334 2304 ultra
2364 2265 2481 2304 non
2516 2252 2868 2321 promovet‘.
2903 2251 3185 2324 Loquitur
3213 2252 3413 2324 itaque
3448 2251 3692 2319 Galatis,
3723 2251 3828 2320 qui

2179 2338 2250 2393 ab
2312 2338 2708 2395 assertoribus
2767 2339 2917 2413 legis
2983 2340 3208 2396 inducti
3276 2341 3528 2407 fuerant,
3596 2345 3664 2396 ut
3727 2357 3828 2397 eos

2177 2425 2571 2498 imitarentur,
2632 2445 2766 2484 cum
2824 2429 2908 2484 illi
2967 2429 3164 2502 potius
3222 2431 3454 2487 Galatas
3520 2430 3831 2486 debuerint

2178 2515 2418 2572 imitari.
2452 2517 2598 2581 Quia
2653 2518 2918 2575 naturale
2975 2523 3085 2588 est,
3148 2521 3432 2591 majorem
3490 2520 3561 2575 de
3593 2519 3827 2576 minori.

2179 2621 2295 2661 non
2365 2606 2652 2662 minorem
2721 2607 2851 2663 fieri
2919 2608 2990 2664 de
3078 2609 3300 2678 majore
3365 2608 3552 2665 dicit:
3621 2611 3832 2665 Bonum

2179 2695 2533 2750 mmulamini
2558 2697 2618 2751 in
2670 2697 2826 2762 bono,
2873 2697 2931 2752 id
2978 2702 3088 2764 est,
3131 2697 3310 2753 nolite
3360 2701 3679 2754 assertores
3725 2699 3825 2753 Ju-

2180 2783 2357 2839 daicaa
2434 2784 2857 2842 observationis
2924 2786 3167 2851 imitari,
3235 2787 3336 2841 sed
3382 2803 3450 2842 ea
3497 2802 3623 2857 quae
3673 2787 3831 2842 bona

2180 2877 2339 2936 sunt,
2372 2873 2708 2930 imitamini.
2744 2875 3043 2939 Quomodo
3073 2875 3230 2931 enim
3277 2875 3375 2946 qui
3437 2864 3689 2939 divitias,
3723 2891 3825 2946 po-

2179 2962 2448 3028 tentiam,
2502 2962 2846 3035 dignitatem
2903 2962 3157 3032 alicujus
3199 2962 3487 3032 imitatur,
3537 2979 3651 3017 non
3705 2967 3826 3018 tam

2180 3051 2352 3116 bona,
2387 3067 2564 3122 quam
2599 3067 2666 3106 ea
2686 3068 2813 3123 quae
2838 3052 3115 3122 fugienda
3132 3050 3648 3118 sunt,eernulatur;
3673 3050 3831 3107 itaet

2181 3157 2282 3195 vos
2313 3139 2658 3207 econtrario,
2682 3140 2904 3195 bonum
2935 3138 3294 3195 mmulamini
3325 3138 3386 3194 in
3417 3139 3608 3195 bono:
3644 3138 3830 3210 magis

2183 3232 2508 3299 quaerentes
2541 3227 2872 3300 spiritualia
2919 3244 3096 3299 quam
3149 3226 3447 3296 carnalia;
3491 3231 3556 3282 ut
3603 3245 3719 3284 non
3745 3227 3831 3284 illi

2187 3334 2284 3372 vos
2321 3317 2576 3386 Judzeos,
2611 3317 2712 3373 sed
2744 3334 2846 3372 vos
2893 3316 3026 3372 illos
3075 3316 3437 3372 Christianos
3477 3333 3603 3372 esse
3633 3317 3832 3372 docea-

2181 3406 2278 3461 tis.
2335 3407 2454 3462 Hoc
2499 3410 2697 3461 autem
2747 3406 2917 3462 facite
2984 3422 3238 3478 semper,
3307 3409 3371 3460 ut
3434 3404 3834 3477 perseveranti

2182 3495 2389 3568 gradu,
2440 3495 2513 3550 ad
2561 3495 2740 3551 ﬁnem
2789 3495 2927 3550 boni
2975 3496 3165 3566 operis
3217 3495 3517 3566 pervenire
3566 3493 3830 3566 possitis.

2181 3583 2634 3640 Emulabamini
2667 3584 2960 3655 siquidem
2982 3584 3202 3638 bonum
3229 3583 3286 3638 in
3311 3583 3482 3650 bono,
3506 3582 3668 3654 prius
3693 3598 3830 3637 cum

2185 3673 2340 3744 apud
2368 3690 2471 3728 vos
2519 3688 2746 3728 essem:
2799 3672 2901 3744 qui
2952 3677 3263 3745 postquam
3314 3689 3348 3727 a
3396 3671 3563 3728 vobis
3597 3671 3830 3737 recessi,

2184 3761 2382 3817 omnia
2429 3777 2558 3829 quae
2605 3759 2965 3816 tradideram
3023 3760 3388 3833 perdidistis,
3450 3760 3523 3816 de
3584 3758 3836 3815 statione

2185 3856 2342 3906 certa
2371 3855 2428 3904 et
2448 3849 2563 3906 ﬁdo
2590 3856 2783 3921 portu,
2809 3867 3045 3906 rursum
3069 3850 3129 3906 in
3153 3849 3336 3906 altum
3359 3849 3520 3905 unda
3541 3847 3837 3908 relabente

2186 3938 2488 3995 subtracti.
2521 3939 2636 3995 Nec
2667 3940 2885 3996 mirum
2916 3939 2987 4008 si,
3022 3940 3324 3995 recedente
3371 3936 3671 4010 Apostolo,
3701 3953 3836 3992 vase

2185 4028 2487 4085 electionis
2517 4029 2650 4099 (Act.
2685 4047 2763 4094 Ix,
2799 4029 2907 4100 15),
2952 4034 3011 4084 et
3065 4028 3124 4082 in
3178 4044 3292 4099 quo
3343 4025 3609 4082 Christus
3640 4024 3834 4079 Domi-

2186 4134 2299 4173 nus
2328 4117 2678 4188 loquebatur
2727 4118 2800 4188 (ιι
2846 4116 2968 4173 Cor.
3022 4134 3145 4184 χιιι,
3177 4116 3234 4182 3)
3284 4113 3498 4170 Galate:
3548 4117 3688 4169 sunt
3711 4129 3837 4168 mu-

2185 4206 2324 4262 tati:
2380 4223 2512 4261 cum
2558 4206 2733 4261 etiam
2787 4222 2942 4260 nunc
2995 4219 3305 4260 cernamus
3360 4207 3418 4258 et
3464 4203 3524 4257 in
3564 4200 3836 4258 Ecclesiis

2187 4296 2446 4367 idipsum
2480 4295 2625 4350 ﬁeri.
2657 4294 2714 4349 Si
2748 4293 2983 4366 quando
3016 4293 3173 4348 enim
3223 4292 3424 4348 doctor
3472 4291 3605 4364 quis
3655 4291 3716 4346 in
3745 4292 3844 4347 Ec-

2188 4383 2366 4440 clesia
2397 4383 2702 4454 contigerit
2733 4398 3004 4438 sermone
3033 4385 3276 4438 ornatus
3306 4385 3364 4438 et
3405 4380 3547 4447 vita,
3597 4380 3698 4452 qui
3730 4397 3835 4435 au-

2189 4471 2416 4527 dientes
2449 4471 2619 4543 quasi
2653 4469 2914 4527 stimulis
2946 4471 3305 4543 quibusdam
3336 4469 3589 4526 concitet
3619 4469 3692 4524 ad
3722 4467 3836 4523 vir-

2191 4565 2367 4626 tutes,
2394 4560 2659 4616 videmus
2687 4576 2919 4616 omnem
2978 4560 3208 4632 plebem
3264 4559 3417 4615 circa
3446 4558 3836 4629 elemosynas,

428 4649 589 4713 runt,
623 4645 898 4703 nituntur
945 4648 1187 4719 imitari,
1220 4653 1286 4704 ut
1315 4649 1548 4721 possint
1602 4665 1670 4706 ea
1697 4667 1931 4722 quoque
1959 4668 2086 4723 quae
2115 4651 2165 4720 D
2189 4649 2436 4722 jejunis,
2470 4651 2824 4718 castitatem,
2884 4650 3316 4721 susceptionem
3370 4662 3716 4720 pauperum,
3751 4661 3840 4702 se-

433 4729 592 4814 bona
625 4733 1000 4792 emulatione
1030 4736 1209 4810 digna
1239 4742 1398 4808 sunt,
1432 4737 1728 4809 consequi.
1761 4739 1842 4796 De
1871 4739 2087 4811 quibus
2199 4738 2489 4812 pulturas,
2558 4745 2615 4794 et
2675 4744 2879 4796 caetera
2941 4738 3162 4808 similia
3235 4738 3533 4804 festinare,
3602 4738 3839 4797 tervere,

433 4823 494 4875 et
517 4822 836 4892 Apostolus
891 4825 1007 4881 ait:
1065 4826 1439 4882 rEmulamini
1490 4828 1848 4899 spiritualia:
1907 4832 2087 4898 magis
2198 4827 2544 4885 discurrere.
2595 4829 2740 4884 Cum
2795 4831 2990 4884 autem
3037 4826 3135 4882 ille
3188 4824 3512 4891 recesserit,
3555 4821 3840 4895 paulatim

443 4913 630 4966 autem
658 4916 720 4967 ut
748 4914 1078 4984 prophetetis
1115 4917 1164 4984 (Ι
1193 4915 1313 4971 Cor.
1345 4933 1460 4984 xrv,
1521 4917 1592 4986 1).
1652 4923 1733 4972 Ac
1778 4917 2083 4989 deinceps:

443 4995 534 5053 Sic
560 5003 616 5054 et
644 5015 756 5072 vos,
806 5004 1068 5074 quoniam
1122 5005 1476 5062 aemulatores
1532 5005 1658 5062 estis
1686 5006 2083 5077 spiritualium.

436 5086 510 5142 ad
574 5087 1001 5159 adiﬁcationem
1066 5094 1332 5151 Ecclesiae
1396 5097 1627 5167 quer-ite
1685 5100 1746 5151 ut
1791 5097 2088 5154 abundetis

437 5175 608 5246 (Ibid.
644 5179 754 5248 12).
788 5181 857 5237 Et
897 5181 1150 5238 iterum:
1211 5186 1424 5256 Itaque,
1479 5185 1704 5253 fratres,
1735 5187 2089 5243 aemulamini

426 5265 777 5338 prophetare,
805 5273 857 5326 et
887 5270 1040 5344 loqui
1106 5272 1314 5344 linguis
1379 5273 1551 5329 nolite
1603 5275 1888 5346 prohibere
1917 5276 2082 5347 (Ibid.

434 5351 554 5423 39).
606 5356 985 5414 Emulantur
1012 5364 1209 5416 autem
1269 5377 1385 5417 non
1443 5361 1612 5430 bene,
1673 5363 1772 5435 qui
1816 5380 1930 5419 non
1964 5368 2085 5420 tam

433 5439 548 5514 ipsi
579 5445 830 5519 cupiunt
858 5461 989 5506 esse
1021 5448 1311 5518 meliores,
1345 5454 1410 5508 ut
1467 5450 1773 5507 imitentur
1829 5470 1926 5510 eos
1984 5454 2086 5526 qui

506 5587 708 5668 ‘_Cu_m
765 5591 1021 5650 Victoria
1057 5593 1195 5668 duo
1256 5609 1428 5663 mss.,
1486 5610 1769 5668 nunquam
1841 5593 2084 5653 Christus

433 5657 828 5748 adqtevithnﬁc
850 5666 1108 5748 pro[ecit.

509 5731 533 5765 ²
551 5731 724 5807 Apud
751 5731 1100 5812 Victoriam,
1134 5741 1338 5799 etcum
1364 5755 1398 5794 a
1426 5739 1821 5809 Phrisaeorum,
1851 5741 1961 5799 etc.

2199 4933 2610 4982 emarcescere,
2646 4924 2702 4973 et
2731 4917 3027 4972 subtracto
3085 4915 3234 4981 cibo,
3294 4914 3544 4979 tenuari,
3607 4910 3839 4985 pallere,

2196 5003 2592 5079 languescere,
2626 5011 2683 5062 et
2707 5005 3007 5061 interitum
3039 5004 3205 5075 sequi
3238 5003 3502 5059 omnium
3526 5018 3653 5073 quae
3675 5000 3840 5073 prius

2195 5095 2489 5167 vigebant.
2522 5095 2914 5162 Quamobrem
2944 5093 3083 5164 quia
3112 5092 3325 5148 messis
3350 5091 3558 5158 multa,
3590 5088 3836 5162 operarii

2196 5188 2391 5239 autem
2424 5185 2593 5256 pauci
2623 5185 2832 5255 (Matth.
2866 5201 2941 5251 1x,
2992 5183 3105 5254 37),
3155 5197 3479 5253 precemur.
3523 5179 3838 5237 Dominum

2197 5273 2431 5340 messis,
2466 5277 2530 5328 ut
2561 5273 2760 5328 mittat
2789 5270 3088 5343 operarios
3118 5271 3189 5327 ad
3223 5269 3584 5339 metendum,
3609 5267 3710 5340 qui
3731 5265 3844 5339 spi-

2198 5378 2297 5416 cas
2328 5361 2529 5435 populi
2561 5361 2899 5427 Christiani,
2925 5377 3054 5434 qua
3076 5365 3236 5415 stant
3261 5359 3319 5414 in
3349 5358 3624 5424 Ecclesia,
3650 5357 3847 5412 futuro

2199 5450 2396 5508 tritico
2430 5455 2786 5525 praeparatis,
2821 5455 3063 5520 metant,
3098 5449 3397 5522 colligant,
3447 5452 3503 5504 et
3551 5447 3610 5504 in
3644 5445 3854 5503 horrea

2269 5596 2290 5630 ³
2322 5597 2384 5651 Ιιι
2416 5595 2602 5652 Palat.
2637 5613 2750 5653 ms.
2781 5596 3127 5654 aemulantur
3157 5594 3322 5651 vobis.

2268 5667 2291 5702 ‘
2318 5667 2482 5725 Idem
2509 5668 2753 5738 Victor.,
2804 5677 2947 5726 certe
2997 5676 3054 5724 ut
3100 5667 3338 5726 multum
3385 5663 3533 5722 ultra-
3574 5676 3686 5720 non
3721 5673 3849 5738 pro-

2194 5748 2424 5798 moveat.
