4144 6202
359 338 470 412 411

1601 348 1665 413 Sc.
1713 345 2024 420 EUSEBII
2069 347 2520 420 HIEBONYMI

3657 349 3775 414 412

362 477 817 544 comportantes,
851 492 1224 550 nequaquam
1257 477 1444 554 perire
1503 481 1819 554 patiantur.
1854 483 2004 541 465
2041 482 2095 550 Α
2119 481 2625 552 jaciturinlorme,
2649 480 2906 539 utsulcis
2925 483 3174 544 etfundo
3191 481 3318 555 ejus
3333 479 3502 556 quasi
3517 483 3774 556 quodam

363 562 480 618 Hoc
510 563 578 616 de
607 579 672 618 eo
704 563 824 620 zelo
855 570 911 622 et
940 567 1309 626 amulatione
1341 587 1632 643 perversa,
1686 573 1754 629 de
1815 591 1930 646 qua
1957 578 2013 629 et

362 649 501 707 alibi
534 651 757 709 dictum
790 659 916 711 est:
951 659 1130 714 Nolite
1155 662 1414 716 aemulari
1461 663 1522 716 in
1578 664 2013 733 malignantibus

361 740 534 808 (Psal.
570 759 758 814 xxxvx,
793 744 886 814 1);
917 749 973 800 et
1004 746 1097 802 hic
1124 764 1136 802 :
1169 750 1528 805 «Emulantur
1584 768 1672 806 vos
1715 768 1826 807 non
1858 753 2010 809 bene.

363 829 701 886 Invenimus
731 837 926 887 autem
954 839 1011 890 et
1041 836 1220 892 alium
1254 838 1466 906 zelum,
1501 856 1617 911 quo
1666 841 1836 897 zelati
1871 849 2010 897 sunt

363 916 470 974 ﬁlii
499 919 698 988 Jacob,
731 922 946 993 Joseph
979 925 1216 980 fratrem
1250 945 1420 983 suum
1454 931 1606 1000 (Gen.
1641 947 1852 997 xxxvn,
1889 932 2009 1000 11):

361 1013 420 1063 et
447 1009 628 1085 Magia
657 1015 713 1066 et
739 1014 928 1068 Aaron
961 1015 1217 1071 amicum
1275 1018 1506 1073 Domini
1549 1023 1779 1092 Moysen
1817 1022 2007 1091 (Num.

363 1114 462 1162 xu,
494 1101 568 1166 2).
605 1099 804 1172 Neque
847 1102 1002 1158 enim
1058 1111 1159 1160 aut
1202 1106 1304 1172 illi,
1358 1113 1460 1163 aut
1509 1108 1589 1176 hi,
1647 1115 1711 1164 ut
1743 1110 2010 1167 meliores

360 1193 560 1242 essent
588 1190 806 1261 Joseph
834 1196 887 1246 et
927 1193 1141 1266 Moyse,
1185 1195 1257 1251 ad
1289 1196 1479 1258 zelum
1528 1206 1668 1253 sunt
1699 1200 1966 1254 concitati
1995 1219 2008 1269 ;

361 1276 498 1346 quia
530 1276 810 1334 dolebant
841 1279 970 1338 illos
1001 1300 1127 1339 esse
1173 1284 1460 1342 meliores.
1519 1289 1630 1342 Iste
1681 1287 1841 1344 zelus
1870 1290 2010 1344 vici-

358 1381 470 1419 nus
498 1365 731 1421 invidia
767 1374 877 1424 est.
912 1371 1177 1443 Longum
1212 1380 1320 1442 est,
1353 1376 1402 1430 si
1452 1375 1622 1431 velim
1679 1379 1878 1433 omnia
1903 1377 2009 1433 zeli

360 1469 592 1525 genera,
627 1455 758 1512 boni
794 1475 897 1514 seu
930 1460 1067 1516 mali
1129 1463 1199 1517 de
1258 1463 1691 1536 Scripturarum
1742 1468 2012 1537 praeferre

358 1541 660 1602 thesauro.
736 1547 960 1602 Bonum
1028 1550 1215 1606 zelum
1250 1551 1501 1624 legimus
1540 1555 1788 1612 Phinees
1819 1557 2007 1622 (Num.

357 1647 488 1696 xxv,
521 1634 598 1704 7),
634 1634 770 1690 Elia
800 1639 900 1704 (I'II
929 1640 1057 1708 Reg.
1105 1657 1222 1710 xxx,
1275 1643 1383 1713 10),
1433 1643 1727 1698 Mathatia
1760 1645 1808 1716 (Ι
1833 1645 2007 1701 Much.

360 1737 422 1788 ιι,
444 1723 525 1792 7),
557 1727 614 1778 et
646 1725 892 1793 apostoli
919 1726 1084 1784 Juda
1116 1730 1236 1799 (sed
1275 1747 1386 1786 non
1421 1733 1758 1804 proditoris)
1806 1734 1907 1807 qui
1936 1734 2008 1790 ob

358 1807 650 1881 insignem
682 1811 789 1868 zeli
816 1814 874 1868 in
909 1831 969 1870 se
1014 1817 1289 1874 virtutem
1340 1820 1490 1890 (Luc.
1545 1839 1619 1891 ιιι,
1671 1823 1783 1894 34),
1831 1823 2007 1879 etiam
2040 1853 2088 1924 Β

359 1898 547 1924 κμιηιέι.
579 1916 783 1924 ..η-..-μ
825 1905 1037 1924 ----ᾉρι
1096 1907 1150 1924 [Α
1193 1910 1205 1924 ι
1375 1909 1451 1924 ..αν
1529 1911 1583 1924 «ιι
1625 1910 1636 1924 ει
1868 1917 1876 1924 .

357 1898 547 1980 aetatis
578 1916 789 1956 nomen
821 1905 1045 1976 accepit
1092 1907 1228 1978 (Act.
1281 1926 1319 1980 ι,
1365 1909 1475 1982 43).
1529 1910 1746 1976 Malum
1785 1917 2002 1980 autem,

358 1991 424 2040 ut
455 1987 593 2043 Cain
629 1989 685 2045 in
716 1991 857 2048 Abel
886 1994 1037 2065 (Gen.
1065 1996 1125 2067 ι),
1154 2001 1208 2052 et
1240 2003 1578 2055 caterorum
1629 2000 1689 2056 in
1738 2000 1903 2057 alios.
1939 2003 2007 2057 Et

359 2075 551 2132 zelum
584 2078 713 2151 viri,
764 2082 834 2138 de
883 2101 998 2155 quo
1068 2086 1352 2159 scriptum
1423 2093 1546 2146 est:
1598 2092 1664 2146 Et
1717 2093 1930 2148 venerit
1955 2094 2008 2148 ei

355 2167 588 2237 spiritus
619 2171 731 2224 zeli
759 2172 941 2241 (Nam.
993 2191 1048 2239 ν,
1102 2176 1212 2244 14).
1265 2177 1387 2234 Nisi
1448 2179 1594 2236 forte
1641 2179 1873 2236 medius
1914 2181 2005 2240 hic

355 2254 516 2311 zelus
549 2261 656 2325 est,
691 2263 748 2314 et
779 2277 882 2317 nec
914 2263 973 2317 in
1005 2264 1240 2332 bonam,
1275 2283 1380 2323 nec
1413 2268 1472 2322 in
1523 2269 1738 2325 malam
1779 2275 2004 2343 partem

357 2345 542 2416 accipi
570 2352 777 2418 potest,
811 2351 911 2405 sed
945 2351 1095 2409 inter
1115 2358 1432 2427 utrumque
1483 2358 1767 2432 zelotypia
1811 2359 2005 2431 potius

357 2433 708 2505 appellatur,
741 2437 956 2496 Aliter:
989 2441 1265 2499 Videntes
1323 2445 1383 2500 hi
1442 2447 1543 2518 qui
1599 2465 1667 2503 ex
1698 2447 2004 2504 circumci-

358 2522 522 2578 sione
551 2529 717 2578 erant
743 2523 978 2584 Galatas
1030 2546 1098 2585 ex
1154 2533 1450 2603 gentibus,
1511 2536 1764 2608 Spiritus
1817 2537 2004 2593 sancti

361 2609 664 2667 abundare
693 2612 1032 2688 virtutibus,
1066 2635 1127 2674 se
1157 2637 1288 2688 vero
1311 2639 1426 2678 non
1445 2621 1662 2695 linguis
1682 2625 1863 2698 loqui,
1889 2642 2003 2682 non

363 2699 516 2755 dona
546 2699 764 2758 habere
791 2707 1163 2764 curationum
1191 2727 1203 2763 :
1239 2727 1353 2766 non
1385 2712 1630 2785 gratiam
1666 2715 2002 2787 prophetia,

362 2788 679 2861 cupiebant
707 2808 805 2848 eos
835 2794 939 2850 zeli
969 2797 1226 2855 stimulis
1257 2799 1502 2868 incitati,
1534 2803 1606 2859 ad
1653 2803 1799 2877 legis
1830 2821 2006 2861 onera

363 2879 761 2949 transducere,
796 2887 861 2938 ut
889 2884 1214 2958 inciperent
1243 2893 1298 2945 et
1327 2889 1411 2945 illi
1449 2891 1541 2946 sui
1591 2891 1814 2950 similes
1847 2894 1995 2951 ﬁeri.

435 2967 615 3038 (Vers.
653 2971 758 3043 1‘9).
798 2994 826 3023 «
858 2973 1041 3031 Filioli
1097 2977 1208 3032 mei
1260 2995 1409 3050 quos
1460 2979 1671 3036 iterum
1721 2981 2005 3053 parturio,

364 3053 547 3113 donec
578 3059 862 3118 formetur
910 3064 1176 3122 Christus
1230 3067 1288 3123 in
1335 3069 1520 3125 vobis.
1557 3093 1584 3119 »
1618 3071 1862 3137 Quantis
1894 3072 2005 3128 dif-

365 3143 728 3205 ﬁcultatibus
775 3157 832 3207 et
883 3153 1081 3210 dolore
1135 3157 1287 3212 fetus
1337 3163 1683 3230 promantur
1725 3177 1795 3216 ex
1819 3165 2004 3230 utero,

2123 570 2349 643 glutino
2381 571 2812 628 adhareatzde
2869 589 2985 644 quo
3041 577 3098 627 et
3157 573 3442 645 propheta
3499 573 3648 628 initii
3682 574 3776 630 sui

2123 663 2482 729 recordatus,
2553 663 2670 718 ait:
2760 665 3188 735 Incompositum
3268 679 3452 718 meum
3520 663 3772 739 viderunt

2123 751 2269 805 oculi
2295 753 2382 806 tui
2438 752 2613 822 (Psat.
2675 769 2943 823 cxxxvm,
2981 753 3102 823 16):
3161 751 3372 808 deinde
3429 769 3534 824 per
3565 769 3772 809 novem

2123 856 2356 896 menses
2386 841 2649 897 restricto
2680 843 2986 913 sanguine,
3017 841 3251 897 futurus
3283 841 3458 900 homo
3497 841 3770 915 coagula-

2123 933 2238 998 tur,
2269 935 2633 1001 corporatur,
2692 930 2955 1001 pascitur
3009 934 3185 1002 atque
3241 927 3670 1002 distinguitur:
3706 935 3770 986 ut

2123 1023 2438 1090 postquam
2499 1018 2557 1072 in
2618 1022 2782 1073 utero
2839 1017 3158 1090 palpitarit,
3217 1023 3439 1074 statuto
3507 1023 3769 1092 tempore

2122 1107 2403 1162 fundatur
2427 1107 2485 1162 in
2509 1106 2721 1174 lucem,
2737 1111 2795 1163 et
2821 1107 3000 1163 tantis
3017 1107 3464 1164 difﬁcultatibus
3485 1108 3770 1178 nascitur,

2122 1196 2368 1267 quantis
2395 1200 2597 1267 postea
2627 1213 2699 1252 ne
2731 1196 3001 1261 intereat,
3029 1196 3324 1254 enutritus
3345 1215 3360 1253 :
3384 1196 3542 1254 itaet
3571 1213 3770 1254 semen

2123 1286 2414 1341 sermonis
2447 1285 2661 1341 Christi
2692 1302 2824 1341 cum
2878 1287 2936 1340 in
2989 1285 3248 1348 animam
3297 1285 3593 1347 audientis
3623 1287 3766 1348 inci-

2122 1374 2290 1445 derit,
2326 1390 2429 1446 per
2457 1374 2673 1447 gradus
2692 1392 2829 1431 suos
2853 1375 3079 1446 crescit,
3102 1378 3177 1443 et,
3214 1379 3278 1430 ut
3325 1375 3520 1438 multa,
3544 1381 3769 1448 prater-

2120 1480 2250 1518 eam
2282 1467 2624 1536 (possumus
2655 1464 2950 1536 siquidem
2979 1463 3144 1520 facile
3172 1464 3532 1536 corporalem
3558 1465 3774 1521 descri-

2122 1551 2379 1624 ptionem
2414 1553 2725 1609 transferre
2755 1555 2832 1608 ad
2858 1553 3307 1626 intelligentiam
3357 1553 3767 1627 spiritual‘em),

2119 1641 2324 1696 tandiu
2355 1642 2414 1696 in
2447 1641 2684 1714 ancipiti
2717 1647 2824 1712 cst,
2855 1642 3118 1716 quandiu
3146 1642 3338 1714 pariat
3361 1643 3461 1716 qui
3481 1644 3766 1716 concepit.

2119 1729 2235 1786 Nec
2265 1729 2464 1785 statim
2498 1730 2634 1786 ﬂnis
2669 1730 2969 1786 industria
3025 1735 3116 1787 est
3165 1731 3443 1798 edidisse,
3493 1733 3594 1788 sed
3628 1738 3770 1789 tunc

2123 1817 2363 1874 alterius
2395 1818 2612 1874 laboris
2638 1820 2939 1876 exordium
2972 1825 3082 1889 est,
3117 1823 3181 1876 ut
3225 1819 3537 1877 lactentem
3577 1821 3768 1878 infan-

2118 1907 2260 1963 tiam
2286 1907 2505 1964 sedulis
2524 1908 2904 1964 nutrimentis
2923 1912 2979 1964 et
3001 1908 3237 1974 studiis,
3252 1925 3438 1980 usque
3451 1909 3768 1983 adplenam

2116 1995 2329 2052 Christi
2355 1997 2637 2069 perducat
2667 2001 2919 2053 atatem.
2965 1997 3034 2053 Et
3081 1999 3374 2070 quomodo
3407 1998 3466 2052 in
3494 1999 3769 2072 conjugio

2117 2102 2268 2157 sape
2297 2085 2403 2140 viri
2435 2101 2638 2142 semen
2669 2087 2729 2141 in
2761 2103 2942 2142 causa
2963 2091 3052 2143 est
3069 2103 3140 2143 ne
3169 2087 3337 2143 liberi
3368 2093 3765 2159 procreentur,

2117 2191 2543 2248 nonnunquam
2575 2173 2792 2232 sterilis
2823 2192 2970 2232 uxor
2999 2177 3226 2232 semina
3243 2193 3358 2232 non
3381 2182 3558 2243 tenet,
3585 2181 3641 2233 et
3662 2176 3768 2233 tre-

2116 2269 2362 2336 quenter
2388 2269 2591 2320 neuter
2620 2265 2689 2320 ad
2722 2265 3128 2338 generandum
3159 2269 3334 2338 aptus
3365 2269 3472 2334 est,
3501 2271 3606 2321 ete
3627 2282 3766 2322 con-

2114 2353 2294 2417 trario
2318 2358 2563 2426 uterque
2594 2355 2877 2410 fecundus
2903 2373 2915 2411 :
2946 2355 3028 2410 ita
3057 2360 3113 2411 et
3142 2354 3201 2410 in
3250 2355 3344 2412 his
3389 2357 3489 2428 qui
3519 2355 3761 2412 verbum

2115 2441 2218 2498 Dei
2250 2443 2568 2510 seminant,
2602 2443 2963 2516 quadrifaria
2991 2443 3113 2499 hac
3160 2443 3367 2507 divisio
3411 2443 3761 2511 custoditur,

2115 2536 2181 2587 ut
2211 2531 2452 2604 impleat
2483 2532 2723 2605 quidem
2756 2549 2932 2589 suum
2981 2533 3184 2589 doctor
3229 2532 3522 2608 ofﬁcium,
3555 2533 3656 2588 sed
3687 2533 3765 2590 sit

2117 2621 2335 2677 sterilis
2366 2622 2641 2690 auditor;
2673 2621 2760 2678 vel
2795 2623 3026 2678 auditor
3056 2623 3219 2679 bona
3268 2621 3482 2678 indolis
3534 2621 3631 2687 sit,
3663 2623 3765 2679 sed

2116 2726 2217 2784 per
2265 2710 2624 2782 imperitiam
2690 2711 2969 2777 doc-toris,
3019 2711 3179 2768 verbi
3226 2727 3428 2776 semen
3473 2712 3762 2779 intereat;

2116 2785 2217 2854 aut
2247 2802 2400 2854 certe
2431 2803 2552 2854 tam
2594 2815 2794 2856 vecors
2816 2800 2893 2856 sit
2922 2800 3023 2872 qui
3053 2801 3312 2872 docetur,
3345 2817 3518 2873 quam
3555 2799 3651 2857 ille
3678 2804 3769 2858 est

2116 2887 2215 2960 qui
2285 2888 2594 2962 pracipit;
2656 2905 2905 2962 raroque
2972 2889 3275 2962 contingit,
3349 2893 3413 2945 ut
3490 2889 3771 2968 magister

2117 2981 2174 3032 et
2203 2977 2532 3050 discipulus
2567 2978 2677 3034 sibi
2723 2978 3114 3048 consentiant,
3176 2977 3397 3035 scilicet
3443 2981 3509 3034 ut
3537 2982 3768 3034 tantum

2117 3065 2227 3122 iste
2257 3067 2483 3138 doceat,
2518 3072 2804 3139 quantum
2836 3065 2933 3123 ille
2963 3067 3148 3140 possit
3200 3067 3474 3137 haurire;
3527 3066 3619 3122 vel‘
3642 3072 3770 3123 tan-

2119 3160 2248 3212 tum
2282 3156 2582 3229 suscipere
2615 3157 2844 3225 doctus,
2895 3161 3184 3228 quantum
3235 3157 3437 3218 doctor
3487 3157 3766 3231 ingerere.

368 3232 699 3322 maledictio
720 3240 911 3311 prima
933 3243 1187 3300 declarat
1209 3224 1441 3303 dicens:
1469 3250 1532 3304 In
1563 3251 1801 3306 tristitia
1826 3224 2020 3322 paries;
2040 3224 2083 3290 Ο
2118 3249 2195 3300 At
2224 3263 2380 3301 nunc
2412 3224 2616 3302 omnes
2656 3224 2888 3318 jud‘ices
2911 3224 3163 3302 sumus.
3198 3245 3506 3303 Nescimus
3549 3224 3763 3319 quotus

364 3321 510 3391 ﬁlios
537 3323 688 3393 (Gen.
723 3346 805 3396 ιιι,
842 3331 930 3402 16)
961 3331 1170 3387 Volens
1217 3333 1398 3406 igitur
1442 3337 1661 3394 Paulus
1705 3321 2009 3396 ostendere

368 3414 784 3486 magistrorum
849 3437 954 3491 pro
1000 3421 1308 3493 discipulis
1348 3423 1827 3498 sollicitudinem,
1863 3444 2011 3500 quos

367 3501 667 3572 patiantur
713 3506 974 3570 affectus.
1027 3526 1098 3566 ne
1155 3516 1470 3569 sectatores
1527 3515 1618 3569 sui
1669 3517 1940 3573 excidant
1977 3535 2011 3573 a

368 3588 576 3656 salute,
609 3592 730 3649 ait:
763 3596 953 3652 Filioli
978 3600 1090 3654 mei
1152 3617 1282 3671 quos
1338 3604 1536 3657 iterum
1588 3607 1860 3676 parturio.
1903 3606 2010 3671 Qui

368 3678 522 3733 enim
556 3680 615 3736 in
649 3681 760 3739 alio
789 3683 915 3741 loco
964 3689 1132 3759 quasi
1181 3695 1347 3762 pater
1405 3692 1663 3748 dixerat:
1715 3693 1778 3749 Si
1833 3693 2012 3750 decem

367 3767 550 3823 millia
576 3770 1002 3847 padagogorum
1059 3778 1306 3835 habeatis
1366 3782 1427 3836 in
1483 3782 1712 3850 Christo,
1769 3784 1862 3839 sed
1902 3800 2014 3840 non

367 3857 570 3914 multos
599 3868 781 3931 patres
811 3863 858 3931 (I
886 3863 1006 3920 Cor.
1038 3883 1112 3934 1v,
1167 3869 1276 3939 15),
1301 3870 1426 3940 jam
1478 3888 1592 3926 non
1625 3872 1792 3944 quasi
1826 3878 2010 3946 pater,

371 3947 470 4001 sed
503 3953 568 4003 ut
625 3955 814 4007 mater
860 3952 1121 4026 loquitur
1175 3955 1234 4012 in
1292 3957 1545 4027 Christo,
1602 3965 1667 4015 ut
1706 3963 2014 4034 utriusque

370 4036 742 4108 anxietatem,
776 4047 834 4097 et
863 4043 1135 4114 pietatem
1168 4045 1226 4101 in
1273 4063 1334 4104 se
1382 4049 1641 4120 parentis
1671 4057 2012 4122 agnoscant.

371 4125 520 4182 Male
551 4129 692 4201 quid
724 4135 781 4186 et
803 4131 1031 4205 Moyses
1077 4135 1149 4190 de
1178 4135 1390 4208 populo
1440 4137 1789 4210 loquebatur
1816 4155 1828 4193 :
1861 4140 2014 4196 Nun-

371 4216 504 4294 quid
559 4234 655 4289 ego
713 4222 770 4274 in
832 4230 984 4278 utero
1037 4227 1226 4294 accepi
1281 4242 1496 4282 omnem
1546 4229 1810 4300 populum
1848 4231 2016 4286 istum

371 4305 557 4375 (Num.
589 4323 668 4371 χι,
704 4309 790 4377 12)
814 4313 838 4362 .9
863 4309 1023 4378 Quis,
1059 4318 1250 4386 putas,
1285 4319 1553 4372 nostrum
1603 4317 1684 4371 ita
1733 4317 1802 4372 de
1840 4318 2014 4376 disci-

371 4392 646 4465 pulorum
678 4395 888 4454 anxius
918 4405 1006 4456 est
1035 4401 1243 4470 salute,
1303 4409 1368 4460 ut
1427 4422 1543 4461 non
1602 4407 1804 4478 paucis
1833 4408 2012 4477 horis,

373 4487 476 4538 aut
509 4489 572 4539 ut
603 4485 858 4543 multum
893 4489 1071 4545 biduo
1097 4490 1380 4561 triduove,
1415 4494 1514 4550 sed
1574 4499 1695 4552 toto
1737 4497 1867 4553 vita
1896 4515 2013 4554 sua

2119 3335 2392 3391 Psalmus
2423 3335 2520 3402 sit,
2551 3353 2675 3406 qua
2707 3353 2841 3407 pars
2872 3335 3213 3408 prophetia,
3245 3337 3401 3409 quod
3434 3335 3580 3408 legis
3611 3334 3764 3408 capi-

2118 3424 2332 3491 tulum,
2365 3428 2422 3480 et
2451 3425 2728 3496 loquendi
2775 3425 3047 3482 facilitate
3091 3425 3552 3499 interpretamur
3583 3426 3767 3481 auda-

2120 3521 2260 3580 cter,
2297 3514 2450 3585 quod
2482 3530 2855 3586 nequaquam
2901 3514 3312 3588 intelligimus.
3371 3515 3494 3571 N‘on
3542 3515 3620 3570 ad
3658 3531 3768 3570 nos

2122 3603 2392 3675 pertinet,
2447 3607 2509 3658 ut
2551 3603 2822 3660 Christus
2865 3604 3148 3660 formetur
3194 3605 3254 3659 in
3306 3603 3562 3677 populo:
3597 3609 3664 3659 ut
3692 3605 3767 3660 ad

2122 3693 2363 3748 domum
2396 3708 2564 3748 suam
2597 3693 3006 3765 unusquisque
3056 3693 3288 3750 rediens
3317 3692 3532 3749 habeat
3568 3708 3768 3748 semen

2120 3781 2278 3836 verbi
2305 3780 2421 3846 Dei,
2445 3782 2600 3853 quod
2621 3798 2753 3837 cum
2777 3781 3124 3854 conceperit,
3157 3782 3344 3854 possit
3391 3781 3584 3837 dicere
3624 3797 3761 3837 cum

2123 3871 2272 3926 467
2302 3869 2586 3942 propheta
2614 3889 2626 3926 :
2652 3871 2692 3926 Α
2735 3873 2932 3928 timore
2961 3879 3073 3939 tuo,
3125 3876 3389 3940 Domine,
3423 3872 3770 3942 concepimus

2123 3964 2177 4016 et
2194 3961 2508 4032 peperimus
2529 3961 2570 4029 ⁸,
2608 3959 2760 4032 ﬁlios
2807 3961 3131 4016 salvationis
3171 3965 3277 4024 tua
3336 3962 3570 4032 fecimus
3609 3976 3773 4032 super

2125 4056 2332 4108 terram
2357 4049 2661 4120 (13a.xxv1,
2693 4050 2804 4121 47),
2841 4050 2948 4121 18).
2983 4049 3153 4105 Tales
3185 4050 3243 4104 i‘n
3267 4048 3561 4122 apostolos
3583 4054 3770 4104 trans-

2127 4143 2290 4204 eunt,
2321 4143 2379 4193 et
2406 4155 2440 4193 a
2496 4138 2791 4194 Salvatore
2851 4143 3163 4195 merentur.
3201 4139 3313 4211 (Al.
3371 4138 3771 4210 merebantur)

2127 4225 2365 4282 audire:
2423 4228 2743 4300 Quicunque
2797 4229 2991 4299 fecerit
3036 4229 3373 4284 voluntatem
3425 4229 3607 4284 Patris
3643 4229 3772 4294 mei,

2129 4317 2240 4387 ipse
2285 4319 2364 4370 est
2416 4316 2604 4389 frater
2659 4331 2830 4382 meus,
2889 4321 2943 4372 et
2983 4332 3155 4385 soror,
3223 4322 3288 4374 et:
3340 4324 3518 4377 mater
3561 4315 3769 4378 (Matth.

2124 4420 2223 4471 xu,
2256 4405 2383 4475 50):
2436 4403 2768 4461 diversitate
2815 4405 3215 4478 profectuum,
3261 4407 3320 4462 in
3378 4404 3621 4462 diversis
3667 4421 3770 4461 no-

2127 4492 2386 4550 minibus
2418 4498 2651 4550 ostensa
2682 4493 2786 4566 (Al.
2842 4495 3227 4568 ostendente.)
3288 4495 3598 4551 Formatur
3627 4511 3772 4568 quo-

371 4575 635 4666 tempore
663 4581 1026 4666 torqueatur,
1060 4581 1214 4637 466
1275 4582 1457 4639 donec
1511 4582 1774 4640 Christus
1815 4586 2021 4644 forme-
2049 4593 2096 4666 D
2130 4598 2243 4654 que
2274 4581 2542 4638 Christus
2600 4581 2658 4636 in
2716 4582 2888 4638 corde
2945 4582 3344 4651 credentium,
3389 4597 3526 4639 cum
3575 4580 3774 4638 omnia

371 4665 471 4716 tur
500 4663 558 4719 in
590 4664 675 4720 eis
697 4664 725 4719 ?
754 4665 1096 4740 Exemplum
1128 4670 1252 4730 feta
1285 4671 1557 4741 mulieris,
1597 4675 1749 4745 quod
1782 4691 2019 4731 assum-

370 4751 511 4823 psit,
541 4755 927 4828 concipientis
957 4762 1014 4814 et
1073 4759 1380 4816 tormentis
1411 4762 1468 4817 in
1519 4778 1582 4820 se
1608 4763 1851 4830 semina,
1887 4765 2018 4821 dili-

368 4847 574 4912 genter
602 4848 945 4914 tenendum,
1007 4853 1071 4904 ut
1127 4850 1428 4922 possimus
1481 4850 1805 4924 intelligere
1863 4855 2019 4926 quod

372 4931 607 4988 dicitur.
641 4935 861 4993 Natura
911 4954 1027 4993 non
1073 4939 1492 5008 erubescenda,
1547 4941 1645 4996 sed
1691 4943 2021 4999 veneranda

368 5025 457 5075 est
480 5021 517 5074 ί.
545 5022 707 5079 Sicut
727 5025 881 5082 enim
901 5027 958 5081 in
991 5029 1221 5084 vulvam
1255 5027 1523 5086 mulieris
1541 5030 1795 5103 primum
1818 5047 2017 5088 semen

445 5184 456 5215 '
491 5183 856 5265 atqueadeo
890 5185 1180 5265 immerito
1212 5187 1394 5261 culpa
1417 5190 1618 5265 datum
1641 5189 2017 5265 Hieronymo,

368 5253 1235 5344 quodilgbricisturpibueque‘
1269 5253 1552 5344 uteretun
1580 5261 1639 5316 in
1673 5253 2015 5344 disserando

367 5325 670 5409 esemplis.
704 5327 857 5384 Satis
887 5325 1156 5411 apposite
1202 5331 1259 5388 S.
1285 5331 1620 5459 Augustin:
1679 5334 1780 5390 lib.
1829 5353 1925 5417 guv
1953 5335 2018 5392 de

370 5398 534 5478 Cavit,
569 5399 662 5453 Dez
695 5415 821 5478 cap.
853 5401 961 5478 23:
998 5423 1018 5450 ο
1053 5401 1384 5478 Quisquisa
1457 5403 1562 5462 has
1585 5404 2020 5478 litteraSImpu-

368 5469 536 5546 dicus
568 5469 809 5546 accedit,
827 5469 1358 5546 culpamrefu'giat,
1381 5492 1495 5530 non
1524 5482 1795 5533 naturam
1821 5498 1834 5532 :
1865 5469 2017 5534 facta

368 5541 603 5622 denotet
632 5541 1134 5622 suanturp‘idinis,
1179 5541 1293 5622 npn
1343 5547 1519 5622 verba
1574 5553 1783 5622 nostra
1813 5564 2015 5622 neces-

368 5613 562 5695 sitatis
587 5613 646 5672 in
679 5613 1068 5695 quibus'mihi
1105 5617 1271 5676 facile
1300 5617 1549 5692 pudicus
1575 5619 1754 5682 lector
1794 5620 1880 5678 vel
1909 5639 2017 5678 au-

367 5683 521 5740 ditor
547 5683 828 5759 ignoscet.
863 5709 892 5738 ››

2130 4671 2245 4726 illis
2296 4676 2664 4732 sacramenta
2704 4671 3076 4746 panduntur,
3116 4676 3173 4727 et
3214 4689 3284 4732 ea
3339 4687 3464 4744 qua
3521 4671 3774 4732 obscura

2128 4760 2497 4828 videbantur,
2529 4763 2837 4834 perspicua
2883 4761 3054 4824 ﬁunt.
3105 4761 3217 4821 Sed
3263 4765 3320 4817 et
3364 4760 3514 4816 illud
3559 4764 3650 4816 est
3679 4758 3773 4816 iu-

2127 4851 2438 4919 tuendum,
2472 4851 2628 4922 quod
2661 4849 2762 4922 qui
2812 4866 2913 4922 per
2958 4860 3262 4922 peccatum
3283 4850 3305 4884 ⁸
3339 4847 3774 4921 quodammodo

2129 4939 2304 4996 homo
2328 4956 2457 4996 esse
2492 4939 2763 5007 desierat,
2801 4955 2902 5011 per
2935 4938 3338 5012 panitenti‘am
3385 4936 3713 5009 concipitur
3741 4951 3775 4991 a

2129 5029 2437 5102 magistro,
2468 5032 2526 5084 et
2554 5045 2792 5084 rursum
2828 5029 2886 5083 in
2917 5044 2984 5084 eo
3015 5027 3234 5089 Christi
3263 5027 3533 5085 formatio
3583 5040 3802 5100 repro-_

2198 5191 2222 5225 ²
2249 5189 2359 5265 ξιτ)
2381 5189 2490 5265 hoc
2509 5205 2624 5246 uno
2655 5189 2852 5265 verbo,
2874 5193 2936 5265 et
2967 5193 3322 5265 peperimus,
3355 5187 3654 5265 integrius
3672 5201 3772 5258 pe-

2127 5260 2593 5337 nesyiotorium,
2614 5260 3022 5337 parturwimus
3038 5260 3104 5337 fet
3129 5263 3450 5337 peperimus
3476 5260 3770 5337 ﬁam;

2125 5332 2185 5408 in
2215 5331 2484 5408 Vulgata
2519 5341 2570 5389 ει
2588 5331 2752 5408 9w!
2769 5331 3615 5408 meummeum"!
3657 5331 3774 5402 δεῖν

2125 5397 2656 5494 ritumfsed'etin
2706 5397 2900 5466 Graeco
2959 5397 3223 5476 additur,
3272 5397 3773 5476 δίὰὶίώδινῄεαρεν

2125 5479 2213 5529 καὶ
2244 5479 2493 5548 ἐτέκομεν
2526 5479 2758 5548 πνεῦμα.

2198 5549 2220 5583 ³
2251 5544 2554 5630 Palatinus
2585 5544 2722 5630 ms._,
2764 5548 2913 5630 guod
2954 5550 3052 5630 qui
3091 5553 3350 5630 peccator
3376 5544 3778 5630 ᾳιιράαητγιοάο

2127 5636 2240 5677 esse
2269 5621 2521 5688 desierat,
2573 5624 2631 5678 et
2675 5619 2987 5681 Rabanus“
3013 5619 3254 5686 ιωιιω
3299 5619 3574 5687 muniam
3617 5624 3780 5682 homo

2127 5692 2550 5757 praetermittit.
3049 5705 3052 5708 ’

2125 5708 2550 5765 praeterimus.
