4144 6202
373 355 491 430 415

1625 367 1689 428 S.
1734 357 2043 428 EUSEBII
2087 354 2531 428 HIERONYMI

3661 367 3777 429 416

365 505 506 572 sole,
538 522 654 563 non
686 505 920 564 rutilat:
952 506 1032 563 ita
1062 511 1119 565 et
1148 505 1338 580 angeli
1382 509 1559 566 verba
1605 511 1677 566 ad
1709 527 2012 584 compara-

2140 515 2265 564 meo,
2289 515 2413 555 vere
2432 498 2697 567 discipuli
2717 498 2824 555 mei
2843 499 3023 566 eritis,
3046 502 3098 554 et
3116 501 3446 568 cognoscetis
3463 503 3771 572 veritatem,

364 595 582 652 tionem
613 597 1083 668 repromissionis
1109 599 1204 654 Dei
1225 600 1548 667 obscurari,
1574 605 1632 658 et
1651 619 2011 670 evanescere,

367 689 424 742 et
453 702 556 758 pro
596 686 778 743 nihilo
811 689 1157 759 computari.
1208 689 1452 745 Videtur
1491 691 1728 762 quidem
1774 693 1893 748 haec
1923 712 2011 750 re-

366 775 603 847 sponsio
633 776 854 846 aliquid
905 777 1117 833 habere
1157 779 1478 847 momenti;
1527 783 1625 836 sed
1677 783 1874 838 statim
1922 801 2012 840 se-

368 865 601 936 quentis
631 866 946 936 Scriptura:
977 868 1319 923 auctoritate
1349 870 1684 925 conteritur.
1718 872 2012 943 Scriptum

367 957 456 1010 est
486 954 677 1010 enim:
711 955 984 1011 Abraham
1035 965 1220 1012 autem
1264 957 1408 1013 dixit
1457 959 1526 1013 ad
1581 961 1788 1014 Deum:
1825 963 2016 1016 Ismael

367 1045 470 1099 iste
498 1046 647 1099 vivat
667 1045 727 1099 in
758 1049 1052 1116 conspectu
1098 1050 1191 1102 tuo
1235 1045 1398 1116 (Ibid)
1445 1064 1586 1117 xvu,
1623 1048 1746 1118 18):
1779 1053 1836 1104 et
1866 1054 2014 1106 Deus

365 1132 668 1203 respondit
712 1135 782 1189 ad
815 1151 949 1190 eum
980 1134 1100 1190 ita:
1153 1136 1282 1190 Ecce
1322 1135 1458 1191 Sara
1508 1153 1650 1192 uxor
1690 1141 1787 1193 tua
1835 1141 2015 1210 pariet

365 1222 469 1279 tibi
496 1223 697 1291 ﬁlium,
727 1228 782 1279 et
822 1225 1033 1280 vocabis
1077 1241 1276 1280 nomen
1313 1228 1429 1295 ejus
1478 1227 1650 1294 Isaac,
1682 1237 1733 1283 et
1780 1236 2016 1284 statuam

364 1318 744 1367 testamentum
797 1330 979 1368 meum
1029 1313 1098 1369 ad
1143 1329 1268 1368 eum
1322 1315 1384 1368 in
1435 1319 1815 1372 testamentum
1861 1321 2015 1373 aeter-

368 1417 528 1470 num,
561 1403 610 1456 et
635 1404 840 1458 semini
862 1403 978 1472 ejus
999 1408 1120 1473 post
1144 1403 1375 1457 eum-De
1395 1405 1584 1460 Ismael
1613 1413 1796 1461 autem
1814 1425 1833 1462 :
1860 1409 1954 1462 47
1966 1409 2016 1462 0

368 1490 500 1545 Ecce
541 1490 801 1546 exaudiui
853 1499 921 1556 te,
953 1501 1004 1546 et
1052 1507 1168 1547 ecce
1218 1491 1474 1548 benedixi
1513 1510 1657 1561 eum,
1709 1500 1761 1550 et
1807 1497 2016 1564 augebo

365 1594 512 1644 eum,
561 1588 612 1635 et
662 1581 1039 1651 multiplicabo
1081 1586 1243 1641 illum
1302 1585 1664 1641 vehementer.
1724 1587 2018 1642 Duodecim

367 1672 556 1736 gentes
585 1671 895 1741 generabit,
952 1679 1006 1727 et
1035 1673 1172 1731 dabo
1221 1693 1348 1732 eum
1379 1679 1435 1733 in
1489 1680 1703 1749 gentem
1729 1692 2014 1747 magnam,

365 1759 749 1814 testamentum
776 1765 960 1817 autem
999 1781 1185 1820 meum
1231 1770 1475 1823 statuam
1505 1767 1574 1822 ad
1625 1769 1802 1831 Isaae,
1858 1783 2016 1837 quem

2123 598 2174 644 et
2207 590 2407 644 veritas
2437 589 2636 644 liberos
2664 591 2833 660 faciet
2862 606 2952 645 vos
2979 591 3165 659 (Joan.
3199 607 3330 657 vm,
3359 591 3448 658 31,
3470 592 3584 662 32).
3611 591 3775 649 Unde

2124 682 2179 733 et
2209 677 2293 732 illi
2327 679 2662 751 ignorantes
2713 680 3024 752 mysticum
3058 695 3186 736 esse
3241 681 3396 752 quod
3445 680 3773 752 dicebatur,

2124 765 2320 822 aiunt:
2357 767 2548 822 Semen
2577 768 2806 823 Abrahae
2835 785 3042 835 sumus,
3075 778 3125 824 et
3152 771 3367 824 nemini
3394 787 3641 842 unquam
3662 786 3778 826 ser-

2125 857 2394 920 vivimus;
2426 865 2688 931 quomodo
2719 868 2780 914 tu
2825 859 2982 928 dicis,
3015 860 3181 915 liberi
3229 861 3383 916 eritis
3403 864 3429 915 .9
3487 860 3779 932 Respondit

2123 949 2198 1002 eis
2229 948 2380 1003 Iesus
2401 966 2420 1004 :
2452 949 2641 1020 Amen,
2674 965 2835 1004 amen
2882 948 3000 1004 dico
3057 949 3226 1016 vobis,
3284 952 3417 1021 quia
3471 951 3648 1006 omnis
3679 952 3780 1021 qui

2120 1038 2257 1106 facit
2281 1041 2590 1108 peccatum,
2620 1054 2806 1094 servus
2833 1046 2912 1094 est
2932 1040 3164 1110 peccati.
3204 1038 3407 1095 Servus
3453 1047 3640 1095 autem
3666 1055 3778 1095 non

2123 1135 2312 1182 manet
2339 1129 2399 1182 in
2428 1128 2676 1185 domoin
2730 1132 3015 1194 xternum,
3048 1129 3203 1200 ﬁlius
3259 1137 3440 1185 autem
3493 1133 3687 1184 manet
3715 1132 3775 1184 in

2121 1224 2388 1272 wternum
2443 1217 2599 1284 (Ibid.
2655 1218 2862 1289 33135).
2924 1217 2983 1272 Si
3044 1218 3194 1273 servi
3247 1234 3456 1274 sumus
3532 1218 3775 1290 peccati,

2124 1306 2275 1378 Agar
2305 1323 2410 1363 nos
2441 1306 2737 1379 generavit
2777 1307 3080 1379 Egyptia;
3133 1306 3182 1362 si
3242 1323 3360 1362 non
3413 1311 3618 1380 regnat
3648 1323 3778 1379 pec-

2124 1400 2321 1451 catum
2354 1395 2633 1474 inlnostro
2655 1395 2889 1452 mortali
2920 1412 3159 1468 corpore
3179 1397 3354 1468 (Rom.
3386 1413 3462 1460 VI,
3503 1395 3611 1468 12),
3644 1412 3776 1453 vere

2124 1484 2223 1540 Dei
2256 1484 2361 1540 ﬁlii
2392 1501 2621 1541 sumus.

2195 1573 2380 1644 (Vers.
2413 1575 2527 1646 24.)
2560 1596 2589 1624 ‹‹
2621 1576 2756 1638 Quae
2787 1579 2926 1630 sunt
2973 1591 3075 1646 per
3106 1573 3447 1647 allegoriam
3483 1577 3499 1612 ³
3533 1574 3711 1631 dicta.
3747 1597 3774 1625 ››

2124 1659 2416 1735 Allegoria
2445 1663 2675 1735 proprie
2704 1664 2776 1719 de
2806 1668 2930 1720 arte
2977 1664 3365 1737 grammatica
3417 1668 3524 1732 est,
3574 1670 3630 1719 et
3661 1681 3777 1736 quo

2125 1769 2159 1807 a
2190 1753 2550 1823 metaphora,
2583 1752 2671 1824 vel
2705 1753 2926 1809 caeteris
2957 1752 3141 1826 tropis
3185 1753 3433 1820 differat,
3467 1753 3528 1809 in
3560 1752 3778 1810 scholis

364 1848 646 1916 generabit
689 1850 791 1904 tibi
837 1852 980 1907 Sara
1028 1855 1092 1908 in
1147 1859 1388 1926 tempore
1434 1858 1552 1922 isto,
1603 1873 1747 1912 anno
1784 1863 2015 1912 venturo
2045 1871 2094 1936 Β
2126 1841 2349 1936 Ρξὶννξλριί
2382 1842 2688 1936 ἀίὲοίωυει
2722 1842 2895 1936 “illd
2920 1842 3240 1936 Ρνδεῖθυάίί
3281 1842 3340 1897 in
3370 1843 3584 1936 verbis:
3617 1842 3775 1936 ⁸1-Ψά

370 1936 529 2002 (Ibid.
565 1939 652 2001 18,
683 1938 796 2006 20).
828 1941 910 1996 Ex
941 1942 1160 2013 quibus
1190 1945 1427 2002 evidens
1447 1951 1533 2002 est
1565 1945 1751 2017 ipsius
1783 1961 2018 2016 quoque

371 2026 744 2084 sermonibus
769 2030 888 2099 Dei,
914 2033 1123 2088 Ismael
1153 2035 1477 2091 secundum
1501 2035 2016 2106 repromissionem

371 2132 498 2171 esse
536 2122 898 2187 generatum.
931 2122 1039 2175 Sed
1072 2126 1129 2177 et
1157 2123 1266 2178 hoc
1295 2125 1378 2179 ita
1408 2124 1672 2190 solvitur,
1699 2123 2018 2195 repromis-

373 2205 597 2260 sionem
630 2207 862 2278 proprie
890 2208 949 2262 in
983 2213 1317 2268 testamenti
1352 2214 1584 2269 datione
1631 2213 1931 2285 compleri,
1963 2217 2021 2268 et

376 2292 535 2348 aliud
567 2310 694 2351 esse
725 2296 1088 2363 benedicere,
1134 2317 1367 2373 augere,
1420 2303 1810 2373 multiplicare
1851 2302 2019 2357 vehe-

375 2387 620 2449 menter,
657 2386 811 2456 quod
844 2385 901 2440 in
938 2388 1148 2443 Ismael
1174 2391 1459 2462 scriptum
1490 2395 1614 2448 est:
1649 2391 1807 2446 aliud
1839 2391 2021 2446 haere-

375 2471 507 2525 dem
539 2471 724 2527 fecere
754 2490 856 2546 per
901 2479 1344 2545 testamentum,
1378 2481 1533 2550 quod
1583 2481 1653 2535 de
1686 2480 1846 2536 Isaac
1875 2479 2022 2535 dici-

374 2563 511 2614 tur:
573 2559 819 2616 Statuam
893 2566 1274 2621 testamentum
1345 2584 1528 2624 meum
1596 2569 1666 2623 ad
1740 2584 1885 2632 eum,
1963 2570 2024 2623 in

377 2650 757 2705 testamentum
786 2655 1074 2720 aeternum,
1105 2663 1158 2710 et
1184 2658 1388 2711 semini
1415 2661 1538 2728 ejus
1565 2665 1679 2728 post
1700 2674 1825 2712 eum
1860 2657 2020 2726 (Ibid.

379 2735 520 2806 19);
575 2737 642 2794 Et
689 2739 747 2794 in
798 2744 1330 2814 consequentibus:
1392 2747 1785 2802 Testamentum
1841 2749 2025 2802 autem

377 2843 562 2882 meum
613 2835 846 2885 statuam
914 2831 985 2886 ad
1046 2833 1217 2896 Isaac,
1279 2851 1439 2905 quem
1492 2837 1673 2905 pariet
1726 2835 1828 2890 tibi
1884 2835 2024 2890 Sara

377 2916 536 2976 (Ibid.
569 2917 680 2989 21).
712 2919 778 2974 Et
808 2921 1101 2990 quomodo
1134 2921 1292 2978 aliud
1320 2928 1458 2979 sunt
1487 2926 1658 2991 dona,
1693 2924 1852 2980 aliud
1886 2925 2022 2979 sub-

379 3007 633 3062 stantia:
693 3007 851 3064 aliud
910 3009 1120 3082 legata,
1175 3011 1335 3069 aliud
1389 3013 1696 3070 haereditas
1751 3013 2026 3084 (legimus

376 3095 531 3150 enim
562 3096 700 3152 filiis
728 3093 1186 3157 concubinarum
1220 3102 1469 3159 Abrahaa
1499 3104 1654 3173 dona
1684 3103 1933 3159 tradita:
1966 3103 2029 3158 ﬁ-

379 3183 460 3239 lio
493 3188 688 3240 autem
708 3187 862 3241 Sara:
891 3190 1074 3246 totius
1113 3191 1455 3248 substantiae
1503 3193 1900 3248 hereditatem
1933 3209 2026 3248 re-

2128 1929 2421 2003 significat
2450 1931 2509 1986 in
2541 1948 2741 1987 sensu.
2778 1930 2933 1987 Pleni
2967 1936 3107 1988 sunt
3129 1935 3426 1987 oratorum
3457 1932 3597 2003 (sup.
3635 1931 3776 1988 alle-

2127 2019 2350 2092 goriis),
2383 2024 2440 2075 et
2471 2023 2771 2092 poetarum
2804 2019 2958 2076 libri.
2979 2020 3282 2092 Scriptura
3303 2036 3535 2092 quoque
3558 2021 3776 2088 divina,

2130 2125 2232 2180 per
2259 2109 2411 2164 hanc
2443 2126 2558 2164 non
2593 2110 2825 2165 modica
2855 2126 2923 2164 ex
2965 2114 3127 2182 parte
3157 2113 3425 2165 contexta
3455 2115 3562 2166 est.
3615 2110 3780 2174 Quod
3843 2111 3846 2116 ’

2129 2197 2459 2269 intelligens
2488 2197 2702 2254 Paulus
2733 2197 3034 2271 apostolus
3065 2199 3304 2270 (quippe
3344 2199 3445 2271 qui
3496 2206 3552 2255 et
3600 2215 3781 2254 saecu-

2128 2286 2280 2343 lares
2311 2286 2536 2343 litteras
2565 2287 2765 2359 aliqua
2791 2303 2860 2342 ex
2890 2292 3054 2360 parte
3083 2288 3431 2359 cpntigerat)
3463 2287 3590 2360 ipso
3608 2289 3779 2344 verbo

2131 2377 2330 2448 figurae
2362 2393 2506 2431 usus
2537 2380 2643 2443 est,
2690 2381 2756 2432 ut
2803 2375 3164 2449 allegoriam,
3218 2375 3372 2431 sicut
3428 2378 3578 2448 apud
3641 2394 3781 2433 suos

2133 2465 2367 2534 dicitur,
2400 2464 2755 2537 appellaret:
2808 2483 2922 2537 quo
2954 2465 3176 2521 scilicet
3222 2481 3400 2522 sensu
3450 2465 3638 2539 magis
3668 2465 3782 2521 loci

2132 2553 2310 2625 hujus
2339 2553 2519 2608 Graeci
2543 2554 2832 2610 sermonis
2855 2555 3198 2610 abusionem
3232 2560 3610 2610 monstraret.
3635 2555 3785 2611 Scis-

2133 2659 2195 2699 se
2226 2647 2421 2698 autem
2452 2642 2723 2708 Paulum,
2756 2643 2890 2700 licet
2919 2661 3035 2700 non
3059 2644 3128 2700 ad
3148 2644 3468 2716 perfectum
3488 2645 3532 2712 ³,
3562 2643 3784 2700 litteras

2134 2729 2462 2800 saculares,
2522 2730 2709 2803 ipsius
2748 2733 2922 2788 verba
2973 2737 3301 2789 testantur:
3352 2735 3505 2788 Dixit
3563 2733 3782 2804 quidam

2132 2835 2202 2875 ex
2228 2822 2325 2889 eis,
2356 2822 2614 2892 praprius
2667 2837 2852 2876 eorum
2899 2821 3200 2894 propheta:
3251 2824 3527 2880 Cretenses
3573 2838 3788 2894 semper

2133 2910 2437 2978 mendaces,
2470 2909 2635 2965 mala:
2693 2911 2892 2976 bestiae,
2952 2920 3166 2967 ventres
3223 2914 3375 2983 pigri
3427 2913 3553 2982 (Tit.
3588 2929 3628 2979 ι,
3673 2911 3784 2981 12).

2138 2999 2238 3054 llic
2269 3014 2472 3054 versus
2502 2998 2772 3074 heroicus
2805 2999 3162 3072 Epimenidis
3214 3005 3392 3073 poetae
3452 3003 3562 3069 est,
3620 3000 3788 3072 cujus

2136 3091 2192 3144 et
2221 3087 2406 3158 Plato,
2448 3092 2505 3144 et
2534 3088 2723 3143 ceteri
2765 3088 3079 3160 scriptores
3110 3093 3329 3145 veteres
3388 3089 3786 3154 recordentur,

2138 3177 2310 3249 Apud
2344 3176 2731 3233 Athenienses
2777 3194 3010 3250 quoque
3065 3195 3197 3234 cum
3231 3178 3290 3233 in
3347 3180 3646 3250 Areopago
3697 3194 3788 3232 sa-

381 3271 605 3345 lictam)
629 3291 642 3341 ς
667 3273 748 3330 ita
767 3241 941 3332 aliud-
959 3241 2030 3349 $32,381?'ailéiEusTSeIééiéiﬁnéln
2061 3241 2103 3310 α
2139 3241 2452 3338 tiéraceret.
2483 3266 2606 3322 haec
2635 3241 3101 3323 addiditz'Sicut
3150 3275 3202 3324 ει
3254 3241 3609 3341 ρυίάαηι’άὲ
3643 3267 3790 3322 vobis

384 3367 561 3434 atque
599 3363 812 3436 legata,
845 3366 1004 3422 aliud
1051 3370 1496 3425 testamentum.
1543 3371 1648 3427 Sed
1690 3375 1748 3426 et
1776 3372 1886 3427 hoc
1917 3372 2032 3428 dici

383 3456 580 3523 potest
608 3453 680 3508 de
710 3454 975 3519 Ismaele,
1010 3461 1141 3526 post
1169 3462 1514 3529 conceptum
1545 3461 1693 3530 ejus,
1726 3460 1816 3515 vel
1855 3477 2031 3532 ange-

384 3541 635 3607 lum,vel
658 3542 862 3605 Deum,
898 3543 1277 3601 locutum.De
1301 3547 1460 3602 Isaac
1488 3564 1621 3602 vero
1643 3549 2030 3619 antequamin

385 3630 542 3686 Sara:
572 3633 737 3685 utero
785 3632 1212 3704 conciperetur,
1257 3640 1439 3692 Deum
1471 3636 1652 3693 fuisse
1682 3633 2030 3709 pollicitum.

382 3719 515 3774 Haec
546 3717 782 3774 interim
833 3726 1119 3792 quantum
1160 3723 1379 3797 ingenii
1423 3728 1606 3781 nostri
1657 3726 2034 3788 mediocritas

390 3807 616 3874 patitur
634 3807 790 3864 dicta
811 3808 949 3865 sint.
974 3812 1257 3867 Caeterum
1281 3813 1328 3867 si
1353 3814 1486 3885 quis
1506 3818 1699 3886 potest
1720 3817 1914 3886 majus
1936 3814 2038 3871 ali-

389 3896 528 3968 quid
558 3897 835 3967 invenire,
869 3901 1162 3970 quomodo
1185 3902 1390 3959 Ismael
1417 3904 1515 3975 qui
1534 3905 1604 3960 de
1627 3904 1839 3961 ancilla
1861 3909 2036 3961 natus

385 3991 476 4043 est
507 4004 621 4043 non
654 3987 732 4042 sit
759 3989 1256 4060 repromissionis,
1288 3990 1466 4061 ﬁlius,
1502 3994 1602 4048 sed
1646 3994 1805 4049 Isaac
1835 3994 1935 4065 qui
1967 3995 2038 4050 de

381 4075 603 4133 libera:
631 4075 724 4133 ille
757 4078 950 4150 potius
980 4080 1306 4137 audiendus
1351 4086 1458 4138 est.
1493 4084 1556 4138 Et
1583 4084 1636 4138 si
1664 4083 1813 4154 quid,
1849 4083 2040 4154 inquit

388 4166 727 4237 Apostolus,
757 4169 922 4224 aliter
962 4171 1197 4235 sentitis,
1228 4177 1281 4226 et
1331 4173 1430 4228 hoc
1453 4172 1603 4228 vobis
1649 4173 1790 4228 Deus
1835 4173 2041 4228 revela-

386 4257 468 4311 vit
499 4257 764 4327 (Philipp.
799 4275 882 4313 III.
918 4259 1027 4330 15).
1075 4259 1241 4315 Nunc
1286 4260 1539 4316 breviter
1565 4262 1637 4316 ad
1672 4261 1878 4317 altiora
1913 4265 2040 4318 ten-

390 4344 649 4400 dendum
681 4349 788 4411 est,
823 4352 889 4401 ut
930 4347 1198 4405 dicamus
1240 4366 1724 4423 unumquemque
1772 4356 2038 4408 nostrum

394 4431 675 4504 primum,
696 4435 992 4504 nonjuxta
1014 4439 1531 4508 repromissionem
1556 4441 1737 4506 nasci,
1757 4442 2040 4513 quamdiu

389 4521 826 4591 Scripturarum
867 4524 1058 4581 verbis
1088 4525 1457 4597 simplicibus
1488 4529 1822 4597 instruitur,
1854 4533 1911 4585 et
1938 4530 2041 4586 Ju-

2135 3360 2313 3428 poetae
2341 3356 2642 3412 dixerunt:
2681 3357 2859 3428 Ipsius
2899 3359 3050 3412 enim
3104 3366 3154 3413 et
3209 3373 3381 3427 genus
3432 3373 3623 3413 sumus
3654 3356 3788 3427 (Act.

2141 3462 2278 3515 xvn,
2310 3444 2422 3516 28).
2457 3448 2577 3503 Hoc
2623 3443 3062 3500 hemistichium
3115 3445 3296 3502 fertur
3341 3445 3400 3501 in
3457 3450 3655 3510 Arato,
3689 3443 3792 3516 qui

2143 3533 2214 3588 de
2243 3531 2386 3588 caalo
2435 3531 2739 3604 stellisque
2795 3533 3163 3607 conscripsit.
3219 3535 3453 3590 Necnon
3511 3538 3567 3589 et
3603 3532 3794 3588 illud:

2141 3624 2512 3693 Corrumpunt
2561 3622 2729 3677 bonos
2783 3639 2962 3679 moros
3014 3624 3485 3695 confabulationes
3538 3625 3798 3695 pessima

2144 3714 2192 3782 (Ι
2221 3713 2342 3768 Cor.
2376 3728 2467 3778 xv,
2528 3712 2640 3784 33);
2702 3711 2966 3768 trimeter
3022 3712 3312 3770 iambicus
3365 3714 3437 3769 de
3493 3712 3793 3776 commdia,

2145 3804 2418 3872 sumptus
2445 3804 2534 3856 est
2557 3800 2881 3858 Menandri.
2915 3802 2996 3857 Ex
3039 3802 3258 3874 quibus
3289 3806 3346 3858 et
3373 3801 3528 3869 aliis,
3559 3800 3795 3857 evidens

2145 3892 2235 3945 est
2267 3889 2510 3945 Paulum
2561 3907 2676 3945 non
2733 3890 3038 3963 ignorasse
3095 3890 3320 3948 litteras
3380 3889 3708 3957 saeculares,
3740 3893 3797 3945 et

2147 3996 2325 4051 quam
2365 3979 2460 4034 hic
2519 3977 2855 4052 allegoriam
2915 3980 3082 4048 dixit,
3141 3980 3282 4036 alibi
3337 3996 3576 4037 vocasse
3632 3977 3799 4034 intel-

2145 4067 2448 4139 ligentiam
2481 4068 2870 4138 spiritualem.
2917 4068 2990 4124 Ut
3020 4069 3139 4124 ibi:
3190 4071 3408 4126 Scimus
3464 4070 3616 4126 enim
3660 4067 3801 4140 quod

2147 4157 2239 4212 lex
2266 4157 2581 4228 spiritualis
2613 4161 2689 4212 est
2717 4161 2894 4226 (Rom.
2927 4175 3028 4223 v11,
3064 4159 3178 4229 14),
3229 4153 3333 4230 pro
3382 4174 3448 4216 eo
3495 4157 3652 4230 quod
3691 4161 3798 4226 est,

2149 4245 2445 4317 allegoria,
2489 4245 2609 4302 sive
2647 4245 2957 4319 allegorice
3016 4247 3289 4320 ﬁgurata.
3324 4247 3392 4303 Et
3439 4246 3620 4304 alibi:
3679 4244 3802 4301 0m-

2147 4352 2246 4390 nes
2275 4335 2523 4392 eamdem
2578 4337 2926 4407 spiritualem
2984 4339 3138 4394 472
3197 4337 3545 4394 comederunt
3599 4351 3801 4400 escam,

2148 4433 2200 4482 et
2236 4425 2489 4481 eumdem
2544 4425 2899 4497 spiritualem
2957 4427 3212 4482 biberunt
3264 4435 3473 4499 potum.
3535 4425 3804 4482 Bibebant

2152 4523 2335 4570 autem
2363 4515 2428 4570 de
2458 4516 2745 4587 spirituali
2781 4517 3032 4587 sequenti
3058 4531 3144 4572 eos
3169 4520 3352 4588 petra,
3408 4523 3570 4587 petra
3624 4522 3808 4570 autem

389 4611 577 4668 deicis
623 4611 814 4668 adhuc
871 4614 1333 4684 expositionibus
1381 4617 1742 4685 delectatur;
1808 4619 2027 4690 quandi

2151 4612 2269 4659 erat
2301 4602 2551 4658 Christus
2582 4603 2630 4675 (Ι
2657 4603 2777 4659 Cor.
2811 4621 2864 4672 κ,
2895 4604 2949 4669 3,
2978 4605 3054 4676 4).
3098 4604 3312 4660 Manna
3355 4603 3473 4670 hic,
3520 4607 3578 4659 et
3626 4599 3806 4690 subiti

386 4718 520 4757 vero
553 4702 622 4757 ad
677 4701 1026 4759 sublimiora
1071 4705 1518 4772 transcenderit,
1571 4711 1630 4762 et
1658 4705 1843 4778 legem
1875 4706 2043 4762 intel-

387 4789 593 4846 lexerit
636 4791 1021 4864 spiritualem,
1076 4795 1240 4872 tunc
1273 4811 1408 4850 eum
1466 4796 1538 4850 de
1588 4794 2043 4866 repromissione

395 4880 660 4950 generari
691 4898 702 4936 :
735 4885 813 4948 et,
847 4885 913 4936 ut
942 4882 1202 4953 apertius
1231 4883 1458 4955 loquar,
1509 4883 1770 4953 quotidie
1813 4901 1911 4939 eos
1943 4885 2043 4956 qui

391 4965 616 5023 faciunt
644 4986 821 5041 opera
847 4971 1110 5042 Abrahae,
1163 4972 1233 5027 de
1274 4971 1570 5027 Abraham
1611 4971 1794 5027 nasci.
1827 4973 2043 5027 Verum

394 5053 526 5110 illos
547 5057 643 5128 qui
663 5057 881 5113 habent
898 5059 1169 5131 spiritum
1196 5062 1494 5117 servitutis
1510 5061 1720 5116 iterum
1739 5059 1798 5115 in
1817 5060 2044 5131 timore,

392 5161 460 5201 ex
488 5145 700 5202 ancilla
729 5149 992 5219 generari
1019 5150 1324 5221 rEgyptia;
1378 5166 1476 5206 eos
1526 5154 1720 5206 autem
1779 5149 1879 5222 qui
1928 5149 2045 5220 spi-

391 5233 572 5288 ritum
601 5233 930 5306 adoptionis
975 5237 1326 5308 acceperint.
1362 5255 1429 5293 ex
1456 5242 1597 5294 Sara
1638 5237 1822 5293 libera
1869 5239 2044 5309 (Rom.

397 5338 523 5386 vm,
558 5323 682 5394 15):
735 5340 852 5394 qua
897 5322 1165 5380 libertate
1205 5343 1239 5381 a
1288 5325 1519 5384 Christo
1568 5327 1768 5383 donati
1817 5344 2044 5384 sumus.

2153 4691 2335 4748 fontis
2365 4691 2615 4764 eruptio,
2667 4697 2724 4748 et
2773 4697 2937 4764 petra
2984 4693 3114 4765 ipsa
3144 4709 3271 4765 quis
3331 4691 3626 4765 sequitur,
3651 4689 3804 4763 quod

2152 4781 2461 4854 allegorice
2491 4780 2828 4854 accipienda
2869 4782 3010 4848 sint,
3043 4799 3216 4838 nemo
3267 4785 3357 4838 est
3404 4776 3522 4854 qui
3554 4779 3802 4836 dubitet.

2153 4872 2284 4928 Scio
2340 4871 2478 4942 quid
2537 4870 2859 4926 econtrario
2908 4871 3095 4942 possit
3149 4871 3401 4944 opponi:
3456 4872 3700 4936 Fratres,
3756 4868 3806 4922 si

2150 4970 2565 5034 praeoccupatus
2620 4963 2797 5031 fuerit
2851 4960 3007 5015 homo
3063 4962 3122 5015 in
3177 4961 3370 5033 aliquo
3424 4959 3665 5015 delicto:
3719 4971 3810 5012 vos

2153 5051 2468 5122 spirituales
2499 5049 2756 5105 instruite
2813 5049 3119 5105 istiusmodi
3180 5051 3241 5104 in
3297 5050 3500 5122 spiritu
3546 5061 3808 5104 mansue-

2154 5140 2366 5195 tudinis
2396 5139 2595 5210 (Galat.
2629 5155 2706 5209 v1,
2759 5138 2831 5210 1).
2866 5138 2936 5193 Et
2983 5138 3042 5193 in
3091 5137 3204 5195 alio
3262 5139 3432 5195 loco:
3489 5135 3814 5210 Spiritualis

2159 5237 2347 5285 autem
2376 5228 2642 5300 dijudicat
2670 5229 2859 5284 omnia
2882 5245 2900 5282 :
2957 5229 3072 5301 ipse
3100 5237 3282 5286 autem
3309 5245 3344 5284 a
3397 5228 3554 5284 nullo
3608 5223 3817 5298 dijudi-

2158 5327 2320 5376 catur
2377 5319 2425 5391 (I
2448 5321 2574 5375 Cor.
2618 5334 2682 5387 ιι,
2726 5317 2853 5384 15);
2912 5319 3065 5390 quod
3125 5317 3349 5376 scilicet
3404 5316 3566 5374 aliud
3633 5329 3813 5390 quam

399 5411 684 5483 Loquitur
715 5413 996 5470 Dominus
1029 5414 1097 5469 ad
1147 5414 1402 5484 Judeos,
1456 5417 1558 5489 qui
1600 5416 1792 5473 adhuc
1825 5415 2048 5472 ancilla
2161 5425 2340 5481 supra
2370 5406 2648 5473 diximus,
2681 5407 2921 5463 verbum
2971 5405 3276 5481 spirituale
3306 5410 3494 5464 sonet.
3544 5405 3660 5462 Sed
3708 5419 3816 5460 nos

391 5499 498 5556 ﬁlii
535 5517 665 5558 esse
697 5501 1025 5559 malebant:
1058 5505 1207 5560 471
1259 5507 1320 5561 Si
1347 5506 1659 5562 manseritis
1702 5507 1763 5562 in
1798 5521 2050 5562 sermone
2161 5496 2549 5571 spiritualem,
2583 5497 2722 5569 quia
2750 5496 3216 5569 omniajudicet,
3249 5501 3307 5553 et
3334 5496 3461 5571 ipse
3490 5513 3527 5553 a
3577 5493 3817 5553 nemine

465 5629 479 5662 ί
517 5626 579 5682 In
611 5627 1019 5704 ms.__Pa1atino
1062 5633 1118 5686 et
1149 5645 1327 5703 penes
1373 5630 1719 5693 Victorium.
1774 5633 1904 5701 Quae
1935 5635 2055 5704 qui‘

383 5698 506 5756 dem
531 5707 659 5756 sunt
685 5699 1008 5775 allegorica.

2235 5625 2264 5660 ἰ
2287 5623 2493 5681 Confer
2521 5619 2701 5695 Epist.
2734 5621 2856 5693 120,
2891 5621 2962 5680 ad
3005 5621 3336 5694 Hedibiam,
3381 5623 3588 5696 quiest.
3646 5619 3738 5692 11,
3765 5618 3828 5674 et

2168 5714 2295 5771 quas
2325 5695 2407 5755 ibi
2439 5695 2815 5756 adnotamus.
