4144 6202
402 339 516 397 417

1045 339 1557 403 COMMENTAR.
1605 344 1682 404 IN
1729 345 1977 406 EPIST.
2021 345 2126 406 AD
2174 343 2457 406 GALAT.
2503 347 2649 406 LlB.
2698 347 2774 421 ll,
2814 345 2984 407 CAP.
3030 341 3135 408 IV.

3698 349 3817 408 418

409 468 782 543 dijudicetur,
806 486 943 526 eum
968 471 1155 528 virum
1185 473 1456 543 dicimus,
1483 475 1582 548 qui
1612 477 1878 534 universa
1899 477 2052 534 Scri-
2084 479 2138 545 Α
2169 493 2282 532 non
2314 476 2507 532 solum
2539 479 2609 533 de
2638 476 2730 533 his
2761 478 2862 549 qui
2909 477 2966 532 in
2997 476 3256 534 Ecclesia
3288 483 3447 546 sunt,
3483 494 3587 551 pro
3619 477 3810 534 diver-

410 566 719 634 pturarum
769 567 1141 617 sacramenta
1191 580 1568 635 cognoscens,
1613 566 1947 623 sublimiter
1994 584 2061 623 ea

410 649 747 721 intelligat:
804 654 862 705 et
914 649 1210 707 Christum
1262 654 1321 709 in
1376 655 1588 710 divinis
1636 655 1801 712 libris
1833 655 2059 728 videns,

411 739 558 794 nihil
589 739 648 794 in
679 739 766 794 eis
792 738 1053 796 Judaica
1083 741 1418 798 traditionis
1458 745 1750 800 admittat.

483 827 672 900 (Vers.
703 828 795 896 25,
829 829 947 900 26.)
1002 851 1030 880 ‹‹
1065 833 1194 886 Haec
1223 832 1379 887 enim
1425 838 1564 888 sunt
1601 835 1714 889 duo
1745 839 2083 898 testamen-.

413 924 496 984 ta,
530 934 717 974 unum
751 917 989 989 quidem
1023 935 1056 974 a
1086 925 1283 976 monte
1312 922 1471 992 Sina,
1505 923 1564 978 in
1597 923 1934 980 servitutem
1967 941 2062 997 ge-

417 1025 656 1078 nerans,
688 1023 817 1079 quae
846 1011 936 1064 est
966 1013 1142 1081 Agar.
1164 1009 1300 1066 Sina
1329 1012 1486 1067 enim
1518 1029 1686 1069 mons
1716 1019 1808 1069 est
1839 1013 1898 1068 in
1928 1016 2068 1070 Ara-

419 1097 541 1162 bia,
575 1095 675 1168 qui
701 1096 1102 1154 conterminus
1132 1103 1221 1154 est
1250 1099 1322 1170 ei,
1347 1117 1473 1172 quae
1506 1118 1662 1157 nunc
1691 1107 1780 1158 est
1809 1103 1867 1157 in
1896 1103 2066 1158 Jeru-

421 1185 630 1251 salem,
662 1190 718 1241 et
767 1186 941 1242 servit
985 1203 1119 1242 cum
1168 1187 1307 1246 ﬁliis
1356 1191 1647 1254 suis._Illa
1694 1196 1890 1248 autem
1939 1210 2066 1264 quas

422 1291 661 1330 sursum
712 1278 802 1330 est
848 1275 1194 1346 Jerusalem,
1227 1276 1410 1334 libera
1441 1283 1549 1344 est,
1582 1297 1707 1352 qum
1749 1285 1840 1336 est
1883 1287 2070 1337 mater

420 1364 691 1420 omnium
741 1368 1031 1420 nostrum.
1067 1388 1095 1414 ››
1148 1370 1302 1422 Pene
1349 1373 1696 1424 cunctorum
1730 1387 1908 1443 super
1959 1371 2070 1426 hoc

420 1452 549 1509 loco
595 1452 710 1508 ista
756 1458 848 1508 est
898 1453 1248 1525 explanatio,
1282 1460 1346 1510 ut
1374 1459 1527 1530 Agar
1558 1458 1853 1526 ancillam,
1889 1460 2070 1516 inter-
2099 1530 2110 1538 η

426 1547 728 1615 pretantur
755 1542 814 1596 in
847 1541 992 1615 lege,
1027 1547 1082 1599 et
1110 1543 1168 1598 in
1202 1545 1414 1616 populo
1444 1546 1782 1603 Judaeorum
1819 1567 1832 1604 :
1865 1549 2071 1606 Saram

431 1636 626 1686 autem
659 1630 926 1697 liberam,
961 1631 1018 1686 in
1064 1631 1337 1700 Ecclesia,
1357 1651 1498 1706 qua;
1531 1636 1601 1690 de
1630 1637 1906 1708 gentibus
1936 1655 2072 1694 con-

429 1724 670 1793 gregata
698 1725 810 1787 est,
842 1736 969 1791 qua;
1022 1727 1208 1777 mater
1261 1727 1598 1793 sanctorum
1648 1726 1744 1795 sit,
1777 1726 1956 1784 Paulo
1987 1727 2071 1782 di-

431 1815 596 1865 cente
630 1827 643 1864 :
695 1810 829 1878 Quae
872 1819 950 1865 est
993 1814 1170 1866 mater
1215 1815 1462 1868 omnium
1509 1819 1779 1870 nostrum.
1818 1818 1943 1872 Haec
1973 1816 2070 1871 diu

429 1915 544 1954 non
577 1899 821 1971 peperit,
855 1903 1173 1971 antequam
1203 1901 1469 1958 Christus
1501 1905 1572 1960 de
1601 1904 1837 1977 Virgine
1868 1922 2073 1961 nasce-

429 1992 611 2058 retur,
644 1993 702 2043 et
732 1987 950 2044 sterilis
980 1988 1133 2045 fuit:
1188 1991 1435 2046 necdum
1487 1992 1608 2048 risu
1659 1995 1863 2049 mundi
1915 1995 2075 2051 Isaac

431 2077 504 2133 de
557 2077 739 2134 electo
788 2081 950 2149 patre
1001 2095 1134 2134 cum
1180 2096 1320 2136 voce
1350 2080 1699 2137 sublimium
1731 2084 2074 2156 dogmatum

427 2171 742 2222 resonante
775 2183 788 2222 :
823 2166 1111 2238 siquidem
1146 2172 1203 2223 et
1231 2169 1505 2225 Abraham
1534 2171 1592 2226 in
1615 2177 1824 2228 nostra
1853 2173 2074 2246 lingua,

428 2263 592 2329 pater
648 2256 844 2311 electus
896 2272 1021 2311 cum
1076 2259 1258 2313 sonitu
1316 2260 1565 2315 refertur
1596 2262 1634 2315 ¹.
1693 2263 1836 2333 Agar
1880 2269 2075 2318 autem

436 2362 568 2416 quae
617 2343 1032 2417 interpretatur
1075 2343 1352 2420 παροικία,
1385 2347 1444 2403 id
1498 2353 1587 2405 est
1633 2351 1924 2417 incolatus,
1958 2351 2078 2407 sive

424 2435 821 2507 peregrinatio,
855 2434 976 2490 sive
1012 2450 1186 2501 mora,
1235 2442 1475 2509 generat
1529 2439 1760 2507 lsmael,
1794 2441 1891 2511 qui
1946 2446 2075 2496 tan-

430 2528 562 2578 tum
612 2522 804 2578 audiat
842 2524 942 2578 Dei
969 2529 1275 2597 praecepta,
1309 2541 1412 2582 nec
1443 2526 1618 2583 faciat
1649 2527 1946 2584 hominem
1979 2546 2077 2584 ru-

433 2614 673 2678 sticum,
696 2612 1163 2684 sanguinarium,
1188 2614 1419 2671 deserta
1442 2622 1796 2672 sectantem:
1827 2618 1925 2690 qui
1950 2617 2078 2672 uni-

433 2701 620 2758 versis
649 2702 926 2758 fratribus
957 2703 1082 2758 suis
1126 2704 1197 2758 de
1247 2704 1430 2760 libera
1458 2707 1775 2776 procreatis
1803 2706 2080 2762 inimicus

433 2792 535 2859 sit,
567 2796 623 2847 et
652 2792 896 2848 adversa
923 2792 1008 2848 eis
1033 2792 1221 2848 fronte
1251 2794 1505 2851 resistat.
1530 2795 1646 2851 Nec
1672 2796 1887 2852 mirum
1917 2801 2082 2852 vetus

439 2883 908 2950 Testamentum,
955 2883 1110 2954 quod
1163 2882 1221 2937 in
1272 2889 1470 2939 monte
1515 2884 1674 2953 Sina,
1732 2885 1829 2957 qui
1883 2889 1974 2941 est
2022 2902 2082 2940 in

439 2971 676 3041 Arabia,
707 2975 764 3026 et
794 2970 1040 3026 confinis
1070 2976 1159 3026 est
1187 2971 1261 3039 ei,
1295 2989 1420 3043 quae
1451 2989 1607 3029 nunc
1633 2975 1786 3030 413
1808 2979 1896 3030 est
1917 2979 2084 3030 Jeru-

445 3059 650 3130 salem,
701 3060 1086 3115 constitutum
1135 3064 1224 3115 est
1269 3066 1444 3133 atque
1497 3063 1916 3135 conscriptum,
1970 3080 2087 3119 non

445 3164 574 3205 esse
604 3153 952 3220 perpetuum
979 3165 991 3203 :
1025 3165 1159 3203 cum
1189 3153 1246 3204 et
1274 3149 1562 3205 incolatus
1594 3168 1626 3206 a
1655 3156 1935 3223 perpetua
1957 3168 2088 3224 pos-

447 3238 708 3294 sessione
737 3237 1001 3294 diversus
1033 3238 1129 3309 sit,
1161 3243 1220 3293 et
1266 3238 1401 3294 Sina
1450 3240 1666 3296 montis
1712 3257 1923 3296 nomen
1972 3250 2088 3297 ten-

447 3330 709 3384 tationem
759 3330 927 3382 sonet
961 3344 974 3382 :
1025 3331 1082 3383 et
1125 3328 1332 3382 Arabia
1371 3327 1660 3400 signiﬁcet
1689 3344 1934 3386 occasum
1967 3347 1984 3383 :
2039 3335 2097 3386 et

451 3416 778 3473 econtrario
828 3433 955 3489 quae
1012 3433 1248 3472 sursum
1302 3422 1391 3473 est
1433 3418 1778 3486 Jerusalem,
1829 3436 1955 3491 quae
2007 3423 2098 3475 est

449 3506 636 3562 libera
664 3511 969 3578 materque
1007 3512 1369 3577 sanctorum,
1401 3507 1758 3564 demonstret
1806 3507 1955 3564 hanc
2001 3509 2097 3564 Je-

453 3595 730 3668 rusalem,
763 3613 888 3668 quae
919 3597 978 3651 in
1011 3597 1278 3669 praesenti
1326 3601 1434 3662 est,
1465 3597 1740 3652 deorsum
1771 3614 1918 3664 esse,
1952 3605 2010 3654 et
2038 3598 2097 3652 in

455 3683 710 3739 humili’
741 3684 1061 3756 infimoque
1104 3687 1452 3740 demersam.
1487 3687 1637 3740 Sunt
1674 3686 1774 3758 qui
1806 3688 1921 3743 duo
1953 3688 2100 3742 Tes-

459 3777 720 3829 tamenta
748 3778 808 3829 et
835 3773 1006 3829 aliter
1033 3773 1363 3847 intelligant
1395 3791 1408 3831 :
1459 3785 1524 3830 ut
1563 3775 1921 3848 Scripturam
1955 3777 2100 3832 divi-

459 3878 621 3928 nam,
651 3867 771 3916 tam
819 3868 1075 3918 veterem
1125 3880 1302 3935 quam
1347 3880 1576 3928 novam,
1599 3865 1772 3936 juxta
1802 3865 2102 3921 diversita-

464 3955 583 4005 tem
637 3966 842 4006 sensus
882 3967 1203 4024 eorumque
1235 3953 1583 4009 sententiam
1617 3955 1716 4025 qui
1747 3954 1970 4028 legunt,
2003 3959 2106 4011 aut

465 4037 735 4095 ancillam
791 4039 1266 4112 interpretentur,
1298 4047 1400 4096 aut
1449 4042 1715 4110 liberam,
1747 4048 1806 4098 et
1853 4060 1972 4112 eos,
2003 4045 2105 4116 qui

462 4129 656 4185 adhuc
685 4127 892 4185 littera
916 4129 1192 4194 serviant,
1215 4135 1272 4185 et
1302 4131 1573 4201 spiritum
1600 4131 1828 4188 timoris
1854 4132 2108 4188 habeant

462 4219 522 4274 in
557 4219 923 4289 servitutem,
957 4219 1027 4274 de
1054 4221 1208 4290 Agar
1237 4218 1501 4292 Egyptia
1536 4219 1711 4275 velint
1758 4237 1886 4277 esse
1933 4239 2102 4292 gene-

462 4313 668 4364 ratos:
720 4324 820 4364 eos
874 4315 1069 4364 autem
1110 4308 1211 4380 qui
1255 4309 1325 4363 ad
1359 4309 1661 4380 superiora
1689 4312 2104 4380 conscendant,

464 4402 524 4451 et
553 4397 858 4469 allegorice
886 4396 1068 4454 velint
1096 4397 1312 4452 sentire
1344 4414 1470 4468 quae
1515 4398 1732 4470 scripta
1762 4405 1922 4468 sunt,
1957 4401 2108 4455 ﬁlios

469 4502 599 4542 esse
642 4486 814 4553 Sam,
847 4504 974 4560 quas
1021 4486 1080 4541 in
1131 4487 1336 4558 lingua
1384 4491 1584 4542 nostra
1635 4483 1898 4561 ἄρχουσα,
1931 4489 1990 4542 id
2022 4493 2112 4544 est

2173 570 2342 623 sitate
2389 568 2478 639 (ut
2507 585 2686 640 supra
2717 567 3000 635 diximus)
3039 566 3465 636 intellectuum,
3497 567 3643 623 alios
3693 585 3814 624 ser-

2170 673 2292 723 vos,
2326 656 2472 712 alios
2504 657 2716 713 liberos
2746 656 3141 712 arbitremur:
3199 658 3299 711 sed
3351 657 3526 712 etiam
3575 657 3646 713 de
3698 675 3814 713 uno

2174 747 2495 817 eodemque
2553 745 2788 801 homine
2846 743 3108 817 quandiu
3166 746 3433 816 sequitur
3486 746 3820 814 historiam,

2174 834 2399 890 ancillae
2447 851 2580 890 eum
2631 852 2758 890 esse
2808 834 3044 890 ﬁlium:
3096 851 3228 889 cum
3285 839 3482 890 autem
3527 834 3822 907 aperiente

2172 924 2312 978 Jesu
2362 923 2712 995 Scripturas,
2745 923 3048 978 incensum
3100 923 3274 979 fuerit
3322 941 3422 980 cor
3471 924 3622 994 ejus,
3657 927 3715 978 et
3760 923 3820 979 in

2178 1013 2454 1068 fractione
2505 1013 2674 1084 panis
2719 1012 3036 1084 inspexerit
3085 1030 3218 1068 eum
3269 1029 3438 1086 quem
3484 1017 3655 1068 antea
3706 1029 3822 1068 non

2175 1102 2406 1158 videbat
2463 1103 2626 1172 (Luc.
2687 1118 2839 1171 XXIV,
2897 1104 2966 1155 27
3023 1103 3250 1174 seqq.):
3317 1106 3456 1157 tunc
3516 1106 3573 1157 et
3627 1101 3824 1173 ipsum

2178 1193 2331 1247 Sarae
2398 1191 2584 1246 {ilium
2653 1189 2963 1245 nominari.
3028 1190 3282 1247 Marcion
3350 1194 3408 1246 et
3473 1190 3825 1246 Manichaeus

2178 1280 2336 1335 hunc
2365 1279 2560 1335 locum
2607 1279 2665 1334 in
2705 1295 2820 1351 quo
2851 1277 2996 1333 dixit
3026 1278 3342 1349 Apostolus
3376 1296 3389 1335 :
3445 1279 3580 1346 Quae
3609 1278 3828 1352 quidem

2179 1373 2304 1423 sunt
2332 1369 2630 1439 allegorica
2657 1371 2815 1435 (vers.
2851 1369 2962 1436 24),
2998 1371 3053 1422 et
3083 1372 3288 1424 caetera
3313 1385 3440 1440 quae
3474 1373 3824 1440 sequuntur,

2183 1458 2251 1512 de
2273 1457 2466 1514 codice
2500 1474 2605 1513 suo
2628 1456 2830 1513 tollere
2863 1458 3196 1521 noluerunt,
3219 1462 3492 1529 putantes
3514 1459 3825 1514 adversum

2184 1564 2290 1602 nos
2320 1547 2616 1618 relinqui:
2673 1547 2826 1618 quod
2879 1547 3100 1603 scilicet
3150 1546 3239 1601 lex
3293 1546 3460 1602 aliter
3503 1547 3581 1603 sit
3609 1547 3826 1602 intelli-

2183 1637 2391 1709 genda,
2421 1653 2594 1708 quam
2629 1636 2847 1708 scripta
2889 1640 2976 1691 est
3009 1653 3022 1691 :
3081 1653 3211 1691 cum
3247 1635 3449 1707 utique
3479 1635 3707 1691 etiamsi
3743 1635 3827 1691 al-

2183 1723 2429 1795 legorice
2477 1725 2654 1796 (quod
2686 1742 2793 1780 nos
2823 1741 3058 1796 quoque
3089 1726 3356 1792 fatemur,
3390 1729 3447 1780 et
3481 1725 3692 1781 Paulus
3724 1725 3830 1778 do-

2185 1816 2295 1885 cet)
2328 1813 2669 1886 accipienda
2697 1814 2792 1884 sit,
2828 1831 2940 1869 non
2991 1831 3094 1886 pro
3141 1814 3439 1870 voluntate
3474 1814 3740 1886 legentis,
3775 1818 3833 1869 et

2187 1921 2288 1975 pro
2319 1903 2630 1958 scribentis
2663 1903 3006 1958 auctoritate
3056 1903 3139 1958 sic
3189 1904 3424 1958 condita
3477 1903 3604 1958 sit:
3664 1906 3721 1957 et
3764 1918 3831 1958 eo

2185 1992 2332 2064 ipso,
2378 1993 2532 2064 quod
2581 1997 2781 2060 contra
2828 2008 2934 2047 nos
2991 2008 3220 2047 servare
3268 1992 3376 2046 visi
3425 1996 3585 2056 sunt,
3633 1996 3832 2047 conte-

2187 2086 2390 2137 rantur
2423 2100 2435 2137 :
2486 2081 2640 2153 quod
2691 2081 2916 2153 Moyses
2960 2082 3238 2137 creatoris
3270 2080 3370 2135 Dei
3402 2097 3624 2146 servus,
3657 2080 3833 2152 spiri-

2185 2171 2367 2226 tualia
2397 2169 2770 2242 scripserit“,
2822 2168 3095 2240 Apostolo
3144 2184 3376 2241 quoque
3427 2186 3630 2224 eorum
3679 2169 3832 2241 idip-

2188 2277 2317 2316 sum
2351 2261 2614 2329 docente,
2648 2275 2823 2331 quem
2876 2259 2984 2330 ipsi
3037 2257 3278 2315 alterius
3326 2258 3560 2327 Christi,
3594 2261 3749 2315 474
3779 2263 3837 2314 et

2188 2349 2446 2406 melioris
2478 2349 2575 2404 Dei
2608 2352 2881 2404 asserunt
2911 2347 3373 2418 praedicatorem.

2257 2439 2445 2511 (Vers.
2476 2440 2592 2506 27.)
2640 2460 2668 2487 «
2701 2438 2990 2510 Scriptum
3037 2442 3126 2493 est
3164 2437 3320 2492 enim
3351 2454 3363 2492 :
3418 2438 3632 2505 laetare,
3665 2437 3834 2493 steri-

2185 2527 2280 2591 lis,
2314 2544 2438 2598 quae
2490 2543 2605 2582 non
2657 2526 2858 2597 paris:
2917 2542 3160 2597 erumpe
3204 2530 3262 2581 et
3312 2525 3521 2590 clama,
3557 2543 3688 2599 quae
3720 2543 3835 2581 non

2190 2617 2491 2690 parturis:
2549 2615 2688 2687 quia
2740 2615 2908 2670 multi
2964 2615 3068 2670 ﬁlii
3122 2615 3362 2671 descrtze
3415 2615 3604 2688 magis
3657 2631 3836 2687 quam

2190 2707 2318 2778 ejus
2351 2723 2476 2778 quae
2508 2705 2682 2760 habet
2719 2705 2930 2760 virum.
2967 2727 2994 2754 ››
3046 2706 3173 2775 (Isa.
3207 2721 3319 2769 LIV,
3355 2705 3427 2776 1).
3478 2705 3682 2760 Virum
3732 2705 3839 2759 ha-

2191 2796 2319 2851 buit
2349 2810 2641 2867 synagoga
2671 2793 2859 2866 legem
2892 2809 2906 2848 :
2950 2796 3006 2848 et
3027 2793 3198 2864 juxta
3226 2795 3404 2848 Annae
3436 2809 3667 2864 quoque
3698 2809 3840 2864 pro-

2194 2884 2477 2956 pbetiam,
2513 2884 2697 2938 fetosa
2727 2883 3022 2954 quondam
3073 2882 3131 2936 in
3186 2880 3386 2936 liberis
3418 2880 3526 2936 fuit
3553 2882 3601 2952 (Ι
3633 2882 3760 2948 Reg.
3795 2897 3836 2950 ι,

2193 2975 2305 3043 20).
2339 2971 2566 3028 Sterilis
2609 2987 2740 3026 vero
2773 2969 3051 3036 Ecclesia,
3085 2969 3210 3024 sine
3257 2969 3376 3024 viro
3426 2969 3677 3034 Christo,
3713 2971 3841 3024 sine

2198 3061 2313 3116 ullo
2336 3059 2536 3132 sponsi
2564 3058 2851 3114 sermonis
2873 3057 3149 3128 alloquio,
3169 3057 3268 3112 diu
3287 3057 3479 3128 jacuit
3502 3056 3562 3111 in
3586 3057 3838 3112 deserto.

2199 3150 2309 3205 Sed
2339 3153 2646 3220 postquam
2670 3145 2892 3218 accepit
2921 3144 3020 3200 illa
3043 3144 3258 3203 librum
3286 3145 3511 3218 repudii
3543 3146 3602 3200 in
3632 3162 3844 3201 manus

2203 3255 2360 3305 suas,
2385 3242 2442 3292 et
2470 3235 2668 3292 omnia
2698 3240 3044 3290 ornamenta
3071 3235 3178 3289 viri
3210 3236 3268 3289 in
3302 3234 3442 3291 idoli
3473 3235 3645 3291 vertit
3676 3251 3847 3290 orna-

2206 3331 2466 3383 mentum
2493 3341 2505 3381 :
2536 3329 2674 3380 tunc
2697 3323 2962 3388 maritus,
2986 3323 3175 3394 priore
3201 3325 3436 3396 cingulo
3459 3329 3846 3396 putrescente,

2206 3416 2387 3472 alium
2436 3413 2654 3469 lumbis
2706 3413 2829 3468 suis
2875 3411 3201 3476 baltheum,
3247 3412 3404 3468 aliud
3454 3413 3525 3468 de
3576 3413 3849 3486 gentibus

2207 3505 2475 3560 lumbare
2535 3501 2835 3558 contexuit
2881 3501 3102 3573 (Jerem.
3158 3519 3259 3556 xm
3310 3503 3415 3573 7):
3472 3519 3600 3573 quae
3648 3501 3850 3557 statim

2207 3600 2273 3650 ut
2301 3599 2390 3649 est
2426 3593 2548 3648 viro
2589 3593 2816 3663 juncta,
2850 3591 3114 3663 concepit
3143 3597 3200 3646 et
3227 3591 3468 3664 peperit.
3501 3591 3570 3646 Et
3598 3590 3657 3645 in
3690 3595 3852 3645 Isaae

2210 3683 2496 3740 exclamat
2547 3680 2831 3736 Dominus
2891 3697 2994 3752 per
3048 3679 3439 3753 prophetam:
3493 3679 3554 3735 Si
3600 3683 3678 3735 est
3721 3695 3856 3750 gens

2210 3776 2348 3828 nata
2376 3772 2545 3827 simul
2590 3773 2717 3843 (Isa.
2749 3786 2861 3840 xu,
2896 3771 2948 3841 4)
2984 3786 2996 3823 :
3049 3769 3282 3842 quando
3333 3786 3450 3825 una
3488 3768 3580 3824 die
3611 3769 3670 3823 in
3699 3766 3854 3823 Acti-

2213 3865 2324 3918 bus
2355 3859 2752 3933 apostolorum
2801 3859 2914 3914 tria
2946 3857 3132 3914 millia
3161 3862 3219 3914 et
3247 3858 3508 3930 quinque
3542 3857 3724 3912 millia
3752 3856 3856 3910 hc-

2215 3951 2441 4008 minum
2499 3949 2874 4005 crediderunt
2929 3948 3070 4020 (Art.
3130 3965 3201 4016 ιι,
3252 3949 3355 4013 42;
3407 3947 3481 4016 4).
3544 3946 3659 4001 Nec
3716 3949 3857 4017 puto

2219 4057 2450 4097 necesse
2480 4055 2628 4104 esse,
2661 4043 2728 4093 ut
2771 4039 2841 4093 de
2882 4035 3255 4092 multitudine
3287 4034 3670 4097 Chriastiana,
3702 4038 3758 4088 et
3789 4034 3860 4088 de

2213 4131 2547 4187 Judzeorum
2583 4126 2873 4200 paucitate
2903 4126 3190 4191 dicamus,
3223 4141 3358 4181 cum
3394 4124 3452 4179 in
3483 4128 3606 4178 toto
3637 4122 3860 4177 mundo

2214 4220 2406 4276 crucis
2452 4217 2659 4273 vexilla
2711 4215 3168 4287 resplendeant:
3222 4219 3279 4269 et
3330 4213 3422 4268 vix
3470 4229 3638 4268 rarus
3687 4215 3863 4282 atque

2216 4308 2493 4366 notabilis
2525 4307 2584 4361 in
2616 4305 2863 4360 urbibus
2891 4304 3134 4358 Judmus
3171 4307 3468 4376 appareat.

2290 4397 2472 4469 (Vers.
2505 4395 2621 4465 28.)
2654 4417 2680 4444 «
2704 4398 2822 4448 Nos
2851 4397 3068 4463 autem,
3097 4392 3325 4460 fratres,
3354 4393 3678 4449 secundum
3706 4391 3864 4446 Isaac

2219 4484 2629 4560 promissionis
2676 4481 2776 4536 filii
2828 4498 3056 4538 sumus.
3093 4504 3121 4531 »
3173 4482 3518 4554 Apostolum
3552 4487 3610 4536 et
3641 4477 3864 4536 similes

464 4579 740 4648 princeps,
768 4577 1205 4650 interpretatur,
1229 4592 1441 4648 genere
1472 4575 1772 4632 feminino.
1802 4578 1870 4631 Et
1898 4577 2007 4633 hoc
2037 4578 2109 4634 ob
2139 4583 2185 4648 Β
2216 4577 2267 4632 ei
2300 4575 2623 4632 secundum
2659 4573 2818 4627 Isaac
2857 4571 3269 4643 promissionis
3316 4588 3444 4627 esse
3498 4570 3668 4635 filios,
3703 4565 3866 4622 nulla

467 4666 630 4722 illam
661 4666 1069 4722 necessitatem
1114 4682 1177 4723 se
1223 4669 1497 4722 asserunt
1524 4664 1630 4732 (Al.
1664 4670 1910 4734 asserat)
1943 4683 2110 4721 usur-

472 4773 608 4828 pare
641 4775 655 4812 :
707 4757 844 4829 quia
880 4756 1152 4829 iniquum
1201 4756 1279 4812 sit
1329 4756 1587 4827 Moysen,
1620 4757 1678 4808 et
1707 4760 1950 4811 cunctos
1980 4771 2112 4826 pro-

471 4846 679 4918 phetas
727 4847 798 4902 de
849 4845 1092 4914 ancilla;
1114 4845 1406 4917 quoslibet
1443 4860 1575 4900 vero
1606 4843 1913 4916 gentilium
1944 4844 2015 4899 de
2043 4843 2113 4899 li-

472 4934 610 4990 bera
646 4933 971 5006 intelligere
1013 4938 1365 5007 procreatos.
1400 4932 1562 4989 Unde
1611 4931 1823 4987 melius
1871 4947 2018 4998 esse,
2052 4936 2118 4987 ut

545 5098 560 5130 ¹
597 5096 690 5152 Sic
722 5113 956 5169 nempe,
995 5097 1150 5169 quod
1201 5095 1569 5169 Martianzeus
1616 5094 2119 5169 notat,_interpre-

467 5172 628 5222 tatus
672 5175 764 5224 est
802 5161 966 5224 Phill)
1002 5161 1031 5223 ε’
1065 5166 1334 5239 Ἀοραὰμ,
1383 5165 1562 5238 πατὴρ
1613 5161 1866 5239 ἐκλεκτὸς
1897 5161 2114 5239 ἥχόὖς,

474 5239 774 5306 Abraham,
802 5250 966 5312 pater
999 5238 1199 5295 electus
1238 5239 1400 5298 soni;
1447 5239 1588 5291 satis
1616 5238 1916 5301 violenter,
1949 5238 2117 5312 q’uaSi

476 5312 663 5367 tribus
696 5311 855 5368 hisee
882 5312 1076 5367 verbis
1113 5313 1426 5373 constaret,
1459 5320 1562 5374 ΞΝ,
1594 5317 1772 5378 pater,
1805 5321 1942 5378 1m,
1974 5311 2114 5363 elec-

476 5325 663 5367 trmus
699 5325 855 5368 hisce
882 5325 1076 5367 verbis
1113 5325 1426 5373 constaret,
1459 5325 1562 5374 ΞΝ,
1590 5325 1772 5432 galer,
1805 5325 1942 5378 ἰτ-ιι,
1974 5325 2114 5363 eiec-

476 5387 582 5460 ζςιδ,
637 5395 810 5460 mon,
855 5385 1084 5439 sonit-us.
1134 5383 1264 5438 Jam
1318 5396 1423 5436 nec
1480 5395 1583 5450 pro
1627 5395 1712 5460 ari
1761 5379 2114 5460 hieronymo

479 5451 682 5524 liquet,
716 5456 812 5525 qui
845 5472 976 5511 cum
1011 5470 1117 5511 suo
1149 5471 1324 5510 sensu
1366 5467 1577 5525 nomen
1623 5451 1796 5525 istud_
1811 5451 2114 5525 exposuit,

473 5521 692 5597 optime
722 5521 986 5582 omnium
1033 5543 1100 5582 ex
1144 5527 1269 5596 ipso
1301 5524 1449 5580 sacri
1480 5521 1938 5597 textusindicio,
1971 5522 2112 5578 Gen.

468 5595 610 5665 xvii,
639 5599 696 5663 5,
726 5595 1286 5670 interpretatusest,
1314 5601 1534 5669 patrem
1572 5595 1961 5670 multitudinis
1982 5611 2112 5670 gen-

468 5671 638 5743 tium,
659 5685 728 5727 ex
755 5666 1013 5729 Hebraeis
1043 5666 1431 5739 vooibus,V:N,
1457 5670 1639 5742 pater.
1670 5677 1766 5737 ΣΠ,
1796 5666 2114 5740 multitudo,

2223 4662 2616 4734 intelligentiae
2638 4659 2956 4717 difficultas
2977 4664 3083 4716 est.
3099 4661 3210 4715 Sed
3234 4659 3680 4740 quiaOrigenes,
3709 4655 3865 4710 hunc

2223 4754 2416 4810 locum
2449 4752 2799 4815 edisserens,
2833 4750 2914 4804 ita
2944 4749 3205 4820 Apostoli
3257 4748 3451 4820 posuit
3480 4745 3810 4817 exemplum
3847 4761 3861 4801 :

2230 4845 2324 4900 Vos
2381 4849 2583 4908 autem,
2639 4843 2858 4909 fratres,
2917 4838 3216 4894 secundum
3273 4840 3432 4893 Isaac
3482 4836 3868 4909 promissionis

2226 4933 2334 5001 ﬁlii
2359 4932 2511 4998 estis,
2543 4929 2825 5001 quaeritur
2873 4928 3166 4999 quomodo
3216 4927 3473 4991 Galatas,
3517 4941 3663 4997 quos
3718 4923 3868 4980 stul-

2225 5078 2283 5130 et
2315 5085 2424 5141 Dn,
2458 5071 2613 5142 quod
2645 5069 2797 5125 idem
2828 5075 2919 5124 est
2961 5075 3136 5142 atque
3165 5080 3325 5154 11m,
3359 5073 3416 5124 et
3464 5069 3668 5133 turbas,
3698 5084 3869 5140 popu-

2227 5164 2324 5230 los,
2357 5162 2558 5230 gentes,
2592 5158 2766 5228 idque
2796 5175 2980 5229 genus
3011 5158 3266 5231 ingentis
3298 5158 3546 5223 numeri,
3581 5161 3772 5214 sonat.

2296 5235 2317 5266 ²
2349 5232 2539 5285 Minus
2588 5229 2942 5284 cohaerenter
2990 5237 3181 5298 antea,
3214 5232 3560 5300 inﬁrmaque,
3593 5246 3696 5300 pro
3736 5227 3837 5298 inﬁ

2297 5246 2317 5266 ι
2349 5246 2539 5285 Minus
2588 5246 2942 5284 conaerenter
2990 5246 3181 5298 antea,
3214 5246 3560 5301 infirmaque,
3593 5246 3696 5300 pro
3736 5246 3865 5298 mp-

2223 5321 2331 5367 mo,
2368 5302 2520 5374 quod
2555 5302 2868 5374 praeferunt
2910 5318 3053 5358 mss.
3093 5303 3152 5356 In
3208 5320 3323 5357 uno
3360 5308 3562 5374 autem
3613 5300 3870 5374 Palatino

2227 5371 2508 5446 sejunctis
2539 5371 2728 5426 verbis
2761 5373 2909 5427 bono
2939 5389 3101 5443 aeque
3146 5390 3322 5430 sensu
3354 5373 3585 5444 legitur,
3618 5374 3678 5426 in
3708 5373 3870 5442 ﬁmo-

2225 5464 2578 5597 ??fScilicet
2630 5511 2933 5597 libro,'qui
2983 5518 3262 5597 Apostolus
3311 5514 3868 5597 iiiscril.)ill11'“.lu.Xta

2225 5587 2544 5662 Marcionis
2598 5583 3266 5662 recensio'nemCRecole
3332 5585 3601 5662 superius
3650 5583 3866 5644 Psalm.

2223 5678 2394 5725 xxxxv
2443 5658 2566 5734 (col.
2597 5657 2744 5734 983).
