4144 6202
342 302 462 360 419

1594 297 1658 358 S.
1705 293 2017 360 EUSEBII
2061 288 2506 357 HIERONYMI

3637 275 3758 350 420

345 438 440 489 tos
471 431 810 503 appellarat,
843 434 900 487 et
949 429 1256 502 incnepisse
1301 430 1526 485 dixerat
1558 429 1793 502 spiritu,
1825 445 1998 485 carne
2030 437 2078 500 Α
2111 429 2436 485 videbimus
2469 428 2653 484 multo
2685 428 2936 498 majores
2977 424 3432 498 persecutiones,
3465 439 3611 496 quas
3643 433 3757 480 nos

348 522 516 576 ﬁnire
556 520 759 593 (Galat.
797 536 882 586 ιιι,
913 520 990 591 3),
1048 536 1206 575 nunc
1259 521 1581 574 secundum
1634 521 1792 575 Isaac
1849 519 1999 575 ﬁlios

348 609 823 683 repromissionis
854 607 1065 664 vocet?
1114 608 1375 664 Dicimus
1425 608 1624 679 itaque
1653 607 1997 680 Apostolum

346 701 475 756 ideo
505 716 603 756 eos
629 697 922 771 appellare
951 698 1276 753 secundum
1303 702 1461 777 Isaac
1492 697 1643 752 ﬁlios
1678 697 1996 769 repromis-

349 789 554 856 sionis,
587 789 728 858 quia
764 803 880 842 non
925 787 1160 858 penitus
1191 803 1393 842 eorum
1427 787 1696 858 desperet
1725 785 1994 852 salutem,

348 883 406 934 et
435 893 672 933 rursum
715 894 813 932 eos
857 877 929 932 ad
975 875 1248 947 spiritum
1281 891 1396 948 quo
1428 881 1723 948 coeperant
1751 876 1999 931 aestimet

347 983 707 1033 reversuros,
738 966 998 1036 ﬁantque
1031 965 1134 1018 ﬁlii
1166 964 1378 1020 liberas.
1414 964 1522 1030 Qui
1566 964 1615 1020 si
1666 981 1838 1020 carne
1876 964 1998 1020 fue-

347 1056 467 1112 rint
496 1053 910 1120 consummati,
944 1052 1049 1107 ﬁlii
1081 1057 1222 1108 sunt
1251 1052 1497 1109 ancillae.

417 1144 605 1217 (Vers.
636 1143 844 1214 29-31.)
894 1165 922 1193 ‹‹
956 1143 1062 1196 Sed
1103 1143 1396 1213 quomodo
1449 1147 1591 1197 tunc
1644 1143 1743 1214 qui
1798 1158 2000 1198 secun-

347 1235 487 1290 dum
520 1249 752 1289 carnem
783 1237 957 1288 natus
989 1232 1196 1301 fuerat,
1232 1229 1701 1303 persequebatur
1729 1247 1862 1288 eum
1895 1232 1997 1303 qui

343 1323 670 1379 seCundum
705 1321 979 1394 spiritum
1015 1339 1028 1376 :
1084 1321 1166 1375 ita
1216 1325 1272 1376 et
1321 1337 1496 1376 nunc.
1530 1320 1640 1376 Sed
1687 1321 1826 1392 quid
1858 1320 1998 1376 dicit

346 1412 697 1483 Scriptura?
746 1409 898 1481 Ejice
953 1407 1226 1465 ancillam
1287 1413 1345 1464 et
1407 1409 1594 1464 ﬁlium
1644 1411 1821 1480 ejus:
1878 1425 1994 1465 non

348 1501 505 1555 enim
537 1500 722 1554 haeres
754 1499 862 1554 erit
895 1497 1050 1553 ﬁlius
1083 1496 1302 1552 ancillae
1334 1514 1468 1552 cum
1503 1497 1620 1553 ﬁlio
1653 1514 1778 1552 meo
1812 1498 1995 1553 Isaac.

348 1593 571 1660 Itaque,
597 1589 827 1652 fratres,
852 1605 966 1642 non
998 1603 1206 1642 sumus
1236 1585 1459 1641 ancillas
1493 1586 1617 1657 ﬁlii,
1644 1587 1744 1641 sed
1778 1585 1994 1642 liberte.

349 1679 473 1744 Qua
515 1677 788 1732 libertate
819 1675 1084 1731 Christus
1132 1691 1239 1730 nos
1270 1674 1554 1732 liberavit.
1593 1697 1621 1726 ››
1676 1675 1800 1731 Νοη
1857 1681 1997 1748 puto

348 1765 607 1820 invenire
661 1779 777 1819 non
830 1779 1001 1835 posse
1052 1763 1152 1818 ubi
1202 1763 1412 1819 Ismael
1464 1769 1804 1835 persecutus
1844 1766 2029 1822 Δτὸε

348 1853 525 1910 fuerit
574 1855 779 1909 Isaac:
833 1855 934 1908 sed
985 1856 1217 1907 tantum
1263 1851 1429 1923 illud,
1463 1854 1620 1924 quod
1669 1869 1802 1909 cum
1839 1853 1995 1910 ﬁlius

346 1941 648 2015 Egyptian,
681 1940 780 2013 qui
811 1941 1002 2012 major
1031 1945 1171 1996 natu
1202 1945 1345 2012 erat,
1379 1941 1606 1997 luderet
1643 1957 1778 1998 cum
1810 1943 1991 2010 Isaac,

356 2031 662 2102 indignata
709 2029 785 2086 sit
831 2029 992 2095 Sara,
1026 2034 1082 2085 et
1113 2029 1323 2085 dixerit
1351 2029 1423 2085 ad
1455 2030 1750 2087 Abraham
1786 2050 1800 2088 :
1852 2033 1998 2103 Ejice

349 2120 616 2176 ancillam
644 2123 694 2174 et
723 2118 904 2188 ﬁlium
935 2118 1054 2189 ejus
1083 2137 1102 2173 :
1149 2135 1260 2174 non
1287 2121 1437 2175 enim
1467 2119 1819 2177 haereditabit
1846 2122 1998 2191 ﬁlius

348 2209 576 2265 ancillae
621 2223 746 2263 cum
789 2207 908 2276 [ilio
958 2222 1076 2262 meo
1123 2209 1272 2263 Isaac
1309 2207 1461 2279 (Gen.
1495 2227 1608 2276 xxx,
1639 2211 1752 2281 22).
1786 2213 1855 2266 Et
1884 2210 1999 2266 uti-

351 2313 464 2369 que
517 2295 766 2367 aimplex
813 2295 982 2351 lusus
1034 2296 1190 2352 inter
1236 2297 1511 2364 infantes,
1555 2298 1896 2369 expulsione
1943 2302 2001 2354 et

351 2385 720 2440 abdicatione
750 2384 1030 2456 indignus
1077 2388 1185 2440 est.
1217 2385 1435 2440 Verum
1466 2386 1779 2458 Apostolus
1827 2387 1999 2458 quasi

351 2473 626 2528 Hebraeus
675 2488 745 2527 ex
776 2473 1050 2537 Hebraeis,
1083 2478 1142 2528 et
1171 2475 1240 2528 ad
1275 2475 1452 2545 pedes
1483 2475 1749 2546 magistri
1783 2475 2000 2531 Gama-

350 2561 501 2616 lielis
531 2561 771 2616 edoctus
801 2562 944 2632 (Act.
977 2578 1112 2626 XXII,
1147 2563 1201 2628 3)
1236 2578 1249 2616 :
1301 2563 1402 2633 qui
1453 2564 1749 2634 quondam
1801 2565 1999 2621 furen-

349 2655 437 2706 tes
468 2650 746 2705 adversus
776 2649 1086 2706 Dominum
1121 2649 1235 2720 (Al.
1268 2652 1425 2722 eum)
1469 2652 1776 2709 Phariseos
1806 2654 1997 2709 conci-

348 2737 424 2794 lio
453 2739 790 2804 refrenaret,
823 2755 892 2795 ex
921 2739 1112 2795 verbis
1142 2740 1296 2795 Sara:
1344 2742 1593 2798 dicentis
1625 2759 1637 2798 :
1689 2744 1806 2798 Non
1852 2746 2002 2799 enim

349 2827 697 2886 heereditabit
740 2829 894 2900 ﬁlius
942 2830 1169 2887 ancillae
1213 2846 1338 2885 cum
1385 2831 1502 2901 filio
1549 2847 1666 2887 meo
1697 2834 1874 2899 Isaac,
1910 2833 1998 2888 in-

348 2916 569 2974 tellexit
618 2915 816 2972 lusum
869 2916 1038 2972 illum
1095 2917 1422 2990 simplicem
1473 2936 1588 2975 non
1639 2921 1839 2976 fuisse.
1888 2921 1998 2976 Sed

351 3007 489 3077 quia
519 3005 762 3062 forsitan
797 3005 1006 3062 Ismael
1037 3007 1206 3078 quasi
1239 3007 1428 3077 major
1457 3013 1618 3076 natu,
1651 3014 1708 3064 et
1751 3025 1815 3065 eo
1847 3013 2000 3065 tem-

2109 520 2283 575 etiam
2331 519 2594 574 Historiae
2637 519 2872 583 docent,
2929 533 2962 570 a
3007 515 3228 570 Judasis
3277 513 3336 568 in
3391 512 3753 568 Christianos

2108 626 2283 680 quam
2317 627 2350 663 a
2379 609 2653 682 gentibus
2680 605 3020 662 concitatas.
3051 603 3336 658 Miramur
3382 603 3452 657 de
3479 602 3699 658 Judzsis
3725 603 3754 658 ‘l

2108 698 2290 752 Hodie
2337 713 2569 768 quoque
2619 695 2677 749 hi
2727 695 2828 765 qui
2879 692 2937 747 in
2989 691 3214 747 Christo
3249 691 3266 724 ί
3317 687 3541 758 parvuli
3593 687 3753 755 sunt,

2108 788 2154 858 (l
2181 785 2305 842 Cor.
2339 801 2425 852 m,
2459 788 2532 853 1),
2586 784 2741 839 476
2791 786 2848 838 et
2892 781 3096 836 vivunt
3124 777 3434 834 carnaliter
3465 777 3666 847 (Colat.
3699 794 3752 848 v,

2109 876 2218 946 16).
2253 877 2687 946 persequuntur
2715 887 2814 927 eos
2857 871 2957 941 qui
3007 885 3075 924 ex
3119 883 3273 940 aqua
3303 872 3361 922 et
3390 866 3599 937 spiritu
3632 865 3755 922 nati

2107 971 2248 1020 sunt
2290 965 2470 1035 (Joan.
2506 971 2591 1028 In,
2621 962 2700 1033 5),
2731 966 2790 1016 et
2833 975 2966 1015 cum
2999 958 3229 1014 Christo
3260 955 3654 1028 resurgentes,
3684 969 3754 1012 ea

2107 1056 2378 1124 quaerunt
2423 1066 2552 1122 quas
2602 1065 2841 1105 sursum
2880 1051 3039 1114 sunt,
3074 1063 3189 1103 non
3219 1047 3495 1102 deorsum
3526 1043 3748 1113 (Coloss.

2108 1157 2190 1210 III,
2225 1141 2297 1213 1).
2332 1140 2570 1196 Faciant
2609 1139 2763 1210 quod
2811 1137 3012 1192 volunt
3043 1154 3056 1192 :
3109 1145 3246 1191 cum
3278 1134 3526 1191 Ismaele
3557 1143 3752 1206 perse-

2108 1235 2367 1303 quantur
2398 1231 2557 1285 Isaac
2590 1247 2602 1284 :
2638 1228 2945 1299 ejicientur
2974 1227 3128 1281 foras
3160 1240 3296 1280 cum
3327 1223 3537 1280 ancilla
3567 1229 3752 1280 matre

2107 1320 2374 1392 Egyptia
2407 1336 2420 1374 :
2471 1332 2578 1373 nec
2608 1316 2894 1388 accipient
2923 1314 3343 1381 hereditatem,
3379 1305 3557 1386 quam
3587 1311 3750 1368 solus

2108 1411 2208 1481 qui
2240 1410 2308 1464 de
2340 1406 2792 1480 repromissione
2823 1410 2996 1460 natus
3035 1409 3143 1471 est,
3180 1407 3590 1475 consequetur.
3623 1400 3753 1457 Ele-

2106 1502 2312 1570 ganter
2345 1501 2539 1552 autem
2579 1499 2634 1551 et
2678 1494 2846 1561 illud,
2877 1493 3034 1565 quod
3064 1492 3116 1548 is
3145 1492 3246 1565 qui
3278 1491 3602 1548 secundum
3633 1495 3757 1546 ca’r-

2107 1601 2241 1642 nem
2274 1592 2448 1641 natus
2479 1589 2589 1655 est,
2612 1583 2986 1656 persequitur
3015 1580 3402 1654 spiritualem.
3433 1570 3753 1651 Nunquam

2107 1675 2263 1730 enim
2315 1672 2641 1746 spiritualis
2683 1671 3057 1745 persequitur
3086 1668 3379 1726 carnalem
3408 1693 3423 1737 ;
3456 1669 3556 1725 sed
3588 1667 3756 1740 igno-

2109 1765 2220 1820 scit
2246 1763 2297 1819 ei
2327 1762 2494 1835 quasi
2527 1763 2822 1818 rusticano
2852 1760 3015 1816 fratri
3049 1776 3063 1814 :
3105 1759 3216 1814 scit
3244 1767 3378 1814 eum
3412 1773 3583 1830 posse
3613 1769 3753 1828 pro-

2105 1853 2274 1909 ﬁcere
2322 1866 2424 1924 per
2468 1856 2722 1923 tempus.
2757 1851 2824 1905 Et
2869 1848 2920 1904 si
2971 1849 3206 1920 quando
3235 1847 3512 1920 Egyptias
3562 1846 3752 1901 ﬁlium

2105 1942 2314 1998 viderit
2356 1941 2726 2004 irascentem,
2780 1939 3119 1995 recordatur
3164 1937 3342 1993 unius
3396 1935 3602 2009 patris,
3649 1935 3750 2007 qui

2106 2031 2318 2098 lucem,
2351 2031 2524 2086 boves
2554 2029 2816 2085 crearit’
2865 2032 2921 2084 et
2969 2026 3263 2083 culicem:
3320 2031 3377 2082 et
3427 2025 3486 2080 in
3538 2033 3752 2097 magna

2107 2122 2303 2188 domo,
2331 2136 2447 2175 non
2489 2118 2681 2174 solum
2710 2125 2840 2174 esse
2868 2133 3010 2173 vasa
3039 2132 3215 2172 aurea
3246 2118 3305 2171 et
3332 2117 3625 2186 argentea,
3649 2113 3751 2168 sed

2107 2210 2300 2284 lignea
2344 2215 2402 2265 et
2449 2207 2653 2264 ﬁctilia
2682 2207 2760 2277 (Il
2789 2208 2922 2262 Tim.
2956 2206 3040 2277 11,
3072 2206 3182 2277 20).
3219 2205 3421 2276 Itaque
3453 2207 3587 2259 cum
3619 2211 3753 2275 ape-

2107 2299 2256 2355 stolo
2287 2297 2466 2354 Paulo
2498 2297 2765 2353 dicamus
2799 2314 2812 2352 z
2863 2300 2990 2353 Non
3018 2311 3210 2350 sumus
3237 2293 3467 2350 ancillae
3496 2292 3627 2363 ﬁlii,
3658 2290 3752 2348 sed

2108 2388 2338 2448 liberae;
2386 2391 2443 2442 et
2488 2385 2745 2442 renovati
2793 2386 2852 2440 in
2903 2383 3157 2453 Christo,
3210 2383 3522 2439 audiamus
3579 2382 3754 2438 verba

2107 2476 2339 2532 Domini
2375 2477 2446 2530 ad
2483 2475 2716 2530 Judaeos
2747 2473 3040 2546 loquentis
3068 2488 3081 2528 :
3116 2472 3180 2530 Si
3204 2473 3523 2528 manseri'tis
3551 2473 3611 2526 in
3639 2485 3752 2526 ser-

2107 2580 2265 2620 mone
2310 2579 2446 2629 meo,
2478 2565 2805 2634 cognoscetis
2845 2563 3154 2632 veritatem,
3184 2568 3235 2617 et
3265 2562 3467 2616 veritas
3497 2558 3755 2614 liberabit

2106 2669 2197 2709 vos
2228 2654 2404 2724 (Joan.
2439 2669 2556 2721 vui,
2588 2653 2676 2720 81,
2711 2651 2821 2722 32).
2869 2651 2986 2706 Hac
3024 2651 3291 2706 libertate
3343 2654 3400 2704 et
3438 2647 3753 2721 Apostolus

2107 2743 2386 2798 liberatus
2416 2742 2608 2796 aiebat
2642 2758 2655 2796 :
2713 2734 2849 2795 Cum
2891 2741 3043 2796 enim
3077 2741 3185 2796 sim
3229 2739 3372 2795 liber
3401 2747 3472 2794 ex
3493 2739 3756 2794 omnibus

2108 2832 2158 2900 (Ι
2187 2831 2422 2900 Cor.1x,
2472 2830 2579 2898 19).
2627 2830 2733 2898 Qui
2776 2831 2912 2900 facit
2959 2833 3261 2902 peccatum,
3310 2839 3499 2884 servus
3546 2829 3758 2899 peccati
3841 2861 3844 2863 λ

2106 2929 2186 2976 est
2216 2919 2400 2990 (Joan.
2433 2935 2554 2985 vm,
2585 2919 2696 2987 34).
2733 2918 2830 2974 Ille
2860 2918 3000 2990 quia
3041 2935 3104 2974 se
3153 2919 3224 2974 ab
3273 2917 3547 2973 omnibus
3595 2915 3752 2971 vitiis

2108 3008 2384 3076 liberum,
2417 3008 2489 3063 ab
2535 3007 2694 3062 omni
2727 3007 3197 3077 concUpiscentia
3225 3011 3281 3062 et
3310 3021 3505 3062 errore
3534 3004 3751 3061 sciebat

354 3111 490 3166 pore
532 3095 916 3151 circumcisus
963 3113 1077 3168 quo
1118 3097 1244 3166 jam
1295 3101 1519 3168 poterat
1565 3097 1889 3170 intelligere
1943 3103 2000 3154 et
2109 3097 2388 3164 alienum,
2438 3102 2590 3152 recte
2636 3097 2696 3152 in
2748 3095 2959 3152 Christi
3009 3097 3273 3152 libertate
3319 3095 3616 3167 gaudebat
3669 3093 3751 3149 di-

353 3183 568 3239 sentire
599 3185 752 3254 quod
786 3200 997 3255 passus
1028 3189 1138 3249 est,
1170 3185 1281 3240 sibi
1323 3186 1710 3258 primogenita
1737 3187 1994 3243 vindica-
2025 3171 2071 3238 C
2109 3201 2247 3242 cens
2279 3204 2292 3242 :
2345 3190 2466 3244 Non
2523 3201 2712 3242 sumus
2766 3186 2985 3241 ancillae
3029 3185 3156 3255 filii,
3209 3184 3301 3240 sed
3358 3183 3547 3240 libera
3575 3200 3594 3236 :
3644 3197 3753 3256 qua

353 3272 471 3342 bat,
503 3271 801 3344 Scriptura
845 3272 1110 3344 jurgium
1159 3272 1561 3342 parvulorum,
1594 3273 1790 3330 lusum
1835 3291 1999 3331 voca-

225 3367 250 3384 ‘
350 3360 450 3416 vit.
484 3360 646 3417 Unde
676 3366 731 3417 et
765 3361 907 3417 Sara
933 3361 1054 3416 haec
1084 3361 1259 3416 verba
1290 3378 1402 3417 non
1435 3362 1756 3431 sustinens,
1781 3369 1839 3420 et
1869 3380 2001 3420 con-

350 3450 723 3506 suetudinem
775 3450 885 3504 sibi
937 3449 1331 3521 primogenita
1379 3450 1728 3506 vindicantis
1775 3453 1999 3510 ancillae

351 3537 453 3592 ﬁlii
497 3555 530 3593 a
569 3555 746 3609 parva
775 3543 941 3594 aetate
971 3555 1085 3593 non
1119 3539 1366 3610 patiens,
1401 3539 1595 3611 erupit
1643 3541 1700 3595 in
1751 3557 1948 3597 vocem
1984 3560 1997 3598 :

346 3625 497 3692 Eiice
525 3624 795 3682 ancillam
821 3641 944 3681 cum
981 3628 1096 3696 filio
1141 3643 1236 3683 suo
1266 3645 1285 3682 :
1336 3643 1447 3682 non
1500 3630 1647 3683 enim
1702 3628 1999 3686 haeredita-

351 3713 429 3769 bit
476 3714 626 3783 ﬁlius
669 3715 891 3770 ancillae
937 3731 1063 3770 cum
1112 3717 1228 3785 ﬁlio
1273 3732 1395 3772 meo
1445 3718 1618 3773 Isaac.
1655 3717 1815 3781 Quod
1864 3735 2000 3775 cum

349 3803 563 3858 durum
595 3802 785 3858 visum
819 3803 1025 3859 fuisset
1049 3803 1292 3859 Abrahae
1315 3805 1570 3876 (semper
1599 3807 1754 3862 enim
1789 3808 2004 3880 primo-

347 3891 562 3963 genitis
617 3892 840 3963 majora
895 3891 1204 3962 debentur)
1260 3909 1377 3948 non
1437 3893 1630 3950 solum
1691 3896 1998 3953 Ismaelem

349 3979 601 4052 priorem
651 3997 779 4037 esse
826 3980 1115 4048 desinere,
1146 3981 1248 4037 sed
1299 3997 1371 4038 ne
1419 3982 1704 4054 aequalem
1759 3985 1996 4056 quidem

348 4085 483 4125 cum
518 4071 742 4126 minore
775 4071 949 4125 fratre
979 4071 1238 4142 accipere
1267 4070 1594 4142 portionem
1631 4088 1644 4126 :
1697 4073 1850 4130 Deus
1900 4075 2000 4147 qui

346 4157 587 4215 liberam
637 4161 798 4215 intus
852 4175 1002 4229 esse,
1034 4163 1092 4215 et
1139 4159 1294 4216 foras
1325 4161 1532 4232 expelli
1563 4161 1794 4217 volebat
1823 4163 2001 4219 ancil-

347 4248 489 4314 lam,
521 4250 672 4303 Sarae
721 4251 898 4304 verba
945 4247 1277 4316 conﬁrmat,
1309 4253 1366 4305 et
1407 4249 1667 4322 loquitur
1710 4253 1781 4307 ad
1811 4253 2000 4308 Abra-

345 4335 484 4391 ham
519 4352 532 4391 :
587 4336 705 4393 Non
732 4337 930 4392 durum
962 4340 1031 4392 sit
1068 4355 1253 4394 coram
1298 4347 1346 4394 te
1385 4339 1453 4394 de
1489 4355 1661 4411 puero
1692 4348 1742 4396 et
1768 4342 1994 4400 ancilla.

349 4425 548 4481 Omnia
575 4441 703 4500 quae
731 4425 936 4481 dixerit
964 4425 1075 4497 (Al.
1107 4427 1274 4499 dixit)
1303 4429 1406 4483 tibi
1437 4428 1604 4497 Sara,
1625 4427 1772 4486 ’audi
1819 4447 1999 4488 vocem

344 4515 464 4583 ejus
495 4533 512 4569 :
560 4517 824 4587 quoniam
870 4517 930 4571 in
980 4517 1131 4570 Isaac
1169 4516 1450 4572 vocabitur
1495 4519 1599 4574 tibi
1625 4536 1812 4601 semen
1841 4520 1995 4593 (Gen.
2031 4541 2074 4605 ι)

347 4621 462 4674 xxi,
498 4604 605 4677 12).
662 4605 826 4660 Sicut
879 4619 1016 4676 ergo
1061 4609 1200 4659 tunc
1243 4605 1432 4675 major
1461 4597 1640 4662 frater
1669 4608 1877 4665 Ismael
1910 4609 1993 4666 la-

346 4698 598 4750 ctentem
629 4693 822 4750 adhuc
869 4699 926 4749 et
978 4691 1284 4765 parvulum
1319 4697 1784 4767 persequebatur
1813 4697 1992 4767 Isaac,

347 4783 457 4838 sibi
479 4783 942 4839 circumcisionis
974 4784 1435 4855 praerogativam,
1463 4785 1573 4840 sibi
1605 4787 1996 4860 primogenita

344 4870 692 4942 vindicans;
743 4873 823 4928 ita
873 4877 930 4928 et
983 4889 1140 4928 nunc
1185 4873 1510 4928 secundum
1551 4891 1786 4931 carnem
1820 4877 1994 4933 Israel

347 4960 452 5032 (Al.
489 4961 742 5032 Ismael),
776 4962 1086 5017 adversum
1120 4962 1406 5018 minorem
1441 4964 1679 5018 fratrem
1735 4966 1805 5020 de
1853 4982 1994 5039 gen-

346 5048 506 5103 tibus
559 5049 841 5121 populum
889 5050 1292 5106 Christianum
1347 5051 1698 5123 sustollitur,
1732 5053 1992 5122 inflatur,

345 5137 604 5208 erigitur.
631 5138 1078 5194 Consideremus
1108 5141 1393 5196 insaniam
1421 5140 1778 5209 Judaeorum,
1806 5145 1906 5216 qui
1938 5150 1994 5200 et

344 5226 658 5282 Dominum
692 5228 1122 5294 interfecerunt,
1143 5234 1215 5292 ,et
1245 5230 1578 5303 prophetas,
1612 5238 1668 5287 et
1700 5233 1993 5304 apostolos

340 5317 630 5387 persecuti
667 5321 826 5385 sunt,
861 5321 919 5372 et
967 5318 1353 5374 adversantur
1402 5320 1683 5376 voluntati
1733 5322 1880 5378 Dei:
1936 5329 1994 5380 et

414 5479 430 5512 ¹
471 5477 629 5534 Unus
661 5478 960 5534 Palatinus
991 5479 1100 5534 sub
1132 5481 1453 5536 asserentis
1485 5486 1622 5537 nota
1655 5498 1667 5537 :
1723 5483 1992 5539 Miramur

339 5549 644 5622 deludaeis
676 5551 854 5618 hodie,
888 5552 1021 5622 quia
1050 5553 1146 5622 qui
1172 5552 1234 5605 in
1265 5550 1496 5618 Christo,
1529 5557 1640 5612 etc.

410 5621 432 5659 ³
462 5622 623 5682 Idem
655 5639 792 5695 ms.,
823 5621 920 5700 qui
967 5621 1088 5680 luce
1135 5622 1287 5680 boves
1333 5627 1558 5698 crearit,
1602 5634 1673 5694 et,
1706 5625 1990 5685 etc.0m-

2107 3275 2364 3331 libertate
2393 3276 2640 3330 Christus
2670 3291 2770 3330 nos
2811 3274 3084 3329 liberavit.

2180 3363 2337 3435 (Cap.
2362 3362 2430 3418 V.
2455 3394 2522 3405 —
2544 3363 2706 3419 Vers.
2735 3363 2808 3434 1.)
2846 3382 2867 3411 ε
2893 3364 3068 3431 State,
3089 3367 3147 3417 et
3174 3360 3352 3418 nolite
3382 3361 3754 3432 iterumjugo

2109 3453 2405 3508 servitutis
2426 3452 2780 3508 contineri.»
2807 3454 2873 3508 Et
2895 3469 2964 3507 ex
2990 3449 3099 3508 hoc
3116 3450 3614 3521 ostenditur,quia
3639 3463 3757 3503 non

2110 3545 2223 3596 stet
2253 3541 2352 3612 qui
2377 3541 2524 3612 jugo
2555 3541 2835 3597 inhaereat
2864 3540 3179 3598 servitutis.
3213 3541 3284 3596 Et
3314 3541 3452 3612 quia
3494 3539 3545 3594 is
3586 3538 3690 3608 qui
3723 3553 3759 3592 a

2109 3630 2338 3685 Christo
2360 3629 2626 3686 libertate
2646 3631 2898 3686 donatus
2918 3635 3026 3696 est,
3040 3629 3243 3686 tandiu
3263 3628 3436 3684 fuerit
3460 3628 3568 3684 sub
3583 3628 3755 3699 jugo,

2110 3719 2371 3789 quandiu
2429 3718 2701 3791 spiritum
2755 3719 3055 3775 servitutis
3113 3719 3386 3774 habuerit
3437 3717 3496 3772 in
3547 3716 3761 3772 timore

2110 3808 2282 3879 (Rom.
2315 3825 2436 3863 νηί.
2476 3809 2587 3877 15),
2639 3812 2698 3866 et
2745 3808 2911 3880 Legis
2964 3808 3132 3863 initia
3179 3808 3254 3863 sit
3301 3811 3560 3863 secutus.
3594 3803 3758 3872 Quod

2110 3902 2306 3953 autem
2328 3898 2431 3964 ait,
2448 3901 2608 3965 state,
2635 3898 2865 3954 ﬁrmam
2886 3903 2943 3954 et
2968 3897 3240 3954 stabilem
3272 3896 3332 3951 in
3357 3895 3592 3951 Christo
3623 3895 3756 3950 hor-

2108 3989 2269 4039 tatur
2296 3984 2494 4050 ﬁdem,
2526 3989 2592 4040 ut
2619 3984 2885 4040 Ecclesiae
2913 3983 3150 4040 Galatia:
3194 3985 3305 4039 ﬁxo
3354 3983 3412 4037 in
3463 3981 3760 4038 Salvatore

2109 4079 2489 4144 permaneant
2509 4074 2672 4147 pede.
2691 4073 2771 4128 De
2788 4090 2900 4146 quo
2919 4079 2975 4129 et
3001 4075 3058 4128 in
3079 4072 3192 4128 alio
3214 4071 3340 4128 loco
3355 4072 3558 4144 justus
3576 4069 3761 4142 loqui-

2109 4165 2206 4216 tur
2235 4179 2247 4216 :
2299 4163 2496 4219 Statuit
2540 4179 2701 4232 super
2737 4172 2954 4236 petram
2987 4161 3151 4234 pedes
3179 4177 3326 4218 meos
3356 4161 3532 4233 (Psal.
3564 4173 3756 4228 χχχιχ,

2108 4250 2184 4320 3),
2219 4267 2321 4322 pro
2375 4266 2441 4306 eo
2497 4251 2653 4323 quod
2701 4257 2810 4319 est,
2839 4267 3004 4323 super
3045 4251 3321 4307 Christum
3354 4269 3373 4305 :
3422 4267 3493 4306 ne
3540 4248 3764 4305 scilicet

2108 4338 2595 4396 circumferantur
2624 4340 2785 4396 omni
2817 4345 2984 4397 vento
3014 4340 3290 4396 doctrinae
3339 4344 3396 4396 et
3443 4339 3503 4394 in
3533 4337 3762 4393 diversa

2109 4428 2414 4501 rapiantur
2441 4429 2655 4500 (Ephes.
2690 4445 2764 4497 Iv,
2799 4429 2907 4501 14).
2942 4428 3107 4485 Unde
3147 4434 3204 4485 et
3255 4431 3326 4485 ad
3357 4433 3584 4484 stantes
3616 4426 3762 4482 diei-

2109 4522 2203 4573 tur
2235 4535 2248 4572 :
2300 4519 2363 4573 Et
2409 4519 2504 4590 qui
2547 4523 2676 4585 stat,
2710 4518 2891 4574 videat
2919 4534 2987 4574 ne
3029 4517 3195 4574 cadat
3222 4519 3269 4591 (1
3301 4517 3426 4574 Cor.
3459 4534 3515 4586 x,
3548 4517 3662 4588 12).
3696 4519 3765 4571 Et

2107 4607 2165 4662 in
2226 4607 2339 4663 alio
2397 4607 2566 4664 loco:
2619 4608 2784 4677 State,
2836 4607 3088 4664 viriliter
3143 4611 3308 4680 agite,
3365 4606 3765 4680 confortamini

2104 4696 2268 4769 (Ibid.
2300 4713 2411 4769 xw,
2447 4698 2558 4770 13),
2593 4702 2658 4753 ut
2687 4702 2845 4754 stent
2889 4713 3023 4754 cum
3074 4713 3160 4768 eo,
3195 4711 3371 4768 quem
3428 4697 3766 4769 Stephanus
3789 4744 3806 4752 -

2105 4802 2138 4840 a
2167 4786 2388 4842 dextris
2418 4786 2606 4841 Patris
2639 4791 2895 4842 stantem
2934 4785 3081 4841 vidit
3130 4787 3186 4841 in
3237 4785 3516 4858 martyrio
3563 4799 3761 4856 perse-

2103 4891 2310 4931 verans
2341 4875 2477 4946 (Act.
2510 4892 2610 4942 vn,
2640 4875 2752 4947 55),
2802 4877 2950 4932 477
3009 4881 3068 4932 et
3115 4874 3215 4948 qui
3265 4873 3499 4930 locutus
3547 4878 3639 4930 est
3689 4873 3762 4929 ad

2106 4965 2340 5036 Moysen
2386 4982 2399 5022 ε
2461 4966 2533 5019 Tu
2588 4981 2712 5020 vero
2768 4969 2850 5020 sta
2905 4982 3118 5022 mecum
3173 4965 3368 5035 (Exod.
3426 4979 3619 5032 xxxrv,
3680 4963 3758 5033 2).

2101 5053 2322 5125 Jugum
2349 5057 2544 5109 autem
2576 5055 2894 5121 servitutis,
2919 5054 3128 5128 Legem
3159 5061 3325 5110 vocat
3348 5054 3582 5119 duram,
3603 5051 3756 5106 difﬁ-

2104 5143 2294 5211 cilem,
2329 5143 2703 5211 laboriosam,
2739 5161 2865 5216 quae
2898 5144 2991 5200 die
3032 5162 3098 5200 ac
3132 5145 3300 5200 nocte
3330 5143 3584 5199 cultores
3617 5155 3757 5196 suos

2102 5232 2262 5304 gravi
2291 5249 2462 5305 opere
2494 5235 2808 5290 consumit.
2842 5234 3001 5290 Sicut
3050 5239 3109 5290 et
3159 5239 3364 5290 Petrus
3414 5233 3473 5287 in
3518 5230 3761 5287 Actibus

2102 5320 2500 5392 apostolorum
2525 5340 2538 5378 :
2571 5323 2716 5394 Quid
2745 5326 2990 5395 tentatis,
3016 5323 3231 5395 inquit,
3263 5308 3543 5395 imponere
3571 5323 3765 5393 iugum

2103 5482 2240 5538 nino
2270 5487 2465 5612 auttem
2497 5485 2556 5542 in
2587 5486 2790 5542 vocula
2817 5487 2992 5542 lucem
3021 5484 3204 5542 edidit
3237 5485 3461 5562 pariter
3492 5500 3581 5543 ac.
3613 5495 3758 5542 mss.

2103 5570 2320 5612 Deccan
2356 5597 2368 5612 .

2101 5570 2368 5628 peccant.
