4144 6202
389 349 500 410 421
1075 348 1588 412 COMMENTAR.
1637 351 1712 412 IN
1763 351 2009 413 EPIST.
2057 389 2067 414 Α

2207 353 2488 416 GALAT.
2537 356 2686 449 LIB.
2733 357 2785 417 II
2830 360 3002 420 CAP.
3052 363 3128 423 ν.
3682 370 3802 428 422

390 498 554 554 grave
579 495 748 553 super
781 479 988 537 collum
1021 485 1282 553 fratrum,
1316 483 1456 555 quod
1501 500 1678 557 neque
1724 502 1838 551 nos,
1871 502 2042 558 neque
2071 486 2125 553 Α
2150 488 2302 558 plius
2329 488 2512 544 Iudaeo
2543 498 2678 545 :aut
2724 505 2848 562 qua:
2895 493 3108 548 utilitas
3138 497 3612 554 circumcisionis?
3662 501 3800 556 Mul-

386 577 576 646 patres
607 573 804 641 nostri,
831 577 1058 644 portare
1099 576 1397 645 potuerunt
1428 574 1569 645 (Act.
1598 591 1689 638 xv,
1723 574 1851 646 10)?
1883 575 2048 638 Quod
2156 580 2274 630 tum
2300 594 2399 649 per
2426 594 2642 634 omnem
2691 580 2931 636 modum.
2965 583 3215 638 Primum
3255 587 3490 656 quidem,
3525 591 3654 660 quia
3684 605 3802 645 cre-

394 667 595 718 autem
613 661 896 733 apposuit
923 661 1098 716 nolite
1121 663 1341 734 iterum,
1367 679 1481 718 non
1508 680 1623 735 quo
1657 663 1819 736 prius
1845 663 2049 735 Legem
2158 663 2276 720 dita
2301 672 2428 722 sunt
2461 668 2574 723 illis
2595 670 2813 740 eloquia
2846 673 2952 726 Dei
2981 673 3151 735 (Rom.
3177 690 3258 740 111,
3295 675 3345 740 1,
3372 679 3426 740 2,
3457 677 3532 747 3).
3556 678 3614 732 Si
3647 679 3804 734 enim

395 749 610 807 Galatae
643 748 1064 818 custodierint;
1099 751 1198 806 sed
1229 768 1343 823 quo
1372 756 1430 807 et
1473 751 1812 808 idololatrias
1836 753 2047 824 jugum
2159 752 2252 809 his
2284 754 2384 826 qui
2419 757 2749 812 circumcisi
2799 760 3016 814 fuerint
3045 760 3314 817 Christus
3348 763 3490 818 nihil
3523 767 3800 835 prodest:

394 857 587 914 grave,
618 839 716 907 sit,
746 855 864 911 quo
892 837 1296 922 {Egyptiorum
1329 840 1583 914 populus
1614 858 1953 913 oppressus,
1978 840 2050 896 ad
2161 845 2454 914 quomodo
2491 846 2692 918 Legem
2724 849 3194 906 custodientibus
3238 853 3474 922 prodest
3503 853 3807 910 circumci-

395 928 584 988 instar
612 927 837 1002 plumbi
873 928 932 983 in
964 927 1229 985 Rubrum
1271 947 1432 986 mare
1480 947 1712 987 mersus
1741 936 1828 987 est
1858 930 2048 1003 (Exod.

381 1035 492 1098 στιν,
525 1018 641 1087 10.)
668 1017 841 1073 Juxta
873 1033 1049 1089 quem
1083 1034 1323 1074 sensum
1345 1024 1403 1075 et
1425 1036 1605 1092 supra
1634 1019 1856 1076 dixerat
1880 1036 1892 1073 :
1914 1021 2053 1087 Quo-

399 1107 560 1164 modo
598 1107 983 1163 convertimini
1028 1109 1228 1163 iterum
1256 1107 1326 1164 ad
1357 1105 1601 1179 inﬁrma,
1635 1120 1686 1164 et
1727 1124 1903 1176 egena
1953 1109 2058 1163 ele-

389 1201 618 1259 menta;
637 1196 834 1268 quibus
860 1212 1084 1251 rursum
1103 1199 1316 1254 servire
1341 1193 1526 1266 vultis,
1555 1197 1669 1253 dies
1691 1198 2052 1264 observantes,

399 1291 456 1343 et
503 1302 734 1354 menses,
783 1289 834 1342 et
881 1293 1144 1358 tempora,
1194 1295 1245 1342 et
1293 1304 1467 1344 annos
1497 1287 1698 1359 (Galat.
1743 1304 1816 1353 1v,
1845 1287 1900 1356 9,
1937 1283 2059 1358 10)?

397 1372 615 1432 Galatea
646 1376 802 1431 enim
835 1373 934 1447 qui
967 1371 1039 1431 ad
1085 1373 1248 1430 Pauli
1281 1376 1529 1449 apostoli
1563 1375 2057 1448 praedicationem,

398 1463 578 1521 idolis
601 1461 920 1535 derelictis,
944 1466 1142 1520 statim
1176 1466 1247 1521 ad
1273 1465 1568 1539 Evangelii
1601 1465 2062 1522 conscenderant

402 1553 674 1628 gratiam,
698 1570 814 1609 non
846 1555 1289 1610 revertebantur
1321 1555 1392 1610 ad
1425 1555 1570 1627 legis
1601 1555 1857 1611 Judaicae
1889 1553 2064 1610 servi-

401 1648 612 1710 tutem,
674 1656 852 1715 quam
910 1660 1214 1715 nunquam
1265 1643 1429 1716 prius
1479 1649 1916 1716 cognoverant:
1959 1641 2060 1699 sed

400 1731 664 1788 volentes
711 1732 1017 1788 observare
1065 1737 1350 1805 tempora,
1384 1733 1721 1788 circumcidi
1770 1748 1965 1802 carne,
2008 1736 2064 1788 et

403 1819 630 1877 hostias
661 1821 866 1876 offerre
904 1838 1231 1894 corporeas,
1261 1822 1698 1894 quodammodo
1729 1823 1790 1877 in
1825 1823 2060 1878 eosdem

404 1911 848 1966 revertebantur
901 1911 1118 1976 cultus,
1157 1911 1372 1983 quibus
1428 1911 1491 1967 in
1545 1910 1874 1967 idololatria
1929 1915 2062 1966 ante

404 1998 748 2055 servierant.
779 1998 960 2055 Aiunt
1011 2000 1189 2068 enim,
1229 2004 1286 2055 et
1335 2000 1564 2073 [Egypti
1615 2001 1971 2068 sacerdotes,
2006 2005 2064 2054 et

406 2086 760 2158 Ismaelitas,
792 2092 849 2144 et
890 2087 1241 2144 Madianaeos
1274 2089 1628 2161 praeputium
1678 2106 1792 2145 non
1826 2089 2061 2144 habere.

405 2174 570 2240 Quod
604 2190 800 2232 autem
851 2175 1117 2233 nationes
1166 2177 1471 2234 observent
1521 2179 1665 2248 dies,
1718 2193 1975 2243 menses,
2009 2182 2066 2232 et

407 2282 620 2333 annos,
653 2265 876 2322 utinam
911 2266 1292 2332 nesciremus,
1325 2281 1395 2321 ne
1427 2265 1532 2337 (Al.
1562 2266 1689 2338 nec)
1721 2265 1892 2322 nobis
1927 2282 2062 2321 cum

409 2352 500 2410 eis
530 2371 659 2411 esse
685 2370 942 2427 unquam
978 2353 1156 2411 mista
1185 2353 1492 2410 festivitas.

485 2441 673 2516 (Vere.
701 2445 778 2515 2.)
802 2467 831 2494 «
863 2447 1007 2500 Ecce
1055 2459 1160 2516 ego
1208 2443 1426 2499 Paulus
1473 2443 1600 2499 dico
1651 2443 1816 2500 vobis
1862 2460 1873 2497 :
1919 2459 2065 2515 quo-

408 2531 572 2588 niam
604 2531 654 2588 si
683 2531 1210 2600 circumcidamini,
1243 2531 1510 2590 Christus
1558 2532 1720 2588 vobis
1751 2531 1898 2587 nihil
1931 2549 2061 2604 pro-

409 2623 546 2678 dest
570 2624 606 2677 ί.
629 2645 660 2671 υ
687 2626 750 2678 In
782 2619 1093 2693 Evangelio
1125 2621 1388 2678 Salvator
1415 2623 1487 2677 ad
1519 2621 1839 2694 discipulos
1872 2621 2066 2693 loqui‘

413 2717 517 2767 tur
551 2729 565 2767 :
598 2707 704 2780 Qui
731 2727 822 2768 vos
849 2711 1025 2777 audit,
1055 2725 1144 2766 me
1181 2711 1385 2767 audit:
1417 2713 1513 2784 qui
1555 2728 1650 2767 vos
1695 2713 1947 2780 suscipit,
1981 2726 2068 2768 me

410 2803 639 2874 suscipit
664 2799 816 2873 (Luc.
848 2818 904 2870 x,
943 2801 1049 2872 16).
1085 2800 1150 2855 Et
1177 2799 1489 2872 Apostolus
1519 2806 1788 2867 testatur,
1823 2801 2063 2856 dicens:

416 2893 546 2950 Vivo
576 2894 780 2961 autem,
801 2890 922 2961 jam
964 2905 1072 2946 non
1101 2905 1240 2959 ego:
1264 2892 1399 2946 vivit
1443 2907 1566 2946 vero
1609 2892 1670 2946 in
1698 2906 1783 2946 me
1815 2890 2066 2945 Christus

413 2981 616 3052 (Galat.
651 2996 709 3048 ιι,
741 2978 862 3050 20);
895 2983 951 3034 et
981 2978 1117 3035 alibi
1155 2995 1166 3032 :
1200 2981 1281 3034 An
1327 2981 1764 3050 experimentum
1813 2979 2067 3050 quaeritis

410 3072 533 3141 ejus
561 3071 657 3142 qui
684 3071 746 3123 in
774 3085 860 3124 me
891 3068 1132 3139 loquitur
1161 3067 1406 3125 Christus
1437 3069 1510 3136 (II
1550 3067 1670 3124 Cor.
1701 3085 1830 3136 xm,
1861 3067 1959 3138 3)?
1989 3066 2068 3121 Ex

414 3177 531 3231 quo
569 3158 793 3231 liquido
835 3159 1254 3231 comprobatur
1308 3157 1416 3212 hoc
1461 3159 1614 3230 quod
1675 3173 1831 3213 nunc
1878 3156 2064 3212 dicit:

2163 929 2291 1007 sio?
2337 935 2498 997 Quod
2551 936 2788 1006 quidem
2844 936 2951 992 hac
3003 941 3380 1010 responsione
3429 941 3702 1015 solvetur,
3747 949 3811 1000 ut

2165 1021 2432 1076 dicamus
2466 1024 2571 1094 (Al.
2599 1025 2869 1095 dicatur),
2904 1026 3224 1098 Epistolam
3257 1047 3382 1102 quae
3415 1031 3486 1086 ad
3519 1031 3811 1090 Romanos

2164 1110 2384 1182 scripta
2413 1116 2519 1178 est,
2553 1113 2623 1167 ad
2675 1130 2773 1168 eos
2819 1131 2948 1170 esse
2992 1115 3290 1185 dictatam,
3326 1120 3424 1190 qui
3475 1137 3542 1176 ex
3592 1122 3812 1178 Judaeis

2164 1198 2555 1270 gentibusque
2600 1201 2968 1258 crediderant
3000 1221 3012 1257 :
3048 1209 3104 1259 et
3147 1205 3255 1261 hoc
3305 1208 3495 1280 egisse
3545 1210 3811 1280 Paulum,

2169 1292 2232 1342 ut
2262 1287 2382 1357 (ΑΙ.
2409 1288 2502 1360 ne)
2536 1294 2739 1345 neuter
2781 1291 3035 1363 populus
3079 1294 3470 1352 offenderetur
3504 1316 3516 1356 :
3549 1316 3666 1370 quo
3698 1301 3814 1356 sci-

2167 1375 2303 1431 licet
2323 1394 2498 1431 suum
2522 1383 2769 1451 utraque
2789 1380 2951 1452 plebs
2974 1382 3338 1456 privilegium
3366 1388 3690 1457 possideret
3714 1407 3726 1443 :
3752 1394 3817 1445 ut

2169 1481 2274 1520 nec
2319 1465 2563 1538 gentiles
2592 1467 3169 1538 circumciderentur,
3203 1490 3310 1528 nec
3359 1474 3689 1532 circumcisi
3721 1478 3819 1533 ad-

2169 1555 2451 1609 ducerent
2498 1557 2869 1628 praaputium.
2907 1559 2985 1612 Ad
3027 1558 3262 1616 Galatas
3307 1571 3502 1618 autem
3552 1565 3816 1622 scribens

2170 1643 2283 1698 alio
2316 1661 2460 1699 usus
2483 1644 2561 1699 sit
2582 1651 2947 1718 argumento.
2972 1647 3094 1704 Non
3119 1649 3275 1705 enim
3299 1658 3463 1706 erant
3483 1669 3551 1708 ex
3569 1654 3820 1710 circum-

2171 1730 2408 1797 cisione,
2442 1733 2542 1788 sed
2589 1750 2657 1788 ex
2705 1733 2978 1806 gentibus
3011 1737 3111 1808 qui
3142 1738 3526 1796 crediderant.
3557 1741 3672 1797 Nec
3717 1760 3819 1814 po-

2170 1824 2318 1876 terat
2346 1821 2429 1892 eis
2462 1823 2737 1893 prodesse
2789 1824 3178 1894 circumcisio,
3211 1829 3311 1899 qui
3354 1835 3485 1901 post
3525 1831 3819 1904 Evangelii

2171 1911 2420 1982 gratiam
2455 1911 2661 1966 iterum
2697 1914 2768 1967 ad
2800 1912 3011 1985 legalia
3053 1921 3479 1974 reverterentur
3509 1920 3816 1978 elementa.

2172 1999 2240 2055 Et
2260 1999 2318 2054 in
2341 2000 2582 2056 Actibus
2604 2001 3004 2073 apostolorum
3028 2011 3227 2060 narrat
3249 2005 3492 2062 historia
3509 2008 3708 2080 (Actor.
3728 2028 3818 2081 xv,

2171 2087 2320 2159 5-20)
2343 2107 2355 2144 :
2381 2106 2513 2144 cum
2549 2089 2788 2160 quidam
2816 2091 2886 2146 de
2918 2092 3359 2149 circumcisione
3388 2102 3696 2168 surgentes
3726 2115 3820 2154 as-

2174 2178 2499 2234 seruissent
2529 2194 2627 2233 eos
2660 2179 2760 2250 qui
2799 2196 2868 2235 ex
2900 2182 3173 2252 gentibus
3203 2183 3587 2252 crediderant,
3612 2188 3822 2242 debere

2174 2267 2533 2334 circumcidi,
2569 2272 2625 2323 et
2654 2267 2839 2340 legem
2873 2271 3168 2326 custodire
3200 2272 3406 2345 Moysi,
3429 2275 3687 2332 seniores
3721 2275 3822 2348 qui

2173 2355 2590 2429 Hierosolymis
2627 2361 2810 2427 erant,
2834 2364 2891 2414 et
2931 2361 3226 2431 apostolos
3267 2361 3484 2433 pariter
3511 2380 3823 2437 congrega-

2177 2449 2288 2510 tos,
2313 2445 2589 2501 statuisse
2610 2463 2713 2517 per
2732 2445 2976 2515 litteras,
3002 2465 3074 2503 ne
3099 2457 3593 2522 superponeretur
3620 2457 3706 2509 eis
3730 2457 3824 2523 ju-

2174 2551 2316 2607 gum
2347 2534 2513 2604 legis,
2549 2552 2655 2590 nec
2687 2536 2942 2607 amplius
2972 2539 3366 2608 observarent,
3390 2541 3502 2597 nisi
3535 2546 3600 2597 ut
3628 2548 3823 2598 custo-

2175 2625 2369 2679 dirent
2401 2641 2462 2680 se
2508 2629 2737 2680 tantum
2785 2625 2856 2680 ab
2914 2625 3277 2699 idolothytis,
3311 2635 3367 2684 et
3428 2631 3734 2703 sanguine,
3767 2637 3825 2687 et

2175 2713 2586 2778 fornicatione,
2636 2713 2754 2768 sive
2803 2719 2866 2769 ut
2920 2715 2977 2769 in
3033 2716 3334 2772 nonnullis
3393 2719 3824 2791 exemplaribus

2175 2801 2459 2873 scriptum
2492 2806 2598 2869 est,
2622 2805 2672 2856 et
2691 2820 2724 2856 a
2748 2803 3025 2874 suffocatis
3047 2805 3085 2858 ³.
3115 2805 3180 2859 Et
3203 2821 3274 2860 ne
3299 2806 3552 2862 resideat
3583 2807 3702 2862 ulla
3723 2810 3826 2863 du-

2175 2890 2402 2957 bitatio,
2439 2893 2592 2946 479
2643 2891 2797 2962 quod
2849 2892 3218 2948 circumcisio
3275 2893 3423 2948 nihil
3481 2896 3687 2966 prosit,
3721 2897 3822 2952 sed

2174 2986 2410 3053 prepter
2441 2996 2538 3036 eos
2568 2979 2669 3052 qui
2710 2997 2780 3035 ex
2823 2980 3042 3035 Judzeis
3074 2981 3460 3051 crediderant,
3485 2985 3555 3038 ad
3609 2985 3821 3040 Roma-

2176 3087 2282 3125 nos
2315 3071 2384 3124 de
2414 3068 2856 3124 circumcisione
2896 3070 3243 3126 sententiam
3284 3073 3646 3144 temperavit,
3679 3091 3827 3145 pau-

2177 3157 2340 3213 latim
2374 3157 2444 3212 ad
2475 3155 2748 3228 Epistolas
2775 3157 3040 3228 ejusdem
3088 3159 3409 3230 posteriora
3440 3161 3823 3231 descendens,

409 3252 546 3306 Ecce
575 3264 673 3318 ego
697 3249 911 3304 Paulus
936 3248 1057 3303 dico
1086 3248 1255 3316 vobis,
1289 3263 1402 3302 non
1436 3247 1604 3319 quasi
1635 3246 1800 3303 Pauli
1831 3251 2061 3302 tantum
2093 3223 2137 3294 (ἶ
2177 3263 2279 3302 nec
2311 3245 2839 3314 circumcisionem,
2864 3262 2970 3302 nec
2993 3247 3341 3318 prmputium
3367 3248 3586 3321 aliquid
3613 3251 3822 3320 valere,

412 3339 593 3395 verba
621 3333 980 3410 accipienda,
1014 3337 1116 3393 sed
1149 3336 1398 3391 Domini.
1423 3336 1570 3391 Nam
1603 3353 1737 3391 cum
1767 3340 1824 3391 et
1854 3336 1913 3390 in
1946 3335 2064 3408 pri-

2173 3335 2520 3392 monstravit
2548 3335 2748 3390 dicens
2782 3353 2794 3390 :
2831 3336 3181 3392 Circumcisio
3228 3338 3412 3410 itaque
3451 3339 3596 3394 nihil
3641 3345 3739 3408 est,
3771 3349 3824 3398 et

418 3445 517 3485 ma
547 3427 618 3484 ad
647 3426 976 3483 Corinthios
1008 3426 1389 3498 praemisisset
1413 3443 1424 3480 :
1452 3427 1545 3482 His
1573 3430 1757 3482 autem
1785 3426 1882 3498 qui
1907 3426 2068 3497 nupti
2168 3427 2501 3497 praeputium
2528 3423 2676 3479 nihil
2721 3433 2818 3493 est,
2850 3425 2942 3480 sed
2972 3427 3272 3482 observatio
3309 3428 3695 3485 mandatorum
3723 3431 3822 3486 Dei

409 3526 544 3574 sunt
597 3516 880 3587 denuntio,
936 3532 1048 3572 non
1103 3532 1220 3584 ego,
1259 3515 1352 3572 sed
1405 3517 1667 3572 Dominus
1724 3516 1768 3587 (ι
1812 3514 1932 3570 Cor.
1966 3531 2066 3580 vn,

419 3607 544 3679 10);
574 3610 631 3662 et
659 3606 859 3662 statim
890 3604 1186 3660 intulisset
1216 3622 1228 3660 :
1279 3605 1500 3662 (λκιο-νὰς
1530 3614 1713 3660 autem
1741 3620 1834 3676 ego
1871 3606 2067 3676 praci-

417 3697 568 3765 cipio
597 3695 752 3766 (Ibid.
791 3695 902 3766 12),
933 3710 1004 3750 ne
1031 3695 1163 3750 vilis
1209 3711 1319 3750 sua
1367 3698 1671 3766 putaretur
1701 3695 2019 3750 auctoritas
2052 3711 2065 3750 :

419 3787 581 3852 Puto,
613 3783 828 3856 inquit,
862 3783 1003 3856 quod
1032 3783 1184 3839 478
1215 3787 1268 3840 et
1308 3799 1400 3854 ego
1448 3785 1713 3855 spiritum
1760 3784 1858 3839 Dei
1901 3784 2070 3839 habeo

423 3874 597 3944 (Ibid.
635 3873 722 3944 40)
764 3890 778 3927 :
831 3879 895 3926 ut
941 3871 1151 3944 spiritu
1185 3877 1240 3928 et
1281 3871 1508 3928 Christo
1557 3871 1616 3926 in
1666 3889 1728 3927 se
1774 3871 2068 3944 loquente,

426 3978 545 4017 non
577 3961 934 4034 contemptui
965 3962 1292 4028 duceretur,
1325 3961 1425 4032 qui
1474 3960 1786 4032 prophetas
1834 3960 2072 4015 imitans

424 4051 646 4107 diceret
678 4068 690 4106 :
723 4053 852 4109 Haec
879 4053 1015 4107 dicit
1051 4051 1312 4107 Dominus
1341 4052 1697 4120 omnipotens.
1731 4050 1922 4123 Majus
1968 4067 2071 4106 au-

421 4146 543 4197 tem
577 4141 675 4196 ﬁet
702 4141 760 4196 id
793 4141 948 4213 quod
981 4141 1202 4196 dictum
1243 4144 1332 4196 est
1362 4156 1374 4194 :
1408 4140 1538 4195 Ecce
1577 4155 1672 4210 ego
1717 4139 1926 4194 Paulus
1954 4139 2073 4194 dico

423 4231 574 4286 vobis
602 4248 622 4285 :
669 4232 938 4302 quoniam
990 4232 1040 4286 si
1084 4228 1580 4301 circumcidamini,
1634 4227 1876 4283 Christus
1924 4227 2075 4283 vobis

421 4320 571 4377 nihil
605 4320 842 4391 prodest,
876 4318 926 4376 si
974 4335 1109 4375 cum
1162 4318 1446 4390 principio
1496 4317 1818 4391 copuletur,
1850 4317 1909 4372 in
1960 4332 2074 4390 quo

425 4409 514 4463 ait
544 4425 556 4462 :
593 4408 798 4464 Paulus
843 4409 1117 4480 apostolus
1145 4423 1255 4463 non
1297 4407 1364 4462 ab
1395 4407 1727 4477 hominibus,
1758 4422 1930 4476 neque
1973 4420 2075 4478 per

427 4498 728 4565 hominem,
759 4498 849 4554 sed
869 4515 973 4570 per
998 4499 1181 4554 Iesum
1205 4497 1509 4561 Christum,
1533 4501 1590 4551 et
1619 4495 1842 4566 reliqua
1873 4495 2071 4567 (Galat.

2176 3517 2223 3584 (Ι
2254 3514 2371 3569 Cor.
2407 3531 2505 3580 vn,
2556 3515 2663 3583 19).
2707 3514 3002 3569 lntantum
3051 3515 3208 3570 enim
3258 3516 3624 3574 circumcisio
3674 3519 3822 3574 nihil

2177 3610 2286 3671 est,
2318 3609 2384 3658 ut
2432 3603 2759 3659 Israeliticae
2809 3621 3042 3676 quoque
3089 3605 3312 3672 domui,
3345 3623 3407 3661 se
3454 3607 3524 3662 de
3573 3607 3822 3664 circum-

2179 3694 2398 3749 cisione
2437 3693 2707 3764 jactanti,
2743 3693 2885 3747 nihil
2936 3694 3237 3766 profuerit,
3272 3696 3555 3767 propheta
3604 3713 3825 3753 memo-

2179 3787 2342 3838 rante
2400 3799 2411 3837 :
2467 3781 2659 3837 Omnes
2715 3789 2894 3853 gentes
2953 3784 3363 3840 incircumcisus
3417 3801 3602 3856 carne,
3635 3786 3827 3842 domus

2179 3880 2361 3948 autem
2393 3871 2560 3926 Israel
2607 3872 2992 3926 incircumcisa
3037 3872 3193 3928 corde
3241 3873 3452 3943 (Ezech.
3485 3891 3635 3940 xuv,
3664 3875 3742 3946 9),
3773 3879 3831 3931 et

2180 3958 2629 4015 incircumcisus
2688 3959 3142 4026 Melchisedech,
3187 3961 3599 4017 circumcisum
3649 3964 3830 4018 bene-

2181 4049 2329 4104 dixit
2356 4048 2650 4104 Abraham
2679 4048 2831 4116 (Gen.
2856 4066 2968 4114 ιιιν,
2994 4050 3102 4117 19).
3129 4049 3271 4104 Nam
3305 4050 3460 4121 quod
3495 4050 3608 4106 ait:
3635 4051 3694 4105 Si
3718 4055 3828 4106 cir-

2180 4137 2593 4204 cumcidamini,
2633 4137 2748 4193 tale
2795 4142 2902 4207 est,
2927 4137 3097 4208 quale
3145 4139 3193 4192 si
3244 4139 3476 4193 dicere3
3524 4137 3826 4207 voluisset,

2183 4227 2232 4282 si
2265 4243 2437 4282 carne
2487 4225 3010 4282 circumcidamini.
3046 4226 3228 4288 Quam
3269 4227 3328 4281 in
3377 4226 3489 4282 alio
3538 4226 3663 4283 loco
3711 4243 3827 4283 non

2184 4314 2714 4383 circumcisionem,
2760 4315 2857 4369 sed
2909 4313 3301 4370 concisionem
3350 4319 3536 4386 vocat,
3579 4316 3825 4374 dicens:

2191 4405 2365 4459 Videte
2421 4405 2805 4459 concisionem.
2854 4403 2959 4458 Nos
3013 4405 3162 4458 enim
3219 4420 3405 4460 sumus
3461 4407 3827 4475 circumcisio,

2183 4495 2279 4565 qui
2306 4494 2507 4564 spiritu
2541 4493 2638 4547 Dei
2666 4491 2950 4557 servimus,
2981 4497 3032 4548 et
3079 4494 3397 4566 gloriamur
3427 4497 3486 4549 in
3515 4495 3748 4560 Christo,
3779 4502 3834 4551 et

423 4603 464 4655 ι,
501 4585 556 4656 1)
590 4601 605 4640 :
640 4590 704 4640 ut
732 4586 1056 4651 audientes,
1090 4602 1206 4642 non
1237 4589 1358 4639 tam
1403 4584 1591 4651 missi,
1625 4600 1803 4656 quam
1837 4583 2073 4639 mitten-
2103 4589 2151 4658 D
2182 4598 2294 4638 non
2352 4583 2408 4637 in
2457 4597 2629 4637 carne
2684 4580 3018 4650 conﬁdimus
3067 4583 3334 4654 (Philipp.
3370 4600 3455 4648 ιιι,
3495 4584 3549 4652 2,
3581 4584 3657 4653 3).
3704 4583 3830 4639 Non

425 4674 507 4729 tis
537 4674 883 4732 auctoritate
931 4680 1295 4732 moveantur.
1330 4675 1523 4729 Potest
1568 4672 1782 4744 aliquis
1832 4673 2024 4728 dicere
2057 4689 2070 4728 :

427 4763 798 4821 Contrarium
829 4769 919 4820 est
949 4764 1085 4820 huic
1133 4763 1257 4820 loco
1299 4761 1442 4818 illud
1475 4763 1629 4834 quod
1663 4761 1733 4817 ad
1784 4761 2074 4818 Romanos

426 4852 706 4908 scribitur
738 4870 750 4908 :
786 4853 1146 4909 Circumcisio
1189 4852 1409 4925 quidem
1435 4851 1668 4924 prodest,
1700 4853 1752 4906 si
1791 4851 1959 4922 legem
1988 4867 2078 4906 cu-

427 4940 630 4996 stodias
669 4941 844 5013 (Rom.
895 4955 957 5014 ιι,
1004 4942 1130 5014 25);
1162 4947 1220 4997 et
1249 4941 1445 4996 infra:
1483 4939 1623 5008 Quid
1663 4955 1790 5011 ergo
1834 4943 1911 4995 est
1957 4954 2075 4996 ama

505 5103 521 5136 ί
553 5101 848 5158 Victorius
905 5103 1029 5158 ait:
1081 5103 1334 5174 Vulgata
1387 5102 1566 5157 editio
1623 5108 1962 5158 constanter
2015 5102 2075 5158 in

430 5174 660 5246 cunctis
691 5174 1123 5246 exemplaribus
1154 5173 1269 5229 tam
1307 5173 1632 5246 impressis,
1664 5191 1838 5246 quam
1875 5192 2080 5230 manu-

432 5245 664 5318 scriptis
714 5245 872 5318 legit,
905 5245 1052 5318 nihil
1097 5247 1376 5317 proderit;
1425 5245 1698 5318 similiter
1742 5254 1797 5302 et
1845 5247 2078 5302 Graecus

435 5314 610 5395 codex
641 5314 1144 5395 ᾠδῆς-ὠφελήσει.-
1167 5319 1547 5395 llicronymus
1577 5317 1633 5369 in
1661 5318 2079 5395 commentario

435 5387 774 5462 quinquies,
807 5387 916 5462 hoc
964 5396 1053 5462 est
1091 5387 1445 5462 ubicumque
1492 5387 1892 5462 locumicitat,
1936 5389 2080 5462 legit

429 5459 836 5532 nihilprodest.
889 5460 1240 5524 Lectionem,
1274 5459 1368 5514 abi
1398 5461 1830 5532 exemplaribus
1880 5459 2077 5516 Hiero-

428 5531 727 5607 nymianis
781 5533 1348 5607 desti_tuti,-mutare
1396 5531 1524 5588 ausi
1575 5547 1689 5587 non
1730 5549 1959 5588 sumus.
1993 5537 2081 5589 lta

428 5604 604 5662 enim
621 5604 768 5660 forte
800 5604 1047 5662 legebat.

502 5674 527 5760 ξ
555 5673 674 5741 Hoc
703 5691 836 5734 vero
857 5673 1102 5735 Patrum
1135 5690 1351 5750 magna
1391 5692 1526 5758 pars
1571 5674 1749 5747 novit,
1784 5691 1850 5733 ac
1879 5675 2083 5735 laudat

2185 4671 2426 4728 conﬁdit
2454 4671 2511 4725 in
2544 4687 2738 4738 carne,
2772 4670 2870 4746 qui
2913 4688 3146 4727 omnem
3179 4671 3491 4727 utilitatem
3534 4676 3831 4743 exspectat

2186 4780 2220 4818 a
2249 4760 2499 4823 Christo,
2532 4765 2589 4814 et
2623 4767 2751 4815 'non
2803 4760 3053 4816 seminat
3099 4761 3158 4814 in
3210 4777 3400 4831 carne,
3434 4765 3497 4815 ut
3543 4760 3613 4815 de
3659 4777 3830 4816 carne

2186 4855 2369 4907 motat
2413 4849 2875 4921 corruptionem;
2928 4849 3029 4904 sed
3077 4849 3136 4903 in
3189 4848 3421 4920 spiritu,
3453 4848 3524 4903 de
3554 4865 3669 4920 quo
3715 4848 3832 4904 vita

2186 4946 2402 4995 aeterna
2431 4942 2742 5011 generatur
2777 4938 2937 5008 (vers.
2961 4939 3038 5009 8).
3062 4936 3347 4993 Subtilius
3386 4937 3669 4994 intuenda
3697 4954 3829 4993 sen-

2188 5102 2388 5171 utpote
2426 5099 2500 5153 ab
2529 5096 2809 5169 apostolis
2856 5097 3165 5171 proditum
3199 5112 3448 5171 comma,
3497 5100 3561 5171 et
3601 5095 3769 5167 pauci
3799 5111 3832 5150 θ

2188 5140 2476 5227 colitrario
2508 5140 2646 5224 surnt
2675 5185 2743 5222 ex
2773 5140 3051 5240 anlfiquis,
3071 5169 3166 5240 qui
3201 5166 3352 5240 illud
3371 5140 3831 5240 silentioipraete-

2188 5247 2373 5298 reant.
2412 5241 2486 5294 Ex
2537 5241 2630 5294 his
2659 5245 2714 5294 S.
2752 5237 3022 5306 lreneéus,
3057 5237 3158 5295 lib.
3195 5256 3256 5294 ιιι
3288 5239 3569 5294 adversus
3618 5237 3827 5294 Harsa.

2189 5332 2315 5384 cap.
2353 5314 2437 5366 12.
2471 5311 2903 5384 S._Cyprianus,
2928 5312 3027 5367 lib.
3058 5328 3119 5367 ιιι
3150 5311 3670 5384 Testimoniorum,
3696 5326 3834 5365 non-

2190 5380 2621 5456 nulliquealii.’
2645 5380 2774 5437 Non
2821 5383 3019 5456 itaque
3066 5380 3393 5456 audiendus
3442 5381 3828 5456 Pseudo-Am-

2188 5453 2422 5513 brosius
2444 5455 2871 5510 Commentario
2894 5453 2952 5510 in
2985 5455 3137 5510 hanc
3167 5453 3330 5511 Pauli
3355 5453 3669 5524 Epistolam
3697 5467 3830 5524 cap.

2192 5547 2252 5597 ιι,
2287 5527 2384 5582 ubi
2417 5544 2450 5581 a
2481 5526 2812 5582 Graecorum
2839 5527 3122 5600 sophistis
3153 5542 3317 5583 sacro
3355 5523 3500 5581 illud
3531 5523 3711 5581 textui
3741 5523 3831 5580 in-

2191 5607 2423 5658 trusum
2454 5614 2581 5654 esse
2612 5597 2928 5655 contendit}

2261 5673 2282 5711 ³
2313 5672 2376 5729 In
2407 5668 2538 5728 aliis
2565 5667 2755 5739 libris,
2785 5672 2948 5746 quasi
2975 5670 3173 5740 dicere,
3204 5673 3314 5728 etc.
