4144 6202
357 283 478 342 423

1599 281 1668 344 S.
1711 278 2019 343 EUSEBII
2065 277 2509 341 HIERONYMI

3647 273 3766 331 424

358 413 541 470 tentia
574 430 585 468 :
619 414 680 469 Si
709 410 1209 484 eircumcidamini,
1247 412 1500 469 Christus
1531 415 1679 470 vobis
1707 414 1857 469 nihil
1884 429 2005 485 pro-
2035 415 2089 481 Α
2117 427 2271 483 vero,
2305 426 2403 466 eos
2454 409 2552 482 qui
2587 408 2862 465 tardioris
2893 405 3107 480 ingenii
3138 408 3296 476 sunt,
3329 407 3387 460 et
3416 421 3449 460 a
3486 403 3765 476 spiritua-

359 503 492 559 dest.
525 503 684 568 Quod
719 519 835 558 non
867 501 1057 558 solum
1090 503 1148 558 in
1170 519 1235 558 eo
1267 502 1316 558 si
1347 502 1866 570 circumciduntur,
1890 520 2003 558 non

360 591 444 647 eis
475 591 660 663 prosit
683 591 813 663 ipsa
838 591 1233 659 circumcisio;
1279 593 1378 648 sed
1419 591 1647 648 etiamsi
1671 597 1908 648 caeteras
1930 591 2008 646 vi-

361 681 613 736 deantur
645 685 809 737 extra
851 680 1357 737 circumcisionem
1411 683 1470 736 in
1519 681 1747 737 Christo
1791 681 2007 737 habere

357 768 624 837 virtutes,
650 769 932 824 universas
964 773 1225 841 pereant,
1256 785 1390 824 cum
1425 774 1554 840 post
1586 771 1759 825 fidem
1791 769 2006 826 Christi

361 858 577 913 fuerint
597 857 948 913 circumcisi.
969 859 1117 924 Quid
1149 857 1368 931 igitur?
1398 858 1542 913 nihil
1577 859 1793 931 profuit
1811 858 2006 914 Timo-

358 944 496 1002 theo
517 946 882 1003 circumcisio
897 948 924 1000 't
946 946 1195 1003 Multum
1220 963 1322 1019 per
1341 963 1574 1003 omnem
1601 948 1860 1002 modum.
1880 947 2004 1003 Non

359 1033 515 1090 enim
546 1039 667 1090 tam
698 1035 828 1091 ideo
859 1035 1243 1092 circumcisus
1273 1039 1379 1103 est,
1414 1041 1478 1091 ut
1507 1053 1574 1092 ex
1604 1036 1735 1108 ipsa
1764 1036 2008 1092 circum-

359 1123 579 1179 cisione
609 1123 830 1196 aliquid
858 1124 1240 1180 emolumenti
1271 1125 1559 1180 restimare
1591 1141 1760 1197 posse
1784 1140 1846 1181 se
1867 1141 2003 1180 con-

359 1213 741 1284 sequi,quam
777 1218 841 1268 ut
869 1218 1105 1269 caeteros
1135 1213 1520 1270 lucrifaceret.
1549 1215 1758 1270 Factus
1788 1212 2006 1270 Judazis

355 1302 614 1372 Judaeus,
649 1305 714 1356 ut
740 1303 970 1358 Judaaos
999 1303 1071 1357 ad
1112 1302 1287 1358 fidem
1318 1302 1530 1358 Christi
1561 1320 1669 1359 sua
1697 1302 2003 1358 circumci-

349 1389 515 1444 sione
560 1387 969 1446 ti‘ansduceret
999 1392 1046 1462 (I
1077 1393 1204 1447 Cor.
1242 1408 1320 1460 IX,
1350 1391 1463 1462 20).
1499 1392 1663 1448 Tunc
1708 1391 2003 1462 siquidem

348 1495 466 1534 non
517 1479 754 1552 prodest
784 1479 1174 1546 circumcisio,
1208 1497 1343 1536 cum
1375 1480 1597 1552 aliquid
1632 1497 1736 1552 per
1789 1484 2003 1535 semet-

337 1566 529 1640 ipsam
565 1573 803 1640 putatur
833 1567 1107 1624 utilitatis
1133 1570 1255 1636 (Αἰ.
1289 1568 1538 1641 utilitas)
1571 1569 1795 1625 afferre.

409 1655 596 1728 (Vers.
628 1657 708 1723 3.)
739 1678 766 1707 «
815 1656 1121 1712 Contestor
1170 1661 1366 1713 autem
1417 1675 1651 1714 omnem
1701 1657 2000 1713 hominem

349 1744 863 1800 circumcidentem
915 1762 996 1813 se,
1030 1745 1309 1817 quoniam
1341 1746 1570 1802 debitor
1598 1752 1687 1802 est
1718 1747 1997 1802 universa:

347 1834 515 1905 Legis
548 1833 845 1889 faciendae.
875 1857 901 1883 »
935 1839 1084 1889 Deus
1130 1835 1229 1906 qui
1271 1835 1775 1892 circumcisionem
1811 1836 1998 1908 primo

345 1922 417 1978 ad
447 1921 742 1977 Abraham
772 1923 928 1994 (Gen.
961 1941 1099 1990 xvn,
1134 1924 1244 1995 10),
1278 1924 1488 1979 deinde
1534 1942 1636 1996 per
1665 1925 1901 1996 Moysen
1936 1925 1997 1980 in

343 2010 470 2082 lege
492 2011 773 2083 praecipit,
799 2029 912 2068 non
938 2011 1128 2068 solum
1151 2012 1659 2069 circumcisionem
1683 2014 1872 2084 (Levit.
1895 2030 1995 2081 x11,

340 2099 415 2169 3),
442 2100 542 2156 sed
582 2103 639 2155 et
673 2099 789 2155 alia
832 2101 1020 2156 multa
1058 2101 1212 2157 480
1255 2102 1619 2158 observanda
1647 2101 1995 2158 constituit:

339 2188 472 2244 Dies
537 2188 714 2244 festos
788 2190 1200 2262 Hierosolymis
1268 2191 1726 2264 frequentandae
1787 2190 1994 2262 (Exod.

340 2294 499 2348 xxui,
535 2278 663 2350 17):
696 2277 1025 2334 hostiarum
1067 2277 1432 2346 holocausta,
1465 2298 1636 2336 mane
1684 2296 1916 2351 semper
1944 2283 2000 2335 et

341 2381 580 2436 vespere
611 2366 803 2435 (Exod.
836 2384 990 2433 xx1x,
1015 2368 1106 2435 39,
1131 2369 1257 2436 bi):
1293 2368 1756 2424 immolationem
1791 2369 1849 2422 in
1881 2385 1997 2422 uno

340 2457 572 2507 tantum
605 2453 729 2509 loco
776 2455 911 2527 agni
944 2455 1104 2526 (Ibid.
1138 2457 1250 2528 42),
1291 2462 1459 2512 terrae
1482 2458 1498 2491 ¹
1534 2457 1786 2528 septima
1833 2460 1998 2511 astate

340 2541 516 2595 ferias
538 2541 731 2612 (Leuit.
757 2560 884 2605 xxv.
910 2545 961 2610 4)
987 2561 999 2599 :
1025 2544 1584 2617 quinquagesimum
1632 2544 1996 2601 remissionis

342 2646 563 2684 annum
594 2630 753 2697 (Ibid.
787 2631 840 2700 9,
881 2631 998 2703 1Ο);
1033 2637 1090 2687 et
1139 2637 1349 2688 cmtera
1396 2650 1522 2704 quae
1571 2633 1741 2689 facile
1789 2639 1879 2688 est
1924 2633 1994 2688 de

341 2717 658 2789 Scripturis
689 2735 990 2791 excerpere
1031 2720 1144 2776 sibi
1182 2737 1664 2793 unumquemque
1694 2721 1991 2778 lectorem.

341 2807 782 2864 Coarctabimus
815 2808 1012 2880 itaque
1057 2810 1359 2878 Ebionem,
1393 2816 1450 2866 et
1497 2816 1812 2867 sectatores
1843 2812 1996 2882 ejus,

345 2895 446 2969 qui
478 2901 611 2970 post
635 2897 1013 2970 Evangelium
1045 2899 1344 2954 credentes
1389 2900 1446 2954 in
1491 2899 1717 2955 Christo
1743 2900 1994 2955 circum-

344 2985 622 3042 cidendos
653 2991 883 3058 putant,
913 2991 977 3042 ut
1005 2992 1107 3042 aut
1135 2987 1641 3044 circumcisionem
1676 2990 1908 3052 faciant,
1939 2989 1996 3043 et

345 3079 552 3131 caetera
576 3092 703 3146 quas
726 3076 1146 3148 praecipiuntur
1174 3076 1232 3132 in
1258 3075 1411 3150 lege;
1437 3083 1538 3133 aut
1558 3079 1607 3134 si
1632 3077 1996 3150 impossibile

342 3171 430 3217 est
476 3173 686 3218 cuncta
733 3165 880 3229 ﬁeri,
914 3171 1120 3233 cesset,
1153 3171 1210 3221 et
1262 3167 1649 3235 circumcisio,
1683 3184 1810 3238 quae
1856 3183 1990 3222 cum

343 3251 571 3306 caeteris
601 3252 770 3322 quasi
807 3253 1032 3308 inutilis
1065 3255 1458 3324 praetermissa
1487 3259 1597 3311 est.
1621 3256 1784 3319 Quod
1823 3256 1873 3311 si
1906 3272 1992 3311 re-

341 3340 706 3410 sponderint,
732 3340 1040 3412 possibilia
1066 3347 1299 3396 tantum
1322 3344 1532 3398 debere
1558 3361 1620 3398 se
1647 3345 1834 3401 facere
1854 3348 1993 3413 (non

340 3429 498 3484 enim
531 3429 714 3485 Deum
748 3445 816 3485 ea
845 3448 878 3485 a
909 3431 1078 3486 nobis
1101 3430 1328 3503 exigere
1360 3449 1487 3504 quae
1512 3450 1625 3488 non
1654 3451 1994 3504 possumus,

342 3518 442 3572 sed
475 3533 542 3572 ea
581 3535 706 3588 quae
755 3535 1072 3588 possumus
1102 3519 1391 3591 implere),
1427 3521 1689 3576 dicemus
1739 3524 1844 3588 eis,
1877 3539 1992 3577 non

341 3605 608 3675 ejusdem
666 3621 794 3661 esse
856 3608 973 3674 Dei,
1004 3609 1286 3663 custodiri
1335 3609 1481 3665 velle
1545 3610 1750 3682 legem,
1783 3615 1841 3665 et
1896 3627 1994 3666 eos

347 3692 447 3764 qui
488 3691 674 3765 legem
721 3695 1057 3751 custodiant
1103 3697 1526 3770 derelinquere.
1558 3701 1673 3754 Aut
1701 3700 1994 3771 quomodo

339 3785 576 3853 propter
632 3780 1031 3838 intermissam
1077 3784 1266 3856 legem
1320 3803 1450 3842 reos
1504 3802 1602 3843 eos
1659 3789 1852 3858 faciat,
1896 3787 1996 3860 qui

337 3869 565 3926 etiamsi
590 3869 790 3941 velint,
815 3871 1088 3929 universa
1106 3872 1398 3946 complere
1431 3893 1546 3931 non
1579 3877 1848 3948 possint?
1878 3877 1995 3933 Nos

333 3975 466 4016 vero
498 3959 686 4033 legem
720 3961 886 4033 sequi
935 3961 1331 4034 spiritualem,
1361 3980 1492 4036 quae
1522 3965 1676 4020 dicat
1709 3984 1722 4021 :
1755 3968 1872 4021 Non
1904 3968 1994 4022 in-

335 4049 582 4119 frenabis
637 4065 694 4105 os
753 4049 875 4106 bovi
925 4052 1217 4106 trituranti
1263 4052 1438 4123 (Deut.
1470 4070 1601 4119 xxv,
1636 4054 1710 4125 4),
1745 4059 1802 4110 et
1860 4071 1992 4110 cum

340 4138 613 4208 Apostolo
661 4137 1034 4211 intelligere:
1087 4140 1363 4211 Numquid
1409 4141 1474 4197 de
1523 4142 1687 4198 bobus
1735 4158 1872 4198 cura
1917 4151 1998 4199 est

344 4226 450 4281 Deo
491 4226 540 4296 (ι
573 4227 706 4283 Tim.
753 4245 809 4299 v,
856 4229 954 4297 18;
989 4231 1016 4284 Ι
1045 4229 1166 4286 Cor.
1202 4247 1279 4300 1x,
1310 4229 1405 4300 9)?
1457 4231 1558 4286 sed
1604 4237 1839 4304 propter
1888 4249 1993 4288 nos

336 4314 542 4384 utique
596 4314 755 4383 dicit,
790 4320 846 4370 et
891 4319 1199 4374 observare
1257 4319 1501 4375 sabbata
1564 4320 1811 4376 delicata
1860 4323 1990 4390 (lsa.

337 4418 492 4470 Lvm,
529 4403 639 4474 13),
672 4419 786 4459 non
819 4410 883 4459 ut
926 4406 1030 4461 bos
1060 4412 1116 4462 et
1146 4408 1350 4464 asinus
1395 4413 1610 4478 noster,
1643 4415 1699 4465 et
1728 4409 1865 4466 vilia
1895 4428 1992 4483 pe-

337 4508 474 4548 cora
503 4491 776 4547 laatentur
806 4493 867 4548 in
898 4495 1173 4563 sabbato;
1207 4497 1306 4552 sed
1353 4497 1438 4552 illi
1481 4497 1771 4565 homines,
1805 4503 1861 4555 et
1890 4517 1990 4573 pe-

337 4598 492 4652 cora,
525 4581 596 4637 de
628 4582 844 4654 quibus
875 4584 1160 4656 scriptum
1191 4590 1279 4640 est
1311 4603 1324 4641 :
1356 4588 1611 4643 Homines
1647 4592 1700 4643 et
1731 4590 1990 4660 jumenta

336 4672 512 4726 salvos
556 4670 756 4744 facies,
789 4671 1018 4728 Domine
1047 4673 1224 4744 (Psat.
1258 4690 1426 4740 xxxv,
1457 4675 1547 4745 7).
1573 4676 1850 4732 Homines
1899 4695 1990 4734 ra-

337 4759 649 4816 tionabiles
688 4776 952 4832 quosque
1001 4767 1058 4818 et
1103 4761 1442 4834 Spirituales
1489 4744 1662 4832 viros,
1715 4764 1993 4822 animalia

414 4887 430 4919 ¹
465 4885 592 4952 Qua
627 4884 1124 4958 interpunctionis
1179 4885 1341 4953 vitio,
1388 4903 1504 4958 qua
1549 4887 1764 4943 voculae
1815 4890 1992 4947 unius

341 4955 1092 5031 depravationeiaborabat
1129 4958 1224 5014 hic
1263 4955 1495 5013 sensus.
1530 4959 1748 5031 Nempe
1778 4967 1902 5017 erat
1932 4963 1990 5018 in

334 5027 589 5097 vulgatis
611 5029 910 5084 omnibus.
934 5030 1370 5086 Immotationem
1402 5034 1462 5085 in
1491 5046 1602 5085 uno
1633 5027 1843 5087 tantum
1874 5034 1990 5090 loco

335 5100 468 5174 agni
498 5107 655 5174 terra;
685 5117 703 5152 :
733 5103 967 5170 septima
996 5107 1179 5158 testate
1205 5104 1421 5173 ferias:
1455 5108 1520 5158 ut
1549 5119 1676 5169 vox,
1710 5107 1885 5174 terra,
1919 5106 1989 5162 ad

341 5169 536 5248 locum
567 5169 900 5248 referretur,
930 5189 1062 5248 cum
1110 5175 1180 5248 ad
1205 5169 1793 5248 ’_septimAam_a3tatem
1827 5169 1990 5248 spec-

341 5247 442 5296 tet.
478 5240 775 5296 Laudatur
804 5241 948 5297 iilud
983 5244 1229 5300 Levetici
1262 5240 1386 5314 x'xv,
1418 5246 1452 5300 3
1479 5262 1491 5299 :
1527 5245 1635 5301 Sea:
1662 5250 1825 5303 annis
1848 5240 1991 5304 seres

341 5328 536 5399 agrum
563 5316 740 5399 tuum,
761 5317 821 5399 let
855 5330 958 5396 sex
987 5317 1153 5371 crinis
1182 5318 1402 5399 putabis
1431 5318 1648 5372 vineam
1674 5323 1848 5399 tuam,
1879 5330 1988 5376 cot-

343 5385 594 5457 ligesque
625 5389 838 5454 fructus
869 5386 1024 5456 ejus:
1055 5385 1278 5456 septimo
1307 5398 1491 5444 autem
1521 5405 1664 5446 anno
1694 5385 1991 5447 Sabbalum

341 5457 660 5526 eritterrz;
694 5457 1047 5526 requietionis
1076 5459 1313 5514 Domini.

409 5528 430 5561 ³
460 5525 585 5584 Duo
615 5544 645 5582 e
673 5525 891 5582 noetris
941 5545 1108 5600 mss.,
1140 5547 1175 5586 a
1206 5531 1420 5585 Christi
1456 5532 1560 5600 ﬁde
1603 5534 1841 5588 struitur
1865 5552 1883 5589 :
1915 5535 1989 5590 ad

339 5616 590 5673 quorum
622 5616 756 5655 mox
786 5603 1194 5676 auctoritatem
1227 5601 1609 5670 correximus,
1634 5606 1986 5676 conquiescit,

337 5688 442 5754 pro
473 5687 588 5750 quo
617 5676 744 5730 erat
790 5675 980 5742 antea,
1014 5688 1192 5733 sensu
1240 5689 1482 5750 prorsus
1531 5677 1845 5751 contrario,
1878 5675 1992 5738 non

2027 1786 2076 1852 B

2117 501 2272 557 libus
2302 502 2372 556 ad
2416 499 2639 572 agenda
2691 497 2915 554 Domini
2959 496 3218 552 Sabbata
3248 493 3616 550 erudiuntur.
3648 493 3766 550 Nec

2117 589 2472 646 contrarium
2505 604 2632 643 esse
2665 588 2722 642 id
2764 587 2917 659 quod
2949 602 3129 656 supra
3155 583 3377 639 dictum
3410 587 3499 638 est
3527 599 3539 637 :
3573 581 3632 638 Si
3653 583 3761 637 cir-

2115 679 2527 748 cumcidamini,
2561 678 2811 735 Christus
2840 675 2987 730 vobis
3026 675 3174 728 nihil
3216 672 3429 745 prodest
3458 691 3477 726 :
3507 673 3580 727 Et
3609 671 3763 743 quod

2117 767 2425 839 sequitur:
2469 767 2740 836 Testiﬁcor
2782 780 2996 821 omnem
3043 764 3321 819 hominem
3367 760 3765 818 circumciden-

2117 865 2224 913 tem
2252 873 2326 923 se,
2359 858 2620 928 quoniam
2649 855 2858 910 debitor
2881 858 2961 910 est
3001 854 3273 908 universe
3303 853 3437 923 legis
3465 852 3762 923 faciendae,

2115 946 2252 1002 huic
2283 947 2434 1018 quod
2479 944 2728 1000 infertur
2757 961 2790 998 a
2819 942 3008 998 nobis.
3042 947 3243 1014 Neque
3285 941 3444 997 enim
3471 940 3762 996 auditores

2115 1034 2260 1107 legis
2291 1039 2429 1090 sunt
2450 1034 2598 1105 justi
2621 1033 2775 1104 apud
2809 1032 2994 1088 Deum
3021 1049 3034 1086 :
3061 1031 3162 1086 sed
3192 1032 3438 1086 factores
3470 1028 3615 1101 legis
3639 1030 3767 1099 jus-

2114 1122 2500 1180 tiﬁcabuntur
2529 1123 2703 1194 (Rom.
2737 1138 2798 1190 η,
2831 1121 2940 1189 13).
2965 1119 3110 1186 Quia
3143 1121 3323 1174 factor
3360 1118 3458 1174 ille
3488 1117 3566 1173 sit
3595 1117 3760 1190 legis,

2115 1213 2213 1284 qui
2245 1216 2437 1284 potest
2467 1213 2657 1267 dicere
2689 1227 2702 1266 :
2735 1210 2853 1266 Non
2887 1226 3076 1265 sumus
3116 1209 3463 1264 circumcisio
3492 1207 3759 1280 (Philipp.

2116 1318 2198 1371 ιιι,
2232 1301 2316 1373 3);
2351 1305 2428 1366 et,
2472 1302 2535 1356 In
2579 1300 2786 1356 occulto
2831 1299 3058 1356 Iudaeus
3087 1299 3266 1370 (Rom.
3301 1315 3362 1366 ιι,
3388 1297 3515 1369 29);
3547 1303 3624 1364 et,
3655 1299 3758 1352 sci-

2111 1406 2235 1445 mus
2257 1391 2392 1460 quia
2421 1390 2512 1445 lca:
2533 1389 2842 1461 spiritualis
2869 1392 2946 1444 cst
2967 1389 3140 1461 (Rom.
3165 1404 3268 1454 vn,
3292 1387 3402 1458 14).
3425 1384 3534 1452 Qui
3563 1390 3758 1441 autem

2113 1478 2504 1534 concisionem
2550 1482 2607 1534 et
2654 1477 3104 1534 interfectricem
3154 1479 3439 1548 sequatur
3482 1474 3756 1544 litteram,

2111 1584 2245 1622 eum
2278 1584 2392 1623 non
2425 1566 2570 1639 legis
2602 1583 2731 1622 esse
2775 1567 3074 1632 factorem,
3103 1565 3204 1620 sed
3237 1581 3367 1620 vere
3395 1563 3540 1636 legis
3567 1563 3762 1619 inimi-

2111 1672 2266 1724 cum,
2302 1656 2448 1712 481
2487 1655 2740 1711 maxime
2784 1660 2916 1728 post
2951 1654 3266 1710 Salvatoris
3297 1654 3633 1721 adventum,
3657 1653 3758 1725 qui

2111 1745 2182 1800 ad
2223 1761 2285 1800 se
2327 1744 2796 1800 convertentibus
2825 1743 2991 1800 tollat
3038 1742 3300 1799 velamen
3343 1743 3415 1798 de
3460 1743 3653 1813 corde,
3688 1746 3754 1797 ut

2108 1849 2311 1889 omnes
2345 1832 2596 1889 revelata
2625 1832 2769 1889 facie
2813 1832 3058 1905 gloriam
3091 1832 3323 1888 Domini
3357 1831 3753 1903 contemplan-

2107 1928 2216 1993 tes,
2248 1923 2711 1995 tansﬁguremur
2749 1923 2820 1977 de
2867 1925 3156 1978 vetustate
3204 1921 3408 1977 litterae
3438 1920 3498 1976 in
3528 1921 3756 1977 novita-

2106 2016 2225 2067 tem
2257 2012 2500 2084 spiritus
2529 2012 2599 2082 (ll
2628 2010 2745 2067 Cor.
2781 2028 2865 2078 In,
2900 2011 2986 2080 16,
3022 2011 3123 2079 18;
3157 2012 3310 2067 Rom.
3342 2027 3442 2082 vn,
3471 2011 3551 2081 6).
3791 1997 3802 2005 ’

2182 2099 2365 2164 (Vers.
2402 2100 2481 2170 Ιι.)
2515 2119 2536 2148 α
2571 2099 2841 2155 Evacuati
2872 2100 3014 2155 estis
3045 2117 3079 2155 a
3106 2099 3332 2155 Christo
3363 2117 3376 2154 :
3410 2100 3510 2171 qui
3540 2098 3600 2154 in
3630 2097 3756 2173 lege

2101 2189 2531 2260 justiﬁcamini,
2559 2206 2593 2244 a
2622 2189 2810 2262 gratia
2838 2188 3158 2246 excidistis.
3189 2211 3218 2238 ››
3250 2188 3551 2252 Quomodo
3580 2203 3753 2243 nemo

2109 2283 2300 2349 potest
2329 2278 2559 2333 duobus
2606 2277 2861 2334 dominis
2909 2278 3124 2334 servire
3170 2278 3376 2349 (Matth.
3407 2294 3487 2349 v1,
3523 2278 3639 2349 24),
3669 2276 3753 2332 sic

2107 2368 2378 2422 umbram
2410 2367 2627 2438 pariter
2655 2370 2712 2422 et
2734 2367 3032 2422 veritatem
3067 2367 3214 2439 legis
3243 2365 3489 2438 implere
3519 2365 3755 2422 difﬁcile

2107 2460 2214 2511 est.
2249 2455 2465 2511 Umbra
2511 2455 2570 2510 in
2610 2455 2735 2528 lege
2765 2455 2941 2519 veteri
2972 2459 3080 2522 est,
3113 2456 3296 2511 donec
3342 2454 3559 2527 aspiret
3607 2455 3752 2523 dies,

2107 2549 2165 2599 et
2191 2548 2568 2600 amoveantur
2598 2544 2819 2598 umbras
2855 2561 2868 2599 :
2901 2544 3115 2600 veritas
3146 2544 3206 2598 in
3251 2543 3559 2615 Evangelio
3590 2543 3755 2600 Chri-

2109 2633 2232 2687 sti:
2281 2631 2469 2710 Gratia
2524 2633 2674 2687 enim
2727 2641 2780 2688 et
2836 2635 3037 2689 veritas
3084 2649 3185 2705 per
3238 2635 3416 2690 Iesum
3479 2631 3754 2688 Christum

2104 2724 2271 2794 factm
2299 2725 2426 2776 sunt
2455 2722 2636 2792 (Joan.
2670 2739 2710 2792 ι,
2744 2722 2854 2790 17).
2891 2721 3088 2777 Perdit
3131 2738 3267 2795 ergo
3310 2721 3560 2796 gratiam
3590 2721 3753 2777 Chri-

2108 2810 2203 2874 sti,
2251 2815 2308 2865 et
2350 2809 2719 2881 Evangelium
2768 2811 2923 2882 quod
2966 2816 3254 2882 tenuerat,
3290 2811 3526 2878 amittit,
3559 2811 3755 2884 quiin

2107 2899 2305 2971 aliqua
2343 2898 2744 2955 observatione
2790 2899 2937 2972 legis
2989 2915 3052 2955 se
3092 2900 3406 2971 justiticari
3455 2906 3666 2972 putat:
3701 2903 3756 2956 et

2106 3005 2238 3043 cum
2269 2988 2518 3061 gratiam
2551 2987 2833 3056 amiserit,
2867 3005 2900 3043 a
2929 2987 3145 3043 Christi
3198 2989 3310 3043 fide
3356 2989 3752 3056 destituitur’,

2063 3081 2160 3132 .et
2201 3077 2261 3132 in
2309 3077 2437 3148 ejus
2493 3093 2664 3148 opere
2721 3077 3078 3147 conquiescit
3114 3078 3540 3152 εκατηργήθητε
3596 3079 3752 3134 enim

2023 3156 2067 3224 C
2107 3163 2210 3218 ἀπὸ
2240 3168 2335 3217 τοῦ
2365 3167 2618 3239 Χριστοῦ,
2653 3182 2767 3220 non
2817 3165 2972 3220 utin
3023 3166 3226 3222 Latino
3267 3166 3422 3222 male
3469 3168 3751 3239 interpre-

2103 3259 2291 3310 tatum
2319 3259 2427 3320 est,
2461 3255 2723 3310 Evacuati
2766 3257 2900 3310 estis
2950 3272 2985 3310 α
3031 3254 3260 3322 Christo,
3294 3256 3416 3321 sed,
3448 3259 3509 3312 in
3551 3257 3755 3313 Christi

2105 3341 2215 3415 (Al.
2269 3342 2507 3409 Christo)
2553 3359 2712 3414 opere
2757 3345 2998 3410 cessatis,
3051 3343 3240 3416 magis
3288 3343 3658 3417 intelligitur,
3691 3348 3756 3400 ut

2103 3431 2161 3484 id
2193 3433 2346 3502 quod
2381 3448 2562 3503 supra
2603 3432 2933 3504 specialiter
2963 3433 3034 3488 de
3063 3433 3510 3490 circumcisione
3541 3450 3752 3506 prece-

2104 3526 2289 3592 perat,
2341 3521 2541 3577 dicens
2590 3536 2602 3574 :
2650 3522 2715 3575 Si
2763 3521 3262 3592 circumcidamini,
3314 3522 3555 3578 Christus
3600 3522 3754 3579 vobis

2102 3609 2249 3664 nihil
2287 3609 2510 3680 prodest
2540 3609 2699 3681 (vers.
2731 3611 2809 3682 2).
2845 3627 3000 3666 nunc
3043 3612 3115 3666 de
3143 3617 3266 3668 tota
3286 3611 3307 3646 ³
3338 3612 3462 3685 lege
3511 3627 3752 3684 genera-

2105 3696 2237 3752 liter
2265 3697 2746 3769 comprehendat,
2774 3698 2922 3754 nihil
2952 3715 3052 3755 eos
3081 3699 3140 3754 in
3173 3699 3390 3756 Christi
3422 3717 3593 3772 opere
3623 3717 3754 3773 pro-

2104 3786 2294 3852 ﬁcere,
2328 3787 2430 3858 qui
2461 3787 2520 3841 in
2553 3804 2904 3859 quacunque
2934 3789 3336 3846 observatione
3367 3791 3514 3863 legis
3544 3806 3605 3847 se
3634 3807 3757 3846 cre-

2103 3876 2365 3944 diderint
2385 3876 2821 3948 justificandos.

2176 3965 2362 4036 (Vers.
2405 3966 2486 4037 5.)
2533 3988 2561 4017 ‹‹
2622 3967 2739 4022 Nos
2790 3967 2947 4023 enim
3005 3968 3217 4042 spiritu
3275 3984 3343 4024 ex
3404 3969 3537 4039 ﬁde,
3594 3985 3760 4043 spem

2101 4055 2343 4125 justitiaa
2378 4059 2806 4126 exspectamus.
2831 4078 2858 4107 »
2882 4056 3188 4129 Spiritum,
3213 4059 3285 4113 ad
3318 4058 3758 4114 distinctionem

2103 4142 2307 4198 litteras
2338 4144 2556 4215 posuit.
2587 4145 2733 4216 Spes
2769 4162 2902 4202 vero
2940 4146 3206 4216 justitiae,
3239 4146 3508 4204 Christus
3540 4146 3758 4204 intelli-

2103 4232 2367 4304 gendus:
2403 4231 2543 4305 quia
2568 4233 2693 4304 ipse
2726 4239 2815 4290 est
2844 4235 3076 4307 veritas,
3109 4235 3411 4308 patientia,
3444 4252 3601 4309 spes,
3625 4238 3757 4308 jus-

2103 4322 2253 4390 titia,
2285 4320 2606 4393 omnesque
2651 4323 2896 4380 virtutes
2943 4326 3115 4396 cuius
3145 4343 3251 4382 nos
3284 4327 3610 4382 secundum
3654 4342 3750 4382 ex-

2103 4415 2436 4481 spectamus
2469 4411 2806 4480 adventum,
2838 4413 2991 4485 quod
3026 4415 3405 4486 judicaturus
3436 4420 3526 4471 est
3555 4415 3754 4472 omnia

2021 4525 2068 4590 D
2101 4500 2171 4590 (Il
2205 4501 2348 4554 Tim.
2377 4516 2450 4568 1v,
2487 4501 2630 4573 1),et
2653 4502 2775 4572 jam
2808 4520 2922 4559 non
2957 4504 3257 4576 patientia,
3280 4504 3382 4560 sed
3406 4503 3643 4576 justitia
3668 4503 3754 4560 af-

2101 4589 2358 4657 futurus,
2384 4593 2446 4644 ut
2477 4590 2682 4646 reddat
2712 4591 3028 4664 unicuique
3077 4595 3405 4649 secundum
3436 4609 3613 4665 opera
3646 4608 3758 4649 sua

2101 4679 2273 4750 (Rom.
2309 4695 2371 4746 ιι,
2402 4679 2480 4748 6).
2514 4678 2695 4750 Cujus
2744 4680 2844 4735 Dei
2894 4683 3263 4753 praesentiam
3286 4684 3308 4717 ⁴
3346 4681 3670 4754 apostolus,
3703 4685 3760 4738 et

2103 4767 2203 4840 qui
2235 4768 2287 4824 ei
2319 4772 2458 4824 sunt
2492 4767 2714 4824 similes
2764 4776 3188 4842 exspectantes,
3221 4772 3388 4827 aiunt
3420 4789 3432 4828 :
3483 4771 3752 4828 Advem'at

2101 4895 2352 4966 quiescit.
2384 4892 2674 4948 Victorius
2721 4911 2953 4966 quoquo
3011 4913 3080 4952 ex
3130 4897 3419 4953 Brixianis
3467 4897 3636 4952 codd.
3670 4895 3751 4952 ita

2101 4965 2327 5051 pridem
2359 4969 2718 5037 reposuerat,
2746 4965 3206 5051 monueratque,
3224 4971 3557 5051 conquiescit
3593 4968 3750 5024 idem

2106 5036 2209 5092 hoc
2239 5036 2361 5092 loco
2394 5036 2605 5112 sonare
2641 5053 2706 5092 ac
2745 5043 2934 5094 cessat.
2972 5036 3216 5112 Exponit
3243 5057 3304 5096 se
3335 5036 3392 5095 in
3428 5040 3585 5095 hunc
3610 5055 3753 5112 sen-

2101 5124 2236 5184 sum
2288 5109 2502 5184 statim
2542 5107 2950 5184 ilieronymus,
2991 5107 3252 5168 subdens
3302 5128 3314 5165 :
3369 5110 3753 5184 κατηργήθητε

2101 5181 2250 5234 enim
2278 5177 2382 5231 ἀπὸ
2412 5181 2507 5230 τοῦ
2537 5177 2789 5252 Χριστοῖ,
2822 5199 2954 5248 non,
2985 5192 3044 5238 ut
3077 5186 3139 5239 in
3177 5185 3377 5240 Latino
3406 5177 3752 5240 male'inter-

2095 5255 2374 5323 pretatum
2401 5259 2502 5333 est,
2527 5253 2785 5333 evacuati
2816 5255 2957 5308 estis
2989 5271 3022 5309 a
3041 5255 3291 5326 Christo,
3314 5254 3429 5321 sed,
3458 5257 3517 5310 in
3547 5252 3758 5310 Christi

2101 5338 2260 5394 opere
2287 5329 2528 5390 cessatis,
2563 5329 2671 5379 etc.

2171 5394 2194 5428 ³
2225 5394 2406 5450 Penes
2436 5393 2756 5450 Victoriam
2789 5397 3041 5469 negandi
3083 5403 3173 5455 est
3203 5396 3513 5471 particula,
3544 5414 3661 5453 non
3691 5397 3758 5453 de

2101 5469 2233 5530 tota,
2266 5471 2376 5521 etc.

2170 5539 2192 5571 ⁴
2222 5537 2522 5616 Palatinus
2556 5554 2667 5593 ms.
2702 5555 2834 5616 cum
2867 5539 3140 5616 Victoria,
3171 5543 3326 5616 cujus
3355 5541 3475 5616 diei
3499 5556 3751 5616 prqsens

2100 5611 2348 5682 tiamket
2376 5609 2549 5682 paulo
2594 5614 2729 5680 post
2777 5613 3014 5682 rectius,
3046 5630 3171 5671 cum
3210 5609 3392 5676 Filius
3438 5609 3544 5674 Déo
3591 5612 3758 5674 Patri

2100 5680 2394 5740 tradiderit
2419 5696 2674 5758 regnum.
