4144 6202
308 374 318 383 ’
356 368 476 428 425

1015 367 1529 427 COMMENTAR.
1582 367 1654 425 IN
1703 365 1949 424 EPIST.
1999 364 2102 422 AD
2150 363 2428 423 GALA'l‘.
2483 366 2623 427 UB.
2674 367 2775 438 lll,
2825 370 2993 427 CAP.
3046 369 3114 426 V.

3650 372 3769 429 426

359 515 595 567 regnum
620 501 781 554 tuum
811 497 1028 569 (Matth.
1060 514 1136 554 v1.
1174 498 1280 569 10),
1316 500 1381 552 ut
1427 513 1561 552 cum
1595 496 1774 551 Filius
1805 496 1922 551 Deo
1952 497 2007 549 et
2037 495 2091 562 Α
2125 494 2237 549 sita
2263 520 2276 560 ;
2301 496 2453 551 483
2481 498 2577 551 sed
2614 498 2777 563 fides,
2806 514 2933 569 quae
2966 513 3068 570 per
3096 498 3441 557 charitatem
3475 507 3769 574 operatur,

356 588 515 644 Patri
542 586 852 643 tradiderit
896 601 1163 658 regnum,
1214 590 1271 641 et
1302 586 1362 640 in
1412 585 1691 656 subjectis
1732 584 2009 640 omnibus

356 677 538 734 fuerit
565 681 623 733 et
647 677 774 749 ipse
803 674 1104 745 subjectus
1133 675 1180 745 (ι
1213 676 1340 731 Cor.
1373 692 1462 742 xv,
1499 674 1627 745 28):
1665 678 1805 730 tunc
1834 677 2009 745 caput

354 765 707 839 subjiciatur
735 764 794 820 in
827 779 1085 835 corpore,
1141 768 1199 819 et
1229 763 1305 818 sit
1348 763 1503 819 Deus
1556 762 1753 818 omnia
1782 763 1842 818 in
1875 778 2007 817 om-

353 856 532 911 nibus
580 853 787 924 (Ibid.).
846 852 993 917 Quia
1048 852 1148 926 qui
1202 869 1358 908 nunc
1415 857 1504 909 est
1558 868 1626 908 ex
1674 855 1858 924 parte,
1907 867 2011 924 per

352 942 643 1018 singulos,
672 947 815 998 tunc
844 940 1084 1013 incipiet.
1113 945 1272 996 totus
1302 956 1430 997 esse
1468 956 1571 1013 per
1599 945 1863 997 cunctos.

427 1034 621 1106 (Vere.
652 1030 734 1105 6.)
764 1054 792 1082 ‹‹
823 1030 970 1086 Nam
998 1029 1060 1085 in
1091 1029 1318 1087 Christo
1342 1033 1505 1100 Jesu,
1536 1046 1726 1102 neque
1755 1028 2007 1085 circum-

353 1121 506 1178 cisio
537 1120 689 1177 482
738 1119 958 1192 aliquid
1013 1118 1185 1187 valet,
1247 1135 1433 1191 neque
1490 1118 1865 1191 praeputium,
1906 1117 2008 1174 sed

354 1211 509 1267 ﬁdes
535 1226 659 1283 quis
703 1226 806 1283 per
850 1207 1196 1265 charitatem
1250 1211 1542 1280 operatur.
1588 1230 1618 1257 »
1671 1207 1768 1263 llis
1816 1207 1917 1279 qui
1948 1206 2008 1262 in

352 1299 586 1355 Christo
638 1297 778 1354 Jesu
837 1297 1041 1354 volunt
1089 1298 1302 1367 vivere,
1366 1297 1611 1353 virtutes
1668 1296 2009 1369 appetendze

352 1393 512 1457 sunt,
544 1387 686 1443 vitia
714 1387 1014 1461 fugienda,
1048 1386 1243 1442 media
1272 1403 1406 1441 vero
1429 1403 1554 1457 quae
1587 1386 1738 1441 inter
1762 1386 2007 1442 virtutes

352 1485 412 1536 et
454 1477 596 1534 vitia
649 1481 810 1547 sunt,
870 1493 976 1532 nec
1030 1476 1326 1549 fugienda,
1378 1490 1484 1531 nec
1542 1476 1889 1548 appetenda,
1945 1480 2007 1531 ut

355 1565 723 1626 circumcisio
773 1569 831 1622 et
876 1564 1251 1638 praeputium,
1301 1568 1359 1620 et
1389 1568 1595 1619 caetera
1636 1563 1730 1619 his
1772 1563 2006 1620 similia.

354 1654 732 1729 Circumcisio
762 1654 1002 1727 quidem
1055 1653 1313 1726 prodest,
1363 1652 1411 1709 si
1472 1652 1660 1726 legem
1711 1654 2010 1710 custodias

354 1746 528 1818 (Rom.
578 1763 640 1812 ιι,
687 1744 802 1818 25).
860 1743 996 1808 Quae
1043 1743 1258 1799 idcirco
1310 1741 1471 1798 utilis
1524 1744 1635 1797 fuit
1685 1741 1778 1799 his
1817 1742 2008 1815 quiin

2121 589 2184 639 ut
2215 590 2271 640 et
2302 585 2444 641 ﬁdes
2477 603 2602 658 qua:
2652 591 2919 659 reputata
2964 592 3053 643 est
3094 589 3339 647 Abrahze
3394 591 3450 645 in
3474 592 3774 663 justitiam

2120 672 2270 744 (Gen.
2303 691 2393 741 xv,
2426 674 2503 745 6),
2536 677 2968 748 comprobetur,
3030 680 3087 732 et
3136 694 3309 734 omne
3362 696 3508 752 opus
3544 681 3678 737 ﬁdei
3711 681 3772 736 in

2119 761 2401 818 charitate
2423 765 2836 834 pendentibus.
2866 767 2928 821 In
2949 766 3042 822 his
3065 767 3357 839 siquidem
3380 769 3610 826 duobus
3632 786 3774 843 pras-

2118 852 2344 923 ceptis:
2379 858 2650 924 ponatur,
2683 859 2805 910 tota
2852 855 2977 928 lege
3029 860 3086 911 et
3132 857 3434 929 prophetis
3482 873 3551 913 ex
3579 856 3769 914 chari-

2118 944 2235 996 tate
2294 943 2509 1013 Diliges
2574 944 2747 998 Deum
2825 952 3000 1015 tuum,
3049 948 3105 1000 et
3170 945 3369 1016 diliges
3426 948 3770 1019 proximum,

2119 1026 2381 1085 Salvator
2428 1031 2681 1087 asseruit
2726 1030 2915 1105 legem
2966 1034 3399 1107 prophetasque
3448 1034 3773 1093 consistere

2120 1117 2339 1189 (Matth.
2370 1136 2508 1190 xxn,
2559 1121 2670 1192 40).
2730 1120 2797 1176 Et
2831 1122 3043 1179 Paulus
3098 1122 3159 1179 in
3190 1124 3304 1181 alio
3360 1123 3524 1182 loco:
3556 1120 3772 1182 Etenim

2116 1222 2227 1263 non
2255 1207 2613 1277 adullerabis,
2664 1225 2776 1265 non
2819 1211 3104 1281 furaberis
3176 1229 3287 1269 non
3323 1217 3689 1288 concupisces,
3718 1210 3772 1272 et

2118 1297 2340 1369 siquod
2370 1305 2447 1353 est
2485 1296 2644 1353 aliud
2686 1300 3036 1367 mandatum,
3088 1303 3149 1357 in
3194 1303 3295 1359 hoc
3340 1320 3589 1360 sermone
3616 1319 3771 1360 reca-

2117 1384 2440 1455 pitulatur:
2493 1388 2696 1459 Diliges
2737 1384 3060 1461 proximum
3105 1399 3263 1447 tuum
3312 1392 3455 1448 sicut
3502 1397 3552 1450 te
3592 1390 3769 1465 (Rom.

2117 1491 2240 1542 x111,
2272 1476 2348 1546 9).
2378 1474 2435 1530 Si
2465 1492 2601 1549 ergo
2645 1494 2818 1534 omne
2867 1479 3213 1535 mandatum
3261 1480 3682 1554 recapitulatur
3708 1481 3771 1539 in

2119 1580 2185 1619 eo
2217 1565 2372 1635 quod
2403 1565 2628 1622 dictum
2681 1572 2806 1623 est:
2858 1569 3065 1639 Diliges
3102 1571 3421 1642 proximum
3459 1579 3615 1627 tuum
3645 1560 3769 1627 tan-

2120 1670 2283 1724 quam
2305 1658 2375 1725 te,
2429 1654 2574 1712 ﬁdes
2623 1659 2819 1712 autem
2851 1673 2956 1729 per
3004 1657 3346 1716 charitatem
3394 1664 3633 1733 operata
3671 1677 3770 1717 va-

2119 1740 2200 1798 let
2229 1741 2572 1815 plurimum,
2625 1745 3004 1803 manifestum
3054 1752 3143 1804 est
3189 1748 3586 1823 operationem
3636 1738 3773 1805 ﬁdei

352 1833 483 1909 lege
512 1833 801 1900 vixerunt,
835 1849 952 1889 non
983 1832 1124 1905 quia
1172 1830 1501 1887 circumcisi
1545 1835 1712 1887 erant
1741 1832 1842 1888 sed
1871 1832 2011 1903 quia
2038 1866 2087 1932 B
2118 1847 2221 1903 per
2237 1830 2600 1901 charitatem,
2621 1834 3049 1905 plenitudinem
3073 1838 3487 1895 mandatorum
3506 1837 3773 1895 omnium

356 1925 578 1982 credita
606 1927 747 1982 sunt
803 1921 923 1978 illis
979 1920 1214 1993 eloquia
1262 1919 1358 1977 Dei
1410 1921 1587 1993 (Rom.
1641 1937 1724 1989 ιιι,
1773 1921 1850 1993 2),
1879 1938 2010 1994 quae

354 2014 415 2071 in
441 2029 620 2086 opera
647 2016 958 2075 vertentes,
991 2028 1026 2066 a
1054 2009 1245 2066 salute
1291 2010 1548 2066 extranei
1597 2026 1713 2066 non
1746 2011 2004 2067 luerunt.

355 2103 472 2162 Nec
501 2120 609 2161 nos
639 2106 869 2159 moveat
898 2101 1054 2173 quod
1086 2118 1121 2156 ει
1165 2099 1424 2171 Sephora
1452 2098 1662 2155 tollens
1691 2099 2005 2169 calculum,

352 2193 544 2250 ﬁlium
595 2190 962 2250 circumcidit
1006 2188 1196 2261 (Exod.
1249 2206 1326 2256 ιν,
1369 2189 1481 2261 25),
1534 2194 1593 2244 et
1621 2189 2007 2246 suft‘ocantem

350 2282 632 2356 angelum
662 2279 962 2353 prohibuit
988 2296 1022 2335 a
1051 2277 1261 2334 marito
1311 2278 1471 2349 (Ibid.
1504 2277 1617 2349 24),
1651 2277 1771 2334 sive
1803 2282 1868 2334 ut
1896 2277 2009 2334 ali-

351 2375 450 2428 ter
479 2371 541 2425 in
596 2370 824 2426 Hebraeo
871 2367 1158 2440 scriptum
1206 2367 1474 2437 refertur,
1531 2367 1672 2439 quia
1702 2384 1859 2424 nunc
1891 2384 2008 2424 non

354 2465 484 2533 tam
514 2457 1016 2515 circumcisionem
1042 2455 1277 2529 penitus
1306 2454 1391 2511 nil
1415 2456 1707 2528 prodesse,
1741 2473 1917 2529 quam
1947 2456 2007 2514 in

355 2548 590 2607 Christo
618 2547 756 2605 Jesu
809 2563 937 2603 eam
987 2562 1103 2602 non
1148 2544 1339 2602 valere
1395 2549 1644 2601 testatus
1693 2548 1799 2616 est,
1845 2563 1915 2602 ex
1942 2562 2008 2603 eo

356 2636 653 2710 siquidem
700 2640 961 2708 tempore
1009 2651 1124 2708 quo
1178 2633 1553 2706 Evangelium
1603 2634 1662 2690 in
1710 2639 1831 2691 toto
1871 2636 2010 2693 orbe

355 2726 626 2793 radiavit,
659 2725 959 2799 superflua
986 2728 1076 2780 est
1104 2723 1569 2780 circumcisionis
1604 2724 1839 2795 injuria.
1872 2728 2007 2790 Quae

355 2821 519 2884 tunc,
552 2818 619 2871 ut
647 2818 855 2871 caetera
882 2828 1117 2885 quoque
1146 2811 1313 2884 legis,
1343 2811 1526 2867 valuit
1555 2814 1789 2885 quando
1822 2818 1879 2869 et
1908 2814 2006 2870 be-

356 2903 719 2961 nedictiones
747 2901 1010 2959 carnales
1037 2900 1222 2974 legem
1254 2901 1623 2957 servantibus
1645 2902 2011 2974 spondeban-

356 2999 491 3061 tur;
525 2993 681 3066 quod
714 2992 954 3059 scilicet,
987 2991 1037 3047 si
1057 2990 1402 3065 implessent
1430 3007 1582 3057 eam,
1611 2992 1897 3047 benedicti
1924 3009 2011 3049 es-

357 3082 576 3140 sentin
608 3082 864 3154 civitate,
896 3080 1186 3137 benedicti
1216 3080 1275 3136 in
1320 3096 1483 3153 agro,
1523 3080 1697 3153 plena
1727 3081 2011 3137 haberent

357 3172 588 3240 horrea,
611 3176 669 3228 et
689 3171 875 3227 multa
892 3170 1008 3227 alia
1022 3187 1150 3242 quae
1167 3170 1227 3225 in
1251 3169 1809 3242 repromissionibus
1831 3170 2011 3227 conti-

2117 1921 2433 1977 continere.
2486 1923 2786 1988 Quomodo
2834 1929 3033 1980 autem
3075 1928 3245 1997 juxta
3293 1926 3622 1999 apostolum
3671 1927 3771 1984 Ja-

2118 2009 2350 2081 cobum,
2411 2012 2556 2067 fides
2609 2011 2832 2084 absque
2884 2013 3161 2085 operibus
3215 2020 3448 2071 mortua
3493 2020 3584 2072 est
3634 2016 3768 2088 (Jac.

2119 2115 2181 2165 ιι,
2212 2098 2304 2170 20)
2332 2114 2346 2154 :
2382 2099 2465 2155 sic
2496 2100 2718 2171 absque
2764 2102 2898 2173 fide,
2931 2103 3202 2175 quamvis
3241 2104 3396 2160 bona
3426 2121 3601 2177 opera
3631 2104 3769 2178 sint,
3836 2113 3855 2123 ‘

2119 2191 2351 2243 mortua
2399 2193 2836 2261 computantur.
2886 2191 2994 2257 Qui
3042 2191 3224 2264 igitur
3271 2193 3331 2248 in
3377 2192 3606 2250 Christo
3653 2190 3793 2251 non'

2118 2276 2382 2342 credunt,
2416 2282 2472 2333 et
2523 2283 2664 2334 sunt
2710 2279 2912 2352 probis
2946 2281 3228 2353 moribus,
3282 2282 3439 2338 aliud
3472 2281 3613 2357 quid
3649 2301 3773 2341 ma-

2118 2364 2207 2437 gis
2238 2364 2459 2422 habent
2483 2383 2660 2438 quam
2691 2384 2869 2439 opera
2900 2368 3186 2425 virtutum
3207 2370 3236 2426 ?
3262 2371 3607 2445 Exemplum
3638 2369 3775 2429 ﬁdei

2118 2470 2248 2527 qua:
2300 2472 2403 2527 per
2449 2455 2796 2513 charitatem
2856 2463 3152 2530 operatur,
3211 2460 3284 2515 de
3336 2459 3777 2533 Evangelioilla

2118 2545 2394 2600 meretrix
2420 2544 2662 2615 tribuat,
2716 2562 2843 2618 qua:
2875 2564 3010 2603 cum
3060 2548 3121 2603 in
3153 2549 3326 2606 domo
3373 2548 3648 2607 Pharisaei
3680 2566 3777 2607 ac-

2117 2634 2357 2690 cubanti
2388 2635 2633 2691 Domino
2665 2634 2820 2692 484
2846 2635 3025 2709 pedes
3064 2636 3303 2694 lavisset
3330 2637 3626 2713 lacrymis,
3659 2643 3776 2697 ter-

2118 2723 2292 2779 sisset
2320 2723 2602 2796 crinibus,
2641 2723 2874 2781 linisset
2901 2726 3009 2795 (Al.
3060 2726 3317 2795 levisset)
3358 2733 3685 2801 unguento,
3714 2733 3774 2785 et

2119 2812 2407 2869 Pharismo
2422 2813 3122 2882 murmuranti,Dominus
3134 2814 3473 2887 parabolam
3489 2816 3777 2889 quinqua-

2117 2901 2282 2975 ginta
2297 2906 2354 2957 et
2375 2902 2729 2975 quingentos
2749 2902 3023 2959 denarios
3045 2903 3328 2959 debitoris
3346 2903 3770 2977 proposuisset,

2118 2990 2331 3061 adjecit
2360 2992 2510 3058 (Luc.
2543 3007 2645 3058 vn,
2675 2990 2869 3060 36-43)
2893 3009 2906 3046 :
2940 2996 3174 3064 Propter
3197 2992 3337 3064 quod
3364 2993 3483 3048 dico
3509 2993 3652 3048 tibi:
3681 2993 3775 3049 Di-

2116 3082 2419 3134 mittuntur
2473 3081 2527 3134 ci
2575 3088 2803 3149 peccata
2858 3081 3051 3146 multa,
3106 3082 3241 3151 quia
3295 3081 3493 3137 dilexit
3533 3081 3771 3138 multum

2124 3166 2285 3241 (Ibid.
2316 3169 2427 3239 47).
2478 3168 2549 3222 Et
2577 3168 2649 3223 ad
2703 3166 2894 3241 ipsam
2943 3168 3250 3225 mulierem
3282 3186 3619 3242 conversus,
3651 3170 3772 3227 ait:

357 3235 584 3318 nentur
603 3262 778 3333 (Deut.
817 3277 1014 3330 xxvm,
1038 3235 1265 3331 ’3.ι14).
1298 3235 1415 3315 Nos
1462 3264 1658 3316 autem
1690 3260 1749 3314 in
1780 3260 2011 3317 Christo
2042 3235 2085 3304 (ἶ
2121 3235 2283 3314 Fides
2312 3235 2411 3312 tua
2440 3266 2492 3313 te
2535 3235 2745 3312 salvam
2789 3259 2955 3329 fecit:
3014 3257 3150 3314 vade
3199 3260 3260 3314 in
3305 3276 3439 3331 pace
3467 3235 3625 3332 (Ibid:
3656 3259 3772 3332 50).

358 3351 502 3409 Jesu
521 3349 715 3408 valere
734 3349 1009 3406 volumus
1029 3354 1086 3405 et
1104 3348 1439 3417 confortari,
1461 3348 1518 3403 id
1539 3354 1648 3417 est,
1672 3348 1732 3403 in
1753 3366 1890 3405 vera
1910 3350 2014 3405 cir-

358 3439 721 3497 cumcisione
736 3443 794 3496 et
814 3456 929 3495 non
947 3438 1006 3494 in
1024 3436 1357 3494 concisione
1375 3436 1639 3494 Judaica.
1660 3439 1843 3509 Neque
1861 3442 2012 3495 enim

357 3532 462 3602 qui
488 3531 552 3586 in
577 3532 767 3601 aperto
792 3526 1020 3586 Iudaeus
1065 3536 1162 3597 est,
1203 3542 1377 3598 neque
1421 3527 1719 3599 manifesta
1749 3530 1807 3584 in
1835 3545 2014 3586 carne

355 3618 729 3689 circumcisio,
758 3616 852 3672 sed
879 3617 941 3672 in
968 3615 1277 3673 abscondito
1322 3615 1565 3684 Iudaeus,
1588 3626 1640 3672 et
1670 3620 2013 3677 circumcisio

357 3706 543 3764 cordis
597 3708 657 3762 in
711 3706 941 3776 spiritu,
999 3722 1110 3762 non
1165 3705 1350 3761 littera
1403 3706 1577 3774 (Rom.
1635 3723 1696 3769 ιι,
1754 3708 1845 3775 28,
1895 3710 2009 3781 29).

358 3794 521 3854 Nihil
550 3791 745 3867 itaque
798 3794 1037 3867 prodest
1062 3794 1124 3849 in
1172 3793 1405 3849 Christo
1460 3794 1653 3850 carnis
1700 3796 2012 3855 circumci-

359 3885 476 3955 sio,
506 3884 610 3940 sed
639 3884 831 3939 cordis
861 3887 919 3939 et
944 3882 1199 3950 aurium,
1232 3900 1359 3955 quae
1410 3882 1598 3938 aufert
1627 3882 1773 3939 illud
1801 3903 2012 3959 oppro-

357 3972 564 4030 brium
617 3972 987 4029 Judaeorum:
1039 3973 1171 4028 Ecce
1223 3973 1557 4027 circumcisae
1601 3989 1767 4030 aures
1801 3984 2010 4045 vestra,

360 4068 417 4119 et
444 4077 563 4119 non
584 4063 805 4134 potestis
853 4060 1052 4117 audire
1098 4059 1291 4132 (Exod.
1336 4076 1412 4130 v1,
1469 4060 1580 4132 12).
1630 4062 1875 4119 Prodest
1903 4064 2012 4120 cir-

359 4150 648 4209 cumcisio
677 4150 991 4218 labiorum,
1022 4166 1201 4222 quam
1235 4150 1406 4219 juxta
1434 4148 1849 4219 humilitatem,
1883 4170 2016 4209 nec-

360 4241 507 4297 dum
538 4255 601 4297 se
630 4239 846 4297 habere
876 4239 1232 4295 causabatur
1262 4238 1510 4312 Moyses,
1545 4242 1610 4294 ut
1644 4239 1704 4294 in
1734 4241 2018 4298 Hebraico

2122 3348 2335 3418 Aperte
2380 3344 2537 3401 enim
2592 3345 2651 3400 in
2701 3345 2813 3401 hoc
2848 3346 2974 3402 loco
3018 3348 3486 3404 demonstratum
3512 3352 3609 3405 est
3644 3365 3772 3406 mu-

2120 3437 2324 3492 lierem
2362 3435 2535 3491 istam
2580 3433 2860 3491 habuisse
2907 3436 3081 3491 ﬁdem
3130 3453 3233 3508 per
3262 3436 3608 3494 charitatem
3638 3454 3776 3510 ope-

2121 3530 2331 3596 ratam,
2390 3541 2516 3597 quae
2585 3522 2837 3580 multum
2899 3524 3147 3581 valuerit
3211 3526 3272 3582 in
3329 3526 3580 3583 Christo.
3637 3527 3777 3583 Esto

2122 3616 2254 3688 quis
2286 3614 2478 3670 dicat:
2514 3617 2664 3669 Bene
2712 3614 3221 3671 circumcisionem
3272 3616 3332 3671 in
3364 3615 3594 3673 Christo
3628 3613 3777 3672 nihil

2118 3703 2311 3760 valere
2329 3702 2694 3768 monstravit,
2719 3719 2898 3775 quam
2915 3702 3137 3759 sciebat
3148 3703 3468 3776 aliquando
3485 3703 3768 3761 valuisse:

2122 3792 2389 3865 nunquid
2421 3796 2478 3848 et
2506 3791 2576 3847 de
2614 3791 2897 3865 praeputio
2943 3792 3158 3865 aliquis
3206 3793 3562 3866 ambigebat,
3596 3798 3663 3850 ut
3691 3791 3778 3850 di-

2122 3886 2295 3949 ceret,
2352 3896 2525 3955 negue
2590 3882 2976 3953 praeputium?
3031 3881 3140 3937 Sed
3206 3882 3257 3938 si
3336 3880 3776 3938 consideremus

2124 3969 2411 4042 plurimos
2450 3968 2937 4037 Christianorum,
2971 3970 3029 4025 id
3080 3974 3189 4041 est,
3222 3986 3253 4026 e
3301 3970 3540 4039 nostris,
3573 3970 3676 4042 qui
3706 3970 3779 4026 de

2124 4058 2374 4116 oleastro
2431 4057 2632 4114 inserti
2690 4076 2900 4114 sumus
2956 4058 3015 4113 in
3082 4054 3338 4115 radicem
3398 4061 3561 4115 bona;
3614 4057 3774 4115 olivaa

2126 4152 2302 4221 (Rom.
2336 4166 2417 4216 x1,
2459 4149 2560 4219 Π),
2610 4147 2901 4204 exsultare
2947 4150 3148 4204 contra
3193 4149 3407 4204 fractos
3445 4164 3641 4204 ramos
3672 4164 3779 4220 po-

2124 4237 2252 4311 puli
2273 4236 2633 4303 Judaeorum,
2660 4240 2716 4291 et
2738 4237 2948 4304 dicere,
2979 4236 3168 4308 magis
3188 4235 3377 4292 valere
3399 4237 3777 4309 prmputium,

358 4328 652 4401 scriptum
699 4333 822 4386 est:
874 4329 982 4401 Ego
1039 4330 1224 4384 autem
1278 4344 1405 4383 sum
1446 4331 1787 4401 praeputium
1816 4329 2020 4388 habens
2127 4327 2189 4382 in
2222 4343 2338 4398 quo
2394 4324 2689 4380 Abraham
2727 4326 2835 4379 Deo
2892 4323 3128 4396 placuit,
3188 4329 3246 4381 et
3302 4330 3572 4399 reputata
3611 4332 3700 4384 est
3729 4328 3782 4384 ei

356 4417 627 4476 inlabiis
681 4417 882 4489 (Ibid).
942 4417 1195 4474 Multum
1252 4416 1526 4474 utilitatis
1583 4420 1822 4490 praebet,
1873 4420 2020 4476 etin
2132 4417 2276 4471 ﬁdes
2333 4415 2404 4470 ad
2454 4412 2750 4485 justitiam
2810 4413 2964 4484 (Gen.
3021 4432 3111 4484 xv,
3175 4416 3251 4487 6),
3303 4433 3482 4489 quam
3529 4415 3785 4473 circum-

355 4508 548 4564 rebus
602 4506 858 4563 venereis
914 4502 1282 4563 circumcisio
1341 4522 1475 4561 cum
1532 4522 1635 4577 per
1690 4508 2020 4565 castitatem
2132 4504 2436 4569 cisionem,
2499 4519 2625 4575 quae
2658 4502 2718 4557 in
2774 4501 3011 4575 signum
3060 4503 3195 4561 ﬁdei
3243 4505 3380 4563 data
3426 4511 3534 4577 est,
3579 4511 3638 4561 et
3677 4504 3784 4561 ha-

358 4594 736 4668 impudicitia
767 4596 1090 4653 desecatur.
1134 4595 1317 4668 Igitur
1360 4594 1421 4651 in
1470 4595 1701 4652 Christo
1744 4596 1887 4654 Jesu
1918 4615 2023 4656 nec
2054 4605 2101 4670 D
2134 4593 2290 4651 benti
2320 4607 2450 4649 eam
2510 4608 2625 4647 non
2682 4590 2900 4665 profuit
2957 4593 3192 4650 Israeli:
3247 4594 3578 4651 videbimus
3604 4593 3784 4650 etiam

356 4685 733 4742 circumcisio
761 4685 934 4754 valet,
980 4702 1086 4743 nec
1127 4685 1479 4759 praputium
1526 4686 1850 4758 corporale,
1882 4688 2027 4760 quia
2134 4685 2286 4740 hanc
2340 4681 2711 4754 quorundam
2740 4681 3183 4755 usurpationem
3236 4682 3575 4740 cautissime
3627 4698 3784 4738 nunc

357 4780 425 4836 in
454 4773 668 4847 medio,
701 4773 761 4830 id
792 4778 903 4843 est,
954 4774 1106 4830 inter
1147 4774 1291 4831 vitia
1337 4774 1708 4846 virtutesque
1753 4779 1894 4831 sunt
1922 4793 2024 4849 po-
2137 4772 2454 4831 exclusam.

1613 5096 1939 5184 LIBER
2009 5090 2543 5181 TERTIUS.

442 5401 781 5464 488-484
854 5405 1118 5465 Tertium
1173 5408 1244 5465 ad
1319 5407 1574 5477 Galatas,
1632 5425 1664 5465 ο
1732 5406 1916 5465 Paula
1971 5409 2030 5464 et
2138 5398 2561 5459 imbecillitatis
2592 5407 2825 5475 nostrae,
2856 5407 2914 5462 et
2942 5402 3109 5462 exilis
3140 5402 3358 5480 ingenii
3388 5406 3792 5481 rivulum,vix

360 5493 780 5569 Eustochium,
807 5495 1082 5554 volumen
1131 5495 1242 5554 hoc
1290 5498 1566 5555 cudimus
1599 5501 1615 5533 ¹
1646 5515 1659 5555 :
1693 5515 1808 5555 non
1838 5497 2029 5570 ignari
2144 5517 2322 5573 parvo
2354 5505 2710 5574 strepentem
2757 5519 3057 5560 murmure
3101 5506 3438 5564 sentientes.
3470 5506 3601 5565 Jam
3632 5508 3786 5565 enim

438 5676 457 5716 ι
490 5671 608 5731 Alii
636 5672 790 5745 libri,
822 5674 1145 5733 condimus:
1175 5680 1232 5732 et
1262 5674 1415 5748 mox,
1464 5681 1735 5752 strepente
1761 5693 2083 5745 murmure;
2115 5680 2385 5756 denique,
2418 5682 2799 5756 Apostolorum
2823 5682 3211 5758 simplicitate.

697 5801 961 5867 ΡΑτιιοι.
1012 5802 1229 5868 XXVI.

3388 5815 3463 5879 Μ
