4144 6202
434 369 550 428 4ΞἾ

1699 371 1765 430 S.
1813 369 2124 431 EUSEBII
2170 371 2615 432 ΗΙΕΗΟΝΥΜΙ

3728 375 3850 434 428

433 502 578 557 etin
637 499 909 557 Ecclesiis
960 500 1075 558 ista
1131 505 1508 574 quaeruntur:
1565 502 1899 574 omissaque
1931 504 2320 575 apmAnem
2377 509 2434 559 et
2489 503 2932 570 Quintilianum.
2992 502 3249 560 Ecclesia
3305 503 3520 560 Christi
3579 521 3696 562 non
3767 507 3840 563 de

433 589 773 645 stolieorum
845 591 1218 663 simplicitate
1288 597 1343 646 et
1416 593 1669 664 puritate
1746 594 2079 660 verborum,

433 679 602 750 quasi
634 680 705 736 ad
737 679 1079 736 Athenaeum
1113 684 1154 744 ¹,
1194 686 1250 736 et
1281 683 1352 736 ad
1401 683 1690 737 auditoria
1716 684 2076 753 convenitur,

430 773 497 825 ut
526 767 771 841 plausus
817 769 1326 826 circumstantium
1374 771 1767 827 suscitentur:
1803 776 1863 826 ut
1893 772 2077 828 oratio

433 857 732 916 rhetoricae
781 860 925 915 artis
975 861 1170 916 fucata
1217 861 1538 927 mendacio,
1589 863 1758 932 quasi
1812 862 2078 934 quaedam

429 949 804 1005 meretricula
850 951 1125 1021 procedat
1153 949 1210 1004 in
1262 949 1586 1021 publicum,
1639 967 1753 1008 non
1795 956 1914 1007 tam
1947 969 2076 1007 eru-

431 1038 626 1094 ditura
645 1039 912 1111 populos,
947 1056 1123 1111 quam
1147 1039 1400 1095 favorem
1424 1040 1623 1112 populi
1653 1041 1990 1112 quaesitura,
2021 1046 2077 1097 et

429 1129 490 1183 in
522 1128 811 1184 mundum
843 1128 1103 1201 psalterii
1135 1133 1191 1184 et
1229 1129 1381 1183 tibiae
1427 1129 1594 1184 dulce
1627 1130 1912 1198 canentis,
1946 1147 2074 1186 sen-

428 1233 532 1273 sus
561 1217 860 1274 deculceat
890 1218 1256 1273 audientium
1286 1236 1299 1284 ;
1334 1223 1399 1272 ut
1427 1235 1556 1274 vere
1601 1218 1746 1274 illud
1781 1220 2073 1291 prophetae

427 1306 742 1363 Ezechielis
773 1307 990 1364 nostris
1012 1307 1375 1380 temporibus
1398 1308 1586 1379 possit
1611 1308 1819 1380 aptari,
1851 1309 2074 1364 dicente

423 1395 672 1452 Domino
705 1398 776 1452 ad
831 1412 996 1453 eam:
1059 1398 1122 1452 Et
1177 1400 1354 1469 factus
1410 1414 1464 1452 es
1516 1400 1593 1452 eis
1649 1401 1808 1469 quasi
1863 1415 1965 1453 vox
1991 1399 2072 1454 ci-

423 1485 598 1541 tharae
627 1502 794 1542 suave
825 1489 1088 1554 canentis,
1121 1495 1170 1542 et
1204 1488 1335 1542 bene
1379 1489 1728 1558 compositae:
1756 1492 1809 1542 et
1838 1489 2073 1543 audiunt

422 1574 586 1630 verba
643 1580 759 1646 tua,
819 1584 870 1632 et
924 1592 1036 1631 non
1089 1578 1303 1646 faciunt
1343 1593 1405 1632 ea
1453 1577 1666 1647 (Ezech.
1725 1594 1923 1648 χχχιιι,
1957 1579 2067 1650 32).

421 1663 639 1720 Verum
673 1665 812 1736 quid
843 1681 1011 1737 agam
1034 1665 1062 1718 ‘I
1090 1665 1410 1720 Taceamne
1430 1667 1457 1720 ?
1483 1667 1593 1721 Sed
1627 1667 1914 1738 scriptum
1948 1672 2066 1723 est:

418 1751 540 1807 Non
567 1753 861 1824 apparebis
893 1756 949 1808 in
982 1757 1262 1826 conspectu
1290 1757 1511 1810 Domini
1541 1758 1626 1810 tui
1652 1773 1853 1810 vacuus
1876 1757 2065 1827 (Exod.

417 1857 620 1908 XXXIII,
657 1843 763 1911 15).
798 1843 863 1897 Et
892 1843 1073 1899 Isaias
1121 1844 1294 1915 (sicut
1325 1844 1382 1898 in
1435 1845 1689 1901 Hebraeis
1732 1850 1925 1900 tamen
1961 1847 2068 1900 ha-

419 1929 592 1986 betur
638 1931 1062 2003 voluminibus)
1104 1932 1473 2004 ingemiscit:
1529 1936 1616 1990 Vw
1660 1935 1803 1989 mihi
1847 1937 2065 2005 misero,

418 2021 552 2092 quia
596 2022 746 2077 tacui
801 2023 926 2092 (Isa.
991 2039 1064 2093 v1,
1124 2024 1200 2093 5).
1255 2023 1531 2094 Loquar?
1588 2023 1928 2080 485-486
1958 2024 2065 2080 Sed

419 2125 653 2166 omnem
714 2112 1001 2167 sermonis
1061 2111 1430 2183 elegantiam,
1491 2115 1548 2167 et
1603 2112 1791 2168 Latini
1853 2111 2067 2183 eloquii

417 2204 804 2270 venustatem,
838 2201 1056 2256 stridor
1083 2200 1350 2256 lectionis
1404 2202 1696 2258 Hebraicaz
1728 2202 2064 2257 sordidavit.

416 2287 581 2345 Nosti
612 2289 770 2345 enim
819 2293 875 2344 et
922 2289 1082 2361 ipsas,
1133 2290 1290 2361 quod
1337 2290 1470 2361 plus
1519 2308 1697 2362 quam
1731 2291 2066 2362 quindecim

419 2377 559 2432 anni
591 2382 748 2448 sunt,
783 2393 851 2433 ex
883 2395 998 2450 quo
1030 2378 1090 2433 in
1133 2395 1344 2434 manus
1375 2396 1535 2434 meas
1586 2397 1891 2450 nunquam
1925 2379 2067 2434 Tul-

417 2463 534 2520 lius
562 2466 602 2536 ²,
637 2482 942 2536 nunquam
975 2466 1155 2536 Maro,
1210 2484 1512 2538 nunquam
1563 2468 1872 2539 gentilium
1914 2466 2066 2522 litte-

417 2569 617 2609 rarum
648 2553 894 2625 quilibet
940 2559 1157 2610 Auctor
1201 2555 1500 2610 ascendit:
1549 2560 1605 2611 et
1652 2555 1700 2611 si
1750 2556 1890 2624 quid
1923 2556 2066 2610 forte

417 2641 553 2696 inde
583 2641 726 2713 dum
758 2640 1078 2712 loquimur,
1110 2643 1355 2714 obrepit,
1386 2643 1553 2714 quasi
1585 2642 1810 2714 antiqui
1843 2659 1946 2713 per
1976 2660 2068 2698 ne-

415 2729 618 2786 bulam
651 2730 864 2786 somnii
887 2732 1283 2788 recordamur.
1309 2733 1469 2796 Quod
1502 2737 1696 2787 autem
1723 2732 2065 2804 profecerim

416 2835 486 2876 ex
512 2818 725 2893 lingua:
746 2819 906 2876 illius
941 2819 1287 2892 infatigabili
1321 2820 1535 2892 studio,
1569 2820 1818 2876 aliorum
1840 2821 2065 2892 judicio

415 2908 756 2982 derelinquo
783 2927 796 2965 :
829 2925 934 2983 ego
985 2910 1123 2982 quid
1165 2909 1225 2965 in
1275 2927 1404 2966 mea
1434 2909 1756 2978 amiserim,
1787 2910 1926 2966 scio.
1958 2913 2065 2965 Ac-

418 2999 572 3054 cedit
602 3001 671 3054 ad
704 2999 833 3055 hoc.
866 3000 1006 3072 quia
1034 3005 1272 3072 propter
1314 2999 1616 3055 oculorum
1649 3005 1705 3055 et
1735 3000 1917 3055 totius
1947 3017 2067 3055 cor-

416 3087 650 3160 pusculi
678 3088 1104 3158 inﬁrmitatem,
1137 3107 1316 3145 manu
1356 3105 1486 3145 mea
1531 3091 1655 3162 ipse
1687 3106 1798 3144 non
1833 3089 2060 3145 scribo:

417 3191 523 3231 nec
553 3175 751 3232 labore
783 3182 839 3232 et
866 3178 1171 3250 diligentia
1219 3195 1597 3250 compensare
1649 3195 1797 3251 queo
1847 3178 2064 3250 eloquii

2189 593 2504 648 Academia
2534 599 2591 648 et
2623 594 2841 666 Lycaeo,
2874 594 2975 648 sed
3008 593 3080 648 de
3123 593 3222 648 vili
3265 593 3570 665 plebecula
3600 611 3844 667 congre-

2189 688 2322 753 gata
2352 687 2457 738 est.
2494 681 2657 737 Unde
2689 688 2749 737 et
2778 683 3132 754 Apostolus:
3191 683 3395 753 Videte,
3445 684 3660 756 inquit,
3693 701 3849 740 voca-

2188 773 2388 828 tionem
2443 776 2685 827 vestram
2739 773 2959 841 fratres,
3017 772 3150 843 quia
3208 788 3320 826 non
3370 773 3541 828 multi
3567 778 3854 845 sapientes

2185 862 2490 916 secundum
2543 876 2792 928 carnem,
2849 877 2960 916 non
2990 861 3154 916 multi
3203 865 3472 932 potentes,
3530 878 3644 917 non
3679 863 3850 918 multi

2185 951 2431 1018 nobiles;
2481 951 2571 1005 sed
2628 965 2752 1020 quae
2808 951 2976 1004 stulta
3017 953 3145 1005 sunt
3203 951 3375 1021 hujus
3429 951 3626 1006 mundi
3680 953 3848 1022 elegit

2184 1041 2343 1110 Deus,
2377 1045 2434 1094 ut
2463 1039 2761 1110 confundat
2803 1041 3075 1110 sapientes
3096 1057 3114 1094 :
3145 1043 3202 1094 et
3249 1041 3481 1110 inﬁrma
3511 1040 3704 1096 mundi
3731 1041 3842 1096 ele-

2184 1131 2263 1196 git
2297 1133 2460 1196 Deus,
2519 1131 2577 1182 ut
2632 1129 2929 1199 con/undat
2984 1131 3192 1199 fortia:
3247 1137 3299 1184 et
3359 1128 3626 1200 ignobilia
3676 1130 3843 1202 hujus

2184 1219 2399 1282 mundi,
2456 1221 2507 1273 et
2561 1218 2997 1289 contemptibilia
3040 1219 3204 1287 elegit
3262 1219 3426 1283 Deus,
3458 1224 3509 1274 et
3566 1235 3686 1290 qua
3726 1237 3838 1276 non

2182 1315 2328 1372 sunt,
2365 1312 2510 1362 utea
2565 1324 2684 1379 quae
2714 1312 2862 1373 sunt,
2921 1306 3218 1362 destrueret
3272 1309 3323 1374 (Ι
3372 1310 3498 1364 Cor.
3534 1325 3572 1372 ι,
3626 1309 3838 1380 26-28).

2183 1396 2329 1461 Quia
2378 1397 2534 1451 enim
2593 1413 2662 1451 ex
2720 1401 3123 1452 creaturarum
3201 1396 3427 1466 ordine,
3487 1397 3760 1454 varietate
3791 1397 3838 1468 ³,

2183 1485 2529 1552 constantia,
2557 1502 2671 1541 non
2704 1492 3052 1556 cognoverat
3073 1487 3331 1541 mundus
3353 1503 3454 1558 per
3483 1486 3834 1559 sapientiam

2180 1573 2388 1637 Deum,
2425 1573 2664 1645 placuit.
2719 1579 2830 1630 Deo
2863 1591 2966 1646 per
3014 1573 3327 1630 stultitiam
3380 1575 3836 1646 praedicationis,

2180 1661 2371 1719 salvos
2403 1664 2590 1719 facere
2647 1665 2987 1719 credentes:
3050 1680 3164 1718 non
3214 1663 3272 1717 in
3333 1663 3622 1736 sapientia
3651 1665 3840 1730 verbi,

2179 1758 2243 1806 ut
2273 1770 2387 1808 non
2420 1758 2801 1808 evacuaretur
2827 1769 2969 1808 crux
2988 1751 3224 1808 Christi.
3259 1751 3367 1808 Ubi
3390 1753 3546 1808 enim
3577 1754 3835 1826 sapiens,

2181 1841 2278 1896 ubi
2313 1842 2755 1913 grammaticus,
2790 1841 2888 1896 ubi
2923 1857 3236 1896 causarum
3270 1840 3628 1897 naturalium
3663 1860 3828 1899 scru-

2181 1931 2448 1985 tatores‘?
2503 1930 2617 1986 Nec
2693 1929 3184 2002 persuasibilibus
3262 1930 3558 2002 sapientia:
3617 1932 3837 2000 verbis,

2178 2020 2276 2074 sed
2312 2020 2371 2074 in
2404 2019 2735 2075 ostensione
2764 2019 2997 2075 virtutis
3027 2025 3083 2074 et
3112 2018 3359 2091 spiritus
3385 2035 3398 2073 :
3434 2024 3501 2074 ut
3528 2019 3672 2075 fides
3703 2037 3832 2077 cre-

2178 2109 2442 2163 dentium
2477 2125 2590 2164 non
2624 2113 2778 2164 esset
2826 2109 2886 2162 in
2935 2109 3222 2180 sapientia
3271 2108 3601 2175 hominum,
3637 2109 3737 2164 sed
3775 2110 3834 2165 in

2175 2197 2388 2252 virtute
2446 2199 2566 2252 Dei.
2625 2197 3016 2260 Quamobrem
3074 2203 3130 2252 et
3199 2197 3324 2270 ipse
3381 2198 3699 2270 Apostolus
3755 2199 3829 2254 ad

2177 2288 2411 2343 eosdem
2444 2287 2774 2342 Corinthios
2829 2287 3197 2355 loquebatur.
3260 2288 3325 2342 Et
3353 2304 3449 2358 ego
3506 2290 3732 2343 veniens
3761 2288 3832 2344 ad

2175 2393 2284 2442 vos,
2315 2379 2536 2447 fratres,
2570 2378 2697 2432 veni
2719 2393 2829 2431 non
2860 2393 2959 2445 per
2981 2376 3380 2431 sublimitatem
3404 2393 3744 2441 sermonum,
3777 2381 3830 2434 et

2175 2468 2464 2537 sapientiae
2517 2469 2861 2522 annuntians
2925 2466 3075 2520 vobis
3146 2467 3528 2522 testimonium
3584 2469 3822 2524 Domini.

2176 2556 2292 2610 Non
2321 2556 2470 2610 enim
2492 2555 2743 2626 judicavi
2794 2556 2937 2610 scire
2964 2571 3053 2610 me
3102 2555 3320 2625 aliquid
3371 2556 3522 2610 inter
3573 2572 3684 2625 vos,
3717 2556 3831 2612 nisi

2177 2642 2455 2698 Christum
2481 2645 2665 2698 Jesum
2691 2647 2745 2698 et
2776 2645 2921 2698 hunc
2967 2645 3295 2714 cruciﬁxum
3328 2644 3373 2714 (ι
3409 2645 3530 2701 Cor.
3562 2663 3624 2700 ιι.
3663 2647 3714 2714 1,
3745 2647 3825 2717 2).

2174 2732 2517 2788 487-488
2571 2737 2634 2786 Et
2666 2749 2737 2788 ne
2786 2733 3030 2788 forsitan
3082 2737 3401 2805 putaretur,
3451 2733 3572 2789 haec
3603 2734 3826 2802 dicens,

2175 2839 2302 2878 esse
2333 2821 2682 2893 insipientia:
2715 2822 3080 2893 praedicator,
3129 2828 3324 2878 mente
3354 2839 3637 2896 praesaga,
3669 2824 3823 2896 quod

2175 2912 2388 2983 opponi
2447 2915 2688 2982 poterat,
2749 2911 2972 2966 evertit.
3007 2911 3108 2968 Sed
3163 2912 3428 2983 loquitur,
3485 2912 3694 2984 inquit,
3729 2913 3828 2968 Dei

2173 3001 2504 3072 sapientiam
2533 3003 2593 3056 in.
2640 3003 2919 3074 mysterio,
2974 3015 3100 3072 quae
3157 3000 3467 3056 abscondita
3515 3004 3632 3056 est:
3662 3018 3831 3072 quam

2173 3108 2326 3146 nemo
2381 3093 2697 3162 principum
2753 3090 2914 3161 hujus
2968 3090 3162 3146 saeculi
3216 3091 3462 3161 cognovit
3518 3088 3681 3159 (Ibid.
3743 3090 3825 3159 7).

2174 3180 2647 3251 Quotusquisque
2679 3195 2834 3233 nunc
2863 3177 3231 3234 Aristotelem
3255 3177 3444 3251 legit?
3465 3177 3669 3250 quanti
3702 3178 3829 3234 Pla-

417 3265 792 3322 tarditatem:
825 3268 979 3339 quod
1011 3267 1082 3322 de
1110 3267 1350 3339 Virgilio
1373 3284 1606 3339 quoque
1629 3268 1890 3338 tradunt,
1925 3269 2063 3340 quia
2095 3266 2137 3332 C
2174 3269 2330 3324 tonis
2363 3269 2448 3325 vel
2479 3269 2660 3324 libros
2688 3284 2915 3336 novere,
2964 3267 3053 3322 vel
3101 3283 3314 3322 nomen
3336 3267 3363 3321 ‘P
3411 3267 3518 3322 Vix
3551 3267 3607 3321 in
3640 3283 3824 3340 angu-

409 3352 593 3412 libros
623 3371 762 3411 suos
793 3355 852 3410 in
884 3356 1124 3410 modum
1156 3371 1430 3410 ursorum
1459 3357 1641 3411 fetum
1672 3357 1777 3427 (Al.
1813 3357 2060 3428 fetuum)

412 3442 724 3499 lambendo
776 3443 1145 3516 ﬁguraverit:
1198 3461 1396 3499 verum
1448 3445 1630 3499 accito
1679 3445 1924 3511 notario,
1961 3450 2061 3501 aut

409 3533 613 3587 statim
643 3532 798 3588 dicto
845 3533 1236 3605 quodcunque
1283 3533 1341 3588 in
1389 3533 1635 3588 buccam
1664 3535 1923 3589 venerit:
1958 3539 2059 3590 aut

415 3620 466 3675 si
496 3619 803 3692 paululum
834 3620 1069 3677 voluero
1119 3623 1393 3694 cogitare,
1428 3622 1636 3678 melius
1669 3621 1890 3694 aliquid
1934 3641 2058 3695 pro-

404 3706 654 3779 laturus,
689 3713 828 3765 tunc
859 3726 952 3766 me
999 3711 1210 3766 tacitus
1243 3711 1338 3768 ille
1386 3712 1777 3784 reprehendit,
1811 3729 2052 3768 manum

404 3797 716 3868 contrahit,
752 3799 1002 3856 frontem
1035 3804 1227 3872 rugat,
1262 3805 1319 3856 et
1345 3817 1405 3856 se
1437 3801 1650 3856 frustra
1675 3802 1900 3867 adesse,
1933 3806 2052 3857 toto

401 3892 567 3959 gestu
615 3887 874 3960 corporis
925 3893 1304 3946 contestatur.
1357 3889 1550 3944 Oratio
1600 3895 1793 3946 autem
1844 3891 1951 3946 etsi
1983 3891 2053 3946 de

401 3977 564 4032 bonae
596 3976 809 4032 indolis
841 3977 1074 4050 ingeuio
1106 3979 1183 4034 sit
1234 3979 1506 4050 profecta,
1560 3984 1617 4033 et
1656 3980 1932 4035 distincta
1960 3980 2049 4034 in-

396 4065 793 4134 ventionibus,
854 4071 909 4123 et
963 4072 1168 4124 ornata
1227 4068 1364 4123 ﬂore
1440 4067 1789 4122 verborum:
1851 4072 2046 4123 tamen

398 4155 514 4210 nisi
544 4157 798 4213 auctoris
828 4157 916 4212 sui
952 4174 1133 4213 manu
1162 4156 1367 4212 limata
1408 4157 1583 4212 fuerit
1611 4162 1668 4212 et
1697 4156 1896 4228 polita,
1931 4174 2045 4212 non

397 4248 486 4298 est
517 4244 716 4316 nitida,
749 4263 864 4302 non
896 4246 1073 4302 habet
1117 4247 1352 4302 mistam
1386 4263 1520 4302 cum
1563 4247 1768 4302 decore
1798 4248 2045 4319 gravita-

393 4336 553 4402 tem;
586 4335 686 4390 sed
718 4335 777 4389 in
827 4337 1067 4391 modum
1117 4336 1361 4392 divitum
1415 4336 1790 4403 rusticorum,
1833 4337 2043 4408 opibus

2170 3357 2260 3414 los
2289 3359 2460 3414 otiosi
2482 3374 2579 3413 eos
2611 3374 2780 3413 senes
2807 3355 3088 3412 recolunt.
3124 3356 3476 3411 Rusticanos
3507 3372 3639 3412 vero
3663 3361 3722 3412 et
3743 3357 3830 3428 pi-

2170 3453 2425 3503 scatores
2485 3451 2715 3502 nostros
2771 3450 2929 3501 totus
2991 3445 3150 3500 orbis
3196 3443 3474 3516 loquitur,
3507 3444 3820 3500 universus

2169 3537 2427 3591 mundus
2459 3541 2646 3592 sonat.
2685 3537 2886 3606 Itaque
2917 3550 3186 3591 sermone
3217 3533 3490 3606 simplici,
3524 3533 3819 3606 simplicia

2166 3642 2367 3680 eorum
2399 3626 2572 3680 verba
2603 3624 2911 3696 pandenda
2951 3628 3111 3679 sunt.
3159 3622 3369 3690 Verba,
3401 3622 3666 3694 inquam,
3699 3638 3816 3677 non

2169 3731 2381 3769 sensus
2413 3713 2697 3768 Caeterum
2730 3713 2778 3768 si
2820 3713 3124 3768 orantibus
3171 3711 3357 3780 vobis,
3398 3709 3564 3766 illum
3598 3710 3817 3783 possim

2164 3803 2272 3874 (At.
2309 3803 2564 3874 possem)
2591 3803 2649 3857 in
2681 3800 3035 3873 exponendis
3067 3799 3343 3872 Epistolis
3367 3816 3568 3855 eorum
3599 3799 3815 3855 habere

2163 3892 2456 3964 spiritum,
2485 3908 2658 3964 quem
2682 3891 2764 3946 illi
2787 3891 2842 3944 in
2875 3890 3150 3945 dictando
3171 3888 3506 3944 habuerunt
3531 3906 3543 3944 :
3569 3893 3706 3944 tunc
3735 3889 3816 3943 vi-

2162 3981 2364 4037 deritis
2395 3982 2501 4052 (Al.
2533 3980 2827 4050 videretis)
2860 3983 3086 4034 tantam
3137 3979 3506 4049 majestatem
3537 3976 3811 4033 etlatitu-

2161 4071 2356 4126 dinem
2390 4071 2448 4126 in
2481 4070 2572 4126 his
2603 4087 2745 4126 verae
2777 4069 2958 4124 fuisse
2989 4067 3311 4140 sapientia),
3363 4071 3585 4139 quanta
3613 4067 3671 4121 in
3703 4083 3810 4121 sae-

2159 4159 2273 4214 culi
2303 4159 2580 4215 litteratis
2629 4157 2963 4231 arrogantia
2993 4161 3049 4212 et
3103 4155 3333 4211 vanitas
3390 4156 3519 4210 fuit.
3555 4155 3812 4212 Breviter

2157 4247 2318 4304 vobis
2350 4263 2490 4303 mea:
2521 4248 2736 4302 mentis
2769 4247 2950 4302 fateor
2982 4261 3262 4301 arcanum
3293 4261 3304 4300 :
3340 4244 3439 4316 qui
3473 4260 3574 4316 per
3603 4260 3695 4300 me
3726 4244 3814 4299 in-

2155 4337 2504 4393 tellecturus
2556 4340 2640 4392 est
2701 4335 3066 4411 Apostolum,
3125 4333 3259 4389 nolo
3318 4338 3383 4388 ut
3415 4350 3544 4388 mea
3594 4333 3815 4404 scripta

394 4421 518 4478 suis
579 4423 767 4495 magis
826 4425 1110 4496 arguitur,
1153 4442 1328 4496 quam
1389 4431 1718 4482 exornatur.
1754 4426 2041 4489 Quorsum
2153 4427 2470 4482 difficulter
2522 4425 2829 4498 intelligat,
2889 4430 2946 4480 et
3004 4424 3075 4480 ad
3131 4423 3506 4495 interpretem
3555 4437 3807 4494 cognos-

387 4510 550 4568 ista?
579 4512 846 4569 videlicet
904 4519 969 4568 ut
1011 4519 1068 4569 et
1121 4516 1306 4582 vobis,
1359 4521 1415 4570 et
1459 4516 1685 4572 cateris
1743 4516 1865 4587 (qui
1898 4517 2041 4572 forte
2153 4517 2426 4586 cendum,
2461 4515 2640 4571 alium
2675 4517 2898 4587 qumrat
2927 4513 3323 4584 interpretem.
3359 4511 3470 4566 Sed
3497 4512 3620 4581 jam
3655 4515 3802 4565 tem-

387 4600 580 4674 legere
610 4601 920 4674 voluerint)
957 4602 1032 4659 sit
1062 4619 1432 4675 responsum,
1463 4623 1554 4660 me
1585 4623 1697 4660 non
1733 4606 2037 4679 panegyri-
2071 4643 2117 4707 Β
2151 4622 2262 4678 pus
2293 4610 2402 4675 est,
2432 4609 2494 4660 ut
2526 4604 2750 4676 reliqua
2781 4618 3227 4676 persequamur.

387 4706 544 4759 eum,
581 4697 684 4749 aut
729 4695 1183 4750 controversiam
1224 4693 1494 4763 scribere,
1547 4696 1647 4751 sed
1681 4701 2036 4752 commenta-
2071 4688 2116 4707 υ
2220 4696 2399 4765 (Vers.
2433 4697 2512 4764 7.)
2550 4715 2576 4746 α
2605 4693 2940 4749 Currebatis
2979 4693 3145 4763 bene,
3200 4691 3334 4762 quis
3365 4707 3468 4746 vos
3497 4688 3805 4763 impedivit

386 4782 562 4854 rium,
595 4783 652 4839 id
682 4787 790 4855 est,
823 4783 931 4840 hoc
962 4783 1175 4840 habere
1222 4785 1608 4856 propositum,
1670 4803 1782 4841 non
1814 4790 1878 4841 ut
1909 4803 2038 4844 mea
2146 4785 2373 4841 veritati
2434 4802 2550 4840 non
2611 4782 2893 4839 obedire?
2929 4803 2957 4832 ››
3018 4782 3078 4836 Id
3138 4781 3295 4852 quod
3355 4797 3509 4836 nunc
3559 4778 3803 4834 Latinus

383 4871 560 4927 verba
591 4872 926 4943 laudentur,
971 4875 1068 4930 sed
1135 4879 1198 4929 ut
1248 4891 1373 4945 quae
1433 4875 1504 4929 ab
1554 4874 1664 4930 alio
1703 4875 1851 4931 bene
1883 4876 2037 4933 dicta
2145 4875 2342 4948 posuit
2370 4874 2658 4946 interpres
2691 4874 2912 4928 veritati
2952 4887 3061 4926 non
3107 4870 3342 4940 obedire,
3375 4875 3431 4925 et
3486 4868 3546 4924 in
3606 4867 3803 4924 Graeco

383 4964 544 5030 sunt,
577 4961 655 5016 ita
685 4962 1087 5036 intelligantur
1116 4968 1180 5019 ut
1209 4964 1363 5019 dicta
1391 4973 1545 5020 sunt.
1583 4964 1770 5020 Officii
1803 4966 1915 5021 mei
1948 4972 2036 5023 est

2177 4965 2429 5037 criptum
2463 4968 2569 5031 est,
2601 4960 2669 5035 τῇ
2703 4958 2930 5031 ἀληθείᾳ
2965 4960 3038 5032 μῂ
3075 4957 3370 5029 πείθεσθαι,
3422 4958 3481 5013 in
3513 4956 3801 5029 superiori

385 5047 635 5104 obscura
656 5051 960 5120 disserere,
987 5053 1294 5109 manifesta
1317 5054 1726 5127 perstringere,
1757 5055 1813 5109 in
1838 5057 2033 5112 dubiis
2142 5053 2267 5108 loco
2323 5054 2404 5108 ita
2482 5053 2894 5124 interpretatus
2952 5055 3060 5117 est,
3117 5066 3226 5104 non
3299 5047 3516 5104 credere
3571 5046 3802 5102 veritati

382 5135 704 5194 immorari.
757 5139 918 5197 Unde
949 5148 1004 5197 et
1054 5161 1086 5198 a
1135 5144 1425 5216 plerisque
1468 5145 2030 5202 Commentariorum

381 5239 549 5296 opus,
583 5227 910 5300 explanatio
961 5233 1318 5288 nominatur.
1365 5234 1421 5288 Si
1474 5235 1606 5305 quis
1637 5235 2028 5307 eloquentiam

377 5314 601 5387 quaarit,
654 5317 742 5373 vel
793 5319 1316 5378 declamationibus
1367 5323 1705 5393 delectatur,
1764 5325 1939 5381 habet
1971 5330 2026 5380 in

377 5409 627 5478 utraque
659 5406 860 5480 lingua
888 5409 1341 5468 Demosthenem
1372 5419 1428 5470 et
1459 5414 1738 5486 Tullium,
1773 5415 2029 5472 Polemo-

2143 5143 2343 5215 (Galat.
2380 5160 2462 5212 ιιι,
2500 5142 2570 5212 1).
2605 5141 2764 5206 Quod
2800 5140 3037 5211 quidem
3067 5154 3193 5203 nos,
3223 5138 3281 5192 in
3308 5136 3556 5192 vetustis
3585 5134 3799 5189 codici-

2142 5233 2251 5288 bus
2284 5250 2398 5288 non
2451 5231 2672 5300 haberi,
2731 5229 2790 5284 in
2825 5246 2932 5284 suo
2991 5227 3117 5283 loco
3176 5226 3583 5282 adnotavimus
3662 5221 3802 5279 licet

2141 5327 2196 5377 et
2251 5322 2447 5376 Graeca
2503 5319 2857 5391 exemplaria
2916 5317 3023 5372 hoc
3079 5332 3273 5370 errore
3347 5317 3591 5370 contusa
3647 5313 3790 5368 sint.

2139 5413 2359 5468 Sensus
2391 5416 2586 5466 autem
2619 5410 2764 5464 iste:
2819 5407 3167 5462 Adorabatis
3218 5405 3446 5460 Patrem
3487 5402 3545 5458 in
3581 5401 3796 5475 spiritu

2207 5596 2227 5629 ²
2257 5591 2464 5650 Confer
2487 5588 2780 5663 epist.r22,
2809 5587 2880 5644 ad
2911 5585 3312 5657 Eustochium,
3343 5601 3507 5643 num.
3542 5585 3639 5644 30.

451 5587 466 5621 ¹
499 5585 844 5658 Athenaeum,
879 5589 1042 5648 locus
1082 5592 1348 5649 Minerva:
1388 5594 1638 5664 dicatus,
1671 5594 1771 5650 ubi
1804 5596 2025 5667 profes-
2207 5596 2227 5629 ²
2257 5591 2464 5650 Confer
2487 5588 2657 5663 epist.
2689 5589 2780 5659 22,
2809 5587 2880 5644 ad
2911 5586 3012 5644 Eu:

451 5672 540 5714 res
571 5675 679 5716 sua
738 5662 935 5720 studia
993 5665 1438 5723 proﬁtebantur.
1492 5666 1591 5722 ubi
1632 5669 2028 5723 controversia
2134 5668 2155 5704 ³
2185 5672 2307 5723 Duo
2339 5680 2517 5723 mss..
2553 5662 2712 5718 varia
2736 5663 3012 5719 constanti

2235 5682 2307 5722 υο
2339 5680 2486 5721 mss.
2504 5705 2517 5732 ,
2553 5678 2712 5718 varia
2736 5677 3066 5719 constantia.

377 5669 540 5735 seres
571 5675 679 5735 sua
738 5662 935 5720 studia
993 5665 1438 5735 proﬁtebantur,
1492 5666 1591 5722 ubi
1626 5662 2028 5727 Controversia

377 5729 805 5804 declamabant,
838 5742 946 5794 etc.
982 5729 1170 5795 Mser.
