4144 6202
340 386 458 444 429

1002 382 1516 444 COMMENTAR.
1567 387 1644 445 IN
1691 387 1937 446 EPIST.
1985 387 2087 444 AD
2136 388 2415 448 GALA'I‘.
2468 391 2611 448 LIB.
2661 392 2765 461 Ill,
2813 392 2981 450 CAP.
3032 391 3102 449 ν.

3629 392 3747 451 430

337 520 397 570 et
422 514 663 569 veritate
694 514 873 586 (Joan.
910 531 986 582 Iv,
1018 515 1131 586 23),
1161 519 1216 570 et
1246 517 1314 570 de
1352 517 1720 588 plenitudine
1780 519 1992 574 Christi
2026 519 2074 585 Α
2109 520 2177 574 Et
2211 522 2407 576 statim
2443 521 2676 577 intulit:
2723 525 3029 594 Ecpurgate
3085 532 3231 577 vetus
3285 528 3632 594 fermentum,
3693 530 3755 581 ut

338 603 710 676 accipientes,
746 603 1046 670 sciebatis,
1087 605 1228 676 quia
1283 605 1372 660 lex
1428 606 1563 662 data
1618 613 1706 662 est
1762 611 1992 663 tantum

337 692 556 765 populo
590 709 692 765 per
750 693 1008 765 Moysen,
1042 698 1099 748 et
1156 711 1270 749 non
1333 695 1508 750 etiam
1569 697 1737 751 facta.
1798 698 1996 753 Gratia

339 787 534 838 autem
557 787 614 838 et
634 783 852 837 veritas
874 799 989 837 non
1018 781 1207 838 solum
1232 785 1386 851 data,
1413 785 1512 840 sed
1537 789 1592 840 et
1615 785 1762 841 facta
1789 804 1891 858 per
1909 787 1996 842 Je-

339 888 470 928 sum
493 871 791 928 Christum
819 872 995 943 (Joan.
1023 889 1062 941 Ι,
1088 874 1173 938 16,
1210 874 1317 945 17).
1342 877 1484 928 Cum
1507 874 1686 946 igitur
1705 881 1825 930 tam
1848 877 1995 932 bene

341 959 676 1026 curreretis,
698 959 929 1014 veritati
954 960 1142 1032 magis
1158 978 1335 1032 quam
1361 962 1718 1034 imaginibus
1741 964 1994 1020 servien-

337 1051 517 1115 tes,a
575 1065 687 1120 quo
743 1049 1044 1121 praepediti
1105 1050 1338 1107 doctore
1396 1069 1664 1124 perverso
1725 1054 1995 1109 umbram

337 1137 492 1211 legis
521 1137 854 1210 sequimini,
887 1143 943 1193 et
974 1137 1264 1212 Evangelii
1297 1139 1629 1212 relinquitis
1648 1143 1947 1198 veritatem
1970 1143 1997 1197 ?

337 1227 642 1299 Sequitur.

417 1339 438 1366 α
475 1314 703 1370 Nemini
737 1316 1169 1372 consenseritis.
1206 1341 1228 1368 ι
1266 1318 1374 1372 Sed
1409 1318 1548 1389 quia
1569 1335 1675 1390 nec
1706 1319 1764 1374 in
1784 1319 1997 1375 Graecis

333 1404 528 1471 libris,
554 1421 657 1460 nec
681 1405 739 1458 in
761 1403 854 1461 his
875 1406 975 1477 qui
996 1405 1056 1460 in
1069 1405 1412 1474 Apostolum
1436 1408 1812 1464 commentati
1837 1413 1998 1477 sunt,

338 1494 452 1551 hoc
483 1494 769 1565 scriptum
799 1493 1154 1561 invenimus,
1189 1497 1660 1567 prastereundum
1693 1497 1940 1552 videtur.

414 1586 600 1651 (Vers.
632 1583 712 1655 8.)
738 1605 766 1632 «
805 1582 1106 1639 Persuasio
1137 1589 1330 1638 vestra
1371 1601 1486 1639 non
1519 1589 1608 1640 est
1658 1601 1725 1640 ex
1773 1601 1838 1641 eo
1897 1586 1997 1657 qui

337 1672 567 1729 vocavit
593 1689 717 1728 vos.
760 1692 781 1719 α
815 1672 876 1727 In
940 1672 1162 1727 Latinis
1219 1673 1518 1729 codicibus
1575 1674 1656 1729 ita
1713 1675 1996 1747 scriptum

341 1762 568 1834 reperi:
619 1762 912 1818 Persuasio
981 1767 1159 1817 uestra
1198 1778 1268 1817 ex
1323 1763 1426 1818 Deo
1476 1768 1576 1830 est,
1635 1766 1732 1834 qui
1784 1766 1998 1820 vocavit

341 1866 454 1907 vos.
489 1849 650 1914 Quod
682 1850 921 1922 quidem
949 1855 1109 1922 puto,
1143 1867 1218 1906 ea:
1245 1867 1324 1918 eo,
1359 1851 1559 1922 fuisse,
1593 1855 1649 1907 et
1679 1869 1792 1908 non
1823 1850 1994 1907 intel-
2026 1885 2075 1950 B

336 1939 580 2008 lectum,
611 1939 873 2011 paulatin
905 1940 976 1994 ob
1008 1938 1478 2008 similitudinem,
1519 1958 1588 1996 ea:
1617 1942 1740 2012 Deo,
1803 1941 1994 1996 incre-

340 2028 564 2094 buisse,
597 2045 701 2100 pro
732 2044 798 2082 eo
828 2029 986 2099 quod
1018 2032 1126 2098 est,
1159 2045 1230 2084 ex
1259 2045 1338 2085 eo.
1372 2030 1483 2085 Sed
1515 2047 1621 2086 nec
1671 2030 1754 2086 sic
1807 2034 1999 2103 potest

337 2122 494 2174 stare
525 2133 757 2184 sensus,
791 2122 856 2171 ut
885 2133 1034 2188 quos
1069 2118 1240 2173 modo
1264 2123 1638 2175 accusaverat
1669 2136 1849 2191 quare
1880 2136 1997 2175 non

336 2206 669 2263 obedierint
705 2205 955 2275 veritati,
1007 2207 1323 2262 ostendens
1384 2207 1442 2262 in
1496 2225 1699 2264 eorum
1759 2209 1997 2264 arbitrio

337 2295 626 2366 positum,
658 2293 741 2350 vel
771 2295 1027 2364 obedire,
1059 2295 1147 2350 vel
1182 2312 1297 2351 non
1328 2297 1584 2362 obedire,
1613 2314 1770 2353 nunc
1809 2315 1839 2353 e
1861 2313 1998 2353 con-

337 2384 530 2440 trario
560 2389 777 2438 asserat
806 2385 1249 2456 persuasionem
1271 2389 1328 2440 et
1349 2385 1747 2441 obedientiam
1771 2403 1995 2454 eorum,

345 2489 466 2529 non
504 2475 622 2526 tam
653 2488 720 2526 ex
749 2472 894 2544 ipsis
925 2488 1053 2528 esse
1085 2473 1184 2544 qui
1213 2477 1512 2541 vocentur,
1574 2491 1752 2546 quam
1812 2489 1880 2528 ex
1932 2490 1997 2530 eo

348 2561 452 2633 qui
482 2565 663 2617 vocet.
698 2560 902 2618 Melius
932 2561 1111 2633 igitur
1141 2570 1198 2617 et
1221 2562 1410 2618 verius
1442 2563 1526 2618 sic
1556 2562 1805 2637 legitur:
1861 2564 1996 2619 Per-

347 2654 530 2708 suasio
564 2658 740 2707 vestra
768 2667 877 2707 non
907 2656 983 2707 est
1012 2668 1082 2707 ex
1107 2668 1166 2707 eo
1222 2655 1319 2724 qui
1378 2655 1584 2709 vocavit
1639 2669 1752 2711 vos.
1820 2653 1996 2709 Aliud

351 2741 569 2812 quippe
598 2739 699 2795 Dei
730 2757 876 2812 epus
933 2746 1044 2807 est,
1098 2740 1256 2796 aliud
1313 2741 1642 2798 hominum.
1692 2743 1794 2798 Dei
1851 2760 1997 2815 opus

345 2834 455 2899 est,
487 2845 727 2885 vocare:
763 2829 1093 2902 hominum,
1125 2829 1214 2886 vel
1246 2831 1499 2899 credere,
1551 2832 1637 2888 vel
1698 2848 1811 2887 non
1870 2848 1998 2887 cre-

345 2919 500 2974 dere.
529 2919 593 2973 Et
622 2918 858 2974 sicubi‘
921 2920 991 2975 de
1059 2920 1377 2992 Scripturis
1434 2920 1684 2976 liberum
1740 2921 1998 2976 hominis

343 3007 675 3063 afﬁrmatur
701 3007 1015 3063 arbitrium
1047 3013 1112 3063 ut
1141 3009 1220 3064 ibi
1246 3026 1258 3064 :
1294 3010 1356 3064 Si
1384 3011 1672 3066 volueritis
1701 3014 1753 3065 et
1807 3010 1996 3066 audie-

343 3099 469 3153 ritis
521 3113 607 3153 me
659 3096 856 3166 (Exod.
915 3114 1032 3164 x1x,
1088 3099 1166 3166 5).
1226 3099 1298 3153 Et
1355 3099 1613 3155 iterum:
1656 3101 1719 3154 Et
1748 3117 1894 3154 nunc
1921 3100 1996 3154 Is-

341 3187 479 3254 rael,
506 3186 638 3258 quid
659 3188 798 3259 petit
829 3190 940 3242 ate
995 3188 1258 3243 Dominus
1318 3190 1461 3243 Deus
1519 3197 1646 3243 tuus
1705 3189 1879 3257 (Deut.
1938 3205 1994 3255 x,

2101 612 2222 664 silis
2299 628 2435 665 nova
2509 614 2833 683 conspersio,
2911 613 3053 666 sicut
3127 614 3250 666 estis
3288 616 3514 684 azymi;
3551 617 3756 670 ctenim

2103 701 2303 770 pascha
2381 709 2627 755 nostr-um
2712 701 3024 756 immolatus
3107 704 3181 756 est
3243 702 3509 758 Christus.
3570 706 3757 776 Itaque

2103 790 2393 860 eputemur
2419 805 2528 844 non
2561 791 2619 844 in
2645 789 2914 862 fermento
2946 791 3132 861 veteri,
3165 806 3338 862 neque
3375 793 3435 845 in
3489 794 3758 862 ferrnento

2102 877 2338 932 malitiae
2365 886 2418 932 et
2446 880 2732 948 uequitiaz,
2755 878 2846 933 sed
2866 881 2925 933 in
2947 880 3158 950 azymis
3179 881 3513 936 sinceritatis
3539 890 3590 936 et
3613 883 3759 937 veri-

2105 968 2237 1022 tatis
2267 966 2430 1037 (Ibid.
2457 969 2510 1035 7,
2537 968 2612 1038 8).
2633 967 2800 1023 Nunc
2818 972 3013 1023 autem
3036 985 3139 1040 per
3159 968 3310 1024 hanc
3333 969 3601 1025 eamdem
3627 986 3760 1027 sen-

2104 1055 2347 1111 tentiam
2381 1056 2548 1110 docet
2577 1072 2786 1126 panem
2817 1055 3085 1112 Ecclesia:
3120 1057 3506 1130 spiritualem,
3542 1059 3642 1131 qui
3687 1060 3760 1115 de

2106 1143 2246 1200 coelo
2273 1144 2575 1199 descendit
2603 1145 2779 1215 (Joan.
2812 1162 2891 1212 VI,
2922 1146 3035 1216 51),
3080 1163 3194 1201 non
3254 1147 3463 1202 debere
3515 1147 3762 1204 Judaica

2106 1235 2581 1305 interpretatione
2601 1233 2833 1290 violari:
2860 1239 2916 1289 et
2931 1235 3209 1290 Dominus
3225 1234 3485 1308 idipsum
3509 1236 3761 1309 discipu-

2106 1323 2178 1378 lis
2210 1323 2502 1394 praecepit,
2537 1326 2600 1377 ut
2629 1327 2868 1378 caveant
2897 1339 2931 1377 a
2988 1323 3272 1379 fermento
3330 1323 3760 1382 Pharisaeorum

2108 1412 2318 1482 (Matth.
2376 1428 2494 1478 xvx,
2548 1411 2623 1483 6).
2698 1413 2859 1475 Quod
2945 1412 3300 1484 evangelista
3391 1413 3761 1470 manifestius

2108 1501 2327 1556 faciens
2384 1499 2655 1555 addidit:
2721 1501 2947 1556 Dixerat
3001 1506 3191 1556 autem
3249 1503 3327 1556 eis
3386 1502 3449 1557 de
3507 1501 3762 1559 doctrina

2105 1589 2521 1646 Pharisaeorum
2551 1588 2708 1659 (Ibid.
2765 1589 2874 1660 12).
2910 1591 3086 1645 Porro
3137 1599 3275 1662 qua:
3331 1595 3421 1646 est
3475 1590 3588 1646 ista
3644 1590 3761 1648 alia

2108 1678 2373 1734 doctrina
2404 1677 2852 1747 Pharisaeorum,
2887 1679 2998 1734 nisi
3042 1677 3191 1752 legis
3248 1680 3576 1736 secundum
3634 1696 3759 1736 car-

2107 1784 2242 1823 nem
2275 1767 2646 1824 observatio?
2688 1768 2903 1822 Sensus
2964 1768 3162 1839 itaque
3219 1768 3327 1824 iste
3386 1773 3511 1825 est:
3572 1768 3762 1825 Nolite

2109 1860 2314 1928 putare
2344 1872 2660 1928 paucorum
2693 1855 3024 1924 hominum,
3059 1857 3158 1928 qui
3190 1858 3259 1912 de
3298 1857 3501 1914 Judeea
3529 1857 3761 1914 venien-

2107 1949 2196 1999 tes
2226 1943 2384 1999 aliud
2414 1945 2643 2013 docent,
2678 1944 2923 2000 insidias
2960 1946 3437 2001 contemnendas.
3498 1944 3764 2002 Scintilla

2108 2049 2200 2088 res
2233 2050 2410 2104 parva
2440 2037 2546 2100 est,
2581 2037 2637 2087 et
2665 2049 2812 2104 pene
2843 2034 2983 2087 dum
3016 2033 3295 2100 cernitur,
3328 2050 3445 2089 non
3491 2034 3757 2101 videtur;

2108 2121 2210 2177 sed
2267 2123 2315 2176 si
2376 2121 2639 2176 fomitem
2700 2121 3226 2193 comprehenderit,
3286 2126 3343 2177 et
3400 2123 3765 2178 nutrimenta

2109 2211 2199 2265 sui
2233 2211 2502 2282 quamvis
2533 2227 2748 2282 parvus
2778 2210 2932 2282 ignis
2962 2210 3266 2279 invenerit,
3302 2212 3538 2283 moenia,
3564 2212 3759 2279 urbes,

2109 2299 2430 2355 latissimos
2462 2299 2669 2366 saltus,
2702 2299 3087 2372 regionesque
3119 2300 3436 2356 consumit.
3491 2301 3760 2356 Fermen-

2109 2393 2236 2443 tum
2269 2404 2499 2460 quoque
2545 2390 2714 2459 cujus
2762 2389 2833 2443 ad
2866 2388 3040 2444 aliam
3074 2394 3297 2461 partem
3331 2391 3389 2445 in
3449 2389 3760 2463 Evangelio

2109 2477 2386 2548 parabola
2412 2481 2736 2548 temperata
2765 2481 2852 2532 est
2883 2477 3032 2548 (Luc.
3065 2495 3185 2548 xm,
3220 2479 3332 2550 21),
3395 2494 3488 2534 res
3532 2478 3762 2534 modica

2107 2564 2334 2620 videtur
2372 2570 2427 2619 et
2483 2565 2689 2630 nihili;
2754 2566 2854 2620 sed
2909 2583 3042 2621 cum
3097 2567 3293 2622 farina}
3351 2583 3759 2641 conspersum,

2109 2659 2289 2709 totam
2321 2671 2578 2710 massam
2610 2671 2715 2710 suo
2747 2655 2945 2727 vigore
2978 2658 3321 2728 corruperit,
3352 2656 3412 2712 in
3453 2656 3614 2712 illius
3643 2656 3761 2712 vim

2109 2743 2322 2798 transit
2353 2759 2523 2798 omne
2554 2744 2710 2814 quod
2760 2743 3004 2798 mistum
3062 2750 3186 2799 est:
3246 2744 3327 2799 ita
3385 2748 3442 2799 et
3491 2745 3758 2800 doctrina

2109 2848 2382 2903 perversa
2411 2832 2483 2886 ab
2515 2849 2631 2886 uno
2665 2831 2950 2903 incipiens
2974 2832 3067 2886 vix
3114 2833 3262 2887 duos
3320 2836 3421 2886 aut
3470 2836 3589 2888 tres
3647 2831 3762 2903 pri-

2111 2937 2272 2976 mum
2305 2921 2363 2974 in
2396 2921 2628 2975 exordio
2661 2921 2874 2991 reperit
2918 2921 3214 2975 auditores
3245 2939 3257 2987 ;
3320 2921 3421 2975 sed
3473 2919 3759 2991 paulatim

2109 3014 2174 3064 ut
2230 3025 2436 3064 cancer
2493 3007 2671 3078 serpit
2727 3009 2787 3062 in
2847 3023 3085 3078 corpore
3137 3009 3208 3079 (Il
3265 3008 3397 3062 Tim.
3431 3023 3493 3075 ιι,
3532 3007 3640 3078 17),
3701 3010 3760 3062 et

2102 3097 2272 3168 juxta
2300 3097 2536 3168 vulgare
2566 3096 2957 3167 proverbium,
2993 3097 3169 3151 unius
3209 3095 3447 3168 pecudis
3506 3095 3755 3163 scabies,

2109 3191 2300 3241 totum
2377 3185 2788 3263 commaculet
2834 3201 3090 3258 gregem.
3154 3185 3337 3258 Igitur
3393 3188 3449 3240 et
3503 3183 3761 3240 scintilla

341 3251 544 3347 l2),ve-t
572 3293 642 3331 ex
659 3251 780 3332 hoc
808 3276 935 3332 loco
965 3275 1053 3331 vel
1085 3277 1338 3332 maxime
1396 3251 1828 3349 comprobatur.
1888 3251 1998 3330 Ve;
2029 3251 2071 3316 (ἶ
2109 3275 2307 3331 statim
2339 3279 2404 3330 ut
2433 3257 2789 3346 apparuerit,
2821 3251 3246 3346 exstinguenda
3275 3279 3384 3342 est,
3420 3279 3478 3330 et
3507 3275 3757 3329 fermen-

341 3380 477 3419 rum
561 3364 950 3436 simpliciores
1009 3365 1276 3437 quippe’
1331 3369 1627 3441 putantes‘
1658 3381 1720 3420 se
1777 3365 1999 3420 deferre

342 3452 483 3522 Deo,
515 3459 580 3510 ut
606 3454 912 3526 persuasio
943 3471 1178 3526 quoque
1211 3460 1410 3510 nostra
1439 3455 1499 3509 in
1533 3456 1659 3525 ejus
1718 3454 1794 3510 sit
1846 3459 2000 3526 pote-

311 3607 317 3611 ,
343 3547 515 3608 state,
548 3542 920 3599 abstulerunt
949 3548 1173 3614 partem
1206 3543 1487 3599 orationis
1517 3560 1630 3599 non
1661 3547 1718 3600 et
1757 3559 1998 3599 sensum

345 3632 703 3687 contrarium
778 3632 1052 3704 Apostolo
1141 3633 1470 3689 reddidere.
1529 3633 1659 3689 Sive
1738 3649 1873 3706 ergo
1938 3631 1999 3686 in

343 3720 586 3786 bonam,
619 3721 735 3776 sive
764 3720 824 3776 in
850 3720 1065 3776 malam
1089 3725 1335 3792 partem,
1361 3737 1465 3777 nec
1490 3723 1659 3789 Deus,
1684 3738 1789 3777 nec
1807 3721 2003 3776 diabo-

343 3808 443 3864 lus
471 3809 530 3863 in
558 3825 734 3865 causa
760 3814 869 3877 est,
904 3810 1042 3882 quia
1073 3807 1376 3880 persuasio
1408 3814 1608 3864 nostra
1647 3827 1761 3865 non
1794 3815 1883 3865 est
1934 3827 2002 3866 ex

343 3913 414 3952 eo
443 3897 546 3968 qui
574 3899 799 3953 vocavit
832 3915 960 3964 nos,
995 3899 1096 3954 sed
1127 3916 1195 3954 ex
1227 3899 1417 3967 nobis,
1454 3898 1552 3970 qui
1607 3897 1697 3954 vel
1755 3915 2000 3954 consen-

342 3986 560 4056 timus,
629 3986 715 4042 vel
781 4003 896 4043 non
967 3989 1370 4044 consentimus
1437 3988 1688 4044 vocanti.
1773 3988 1998 4043 Aliter:

343 4074 654 4132 Persuasio
700 4075 821 4131 haec
848 4093 1026 4149 quam
1059 4093 1214 4132 nunc
1246 4076 1584 4149 sequimini,
1621 4093 1736 4131 non
1793 4080 1880 4130 est
1937 4093 2005 4131 ex

340 4168 484 4232 Deo,
517 4164 616 4236 qui
645 4165 706 4220 in
741 4165 1027 4238 principio
1055 4182 1158 4222 vos
1188 4166 1431 4237 vocavit,
1466 4166 1566 4221 sed
1626 4183 1695 4221 ex
1752 4165 1845 4220 his
1904 4165 2005 4236 qui

337 4269 448 4310 vos
479 4258 681 4326 postea
709 4255 1112 4312 turbaverunt.

417 4342 608 4412 (Vers.
639 4344 719 4415 9.)
779 4367 806 4393 ‹‹
867 4346 1159 4400 Modicum
1221 4345 1572 4401 fermentum
1624 4349 1806 4400 totam
1868 4361 2005 4399 con-

338 4431 717 4504 spersionem
748 4433 1076 4490 fermentat.
1109 4456 1136 4483 «
1168 4432 1313 4488 Male
1341 4433 1401 4487 in
1431 4433 1648 4488 nostris
1706 4433 2006 4488 codicibus

338 4521 635 4576 habetur:
671 4521 931 4577 Modicum
980 4522 1319 4594 fermentum
1373 4524 1540 4578 totam
1593 4538 1834 4577 massam
1889 4537 2006 4577 cor-

2105 3368 2233 3419 tum
2267 3382 2300 3418 a
2329 3381 2539 3419 massae
2566 3363 2779 3418 vicinia
2835 3363 3274 3431 semovendum,
3326 3362 3593 3418 secundae
3650 3378 3758 3433 pu-

2107 3452 2269 3507 tridae
2302 3469 2526 3522 carnes,
2557 3456 2614 3507 et
2643 3451 2978 3507 scabiosum
3010 3450 3227 3507 animal
3259 3468 3293 3507 a
3330 3450 3514 3507 caulis
3562 3451 3759 3506 ovium

2110 3541 2534 3610 repellendum,
2567 3558 2639 3596 ne
2687 3545 2808 3596 tota
2865 3542 3097 3608 domus,
3158 3557 3378 3610 massa,
3437 3556 3649 3612 corpus
3704 3543 3762 3594 et

2111 3647 2338 3702 pecora,
2371 3631 2591 3696 ardeat,
2625 3634 3056 3702 corrumpatur,
3112 3634 3430 3700 putrescat,
3491 3629 3763 3684 intereat.

2109 3720 2283 3776 Arius
2312 3719 2372 3774 in
2402 3719 2761 3775 Alexandriae
2794 3737 2910 3774 una
2951 3718 3208 3774 scintilla
3267 3719 3406 3786 fuit;
3465 3719 3566 3773 sed
3626 3717 3767 3788 quia

2111 3827 2226 3866 non
2275 3809 2480 3864 statim
2538 3809 2691 3863 490
2744 3825 3027 3883 oppressa
3087 3809 3194 3878 (At.
3255 3806 3596 3879 oppressus)
3653 3811 3764 3874 est,

2112 3903 2297 3953 totum
2328 3899 2527 3953 orbem
2559 3898 2685 3968 ejus
2719 3898 2957 3952 flamma
2989 3897 3268 3968 populata
3298 3901 3405 3952 est.

2183 3986 2369 4056 (Vers.
2406 3987 2518 4052 10.)
2551 4008 2578 4035 ‹‹
2621 3991 2738 4058 Ego
2795 3986 3022 4041 conﬁdo
3079 3984 3138 4039 in
3197 3985 3360 4040 vobis
3406 3984 3464 4038 in
3497 3981 3765 4050 Domino,

2114 4075 2253 4148 quia
2282 4074 2429 4130 nihil
2458 4075 2617 4130 aliud
2639 4074 2901 4146 sapietis.
2937 4097 2965 4123 ››
2988 4073 3111 4128 Non
3139 4089 3240 4144 per
3265 4073 3759 4142 conjecturam,ut

2113 4165 2353 4236 quidam
2383 4163 2605 4230 volunt,
2639 4164 2738 4218 sed
2776 4163 3114 4234 prophetico
3147 4161 3354 4232 spiritu
3387 4159 3600 4215 Paulus
3633 4175 3768 4231 pro-

2115 4251 2372 4319 nuntiat,
2396 4252 2629 4307 Galatas
2651 4253 2723 4306 ad
2744 4251 3007 4306 veritatis
3028 4251 3203 4315 viam,
3229 4265 3406 4321 quam
3424 4249 3766 4316 amiserant,

2114 4358 2502 4414 regressuros.
2525 4342 2754 4395 Etenim
2786 4341 2884 4411 qui
2909 4339 3054 4395 alios
3088 4339 3453 4411 hortabatur,
3477 4343 3542 4395 ut
3587 4353 3770 4394 temu-

2115 4431 2379 4486 larentur
2410 4430 2785 4498 charismata,
2813 4427 3001 4501 magis
3031 4433 3227 4484 autem
3261 4433 3322 4484 ut
3349 4427 3770 4500 prophetarent

2117 4521 2165 4590 (I
2193 4519 2312 4574 Cor.
2345 4536 2459 4588 xiv,
2496 4519 2584 4590 1):
2621 4518 2745 4590 ipse
2776 4534 3007 4590 quoque
3059 4519 3259 4575 eadem
3318 4517 3527 4591 plenus
3583 4514 3773 4588 gratia

341 4611 574 4680 rumpit,
611 4614 670 4664 et
701 4626 944 4666 sensum
968 4610 1162 4682 potius
1223 4610 1511 4681 interpres
1570 4626 1766 4680 suum,
1829 4625 2006 4682 quam
2038 4625 2084 4690 Ι)
2117 4608 2506 4681 loquebatur:
2536 4609 2618 4662 Ea:
2641 4616 2803 4678 parte
2832 4610 3233 4680 cognoscimus,
3266 4616 3316 4664 et
3345 4623 3415 4662 ea:
3440 4607 3600 4676 parte
3639 4619 3774 4674 pro-

344 4698 527 4754 verba
556 4697 821 4770 Apostoli
852 4700 1174 4755 transtulit.
1230 4699 1382 4754 489
1443 4698 1574 4753 Haec
1632 4703 1825 4753 autem
1885 4699 2012 4768 ipsa

346 4787 646 4842 sententia
705 4787 922 4844 Paulus
992 4793 1049 4844 et
1105 4788 1176 4844 ad
1233 4787 1566 4844 Corinthios
1626 4787 1854 4855 utitur;
1912 4787 2013 4855 ubi

349 4875 629 4947 precepit
656 4893 794 4932 eum
828 4877 928 4948 qui
957 4893 1196 4934 uxorem
1232 4877 1414 4949 patris
1447 4876 1538 4932 sui
1567 4877 1842 4945 habebat,
1888 4875 2014 4931 tolli

349 4965 428 5020 de
461 4964 674 5031 medio,
701 4970 759 5020 et
788 4967 939 5021 tradi
967 4966 1319 5039 pmnitentiaa
1350 4967 1409 5020 in
1439 4965 1744 5020 interitum
1770 4969 1825 5020 et
1846 4981 2010 5020 vexa-

355 5052 582 5108 tionem
644 5055 838 5110 carnis
899 5072 999 5127 per
1065 5055 1296 5126 jejunia
1351 5059 1407 5110 et
1464 5055 1889 5128 aegrotationes,
1951 5057 2017 5108 ut

349 5141 600 5213 spiritus
631 5143 831 5199 salvus
860 5144 963 5199 ﬁat
992 5145 1050 5199 in
1081 5144 1174 5199 die
1204 5143 1432 5199 Domini
1462 5144 1566 5214 (At.
1605 5145 1767 5200 addit
1806 5143 2012 5214 nostri)

346 5230 496 5286 Jesu
528 5231 759 5288 Christi.
793 5234 888 5288 Ait
927 5234 1181 5305 quippe:
1237 5234 1356 5288 Non
1414 5233 1552 5288 bona
1600 5233 1870 5302 gloriatio
1929 5249 2011 5289 ve-

345 5321 498 5375 stra.
535 5320 759 5377 Nescitis
788 5325 918 5392 quia
948 5323 1225 5378 modicum
1261 5325 1596 5394 fermentum
1644 5327 1814 5378 totam
1869 5340 2013 5378 mas-

341 5423 473 5463 sam
502 5413 806 5482 corrumpit
838 5412 882 5482 (ι
915 5409 1033 5467 Cor.
1063 5428 1117 5482 v,
1144 5412 1201 5484 6)
1229 5411 1257 5466 ?
1291 5411 1410 5467 sive
1463 5412 1552 5480 (ut
1603 5412 1731 5482 jam
1791 5411 1899 5483 (Al.
1961 5416 2017 5467 et

333 5497 498 5570 jam)
530 5499 991 5571 emendavimus)
1023 5505 1201 5555 totam
1229 5501 1667 5571 conspersionem
1685 5501 2018 5570 ferme-atat?

2117 4700 2402 4771 phetumus
2436 4697 2593 4769 (Ibid.
2629 4715 2750 4768 xm,
2793 4698 2868 4769 9).
2929 4697 3252 4752 Praevidens
3308 4696 3489 4767 igitur
3540 4691 3771 4764 spiritu,

2125 4787 2262 4858 quia
2293 4785 2439 4841 nihil
2470 4785 2630 4842 aliud
2688 4792 2884 4843 essent
2941 4785 3236 4853 credituri,
3295 4785 3410 4839 nisi
3469 4783 3623 4854 quod
3675 4796 3776 4852 per

2125 4874 2442 4946 Epistolam
2493 4876 2872 4943 docebantur,
2907 4875 3024 4930 ait:
3088 4876 3193 4944 Ego
3249 4871 3460 4942 conﬁdo
3511 4873 3573 4926 in
3625 4869 3776 4926 vobis

2123 4964 2181 5017 in
2206 4965 2434 5020 Domino
2467 4967 2609 5036 quod
2637 4966 2785 5020 nihil
2812 4964 2973 5019 aliud
2991 4964 3235 5035 sapietis.
3271 4963 3419 5016 Nam
3449 4963 3506 5015 et
3553 4957 3774 5014 additio

2123 5053 2410 5110 Dominici
2441 5054 2716 5121 nominis,
2751 5053 3011 5124 idipsum
3044 5051 3353 5124 signiﬁcat.
3385 5050 3444 5105 Si
3486 5049 3642 5106 enim
3673 5063 3778 5120 per

2125 5143 2520 5213 conjecturam
2551 5144 2660 5198 hoc
2690 5143 3038 5208 aestimabat,
3071 5143 3340 5214 potuerat
3382 5140 3610 5194 dicere:
3663 5143 3774 5207 Ego

2123 5232 2334 5301 conﬁdo
2365 5233 2425 5285 in
2455 5233 2620 5286 vobis.
2651 5231 2816 5286 Nunc
2857 5235 3051 5287 autem
3102 5245 3422 5303 apponens,
3484 5230 3544 5283 in
3598 5227 3778 5283 Domi-

2126 5337 2214 5385 no,
2242 5321 2435 5376 divino
2469 5321 2723 5392 quodam
2756 5320 3055 5377 conﬁdens
3077 5320 3311 5392 spiritu,
3335 5317 3489 5390 quod
3513 5317 3776 5374 futurum

2125 5416 2492 5482 cognoverat,
2529 5410 2910 5482 prophetavit.

2198 5499 2386 5572 (Vere.
2424 5501 2534 5571 10.)
2573 5521 2592 5547 σε
2629 5500 2737 5564 Qui
2768 5503 2963 5554 autem
2990 5499 3303 5555 conturbat
3339 5513 3464 5568 vos,
3523 5493 3780 5569 portabit

427 5643 442 5716 ξ
478 5641 850 5716 Interserunt
886 5641 1108 5716 vulgati
1140 5641 1275 5698 libri
1305 5643 1570 5699 voculam
1628 5643 1788 5713 alibi,
1847 5659 2024 5716 quam
2062 5659 2206 5700 mss.
2240 5642 2423 5701 nostri
2451 5658 2655 5700 omnes
2685 5640 2977 5715 ignorant.

423 5715 447 5751 ³
478 5712 873 5786 Martianmus,
904 5712 1274 5795 simpliciores
1303 5717 1520 5790 quippe.
