4144 6202
435 364 545 424 431

1687 363 1750 421 S.
1800 361 2113 424 EUSEBH
2157 362 2604 426 HIERONYMI

3722 367 3842 426 432

351 488 354 492 ί
428 492 742 566 judicium,
776 492 1111 564 quicunque
1141 494 1231 547 est
1258 491 1373 547 ille.
1411 513 1440 542 »
1472 492 1726 561 Occulta,
1783 493 2080 566 inquiunt,
2111 495 2167 560 Α
2197 494 2243 565 (1
2273 496 2416 550 Cor..
2447 512 2546 565 vn,
2581 495 2687 568 18).
2722 495 2790 551 Hi
2828 495 3026 568 itaque
3081 497 3150 552 de
3202 495 3421 566 quibus
3479 511 3657 568 supra
3718 496 3842 554 ait:

437 585 671 648 Petrum
728 581 964 647 lacerat,
1035 581 1126 636 cui
1191 598 1370 652 supra
1427 581 1485 636 in
1551 581 1757 638 faciem
1835 582 2086 637 restitis-

435 689 500 735 SB
555 688 618 735 se
675 671 899 737 scribit,
959 671 1112 742 quod
1169 687 1285 726 non
1344 674 1499 726 recto
1565 671 1710 742 pede
1782 671 2089 728 incesserit

432 766 510 824 ad
568 760 863 839 Evangelii
920 761 1246 820 veritatem.
1309 760 1418 815 Sed
1487 777 1592 816 nec
1668 759 1883 816 Paulus
1965 765 2086 816 tam

437 852 668 928 procaci
699 850 1009 912 maledicto
1050 851 1122 907 de
1179 848 1442 906 Ecclesia:
1504 848 1765 920 principe
1823 849 2086 921 loquere-

434 948 534 1002 tur
561 942 761 1015 (Galat.
794 959 856 1012 ιι,
888 942 995 1011 11),
1029 955 1134 1000 nec
1158 939 1363 995 Petrus
1411 938 1630 1010 dignus
1691 939 1793 1009 qui
1845 943 2086 995 contur-

435 1035 585 1091 bata:
614 1031 881 1090 Ecclesiae
910 1046 1045 1089 reus
1076 1029 1256 1085 ﬁeret.
1292 1028 1373 1084 Ex
1403 1044 1516 1100 quo
1549 1027 1955 1084 arbitrandum
2001 1031 2089 1088 est

437 1124 510 1180 de
541 1122 654 1180 alio
689 1121 944 1193 quodam
975 1118 1112 1186 dici,
1145 1118 1243 1191 qui
1276 1122 1376 1174 aut
1406 1133 1540 1172 cum
1572 1116 1849 1188 apostolis
1880 1118 2085 1184 fuerat,

438 1214 540 1270 aut
564 1210 636 1267 de
664 1210 867 1268 Judaia
894 1211 1150 1275 venerat,
1186 1209 1287 1262 aut
1307 1223 1373 1261 ex
1407 1204 1712 1262 Pharisaeis
1744 1205 2086 1277 crediderat,

437 1281 541 1358 aut
568 1303 722 1358 certe
755 1313 1007 1370 magnus
1037 1296 1115 1352 sit
1145 1295 1300 1367 apud
1334 1295 1569 1352 Galatas
1618 1294 1964 1360 aestimatus,
2026 1300 2090 1350 ut

438 1387 941 1463 portetjudicium
987 1383 1256 1444 Ecclesiae
1314 1384 1693 1450 conturbatze,
1753 1383 2089 1455 quicunque

437 1485 529 1537 est
564 1478 683 1535 ille.
742 1478 978 1535 Portare
1034 1479 1230 1531 autem
1279 1472 1595 1545 judicium,
1649 1473 1706 1528 id
1759 1476 1868 1540 est,
1931 1473 2087 1545 quod

445 1569 574 1626 aliis
605 1567 796 1624 verbis
827 1565 887 1622 in
919 1563 1303 1636 sequentibus
1335 1563 1481 1620 dixit
1507 1578 1519 1618 :
1557 1562 1935 1634 Unusquisque
1959 1578 2087 1634 pro-

448 1660 636 1730 prium
663 1672 802 1713 onus
825 1654 1077 1726 portabit
1104 1651 1413 1724 (Gatat..v1,
1444 1652 1522 1723 5).
1556 1653 1624 1707 Et
1647 1656 1786 1724 puto
1816 1651 1875 1706 in
1936 1651 2088 1707 Scri-

436 1747 648 1820 pturis,
681 1761 831 1801 onus
860 1747 917 1800 et
965 1742 1027 1801 in
1085 1742 1301 1814 bonam
1361 1745 1417 1798 et
1471 1741 1532 1795 in
1589 1740 1803 1797 malam
1863 1745 2086 1812 partem

436 1849 609 1908 posse
638 1832 842 1906 accipi,
874 1831 984 1887 hoc
1014 1834 1122 1901 est,
1156 1834 1214 1886 et
1250 1829 1309 1886 in
1341 1829 1433 1884 his
1492 1829 1593 1900 qui
1658 1828 1908 1900 peccatis
1955 1846 2085 1900 gra-

435 1923 606 1980 vibus
637 1920 1052 1994 opprimuntur
1082 1918 1227 1975 etin
1277 1917 1395 1974 illis
1451 1918 1548 1989 qui
1601 1918 1885 1974 virtutum
1943 1917 2092 1974 levia

437 2028 615 2068 onera
643 2013 994 2070 sustentant.
1019 2009 1099 2065 De
1130 2007 1385 2080 peccatis
1415 2007 1474 2062 in
1517 2006 1746 2063 Psalmo
1806 2007 2092 2078 paenitens

436 2099 739 2173 loquitur:
772 2100 1096 2169 Iniquitates
1120 2112 1260 2154 mem
1287 2098 1512 2154 elevatae
1534 2104 1664 2152 sunt
1711 2113 1876 2168 super
1931 2103 2094 2168 caput

445 2205 647 2259 meum,
702 2189 862 2260 quasi
913 2197 1049 2244 onus
1097 2202 1262 2258 grave
1317 2193 1565 2257 gravate
1619 2189 1746 2242 sunt
1792 2201 1954 2257 super
2009 2200 2095 2242 me

447 2279 623 2352 (Psat.
653 2294 866 2347 xxxvn,
895 2277 972 2346 5).
1009 2278 1086 2333 De
1115 2275 1452 2343 virtutibus,
1485 2275 1864 2346 doctrinaque
1920 2275 2096 2330 virtu-

442 2373 572 2426 tum
602 2367 867 2424 Salvator
895 2366 1012 2422 ait:
1045 2367 1252 2438 Jugum
1279 2366 1428 2422 enim
1454 2381 1638 2420 meum
1674 2380 1840 2420 suave
1895 2369 1992 2430 est,
2044 2368 2095 2418 et

444 2473 582 2514 onus
611 2472 795 2512 meum
827 2456 938 2514 leve
997 2462 1075 2511 est
1122 2453 1334 2525 (Matth.
1364 2470 1442 2524 χι,
1503 2453 1614 2523 30).
1675 2453 1837 2516 Quod
1898 2457 2094 2508 autem

444 2549 503 2603 et
533 2544 806 2602 doctrina
830 2560 934 2616 pro
966 2559 1141 2601 onere
1165 2541 1506 2614 accipiatur,
1536 2540 1908 2614 perspicuum
1942 2541 2006 2597 ﬁt
2034 2542 2094 2596 in

443 2632 783 2707 Evangelio.
811 2631 1069 2705 Alligant
1100 2631 1314 2703 quippe
1343 2630 1619 2687 Pharisaei
1651 2647 1830 2686 onera
1877 2631 2094 2702 gravia,

443 2729 501 2782 et
529 2741 656 2796 quae
687 2722 908 2796 portari
944 2738 1060 2779 non
1091 2723 1362 2792 possunt,
1417 2724 1474 2776 et
1523 2725 1933 2792 superponunt
1987 2720 2094 2790 (At.

443 2817 689 2888 ponunt)
720 2829 788 2868 ea
816 2827 997 2883 super
1025 2810 1304 2866 humeros
1335 2808 1665 2876 hominum,
1727 2808 1840 2880 ipsi
1899 2813 2095 2864 autem

442 2919 561 2960 uno
591 2900 672 2959 ea'
689 2899 869 2973 digito
928 2898 1138 2955 nolunt
1192 2898 1528 2971 contingere
1585 2898 1790 2968 (Matth.
1824 2915 1986 2960 χχιιι,
2019 2898 2094 2970 4).

443 2995 630 3059 Quam
688 2990 836 3046 491
898 3005 1070 3061 grave
1127 2987 1205 3059 sit
1260 2987 1515 3060 aliquem
1569 2988 1642 3044 de
1681 2985 2099 3057 tranquillitate

444 3082 703 3150 turbare,
765 3083 823 3136 et
879 3095 1088 3136 serena
1144 3078 1320 3135 corda
1375 3077 1682 3134 hominum
1743 3077 2097 3148 quibusdam

447 3169 618 3242 quasi
645 3165 919 3225 fluctibus
949 3169 1264 3233 concitare.
1298 3165 1615 3224 Salvatoris
1675 3167 1744 3222 ad
1805 3165 2098 3238 apostolos

2197 584 2302 652 Qui
2318 589 2505 640 autem
2533 585 2821 642 conturbat
2851 601 2960 654 vos,
2982 585 3226 656 portabit
3262 584 3562 655 judicium,
3609 587 3844 656 quicun-

2194 690 2296 744 que
2323 680 2401 732 est
2432 675 2548 741 ille,
2583 680 2644 730 ut
2678 675 3010 746 deciperent
3029 673 3285 745 Galatas,
3318 675 3491 731 etiam
3524 674 3634 730 hoc
3665 676 3842 732 adde-

2195 763 2376 820 bant:
2411 764 2533 818 Non
2563 763 2752 820 solum
2787 764 2990 820 Petrus
3020 769 3076 819 et
3124 763 3401 830 Jacobus,
3459 769 3516 819 et
3563 764 3844 831 Joannes,

2197 856 2254 906 et
2283 853 2472 908 caeteri
2523 852 2582 908 in
2637 853 2841 910 Judzea
2897 852 3143 924 apostoli
3197 853 3729 922 circumcisionem,
3785 859 3846 910 et

2195 940 2310 997 alia
2339 946 2624 1014 praecepta
2683 941 2827 1012 legis
2887 942 3217 1008 observant,
3278 941 3380 998 sed
3435 941 3560 1013 ipse
3614 958 3846 1014 quoque

2199 1030 2432 1099 Paulus,
2465 1031 2567 1101 qui
2600 1047 2700 1088 vos
2729 1030 2895 1087 aliter
2925 1031 3142 1096 docuit,
3178 1047 3356 1102 quam
3389 1047 3450 1087 se
3492 1031 3575 1087 rei
3632 1032 3846 1088 veritas

2197 1119 2392 1185 habet,
2424 1120 2798 1175 Timotheum
2857 1120 3222 1176 circumcidit
3279 1121 3416 1191 (Act.
3478 1137 3593 1186 χνι,
3651 1121 3728 1193 3),
3788 1125 3846 1178 et

2194 1208 2415 1263 Judaeis
2447 1209 2784 1280 frequenter
2811 1209 3048 1278 Judaeus
3082 1209 3269 1264 factus
3301 1215 3410 1276 est,
3449 1210 3693 1266 veritate
3749 1227 3843 1267 co-

2197 1302 2367 1369 gente
2397 1296 2444 1368 (Ι
2466 1297 2585 1353 Cor.
2610 1315 2686 1367 ιχ,
2717 1299 2828 1366 20).
2853 1297 3037 1361 Quam
3062 1297 3395 1369 opinionem
3412 1299 3482 1354 de
3503 1287 3844 1356 Galatarum

2198 1386 2495 1443 mentibus
2555 1385 2773 1444 Paulus
2829 1402 2986 1442 nunc
3039 1386 3240 1444 volens
3295 1386 3518 1455 tollere,
3580 1389 3693 1444 ait:
3728 1391 3847 1464 Ego

2197 1479 2399 1543 autem,
2457 1478 2678 1546 fratres,
2733 1477 2785 1531 si
2849 1477 3323 1534 circumcisionem
3392 1477 3654 1550 praedico,
3712 1481 3850 1551 quid

2197 1564 2371 1620 adhuc
2396 1566 2822 1635 persecutionem
2852 1566 3078 1637 patior?
3106 1565 3311 1635 Omne,
3363 1567 3579 1639 inquit,
3638 1567 3696 1624 in
3757 1585 3848 1625 me

2196 1653 2395 1710 odium
2413 1653 2442 1708 J
2453 1655 2770 1725 udaeorum,
2790 1659 2848 1711 et
2868 1671 2983 1726 qua
3006 1655 3314 1712 adversum
3341 1655 3567 1714 furiunt
3592 1656 3845 1730 insania,

2197 1743 2268 1798 ob
2302 1741 2448 1798 nihil
2481 1742 2639 1798 aliud
2671 1747 2780 1811 est,
2815 1744 2929 1799 nisi
2961 1745 3115 1817 quod
3147 1745 3327 1800 doceo
3363 1749 3564 1816 gentes
3597 1762 3715 1803 non
3746 1747 3848 1803 de-

2197 1831 2332 1886 bere
2364 1830 2702 1888 circumcidi
2733 1836 2789 1887 et
2826 1831 2974 1905 legis
3031 1849 3208 1890 onera
3264 1833 3564 1906 superﬂua
3618 1839 3678 1890 et
3721 1835 3849 1906 jam

2202 1919 2418 1976 abolita
2441 1921 2753 1977 custodire.
2786 1921 2929 1977 Cum
2964 1927 3157 1978 autem
3189 1923 3656 1996 persecutionem
3694 1925 3847 1982 ΔΜ

2201 2009 2411 2080 patiar,
2444 2009 2821 2066 manifestum
2870 2014 2961 2066 est
3017 2028 3110 2066 me
3167 2012 3674 2070 circumcisionem
3733 2030 3849 2070 non

2201 2097 2533 2168 prmdicare,
2568 2115 2746 2169 quam
2777 2099 3034 2155 destruo.
3068 2099 3192 2156 Non
3225 2101 3381 2156 enim
3409 2105 3530 2157 tam
3579 2118 3851 2174 persecu-

2201 2187 2420 2247 tionem
2454 2188 2646 2258 patior
2674 2205 2707 2242 a
2733 2188 2972 2259 Judaais,
3004 2188 3144 2260 quia
3177 2189 3424 2260 praedico
3483 2191 3850 2260 cruciﬁxum,

2203 2280 2258 2332 et
2289 2276 2491 2332 Jesum
2524 2276 2653 2332 dico
2679 2293 2807 2333 esse
2827 2277 3147 2349 Christum,
3173 2295 3348 2350 quem
3369 2279 3462 2335 lex
3481 2284 3537 2336 et
3559 2281 3850 2353 prophetae

2204 2365 2756 2437 praenuntiaverunt,
2783 2383 2958 2438 quam
2983 2367 3122 2439 quia
3143 2368 3319 2425 doceo
3341 2367 3528 2442 legem
3549 2386 3679 2426 esse
3695 2387 3850 2426 com-

2205 2453 2443 2526 pletam.
2477 2454 2636 2518 Quod
2671 2460 2866 2512 autem
2895 2472 3036 2512 crux
3073 2457 3294 2514 Judaeis
3351 2458 3696 2515 scandalum
3755 2460 3852 2528 sit,

2204 2543 2481 2613 gentibus
2537 2544 2790 2600 stultitia
2838 2547 2892 2613 (I
2950 2545 3071 2600 Cor.
3132 2563 3172 2615 ι,
3235 2547 3351 2618 23),
3409 2546 3536 2619 ipse
3577 2549 3856 2606 Dominus

2207 2636 2405 2688 noster
2433 2633 2710 2700 ostendit,
2772 2633 2871 2704 qui
2924 2633 3075 2706 lapis
3135 2635 3351 2691 dicitur
3403 2637 3747 2694 offensionis
3801 2642 3860 2694 et

2205 2724 2370 2792 petra
2397 2720 2656 2777 scandali
2699 2723 2749 2794 (Ι
2775 2727 2925 2778 Ρειν.
2952 2740 3016 2792 ιι,
3048 2724 3144 2795 8);
3209 2730 3444 2798 propter
3499 2726 3648 2782 nihil
3704 2727 3861 2784 aliud

2185 2808 2505 2879 "Put0,nisi
2537 2809 2673 2880 quia
2694 2811 3029 2882 praedicatio
3061 2829 3192 2869 cum
3227 2813 3416 2885 plenis
3443 2814 3590 2872 velis
3627 2817 3698 2872 ad
3755 2833 3862 2873 au-

2208 2897 2434 2954 dientes
2466 2899 2832 2970 processerit,
2868 2900 3068 2956 statim
3103 2907 3169 2956 ut
3198 2901 3271 2958 ad
3329 2919 3562 2959 crucem
3621 2905 3863 2973 ven-erit,

2211 2986 2521 3059 impingit:
2558 2992 2614 3043 et
2644 3005 3019 3061 nequaquam
3050 2990 3230 3047 libero
3271 3008 3448 3048 cursu
3469 2998 3663 3064 potest
3710 2993 3869 3051 ultra

2207 3075 2537 3146 procedere.
2562 3076 2670 3132 Sed
2704 3077 2827 3132 haec
2856 3093 2998 3133 crux
3025 3095 3158 3150 quar
3194 3080 3350 3151 apud
3397 3080 3634 3138 Judaaos
3692 3095 3870 3138 scan-

2209 3163 2410 3221 dalum
2444 3168 2685 3231 est1,et
2729 3167 2884 3238 apud
2943 3172 3148 3239 gentes
3206 3167 3477 3240 stultitia,
3537 3171 3708 3227 nobis
3761 3171 3866 3244 qui

441 3239 620 3314 verba
646 3259 956 3323 testantur,
988 3257 1238 3312 dicentis
1264 3273 1276 3311 :
1323 3257 1400 3313 Ne
1454 3255 1809 3312 conturbetur
1865 3271 1960 3312 cor
2013 3271 2097 3311 ve-
2126 3239 2169 3306 C
2209 3254 2505 3311 credimus
2530 3254 2715 3311 virtus
2745 3260 2834 3311 est
2863 3260 2920 3310 et
2950 3257 3258 3329 sapientia.
3297 3239 3546 3316 Christus
3587 3263 3735 3316 enim
3765 3239 3868 3316 Dei

442 3348 1111 3419 strum,uequeti-meatzs
1132 3348 1315 3412 (Joan.
1348 3361 1462 3410 χιν,
1493 3344 1566 3414 l).
1602 3343 1844 3415 Expedit
1883 3344 2097 3414 quippe

444 3440 502 3492 et
529 3436 630 3508 qui
657 3435 966 3491 conturbat
994 3438 1053 3489 et
1081 3432 1440 3488 scandalizat
1478 3432 1816 3504 quempiam
1875 3432 1934 3486 in
1992 3432 2096 3486 Ec-

446 3523 645 3592 clesia,
679 3528 745 3579 ut
765 3523 919 3595 lapis
945 3521 1186 3578 molaris
1214 3521 1610 3578 circumdetur
1639 3519 1784 3576 collo
1833 3522 1982 3591 ejus,
2042 3524 2098 3577 et

448 3611 716 3668 mittatur
744 3629 876 3668 cum
908 3629 975 3668 eo
1033 3612 1091 3667 in
1151 3628 1332 3681 mare,
1384 3628 1560 3683 quam
1622 3613 1686 3665 ut
1742 3609 2097 3666 scandalizet

448 3717 635 3764 unum
666 3701 736 3756 de
767 3700 861 3756 bis
891 3701 1174 3768 minimis,
1209 3701 1309 3771 qui
1338 3717 1372 3756 a
1412 3697 1707 3756 Salvatofe
1764 3704 2093 3755 monstran-

441 3793 541 3846 tur
569 3790 721 3860 (Luc.
752 3807 892 3858 xvn,
915 3789 992 3860 2).
1023 3789 1263 3845 Turbati
1287 3805 1422 3862 ergo
1454 3789 1685 3866 fuerant
1705 3787 1920 3844 Galate
1945 3789 2096 3845 inter

444 3879 719 3953 spiritum
750 3883 809 3937 et
839 3879 1090 3936 litteram
1142 3877 1646 3934 circumcisionem
1703 3883 1760 3934 et
1811 3879 2094 3935 concisio-

442 3985 599 4038 nem,
628 3969 1006 4026 Judaismum
1037 3967 1330 4026 occultum
1380 3971 1436 4024 et
1491 3967 1892 4037 manifestum,
1953 3968 2092 4040 quid

439 4065 684 4134 agerent
709 4060 1048 4133 ignorantes
1078 4059 1252 4130 (Rom.
1287 4075 1344 4124 ιι,
1375 4058 1466 4127 25,
1493 4057 1605 4128 29).
1638 4056 1874 4112 Brevius
1897 4062 2091 4114 autem

439 4153 499 4205 et
527 4149 611 4205 sic
639 4149 822 4221 accipi
852 4152 1058 4221 potest.
1091 4147 1432 4218 Quicunque
1464 4151 1555 4202 est
1585 4145 1681 4200 ille
1711 4145 1814 4217 qui
1860 4162 1960 4202 vos
2018 4148 2088 4203 ad

439 4237 864 4294 Pharisaeorum
924 4237 1252 4293 doctrinam
1320 4234 1582 4303 retrahit,
1642 4240 1699 4291 et
1776 4235 1833 4289 in
1917 4251 2089 4293 carne

437 4325 732 4383 desiderat
759 4325 1120 4398 circumcidi,
1157 4325 1427 4398 quamvis
1456 4325 1534 4380 sit
1581 4325 1881 4396 eloquens,
1916 4330 1972 4380 et
2028 4326 2086 4381 in

433 4413 582 4487 legis
621 4415 950 4472 eruditione
1011 4432 1074 4471 se
1105 4415 1359 4486 jactitet,
1420 4413 1567 4468 nihil
1624 4413 1879 4486 amplius
1937 4413 2083 4485 dico,

432 4504 549 4562 nisi
578 4503 687 4561 hoc
708 4505 886 4577 (quod
948 4505 1122 4560 etiam
1177 4521 1279 4560 vos
1336 4504 1590 4560 abnuere
1647 4502 1762 4559 nan
1815 4502 2080 4575 potestis)

2206 3344 2381 3399 virtus
2403 3351 2498 3413 est,
2529 3348 2585 3398 et
2614 3345 2717 3399 Dei
2749 3347 3027 3419 sapientia
3058 3347 3105 3415 (Ι
3134 3345 3254 3403 Cor.
3287 3365 3327 3412 1,
3357 3349 3474 3420 24),
3506 3353 3572 3406 ut
3627 3355 3866 3422 propter

2207 3431 2264 3485 id
2298 3433 2452 3502 quod
2487 3432 2737 3490 stultitia
2762 3434 3084 3504 dicebatur,
3125 3435 3354 3493 fatuum
3385 3437 3487 3494 Dei
3534 3438 3862 3511 sapientius

2206 3519 2370 3576 ﬁeret
2399 3519 2776 3590 hominibus;
2828 3527 2884 3578 et
2915 3529 3152 3596 propter
3175 3525 3231 3580 id
3265 3527 3421 3598 quod
3454 3526 3770 3584 inﬁrmitas
3801 3531 3860 3584 et

2206 3609 2574 3676 scandalum,
2606 3610 2907 3668 inﬁrmum
2939 3611 3040 3668 Dei
3071 3613 3288 3670 fortius.
3313 3616 3473 3672 ﬁeret
3511 3615 3858 3674 hominibus

2206 3697 2362 3768 (Ibid.
2395 3699 2505 3770 25).
2542 3698 2684 3754 Cum
2715 3703 2932 3771 autem,
2965 3701 3178 3776 inquit,
3211 3703 3402 3760 crucis
3431 3704 3649 3762 Christi
3688 3722 3859 3762 sean-

2204 3785 2406 3842 dalum
2431 3793 2684 3856 maneat,
2715 3793 2771 3845 et
2800 3805 2905 3861 ego
2938 3792 3405 3862 persecutionem
3427 3794 3640 3865 patiar,
3671 3809 3854 3865 quam

2204 3892 2318 3932 non
2352 3881 2601 3948 paterer,
2633 3877 2683 3933 si
2712 3878 3057 3936 scandalum
3115 3897 3229 3936 non
3290 3888 3592 3939 maneret:
3639 3883 3859 3938 frustra

2204 3965 2444 4038 quidam
2469 3966 2741 4038 jactitant
2799 3983 2893 4023 me
2951 3967 3459 4028 circumcisionem
3517 3972 3857 4044 praedicare,

2202 4071 2378 4128 quam
2403 4055 2804 4128 impugnando
2838 4056 3098 4116 sustineo
3128 4060 3613 4131 persecutionem.

2272 4144 2454 4215 (Vers.
2492 4146 2602 4216 12.)
2639 4166 2666 4194 ‹‹
2702 4145 2932 4202 Utinam
2990 4151 3049 4202 et
3111 4148 3534 4206 abscindantur
3592 4149 3693 4223 qui
3748 4165 3852 4207 vos

2199 4234 2567 4290 conturbant.
2603 4256 2630 4284 »
2661 4235 2949 4300 Quaeritur
2979 4238 3271 4308 quomodo
3320 4238 3536 4295 Paulus
3593 4240 3857 4312 discipu-

2197 4323 2291 4380 lus
2321 4325 2450 4394 ejus
2497 4322 2598 4395 qui
2654 4323 2766 4379 ait:
2828 4324 3141 4384 Bencdicite
3193 4327 3648 4385 maledicentibus
3699 4330 3853 4386 vobis

2198 4413 2245 4485 (I
2273 4413 2392 4468 Cor.
2427 4429 2500 4482 ιν,
2536 4413 2644 4483 12).
2677 4417 2744 4468 Et
2773 4413 2899 4484 ipse
2936 4413 3222 4487 loquens:
3281 4418 3604 4474 Benedicite
3637 4426 3694 4473 et
3747 4435 3852 4476 ne-

2197 4503 2294 4557 lite
2324 4501 2657 4558 maledicere
2695 4502 2872 4573 (Rom.
2927 4520 3030 4569 xu,
3091 4505 3200 4576 14).
3262 4505 3333 4560 Et
3389 4505 3445 4561 in
3505 4505 3620 4562 alio
3678 4505 3848 4564 loco:

431 4595 584 4667 quod
620 4594 873 4665 portabit
902 4609 1004 4666 pro
1035 4593 1144 4648 hoc
1183 4608 1356 4664 opere
1405 4591 1720 4664 judicium,
1781 4595 1838 4647 et
1890 4608 2085 4648 conse-
2110 4611 2160 4676 Β
2193 4591 2374 4663 Neque
2401 4591 2661 4647 maledici
2690 4607 2922 4662 regnum
2950 4593 3049 4649 Dei
3067 4593 3418 4664 possidebunt
3475 4596 3521 4668 (Ι
3580 4595 3703 4652 Cor.
3765 4613 3845 4665 va,

429 4688 642 4756 quetur
671 4700 775 4756 pro
807 4699 912 4740 suo
935 4681 1134 4739 labore
1162 4682 1511 4737 mercedem.

498 4774 686 4845 (Vera.
723 4774 832 4843 11.)
870 4761 1046 4845 «Ego
1103 4777 1320 4842 autem,
1381 4771 1609 4842 fratres,
1669 4769 1718 4826 si
1775 4770 2080 4828 circumci-

427 4862 653 4919 sionem
676 4863 946 4936 praedico,
972 4863 1111 4935 quid
1136 4862 1326 4917 adhuc
1350 4860 1815 4933 persecutionem
1848 4861 2035 4931 patior
2055 4862 2082 4916 ‘t

429 4951 574 5024 Ergo
631 4959 975 5009 evacuatum
1034 4957 1123 5009 est
1152 4949 1315 5020 (sive,
1377 4954 1442 5006 ut
1497 4949 1558 5004 in
1617 4949 1810 5004 Graeco
1866 4949 2078 5007 melius

425 5039 622 5110 habet,
648 5043 917 5113 cessavit),
951 5041 1294 5099 scandalum
1351 5038 1562 5095 crucis.
1599 5061 1627 5088 ››
1685 5037 1958 5111 Legimus
2015 5040 2076 5096 in

422 5128 663 5185 Actibus
685 5131 1103 5202 apostolorum,
1126 5131 1254 5203 ipse
1275 5145 1507 5203 quoque
1536 5127 1836 5201 apostolus
1859 5127 2074 5185 Paulus

422 5215 482 5272 in
514 5217 789 5290 Epistolis
819 5219 943 5275 suis
975 5237 1125 5292 saepe
1154 5223 1595 5285 commemorat,
1647 5234 1709 5273 se
1765 5235 1798 5273 a
1850 5218 2072 5274 Judaeis

421 5309 858 5378 persecutiones
889 5309 1275 5365 creberrimas
1332 5308 1706 5374 sustinuisse,
1769 5312 2071 5378 propterea

419 5398 572 5470 quod
608 5398 840 5454 doceret
870 5415 969 5454 eos
1024 5397 1124 5470 qui
1158 5399 1228 5454 de
1259 5398 1532 5470 gentibus
1592 5396 1958 5452 crediderant
2009 5397 2066 5450 in

415 5485 668 5556 Christo,
728 5505 844 5544 non
903 5487 1112 5544 debere
1169 5487 1508 5543 circumcidi
1584 5487 1718 5557 (Act.
1777 5501 1892 5553 χχι,
1950 5485 2062 5552 21;

2195 4681 2318 4754 1Ο);
2355 4697 2510 4736 nunc
2541 4680 2980 4737 etmaledixerit
3008 4681 3114 4750 eis,
3147 4684 3249 4755 qui
3273 4684 3560 4740 Ecclesias
3608 4685 3846 4741 Galatia

2191 4771 2542 4826 conturbant
2565 4770 2670 4841 (At.
2701 4771 3172 4844 conturbabant),
3198 4778 3407 4829 etcum
3430 4774 3690 4846 optantis
3712 4778 3846 4831 voto

2191 4859 2590 4916 maledixerit:
2629 4860 2850 4916 Utinam
2880 4863 2930 4916 et
2972 4861 3370 4918 abscindantur
3422 4865 3521 4934 qui
3580 4879 3672 4920 vos
3720 4879 3848 4919 eon-

2189 4950 2430 5005 turbant.
2462 4949 2605 5004 Tam
2638 4948 2792 5004 enim
2825 4949 3169 5007 detestanda
3199 4952 3544 5008 abscisionis
3584 4957 3676 5008 est
3703 4969 3840 5025 pas-

2187 5038 2296 5110 sio,
2332 5044 2395 5094 ut
2424 5043 2482 5094 et
2511 5038 2612 5109 qui
2642 5037 2838 5093 invitis
2872 5055 2998 5094 eam
3031 5039 3315 5108 intulerit,
3367 5040 3599 5113 legibus
3642 5041 3841 5112 publi-

2185 5129 2269 5183 cis
2301 5127 2600 5198 puniatur,
2632 5132 2688 5183 et
2717 5128 2819 5198 qui
2850 5127 3112 5200 seipsum
3171 5131 3531 5196 castraverit,
3593 5131 3836 5189 infamis

2182 5215 2482 5272 habeatur.
2519 5216 2591 5273 Ut
2619 5216 2770 5272 enim
2806 5216 2972 5282 illud,
3003 5217 3186 5285 aiunt,
3219 5237 3422 5277 verum
3453 5219 3529 5276 sit
3555 5237 3569 5276 :
3597 5221 3743 5276 Vivit
3773 5223 3835 5276 in

2179 5322 2265 5361 me
2293 5305 2538 5361 Christus
2568 5305 2769 5377 (Galat.
2803 5323 2866 5374 ιι,
2899 5307 2988 5370 20,
3023 5309 3117 5375 3);
3150 5315 3208 5364 et
3263 5309 3372 5365 hoc
3406 5326 3420 5364 :
3481 5309 3565 5365 An
3621 5311 3836 5382 experi-

2176 5397 2419 5450 mentum
2449 5397 2700 5468 quseritis
2729 5396 2850 5467 ejus
2879 5399 2976 5468 qui
3015 5400 3076 5452 in
3129 5415 3215 5453 me
3273 5399 3525 5470 inquiiur
3575 5400 3833 5455 Christus

2176 5485 2254 5556 (ll
2282 5485 2401 5541 Cor.
2433 5503 2558 5552 xm,
2589 5486 2643 5556 3)
2673 5485 2701 5540 ?
2726 5491 2878 5541 certe
2909 5486 3335 5544 maledictionis
3379 5505 3492 5546 vox
3548 5505 3666 5546 non
3720 5504 3827 5562 po-

483 5705 499 5744 ι
533 5703 722 5760 Codex
777 5701 1050 5772 Palatia,
1106 5701 1255 5759 ultra
1312 5700 1617 5774 procedere.
1677 5699 1779 5759 Sed
1862 5699 2057 5774 haeres,
2095 5713 2335 5772 cruxqae
2364 5699 2512 5776 apud
2538 5697 2760 5760 Iudaeos
2789 5701 3121 5761 scandalum
3150 5707 3251 5764 est.
