4144 6202
341 349 465 412 ηε.

1013 349 1525 413 COMMENTAR.
1573 350 1651 413 ΙΝ
1697 349 1943 412 EPIST.
1991 345 2094 409 AD
2140 349 2423 410 GALAT.
2470 349 2615 410 LIB.
2663 350 2769 423 lll,
2816 352 2991 412 CAP.
3037 351 3113 412 ν.

3639 351 3756 412 434

337 488 458 542 test
484 483 614 554 ejus
644 482 919 557 intelligi,
983 485 1082 558 qui
1140 485 1322 542 dicit:
1372 488 1573 542 Discite
1618 503 1651 541 a
1699 502 1807 552 me,
1867 487 1996 557 quia
2023 494 2079 551 Α
2107 483 2624 550 habetur,Latinus
2649 485 2846 556 posuit
2874 485 3184 558 interpres.
3219 486 3382 544 Hunc
3397 475 3590 544 locum
3615 490 3756 561 quia

340 574 580 630 humatis
609 590 751 641 sum,
783 578 838 628 et
894 575 1045 630 mitis
1099 579 1152 630 ct
1204 585 1521 631 mansuetus
1576 575 1735 631 corde
1784 575 1994 646 (Matth.

337 681 420 728 xi,
440 664 556 734 20).
591 665 659 718 Et
680 662 869 736 magis
891 668 1127 734 putatur
1145 663 1392 720 Judaico
1420 665 1634 735 furore,
1662 668 1717 720 et
1737 665 1995 736 quadam

337 753 620 808 etfrenata
650 752 885 808 insania
936 768 998 807 se
1030 769 1146 808 non
1179 753 1441 824 potuisse
1493 753 1784 821 cohibere,
1816 769 1992 825 quam

339 841 614 898 imitatus
642 857 770 898 esse
801 857 958 908 eum,
991 841 1093 912 qui
1117 846 1400 916 tanquam
1423 859 1612 916 agnus
1635 859 1831 899 coram
1862 846 1992 897 ton-

338 931 514 987 dente
543 946 628 998 se,
689 947 806 986 non
864 931 1093 1000 aperuit
1149 948 1214 988 os
1270 949 1446 988 suum
1504 936 1634 1001 (Isa.
1681 950 1799 1000 LIII,
1832 934 1908 1004 7),
1937 935 1994 987 et

337 1019 828 1076 maledicentibus
885 1035 1000 1075 non
1057 1020 1424 1076 remaledixit
1475 1022 1523 1092 (l
1569 1023 1712 1077 Petr.
1774 1039 1834 1089 ll,
1875 1021 1986 1092 23).

338 1108 580 1166 Trdidit
606 1113 799 1164 autem
830 1108 986 1164 λίθω
1043 1124 1106 1164 se
1162 1109 1336 1164 morti
1395 1111 1844 1166 condemnatus.
1907 1111 1987 1165 Ad

335 1198 500 1270 quod
532 1197 634 1270 qui
663 1213 766 1270 pro
798 1195 975 1253 Paulo
1033 1197 1423 1269 respondebit,
1479 1198 1602 1254 haec
1645 1199 1836 1254 dicet:
1871 1215 1987 1254 non

335 1291 464 1342 tam
495 1285 709 1342 furoris
764 1287 825 1341 in
882 1287 1271 1355 adversarios,
1322 1304 1499 1360 quam
1559 1287 1886 1343 dilectionis
1927 1287 1985 1342 in

332 1375 632 1432 Ecclesiae
663 1375 761 1432 Dei
787 1375 966 1432 verba
994 1392 1123 1432 esse
1154 1393 1283 1448 quas
1312 1375 1544 1433 locutus
1598 1377 1692 1433 sit.
1739 1376 1988 1432 Videbat

334 1465 558 1538 quippe
575 1469 760 1520 totam
790 1464 1172 1536 provinciam,
1197 1482 1376 1537 quam
1395 1466 1521 1538 ipse
1547 1483 1655 1522 suo
1677 1465 1982 1539 sanguine,

333 1558 395 1611 et
424 1552 702 1626 periculis
733 1554 804 1609 ab
837 1552 1187 1620 idololatria,
1214 1554 1286 1609 ad
1316 1554 1533 1610 Christi
1574 1556 1986 1611 transduxerat

316 1643 538 1710 ﬁdem,
561 1640 761 1698 subita
791 1642 1171 1713 persuasione
1195 1643 1515 1712 turbatam,
1549 1649 1604 1699 et
1635 1643 1830 1700 dolore
1852 1659 1984 1715 apo-

337 1731 569 1798 stolico,
601 1730 802 1787 dolore
833 1731 1041 1804 patris,
1073 1747 1134 1787 se
1158 1735 1356 1811 tenere
1386 1748 1500 1787 non
1553 1736 1778 1804 poterat
1804 1751 1816 1788 :
1853 1749 1981 1787 mu-

333 1821 497 1876 tabat
525 1836 748 1886 vocem,
780 1824 839 1876 et
867 1820 1084 1892 quibus
1115 1819 1415 1877 blanditus
1447 1821 1655 1890 fuerat,
1689 1820 1980 1877 irasceba-

327 1913 456 1975 tur,
483 1914 550 1965 ut
577 1925 726 1981 quos
758 1908 1100 1981 nequiverat
1147 1909 1402 1980 lenitate,
1465 1909 1670 1966 saltem
1703 1911 1984 1983 objurga-

329 1999 488 2055 tione
516 1999 812 2055 retineret.
863 1999 980 2054 Nec
1010 1999 1228 2054 mirum
1286 2015 1415 2055 esse
1445 1999 1494 2054 si
1553 1999 1889 2070 Apostolus.
1921 2003 1985 2054 ut

327 2087 527 2155 homo,
549 2093 608 2144 et
633 2087 829 2143 adhuc
857 2087 1094 2143 vasculo
1124 2087 1361 2144 clausus
1387 2087 1644 2156 inﬁrmo,
1661 2088 1983 2159 vidensque

327 2175 505 2233 aliam
539 2176 731 2249 legem
789 2177 848 2232 in
907 2193 1146 2250 corpore
1202 2193 1310 2232 suo
1361 2177 1750 2249 captivantem
1809 2194 1894 2243 se,
1925 2183 1982 2232 et

326 2267 645 2322 ducentem
671 2266 731 2321 in
790 2265 914 2339 lege
971 2266 1192 2338 peccati
1249 2267 1426 2339 (Rom.
1485 2284 1584 2333 vn,
1642 2268 1754 2335 23),
1797 2265 1976 2323 semel

325 2354 638 2411 fuerithoc
656 2353 904 2422 locutus,
938 2356 998 2412 in
1022 2356 1176 2427 quod
1200 2357 1535 2427 frequenter
1565 2361 1795 2412 sanctos
1825 2356 1980 2411 viros

327 2445 544 2500 cadere
572 2443 976 2516 perspicimus.
1013 2444 1122 2500 Sed
1156 2448 1213 2500 et
1241 2443 1389 2499 illud
1449 2445 1564 2500 diei
1605 2449 1795 2516 potest
1825 2444 1983 2512 (licet

327 2533 695 2606 superﬂuum
726 2533 1083 2604 quibusdam
1115 2549 1239 2589 esse
1268 2533 1554 2604 videatur)
1577 2533 1980 2605 quod,Paulus

331 2639 450 2678 non
480 2625 602 2677 tam
633 2621 1000 2677 maledixerit
1028 2621 1132 2691 eis,
1194 2638 1372 2694 quam
1403 2623 1652 2678 oraverit
1708 2639 1810 2694 pro
1836 2621 1974 2692 illis,

327 2715 394 2766 ut
425 2727 524 2766 eas
551 2716 744 2782 partes
783 2711 1042 2783 corporis
1074 2711 1400 2783 perderent,
1460 2728 1563 2783 per
1611 2729 1756 2783 quas
1786 2711 1979 2767 delin-

327 2815 510 2872 quere
538 2799 919 2872 cogebantur.
942 2800 1013 2855 Et
1030 2799 1324 2871 quomodo
1345 2799 1404 2854 in
1427 2800 1736 2872 Evangelia
1755 2801 1975 2856 dictum

332 2893 460 2945 est:
493 2887 706 2944 melius
736 2904 867 2944 esse
894 2887 1152 2961 aliquem
1185 2889 1310 2944 sine
1341 2888 1604 2955 oculo,et
1627 2889 1754 2946 sine
1774 2907 1972 2958 manu,

326 2983 388 3034 et
416 2977 543 3034 sine
599 2978 764 3050 pede,
797 2983 856 3033 et
911 2977 1172 3050 qualibet
1201 2977 1318 3033 alia
1372 2982 1536 3050 parte
1575 2979 1975 3034 membrorum

325 3067 548 3122 intrare
577 3066 642 3120 in-
669 3081 918 3139 regnum
972 3067 1272 3134 caelorum,
1332 3083 1509 3138 quam
1567 3072 1757 3123 totum
1800 3069 1882 3123 ire
1914 3068 1974 3122 in

324 3155 655 3229 gehennam
690 3156 907 3227 (Matth.
959 3170 1122 3224 xvm,
1146 3157 1200 3228 8,
1231 3158 1287 3227 9)
1313 3174 1325 3211 :
1361 3156 1444 3212 ita
1500 3160 1557 3212 et
1586 3174 1742 3212 nunc
1772 3162 1973 3228 optare

2106 572 2271 628 valde
2297 573 2582 628 obscurus
2613 578 2718 641 est,
2781 575 2851 630 de
2881 574 3107 630 decimo
3167 575 3527 634 Stromatum
3557 576 3751 633 3libro

2104 662 2411 717 transferri
2431 661 2652 734 placuit
2684 664 2754 719 ad
2777 665 3041 719 verbum.
3077 665 3201 719 Non
3233 681 3348 736 quo
3379 665 3612 738 singula
3633 684 3748 723 non

2104 753 2333 824 possint
2362 751 2486 807 suis
2517 752 2660 808 locis
2686 757 2744 808 et
2789 753 3064 809 sensibus
3111 752 3446 826 explanari;
3499 756 3600 811 sed
3631 771 3748 827 quo

2104 857 2137 895 a
2167 841 2452 912 superiori
2486 842 2715 914 negotio
2746 847 3033 914 separata,
3065 859 3248 898 unum
3272 842 3509 900 difficile
3535 860 3748 918 corpus

2101 929 2394 985 efficiant:
2428 935 2484 985 et
2509 931 2556 985 si
2592 930 2674 986 sic
2705 929 3110 1003 intelligantur
3141 935 3201 987 ut
3222 936 3520 999 resonant,
3553 933 3749 990 incon-

2100 1025 2412 1090 sequenter
2443 1024 2500 1074 et
2530 1019 2776 1092 abrupte
2807 1036 3133 1092 repugnare
3161 1019 3316 1077 inter
3345 1037 3408 1078 se
3437 1027 3497 1078 et
3526 1027 3749 1080 scatere

2098 1109 2425 1164 videantur.
2461 1109 2727 1181 Origenis
2749 1109 2948 1180 itaque
2969 1110 3090 1165 haec
3121 1111 3296 1166 verba
3343 1115 3525 1168 sunt:
3561 1135 3589 1163 ‹‹
3622 1113 3749 1168 Dif-

2097 1195 2270 1253 ﬁcilis
2299 1197 2463 1253 locus
2487 1203 2609 1254 est:
2646 1203 2701 1253 et
2732 1199 2814 1254 ita
2860 1198 3029 1255 nobis
3084 1197 3466 1258 disserendas
3489 1201 3738 1258 videtur.

2096 1286 2202 1350 Qui
2232 1285 2381 1342 liber
2411 1291 2520 1356 est,
2547 1291 2606 1343 et
2635 1286 2828 1344 altiori
2874 1305 3052 1345 sensu
3083 1287 3379 1360 spiritum,
3437 1294 3496 1346 et
3526 1291 3742 1347 verita-

2097 1379 2215 1430 tem
2246 1376 2534 1447 sequitur,
2566 1378 2956 1448 praacedentes
3012 1381 3068 1433 et
3096 1377 3264 1449 typos
3319 1379 3640 1436 Contemnit
3687 1383 3745 1435 et

2095 1462 2388 1520 litteram:
2424 1482 2538 1521 non
2569 1464 2753 1522 idciro
2795 1467 2966 1522 debet
3021 1467 3276 1523 mineres
3334 1468 3651 1539 despicere,
3685 1473 3744 1525 et

2094 1552 2458 1609 occasionem
2489 1554 2627 1610 dare
2657 1554 2751 1611 his
2779 1556 2881 1628 qui
2902 1572 3019 1611 non
3046 1559 3297 1627 possunt
3318 1556 3534 1612 sentire
3559 1555 3742 1613 subli-

2094 1641 2270 1708 mius,
2305 1643 2375 1698 de
2406 1660 2467 1699 se
2499 1643 2733 1716 penitus
2763 1645 3132 1716 desperandi.
3163 1644 3320 1701 Licet
3341 1645 3736 1702 enim'inﬂrmi

2093 1731 2213 1786 sint
2241 1735 2298 1787 et
2347 1749 2479 1788 caro
2536 1734 2971 1806 comparatione
3026 1733 3269 1806 spiritus
3327 1735 3733 1808 appellentur:

2095 1837 2227 1876 caro
2256 1824 2453 1877 tamen
2481 1821 2694 1878 Christi
2729 1826 2890 1878 sunt.
2917 1823 2977 1879 Si
3010 1822 3166 1879 enim
3215 1823 3492 1898 intelligit
3520 1829 3736 1898 myste-

2096 1908 2249 1963 rium
2277 1909 2577 1965 charitatis
2609 1910 3033 1967 infirmioribus
3063 1911 3390 1981 servientis,
3424 1913 3599 1970 faciat
3628 1913 3740 1971 ali-

2095 1997 2234 2068 quid
2264 1999 2285 2033 ⁴
2317 2004 2552 2071 propter
2583 2000 2848 2056 inﬁrmos
2876 2017 2888 2054 :
2925 2018 2997 2056 ne
3027 2001 3085 2055 in
3144 2000 3390 2057 scientia
3420 2005 3530 2058 sua
3557 2003 3738 2059 frater

2093 2091 2308 2158 pereat,
2342 2105 2445 2158 pro
2478 2105 2593 2160 quo
2623 2088 2892 2144 Christus
2921 2093 3010 2144 est
3068 2092 3335 2145 mortuus
3372 2091 3420 2160 (Ι
3458 2092 3578 2146 cor.
3611 2109 3733 2163 νιιῐ,

2094 2176 2203 2246 11).
2228 2176 2546 2248 Diligenter
2565 2177 2761 2248 itaque
2782 2179 3035 2247 attende,
3056 2195 3127 2234 an
3153 2194 3222 2233 ex
3239 2180 3735 2251 consequentibus

2090 2281 2301 2320 sensus
2327 2265 2436 2320 iste
2466 2270 2694 2321 texatur
2725 2268 2838 2338 Vos,
2871 2267 3082 2339 inquit,
3139 2270 3362 2340 fratres,
3413 2271 3474 2324 in
3509 2268 3735 2326 liberta-

2088 2356 2196 2409 tem
2253 2357 2426 2410 vocati
2471 2358 2640 2411 estis:
2701 2357 2943 2412 forsitan
3003 2357 3153 2425 ideo,
3213 2357 3352 2429 quia
3382 2375 3498 2415 non
3530 2361 3735 2415 omnes

2087 2443 2448 2499 vocationem
2508 2459 2714 2516 capere
2782 2448 3054 2516 poterant
3119 2444 3427 2502 libertatis.
3497 2446 3737 2518 Propter

2089 2532 2244 2604 quod
2277 2549 2434 2588 nunc
2463 2533 2678 2589 auditis
2707 2550 2718 2589 :
2756 2535 2985 2590 Tantum
3012 2551 3086 2590 ne
3141 2535 3454 2591 libertatem
3482 2536 3543 2591 in
3575 2544 3734 2593 occa:-

2086 2622 2298 2677 sionem
2327 2621 2462 2677 detis
2491 2625 2668 2677 carni.
2725 2623 2832 2678 Per
2885 2622 3253 2680 dilectionem
3312 2625 3478 2681 enim
3509 2628 3747 2698 oportet

2088 2710 2416 2766 minoribus
2447 2712 2660 2766 servire
2717 2713 3010 2781 majores:
3073 2712 3211 2784 quia
3268 2713 3369 2785 qui
3424 2712 3550 2769 Vult
3605 2718 3734 2771 eses

2087 2801 2296 2870 major,
2328 2799 2438 2856 erit
2476 2801 2740 2856 omnium
2775 2817 2976 2856 servus
3027 2801 3244 2873 (Matth.
3305 2819 3397 2870 xx,
3430 2803 3536 2864 27;
3565 2803 3728 2859 Marc.

2085 2904 2139 2955 x,
2165 2889 2272 2960 44).
2290 2888 2488 2960 Neque
2508 2907 2643 2962 ergo
2667 2889 2993 2962 spiritualis
3012 2890 3226 2946 laceret
3245 2890 3462 2947 Christi
3486 2898 3696 2947 carnes
3718 2907 3733 2948 :

2086 2992 2273 3046 neque
2303 2977 2668 3033 occasionem
2727 2977 2844 3033 illis
2874 2979 3116 3044 tribuat,
3177 2982 3242 3034 ut
3269 2994 3331 3034 se
3362 2979 3733 3035 remordeant

2085 3073 2499 3136 provocantem
2532 3081 2603 3121 ne
2634 3066 2705 3120 ab
2737 3065 2985 3120 invicem
3018 3069 3462 3121 consumantur.
3494 3066 3733 3138 Oportet

2084 3169 2220 3225 ergo
2247 3154 2458 3225 spiritu
2489 3153 2915 3221 ambulantem,
2948 3158 3006 3209 et
3051 3154 3260 3226 spiritu
3294 3153 3730 3227 Scripturarum

323 3245 410 3301 eis
443 3245 632 3317 magis
665 3261 844 3301 unam
903 3250 1126 3318 partem
1186 3245 1443 3317 corporis
1501 3246 1759 3318 perdere,
1793 3263 1968 3316 quam
2001 3231 2046 3298 C
2081 3242 2257 3298 verba
2289 3247 2638 3310 sectantem,
2671 3259 2786 3299 non
2819 3243 3094 3316 perficere
3143 3243 3502 3300 desiderium
3535 3244 3752 3300 carnis"

324 3351 429 3407 per
485 3335 851 3391 occasionem
907 3335 1117 3408 integri
1185 3335 1445 3407 corporis
1503 3339 1781 3407 perpetuo
1840 3335 1973 3407 igne

325 3424 615 3480 damnari.
650 3424 750 3479 Hic
779 3423 946 3479 locus
975 3422 1025 3479 si
1083 3425 1318 3496 quando
1349 3425 1423 3478 ab
1478 3423 1730 3480 ethnicis
1778 3440 1970 3495 repre-

323 3513 628 3584 henditur,
659 3514 952 3585 quomodo
984 3512 1068 3569 eis
1101 3512 1440 3585 responderi
1471 3512 1675 3585 possit,
1710 3512 1968 3568 ostendi-

326 3619 482 3659 mus.
516 3603 682 3659 Nunc
737 3619 776 3658 a
802 3602 972 3662 nobis
1029 3607 1231 3658 contra
1285 3601 1586 3658 haereticos
1617 3603 1966 3674 proferatur,

317 3691 674 3747 Marcionem
703 3691 988 3759 videlicet,
1012 3697 1069 3747 et
1089 3690 1460 3746 Valentinum
1488 3693 1502 3725 ί
1526 3697 1583 3746 et
1613 3708 1817 3747 omnes
1867 3692 1967 3762 qui

312 3786 524 3838 contra
554 3781 730 3837 Vetus
759 3780 977 3836 latrant
1008 3781 1609 3852 Testamentum,qua
1641 3780 1965 3836 rationeilli

313 3870 419 3943 qui
451 3871 778 3926 Creatorem
796 3869 1265 3943 sanguinarium,
1300 3886 1566 3925 severum
1601 3869 1964 3940 bellatorem,

309 3964 372 4015 et
392 3962 628 4012 tantum
654 3958 905 4027 judicem
964 3958 1373 4026 criminantur,
1406 3958 1516 4012 hoc
1577 3959 1635 4012 in
1690 3957 1965 4029 Apostolo

309 4048 417 4102 Dei
442 4047 578 4102 boni
610 4046 837 4103 valeant
857 4064 1157 4103 excusare.
1192 4048 1259 4102 Et
1290 4051 1443 4102 certe
1475 4046 1698 4101 nullam
1734 4051 1874 4118 puto
1904 4047 1963 4101 in

306 4135 646 4208 veterilege
667 4142 788 4192 tam
837 4141 1080 4202 trucem,
1138 4140 1261 4191 tam
1326 4141 1628 4192 cruentam
1660 4136 1718 4191 in
1769 4135 1964 4208 aliquo

313 4241 451 4282 esse
477 4225 833 4281 sententiam
854 4227 897 4293 ²,
920 4241 1118 4297 quam,
1148 4226 1371 4281 utinam
1416 4225 1825 4282 abscindantur
1869 4242 1966 4296 qui

313 4329 412 4372 vos
438 4315 794 4370 conturbant.
832 4318 946 4369 Nec
977 4319 1229 4385 possunt
1257 4313 1448 4370 dicere
1477 4331 1674 4371 orasse
1714 4319 1964 4386 Aposto-

312 4404 448 4459 lum
481 4419 585 4473 pro
613 4402 867 4458 inimicis
896 4403 1135 4473 Christi,
1195 4403 1293 4474 qui
1326 4403 1454 4474 ejus
1510 4403 1795 4460 Ecclesiae
1835 4421 1967 4460 con-

312 4491 670 4549 turbabant.
698 4491 810 4548 Nec
821 4508 889 4548 ex
905 4491 1215 4547 dilectione
1227 4491 1542 4564 prolatum,
1563 4495 1717 4564 quod
1737 4499 1967 4549 tumore

307 4587 375 4638 et
403 4581 810 4654 indignatione
869 4580 1131 4653 plenum,
1163 4581 1290 4652 ipso
1346 4582 1658 4638 verborum
1707 4583 1963 4653 pondere
1994 4603 2039 4666 Ι)

311 4671 780 4727 demonstratur.
840 4670 1135 4742 Quidquid
1196 4687 1332 4743 ergo
1388 4670 1472 4725 illi
1524 4687 1627 4742 pro
1686 4671 1962 4742 Apostolo

311 4759 712 4816 excusationis
768 4758 1097 4830 attulerint,
1154 4761 1312 4816 494
1367 4759 1477 4816 hoc
1535 4776 1649 4816 non
1707 4775 1811 4831 pro
1838 4759 1966 4832 lege

307 4849 499 4905 veteri
529 4849 936 4904 defendemus.

387 4935 575 5004 (Vere.
611 4937 725 5009 13.)
760 4960 788 4988 u
817 4937 935 4993 Vos
965 4936 1121 4993 enim
1155 4937 1216 4991 in
1239 4935 1568 4992 libertatem
1588 4936 1775 4992 vocati
1800 4936 1962 5002 estis,

311 5026 564 5084 fratres:
595 5029 830 5082 tantum
863 5043 935 5082 ne
965 5025 1294 5082 libertatem
1326 5026 1384 5080 in
1409 5025 1772 5083 occasionem
1804 5025 1964 5082 carni

313 5115 716 5188 (subauditur)
771 5116 965 5178 detis;
1016 5137 1044 5165 ››
1105 5115 1259 5186 quod
1314 5115 1452 5188 quia
1507 5114 1567 5170 in
1623 5115 1818 5172 Grieco
1848 5132 1964 5171 non

371 5259 798 5341 finterserunt
818 5258 1216 5316 duoenostris
1265 5259 1432 5315 codd.
1488 5257 1583 5314 hic
1611 5275 1810 5315 vocem
1842 5263 1967 5316 Ma-

311 5333 796 5459 ma’ifggmmss.
831 5407 888 5458 et
913 5400 1158 5468 Victor.,
1189 5417 1258 5456 ex
1288 5405 1474 5474 parte,
1493 5402 1665 5456 nulla
1689 5403 1965 5474 ,Puwin'

316 5475 508 5531 veniri
551 5475 694 5556 lege.
727 5479 842 5529 tam
895 5476 1103 5530 trucem
1168 5473 1304 5529 tam’
1337 5476 1621 5529 cruentam
1678 5473 1738 5527 in
1783 5473 1967 5544 aliqua

316 5561 436 5603 8388
462 5554 809 5602 sententiam.

394 5616 608 5701 "illius:
637 5618 832 5701 ipsum
874 5623 940 5701 ft
992 5616 1052 5671 in
1108 5615 1685 5701 priofri.Pr:efa‘t.i‘one
1731 5613 1963 5671 Hieron.

318 5687 532 5748 laudat
556 5687 846 5749 decimum
862 5687 1200 5749 Stromatum
1229 5687 1494 5762 Origenis
1520 5688 1758 5755 librum,
1791 5702 1966 5758 quem

2081 3347 2305 3386 earum.
2340 3331 2397 3387 Si
2431 3337 2627 3386 autem
2655 3330 2764 3385 hoc
2795 3331 2949 3402 quod
3003 3329 3254 3386 dicitur:
3291 3330 3502 3402 Spiritu
3536 3331 3729 3387 ambu-

2083 3420 2219 3487 late,
2253 3423 2305 3475 et
2335 3419 2669 3476 desiderium
2697 3419 2882 3475 carnis
2922 3435 3033 3474 non
3075 3419 3373 3491 p'erﬁcictis
3419 3420 3582 3491 (vers;
3614 3420 3727 3492 16),

2082 3508 2434 3580 simpliciter
2490 3508 2875 3579 intelligimus
2907 3509 2994 3578 (ut
3049 3507 3312 3579 plerique
3344 3507 3728 3580 arbitrantur)

2081 3603 2283 3652 contra
2311 3603 2727 3670 argumentum
2757 3602 2815 3653 et
2842 3596 3189 3669 hypothesin
3224 3597 3407 3652 totius
3428 3596 3723 3668 Epistolas,

2078 3685 2138 3741 in
2171 3687 2291 3742 haec
2323 3687 2516 3742 subito
2543 3685 2760 3742 Paulus
2782 3690 3083 3758 erumpet;
3108 3685 3260 3742 495
3284 3685 3485 3742 statim
3510 3685 3742 3758 quippe-

2079 3776 2345 3847 sequitur
2371 3794 2383 3831 :
2417 3778 2482 3831 Si
2509 3781 2694 3832 autem
2723 3777 2926 3846 spiritu
2953 3775 3245 3844 ducimini,
3305 3791 3416 3831 non
3467 3777 3602 3832 estis
3626 3776 3726 3831 sub

2074 3867 2211 3936 Lege
2243 3867 2384 3936 (vers
2417 3865 2524 3936 18).
2559 3869 2624 3919 Et
2681 3881 2814 3919 cum
2873 3865 3179 3936 hucusque
3229 3863 3427 3936 aliqua
3455 3880 3532 3920 ex
3561 3868 3725 3935 parte

2076 3953 2188 4009 sibi
2215 3970 2408 4009 sermo
2439 3953 2744 4021 cohaereat,
2779 3970 3014 4009 rursum
3047 3954 3098 4008 si
3149 3952 3477 4023 simplicem
3506 3951 3722 4007 intelli-

2074 4045 2333 4116 gentiam
2364 4059 2704 4115 sequamur,
2737 4044 2808 4098 ad
2828 4042 3412 4114 inordinata-repente
3436 4044 3723 4112 praecepta

2075 4149 2180 4187 nos
2212 4130 2491 4188 transfert
2521 4133 2590 4188 de
2623 4149 2796 4188 carne
2825 4137 2881 4187 et
2909 4131 3118 4204 spiritu
3152 4131 3467 4199 disserens,
3500 4128 3562 4183 id
3586 4133 3716 4184 est:

2073 4222 2364 4292 Manifesta
2391 4226 2574 4278 autem
2603 4229 2732 4277 sunt
2761 4237 2924 4293 opera
2953 4221 3137 4276 carnis
3172 4220 3274 4274 illa
3327 4227 3378 4274 et
3424 4218 3530 4274 illa
3555 4217 3715 4290 (vers.

2077 4312 2185 4382 19).
2220 4313 2291 4367 Et
2319 4311 2644 4368 eeontrario
2671 4328 2683 4365 :
2715 4312 2946 4365 Fructus
2975 4309 3436 4380 autem'spzritus,
3484 4311 3564 4364 est
3591 4309 3719 4364 cha-

2074 4403 2212 4456 ritas
2235 4399 2390 4472 (Ibid.
2423 4399 2536 4469 22),
2578 4403 2635 4454 et
2663 4397 2910 4470 reliqua.
2957 4397 3067 4454 Sed
3112 4413 3300 4468 neque
3346 4396 3409 4452 in
3456 4396 3552 4453 bis
3583 4411 3720 4454 con-

2075 4490 2441 4562 sequentium
2473 4489 2781 4559 desperare
2814 4487 3130 4544 debemus:
3163 4487 3298 4558 quia
3327 4503 3503 4559 opera
3528 4488 3720 4543 carnis

2074 4579 2404 4635 divinorum
2436 4577 2803 4633 voluminum
2833 4577 3083 4633 historia
3099 4577 3394 4639 continet;
3412 4592 3530 4632 non
3551 4574 3719 4631 valde

2074 4685 2173 4725 eos
2196 4670 2413 4740 juvans
2441 4666 2540 4739 qui
2573 4667 2658 4723 sic
2682 4683 2812 4722 eam
2846 4665 3203 4739 intelligunt,
3237 4670 3302 4721 ut
3347 4664 3566 4736 scripta
3607 4671 3716 4720 est.

2075 4757 2216 4822 Quis
2246 4758 2403 4813 enim
2463 4773 2577 4812 non
2609 4755 2913 4812 docebitur
2952 4754 3166 4812 servire
3219 4753 3483 4821 luxuriae,
3515 4756 3573 4808 et
3600 4752 3716 4808 for-

2074 4846 2424 4902 nicationem
2483 4846 2696 4901 habere
2752 4861 2856 4918 pro
2911 4842 3134 4899 nihilo:
3191 4859 3326 4898 cum
3385 4842 3600 4898 Judam
3645 4843 3729 4898 ad-

2076 4935 2442 4992 meretricem
2475 4934 2681 5007 legerit
2707 4933 3133 5006 ingredientem
3164 4931 3556 5003 (Gen.xxxv111,
3587 4931 3675 5001 14)
3701 4948 3715 4987 :

2075 5029 2134 5081 et
2163 5023 2526 5097 patriarchas
2585 5023 2864 5080 habuisse
2922 5019 3138 5077 multas
3191 5020 3411 5092 pariter
3461 5019 3719 5076 uxores?

2075 5113 2372 5178 Quomodo
2424 5129 2542 5168 non
2597 5114 2669 5169 ad
2724 5109 3112 5168 idololatriam
3145 5109 3574 5183 provoc'abitur,
3616 5109 3720 5182 qui

2075 5257 2178 5321 ait,
2211 5256 2529 5311 commatico
2584 5270 2745 5326 super
2798 5254 3242 5326 explanationem
3297 5256 3419 5326 ejus
3441 5251 3720 5326 Pauliad

2075 5327 2331 5398 Galatas)
2362 5342 2610 5382 sermone
2646 5323 3020 5398 completum,
3073 5325 3243 5381 Liber
3282 5323 3525 5398 jamdiu
3575 5323 3718 5380 olim

2076 5399 2412 5470 intercidit:
2445 5398 2670 5469 hocque
2701 5402 2840 5470 puto
2873 5397 3191 5470 maximum
3241 5397 3376 5470 ejus
3414 5410 3721 5470 superesse

2075 5469 2277 5553 Qperis
2336 5467 2804 5542 ἀποσπαᾱμάτῐον,
2867 5471 3022 5542 quod
3079 5468 3174 5525 hic
3229 5467 3722 5525 exhibet'Latine

2073 5544 2483 5616 Hieronymus.

2145 5616 2168 5650 δ
2196 5608 2380 5670 Ρειιῖιῐ.
2440 5629 2575 5682 ms.,
2634 5612 3036 5684 inﬁrmioribus
3090 5613 3333 5670 seruiens
3384 5611 3559 5683 faciat
3605 5608 3720 5666 alio

2074 5686 2224 5759 quid,
2257 5691 2368 5744 etc.
