4144 6202
343 311 463 375 ιδδ

1594 311 1660 374 S.
1706 311 2019 374 EUSEBII
2061 307 2511 374 HIERONYMI

3642 308 3762 374 436

346 447 696 521 sanguinem
726 448 1053 517 taurorum,
1086 448 1143 501 et
1171 449 1408 502 cateras
1441 445 1678 502 Levitici
1718 445 1985 502 victimas
2021 449 2074 515 Α
2106 460 2236 501 esse
2267 445 2381 500 Lex
2409 461 2512 517 pro
2544 442 2732 501 nobis.
2766 463 2793 495 ω
2831 443 3148 516 Hucusque
3176 441 3484 517 Origenes.
3532 441 3766 510 Quibus

352 553 469 593 non
500 535 631 608 plus
665 551 841 608 quam
875 534 1030 607 quod
1089 534 1148 589 in
1208 534 1405 590 littera.
1462 538 1650 604 sonat,
1711 534 2003 607 putaverit

358 624 666 682 indicare?
697 625 859 691 Quod
894 628 1089 680 autem
1119 623 1482 693 inimicitias,
1515 625 1572 678 in
1622 628 1819 696 aperto
1849 625 2011 697 posi-

352 718 452 772 tus
482 714 794 786 Scriptura
829 729 1021 769 sermo
1051 713 1273 781 doceat,
1301 717 1360 768 et
1389 729 1457 768 ex
1486 713 1595 768 hoc
1624 712 1749 768 loco
1797 714 2006 785 proba-

356 810 494 863 tur:
525 803 679 860 Filia
731 802 1031 874 Babylonis
1084 804 1308 869 misera,
1370 803 1556 859 beatus
1614 804 1711 874 qui
1747 803 2012 859 retribuet

352 893 457 950 tibi
537 892 955 949 retributionem
1010 895 1182 963 tuam,
1237 908 1402 964 quam
1467 892 1776 947 retribuisti
1828 892 2004 946 nobis.

354 985 553 1040 Beatus
580 981 678 1053 qui
706 981 929 1048 tenebit,
961 984 1013 1036 et
1041 980 1235 1036 allidet
1254 981 1516 1053 parvulos
1547 984 1666 1036 tuos
1695 980 1766 1035 ad
1791 987 2007 1052 petram

354 1072 526 1144 (Psal.
560 1087 783 1137 cxxxvr,
814 1072 867 1126 8.
899 1071 977 1141 9).
1012 1071 1082 1125 Et
1128 1086 1197 1125 ex
1244 1068 1343 1125 illo
1366 1087 1385 1126 :
1416 1072 1479 1125 In
1532 1071 1804 1126 matutino
1833 1072 2004 1126 inter-

355 1160 612 1234 ﬁciebam
666 1174 850 1215 omnes
903 1163 1205 1231 peccatores
1263 1166 1423 1214 terra
1482 1159 1656 1231 (Psai.
1688 1179 1741 1226 c,
1799 1158 1879 1231 8),
1951 1163 2008 1213 et

353 1252 559 1307 caetera
587 1248 680 1306 his
737 1247 991 1305 similia:
1053 1249 1123 1303 de
1176 1248 1653 1304 contentionibus
1710 1247 2004 1319 videlicet,

357 1338 748 1409 amulatione,
781 1337 887 1406 ira,
920 1336 1082 1404 rixis,
1115 1337 1606 1393 dissensionibus.
1640 1338 1727 1392 Ad
1765 1354 1895 1409 qua
1934 1336 2006 1409 (si

356 1445 471 1486 non
502 1427 680 1484 altius
702 1426 923 1500 aliquid
946 1429 963 1462 ι
1013 1427 1366 1496 sentiamus)
1394 1429 1710 1498 provocant
1740 1443 1847 1482 nos
1880 1443 2005 1481 ma-

355 1519 447 1593 gis
476 1517 735 1575 historia
792 1517 1078 1588 exempla,
1133 1532 1309 1589 quam
1370 1515 1701 1588 prohibent.
1747 1516 2007 1572 Hareses

358 1624 592 1681 quoque
622 1606 812 1678 magis
861 1605 931 1661 de
976 1604 1196 1660 carnali
1249 1604 1563 1677 Scriptura
1592 1604 2004 1678 intelligentia,

360 1712 536 1770 quam
571 1696 641 1751 de
672 1710 843 1766 opere
873 1693 1066 1749 carnis
1086 1697 1320 1761 nostra,
1340 1698 1405 1748 ut
1422 1694 1663 1766 plurimi
1687 1694 2002 1766 astimant,

363 1783 774 1885 substiterunt.
821 1782 1059 1883 Necnon
1112 1781 1394 1885 invidiam
1450 1787 1507 1839 et
1560 1782 1869 1839 ebrietates
1902 1799 2006 1856 per
2036 1819 2084 1885 B

361 1873 530 1947 Legis
560 1871 816 1929 litteram
848 1871 1152 1928 discimus.
1187 1871 1514 1927 Inebriatur
1542 1873 1660 1928 Noe
1689 1876 1823 1944 post
1851 1872 2005 1927 dilu-

358 1963 521 2020 vium
553 1962 705 2036 (Gen.
768 1979 846 2034 ix,
904 1961 1019 2031 2|),
1078 1964 1135 2018 et
1186 1961 1529 2034 patriarcha
1581 1961 1737 2034 apud
1768 1963 2006 2018 fratrem

352 2052 578 2126 'Joseph
608 2053 670 2108 in
713 2052 956 2125 [Egypto
987 2049 1121 2124 (Gen
1171 2068 1329 2123 XLIII,
1362 2050 1472 2122 34).
1531 2050 1644 2106 Sed
1674 2054 1732 2106 et
1783 2066 2007 2108 comes-

360 2144 617 2199 sationes
647 2141 707 2196 in
734 2142 1069 2213 Regnorum
1096 2140 1243 2196 libro
1274 2140 1502 2212 scripta
1535 2144 1711 2208 sunt,
1758 2140 2010 2197 saltante

361 2230 542 2288 David
573 2235 631 2286 et
661 2234 1046 2302 concrepante
1072 2229 1374 2302 tympanis
1426 2246 1622 2286 coram
1668 2246 1803 2285 arca
1833 2234 2008 2286 testa-

363 2320 547 2380 menti
579 2318 685 2377 Dei
714 2320 764 2392 (Ι
822 2321 951 2391 Reg.
1011 2336 1094 2389 v1,
1155 2320 1221 2374 12
1277 2319 1469 2391 seqq.),
1530 2323 1585 2373 et
1632 2318 1725 2375 his
1771 2319 2010 2375 similia.

366 2409 656 2477 Quaritur
685 2408 979 2480 quomodo
1040 2408 1107 2462 ad
1167 2408 1466 2475 veneﬁcia,
1524 2411 1580 2462 et
1608 2408 1678 2462 ad
1713 2406 2011 2463 maleﬁcae

369 2502 546 2570 artes,
577 2496 827 2569 simplex
854 2495 1162 2567 Scriptura
1184 2495 1392 2551 divina
1414 2512 1607 2552 sermo
1631 2496 1771 2567 quid
1800 2495 2015 2551 dicitur

370 2602 527 2658 caro,
560 2601 668 2641 nos
696 2588 965 2657 provocet
987 2585 1045 2639 ²ε
1105 2584 1220 2640 nisi
1279 2585 1351 2639 ad
1408 2585 1671 2656 ejusdem
1703 2585 2012 2656 Scriptura

367 2675 643 2748 spiritum
677 2675 1188 2729 transcendamus.
1222 2677 1369 2729 Puto
1399 2672 1508 2729 hoc
1539 2672 1889 2747 signiﬁcare,
1923 2674 2017 2730 de-

370 2764 487 2823 cies
516 2763 838 2831 Danielem,
870 2766 928 2819 et
955 2766 1073 2818 tres
1106 2779 1341 2835 pueros,
1364 2762 1583 2836 (magis,
1636 2763 2016 2819 incantatori-

369 2854 503 2911 bus:
539 2857 596 2909 et
624 2851 1103 2910 Gazarenis490
1117 2855 1292 2923 atque
1334 2850 1615 2908 Chaldais
1637 2850 2017 2923 sapientiores

369 2946 632 3016 repertos
661 2942 824 3015 (Dan.
861 2959 900 3010 ι,
933 2942 1048 3013 20),
1082 2944 1138 2997 et
1169 2941 1405 3012 Moysen
1437 2940 1595 2997 omni
1629 2940 1917 3012 sapientia
1965 2946 2022 2996 et

378 3032 1111 3106 doctrinazEgyptiorum
1177 3031 1473 3087 eruditum
1530 3032 1669 3100 (Act.
1738 3048 1839 3097 vn,
1904 3032 2018 3101 22).

2117 549 2224 590 nos
2256 550 2574 605 possumus
2604 534 2838 599 addere,
2869 536 2936 588 ut
2965 532 3230 588 dicamus
3259 532 3331 588 de
3370 533 3648 589 servitute
3679 532 3763 590 le-

2115 623 2233 696 gali
2265 623 2337 678 ad
2368 622 2662 696 Evangelii
2688 621 3022 678 libertatem
3048 625 3284 678 vocatos
3310 621 3549 693 (quibus
3590 639 3761 695 supe-

2117 713 2241 769 rius
2271 712 2432 784 (vers.
2465 714 2519 780 1)
2549 712 2801 768 dicitur:
2836 712 3001 779 State,
3061 718 3115 767 et
3159 711 3333 767 nolite
3386 728 3614 767 rursum
3631 713 3765 784 jugo

2115 804 2393 859 servitutis
2448 802 2690 874 harere)
2746 802 2923 858 etiam
2980 817 3136 857 nunc
3197 801 3440 870 moneri,
3508 804 3576 856 ut
3641 800 3765 857 leve

2115 890 2329 948 Christi
2351 892 2564 964 jugum
2597 895 2655 946 et
2710 888 3074 947 delectabilia
3131 888 3430 963 Evangelii
3479 895 3766 963 pracepta

2116 984 2425 1048 sectantes,
2482 996 2860 1052 nequaquam
2901 983 3107 1051 putent
3164 978 3280 1035 sibi
3308 978 3503 1050 licere,
3542 978 3764 1035 uthac

2115 1069 2245 1141 ipsa
2273 1068 2540 1124 libertate
2568 1068 2816 1135 vivendi,
2844 1068 2902 1123 in
2929 1066 3234 1124 occasione
3264 1068 3458 1124 carnis
3482 1071 3761 1123 utantur:

2116 1156 2338 1214 scilicet
2358 1162 2423 1213 ut
2452 1150 2623 1228 juxta
2653 1172 2889 1213 carnem
2922 1157 3140 1224 vivant,
3180 1157 3352 1229 juxta
3380 1172 3618 1212 carnem
3645 1156 3764 1212 cir-

2116 1246 2528 1304 cumcidantur
2556 1262 2570 1303 :
2604 1247 2704 1303 sed
2737 1246 2949 1319 spiritu
2973 1245 3161 1319 magis
3182 1249 3360 1313 stent,
3385 1245 3599 1318 spiritu
3622 1262 3762 1318 pra-

2115 1337 2350 1410 putium
2383 1335 2577 1392 carnis
2640 1335 3008 1403 abscindant,
3039 1340 3097 1391 et
3153 1336 3221 1391 ad
3255 1334 3500 1408 spiritus
3556 1333 3767 1392 altiora

2115 1427 2440 1494 tendentes,
2473 1424 2869 1481 humilitatem
2928 1423 3134 1481 littera
3164 1424 3594 1497 derelinquant.
3657 1425 3763 1482 Po-

2114 1519 2229 1572 test
2257 1518 2453 1571 autem
2485 1517 2542 1570 et
2571 1513 2739 1571 aliter
2765 1513 3034 1588 intelligi.
3097 1513 3294 1570 Discat
3334 1512 3672 1585 quispiam:
3704 1513 3766 1570 Si

2116 1604 2358 1676 cessavi,
2390 1620 2422 1659 o
2455 1601 2648 1671 Paule,
2708 1619 2837 1659 esse
2895 1605 3005 1660 sub
3062 1602 3208 1676 lege,
3259 1606 3318 1658 et
3372 1602 3444 1658 de
3487 1601 3769 1660 servitute

2116 1695 2265 1750 497
2296 1693 2367 1749 ad
2395 1692 2724 1749 libertatem
2744 1696 2985 1748 vocatus
3007 1708 3140 1748 sum
3166 1709 3180 1747 :
3205 1707 3343 1764 ergo
3364 1690 3545 1748 debeo
3577 1690 3664 1748 ita
3682 1690 3768 1748 vi-

2115 1799 2248 1839 vere
2279 1786 2345 1838 ut
2373 1783 2645 1839 convenit
2671 1781 2954 1847 libertati,
2988 1798 3092 1838 nec
3124 1780 3423 1855 aliquibus
3462 1780 3768 1854 praceptis

2116 1872 2320 1940 teneri,
2355 1872 2458 1929 sed
2488 1872 2881 1944 quodcunque
2912 1870 3216 1943 placuerit,
3247 1875 3305 1926 et
3326 1868 3601 1927 voluntas
3632 1886 3769 1943 sug-

2118 1961 2384 2036 gesserit,
2452 1960 2563 2017 hoc
2629 1961 2817 2017 facere
2883 1958 3150 2033 implere,
3219 1958 3454 2016 sectari.
3492 1959 3577 2015 Ad
3611 1959 3768 2031 quod

2117 2050 2420 2123 respondit
2474 2048 2826 2122 Apostolus:
2884 2049 3133 2105 Vocates
3191 2047 3429 2122 quidem
3486 2064 3594 2104 nos
3641 2064 3772 2105 esse

2119 2142 2180 2197 in
2211 2140 2454 2213 spiritus
2509 2138 2875 2194 libertatem:
2937 2139 3039 2194 sed
3095 2138 3197 2207 ita,
3257 2141 3323 2195 ut
3369 2137 3608 2194 libertas
3637 2137 3770 2210 ipsa

2121 2228 2281 2287 carni
2311 2246 2427 2285 non
2459 2228 2691 2285 serviat.
2724 2228 2839 2284 Nec
2869 2231 3144 2302 putemus
3176 2227 3317 2300 quia
3372 2226 3541 2284 nobis
3570 2226 3772 2283 omnia

2121 2318 2317 2390 licent,
2351 2317 2548 2374 omnia
2603 2317 2909 2391 expedire:
2970 2317 3117 2389 quin
3175 2317 3372 2389 potius
3430 2316 3569 2389 quia
3620 2315 3771 2372 servi

2121 2408 2268 2482 legis
2298 2424 2425 2465 esse
2456 2408 2840 2473 cessavimus,
2866 2406 2998 2463 facti
3022 2405 3209 2474 liberi,
3243 2405 3434 2479 magis
3454 2422 3556 2479 per
3584 2404 3769 2461 chario

2122 2503 2304 2554 tatem
2371 2497 2540 2553 nobis
2611 2496 2858 2552 invicem
2932 2495 3277 2567 serviamus,
3348 2499 3412 2551 ut
3474 2493 3767 2552 laciniosa

2123 2583 2270 2657 legis
2301 2586 2608 2656 pracepta,
2640 2599 2756 2639 uno
2787 2581 3114 2639 dilectionis
3147 2581 3403 2656 capitulo
3424 2581 3773 2639 concludan-

2124 2677 2242 2729 tur.

2198 2760 2383 2834 (Vers.
2447 2762 2532 2825 14,
2593 2762 2705 2833 15.)
2762 2784 2790 2813 ‹‹
2847 2762 2959 2819 Sed
3017 2776 3122 2834 per
3176 2760 3522 2818 charitatem
3565 2760 3777 2818 servits

2127 2850 2400 2918 invicem,
2425 2850 2619 2906 omnis
2640 2850 2797 2907 enim
2827 2849 2920 2907 lex
2949 2851 3011 2906 in
3043 2867 3160 2908 uno
3185 2866 3456 2907 sermone
3474 2849 3773 2923 impletur,

2129 2938 2346 3013 Diliges
2376 2938 2708 3011 proximum
2738 2943 2907 2996 tuum
2938 2939 3093 2996 sicut
3127 2939 3403 3012 teipsum.
3439 2961 3468 2990 υ
3499 2938 3607 3006 Qui
3637 2955 3773 2995 cum

2130 3028 2453 3086 essetliber
2480 3045 2549 3086 ex
2578 3028 3143 3097 omnibus,omnium
3170 3045 3232 3085 se
3261 3032 3497 3101 propter
3524 3027 3778 3085 charita-

380 3120 699 3177 Multorum
729 3137 864 3193 ergo
924 3119 1216 3177 malorum
1249 3120 1475 3177 occasio
1533 3124 1641 3190 est,
1674 3120 1724 3176 si
1784 3120 1918 3192 quis
1961 3120 2021 3176 in
2070 3191 2081 3193 Α
2130 3122 2251 3175 tem
2281 3134 2513 3173 servum
2544 3117 2698 3189 fecit,
2733 3122 2796 3173 ut
2826 3117 3024 3191 plures
3064 3117 3431 3175 lucrifaceret
3460 3119 3503 3185 (ι
3535 3119 3660 3175 Cor.
3695 3134 3773 3184 ιχ,

375 3208 686 3280 Scriptura
745 3191 919 3264 carne
975 3214 1335 3280 permaneat.
1396 3212 1530 3276 Qua
1589 3209 1692 3281 qui
1760 3191 2019 3281 fecerint,
2052 3191 2095 3258 C
2139 3207 2245 3279 19),
2278 3211 2432 3264 recte
2480 3206 2751 3263 hortatur
2778 3214 2836 3263 et
2892 3211 3152 3274 cateros,
3184 3211 3248 3263 ut
3301 3222 3404 3280 per
3433 3206 3778 3264 charitatem

372 3314 621 3371 regnum
655 3297 751 3353 Dei
785 3314 900 3353 non
932 3302 1381 3369 consequentur.
1424 3298 1814 3363 Quamobrem
1845 3300 2017 3374 spiri-

376 3392 505 3453 tum
538 3385 850 3459 Scriptura
884 3387 1229 3457 fructusque
1264 3403 1619 3458 quaramus,
1653 3388 1752 3458 qui
1784 3405 1899 3444 non
1927 3388 2014 3444 di-

368 3480 591 3534 cuntur
647 3492 777 3532 esse
824 3474 1143 3530 manifesti.
1200 3474 1383 3531 Multo
1441 3474 1661 3548 quippe
1718 3475 1916 3532 labore
1964 3481 2021 3534 et

363 3565 601 3630 sudore,
624 3566 681 3617 et
700 3562 876 3635 digno
898 3562 1057 3618 cultu
1086 3562 1147 3617 in
1173 3563 1245 3619 Sc
1264 3563 1501 3636 ripturis
1524 3564 1751 3620 fructus
1773 3564 2017 3637 spiritus

363 3650 681 3707 invenitur.
706 3650 867 3707 Unde
885 3651 1157 3720 arbitror,
1184 3652 1430 3708 Paulum
1450 3652 1759 3725 diligenter
1774 3659 1831 3708 et
1847 3657 2018 3710 caute

364 3740 438 3797 de
467 3737 782 3811 Scriptura
832 3738 1106 3795 sensibus
1164 3740 1383 3796 dixisse
1436 3739 1814 3797 carnalibus:
1849 3742 2019 3797 Mani-

364 3829 509 3900 festa
559 3835 743 3884 autem
795 3836 925 3883 sunt
977 3844 1141 3900 opera
1198 3831 1384 3884 carnis
1442 3828 1643 3901 (Gatat.
1707 3847 1759 3900 v,
1796 3831 1901 3903 19).
1933 3831 2016 3887 De

367 3916 779 3991 spiritualibus
833 3932 970 3974 vero
1000 3934 1115 3973 non
1146 3922 1211 3973 ut
1240 3917 1319 3972 ibi
1351 3919 1639 3990 posuisse,
1689 3921 2015 3991 mani/estus

366 4015 449 4065 est
473 4010 688 4080 fructus
713 4007 940 4079 spiritus
959 4024 980 4069 ,·
1012 4007 1112 4062 sed
1168 4006 1249 4062 ita
1270 4025 1289 4061 :
1347 4009 1577 4063 Fructus
1633 4011 1817 4063 autem
1844 4010 2013 4080 spiri-

365 4103 476 4169 tus,
508 4099 585 4153 est
611 4096 890 4163 charitas,
908 4096 1195 4169 gaudium,
1216 4112 1351 4167 pax,
1375 4101 1432 4152 et
1448 4095 1674 4168 reliqua
1695 4095 1875 4169 (Ibid..
1898 4099 2010 4165 22).

365 4187 528 4253 Quod
588 4186 639 4242 si
701 4184 920 4241 relictis
977 4186 1154 4258 typis,
1215 4186 1286 4240 ad
1343 4185 1648 4242 veritatem
1704 4186 2012 4259 Scriptura

363 4278 739 4330 transeamus
761 4279 819 4330 et
834 4273 1131 4346 spiritum,
1155 4273 1355 4331 statim
1372 4274 1542 4330 nobis
1557 4274 1745 4347 prima
1758 4274 2013 4332 charitas

308 4432 321 4441 δ
362 4362 662 4436 panditur,
698 4367 754 4419 et
781 4363 852 4418 ad
883 4363 1165 4435 gaudium
1198 4364 1333 4419 inde
1363 4363 1717 4436 gradientes,
1749 4364 2012 4437 perveni-

363 4469 500 4509 mus
530 4453 602 4508 ad
626 4468 853 4525 pacem,
878 4468 981 4524 per
1000 4468 1179 4524 quam
1207 4453 1625 4525 consequimur
1646 4453 2009 4527 patientiam.

362 4541 504 4609 Quis
536 4546 733 4598 autem
790 4557 905 4597 non
964 4542 1036 4597 ad
1096 4542 1531 4598 miserationem
1590 4547 1647 4597 et
1688 4543 2009 4600 bonitatem
2043 4561 2090 4626 Ι)

365 4631 690 4699 erudiatur,
749 4647 884 4687 cum
915 4629 1090 4687 etiam
1139 4647 1208 4686 ea
1236 4648 1363 4702 qua
1422 4631 1778 4702 quibusdam
1823 4631 2015 4689 tristia

368 4724 652 4795 putantur
682 4720 742 4777 in
773 4720 900 4794 lege
932 4719 1222 4793 supplicia
1252 4720 1381 4776 dico
1412 4725 1470 4775 et
1523 4720 1738 4792 pralia,
1773 4725 1830 4777 et
1855 4737 2011 4778 ever-

369 4810 565 4867 siones
591 4810 878 4884 gentium,
906 4814 961 4865 et
1006 4809 1504 4866 .comminationes
1534 4811 1607 4865 ad
1636 4809 1882 4882 populos
1916 4827 2016 4883 per

366 4899 705 4972 prophetas,
737 4899 925 4972 magis
957 4899 1217 4955 remedia
1268 4896 1617 4953 intellexerit
1654 4914 1802 4965 esse,
1835 4915 2011 4969 quam

367 5004 572 5060 panes
591 4988 619 5042 ’ἶ
647 4988 773 5046 Νοιι
803 4988 960 5044 enim
990 4988 1049 5043 in
1082 4992 1364 5044 aternum
1414 4987 1701 5042 irascetur
1731 4986 2013 5043 Dominus

364 5076 495 5145 (Isa.
527 5092 663 5143 LVII,
699 5077 810 5145 16).
844 5076 987 5133 Cum
1010 5076 1132 5133 hac
1174 5093 1311 5151 ergo
1343 5076 1512 5132 nobis
1542 5080 1744 5148 aperta
1773 5068 2011 5147 fuerint,

362 5163 864 5221 rationabiliorem
889 5165 1241 5223 habebimus
1271 5167 1470 5231 ﬁdem,
1500 5171 1557 5221 et
1577 5170 1865 5221 correctos
1898 5182 2013 5221 mo-

360 5270 456 5310 res
481 5254 872 5326 temperantia
930 5253 1324 5324 comitabitur,
1384 5272 1562 5327 quam
1612 5255 2013 5311 continentia3

360 5347 651 5416 sequetur
678 5346 737 5399 et
784 5341 1063 5398 castitas:
1097 5348 1155 5399 et
1212 5349 1341 5417 post
1371 5344 1493 5399 hac
1549 5343 1747 5399 omnia
1776 5343 2013 5416 incipiet

441 5506 457 5541 ι
490 5500 789 5576 Contrario
816 5518 993 5576 sensu
1028 5501 1480 5576 unus_Palatin.,
1514 5503 1735 5576 alisque
1759 5503 2011 5576 negandi

361 5573 671 5647 particula,
704 5575 755 5630 si
782 5574 952 5630 altius
982 5574 1217 5646 aliquid.

436 5647 458 5681 ²
486 5646 647 5703 Idem
678 5663 814 5719 ms.,
847 5661 977 5703 caro
1008 5646 1125 5718 eius
1152 5661 1253 5703 nos
1277 5650 1543 5718 provocet.
1594 5647 1726 5705 Mox
1755 5663 2008 5719 quoque,

2129 3296 2242 3353 sibi
2265 3296 2523 3353 serviant
2549 3314 2562 3352 :
2586 3313 2713 3368 qua
2736 3313 2850 3353 non
2901 3296 3112 3369 quarit
3131 3296 3289 3369 quod
3321 3312 3495 3354 suum
3528 3300 3641 3362 est,
3672 3296 3775 3353 sed

2128 3386 2282 3457 quod
2316 3384 2565 3457 proximi
2594 3384 2859 3458 (Philipp.
2894 3403 2955 3456 ιι,
2997 3385 3071 3457 4).
3131 3384 3238 3450 Qui
3272 3385 3429 3441 enim
3487 3383 3610 3440 vult
3652 3383 3775 3441 ﬂeri

2127 3472 2358 3547 primus
2416 3473 2526 3529 erit
2583 3465 2851 3530 omnium
2908 3490 3112 3530 servus
3167 3474 3350 3547 (Mare.
3410 3491 3466 3541 x,
3521 3473 3648 3545 44):
3710 3476 3778 3529 ut

2127 3562 2422 3635 quomodo
2451 3561 2718 3618 Salvator
2749 3562 2808 3618 in
2868 3564 3054 3619 forma
3082 3563 3182 3620 Dei
3240 3562 3616 3631 constitutus,
3655 3578 3774 3618 non

2126 3649 2392 3723 rapinam
2458 3651 2777 3708 arbitratus
2807 3656 2896 3708 est
2925 3668 3053 3709 esse
3084 3668 3148 3709 se
3177 3650 3462 3723 aqualem
3505 3652 3638 3723 Deo,
3669 3648 3770 3707 sed

2126 3739 2387 3811 seipsum
2417 3737 2754 3811 exinanivit,
2789 3740 3037 3796 formam
3068 3740 3219 3796 servi
3241 3739 3555 3813 accipiens,
3581 3744 3639 3796 et
3659 3738 3770 3795 ha-

2125 3826 2251 3883 bitu
2282 3827 2560 3883 inventus
2619 3832 2685 3883 ut
2738 3827 2937 3896 homo,
2990 3828 3325 3885 humiliavit
3362 3828 3768 3901 semetipsum,

2125 3917 2314 3974 factus
2343 3917 2622 3975 obediens
2656 3934 2845 3989 usque
2876 3919 2948 3974 ad
2981 3922 3253 3986 mortem,
3286 3923 3536 3974 mortem
3575 3919 3771 3973 autem

2124 4007 2315 4062 crucis
2344 4007 2613 4079 (Philipp.
2647 4024 2712 4078 ιι,
2741 4008 2797 4075 6,
2854 4007 2948 4079 8):
3007 4006 3091 4063 ita
3148 4011 3206 4063 et
3260 4023 3368 4064 nos
3408 4021 3773 4079 quacunque

2123 4100 2257 4152 ante
2287 4096 2397 4152 sub
2430 4096 2576 4168 legis
2607 4096 2956 4152 necessitate
2987 4096 3175 4152 facere
3203 4096 3569 4165 videbamur,
3613 4108 3773 4151 nunc

2123 4185 2401 4251 sciamus,
2441 4185 2611 4241 nobis
2640 4184 2863 4252 liberis,
2896 4185 3085 4258 magis
3117 4202 3220 4258 per
3263 4185 3612 4241 charitatem
3642 4199 3772 4240 esse

2123 4274 2406 4330 facienda.
2439 4274 2693 4330 Tantum
2753 4279 2950 4331 autem
2983 4274 3204 4331 bonum
3262 4278 3352 4331 est
3388 4273 3674 4339 charitas,
3707 4275 3774 4327 ut

2123 4362 2314 4418 omnis
2343 4361 2435 4418 lex
2462 4361 2523 4418 in
2555 4362 2658 4418 illa
2689 4362 3127 4436 recapituletur.
3160 4364 3479 4419 Enumerat
3497 4366 3557 4418 et
3577 4360 3636 4416 in
3658 4359 3773 4417 alio

2090 4452 2247 4514 _loco
2277 4450 2589 4522 Apostolus
2620 4451 2922 4508 charitatis
2957 4452 3111 4509 bona
3166 4452 3405 4509 dicens:
3463 4455 3589 4509 Non
3616 4451 3772 4508 zela-

2124 4545 2232 4608 tur,
2266 4556 2374 4596 non
2405 4542 2529 4613 agit
2553 4555 2846 4613 perperam
2874 4542 2922 4612 (I
2950 4540 3072 4597 Cor.
3104 4558 3229 4607 xm,
3263 4542 3339 4612 4).
3373 4539 3690 4611 Multisque
3710 4538 3771 4595 in

2125 4627 2317 4685 medio
2367 4628 2685 4701 replicatis,
2736 4629 2796 4684 in
2827 4629 2943 4685 ﬁne
2972 4628 3303 4686 concludit:
3339 4629 3537 4687 Omnia
3562 4634 3769 4700 sperat,

2125 4720 2321 4773 omnia
2348 4721 2575 4775 sustinet
2602 4720 2846 4775 charitas
2874 4735 3170 4793 nunquam
3196 4719 3402 4777 excidit
3430 4718 3577 4791 (Ibid
3602 4716 3661 4783 7,
3691 4716 3770 4789 8).

2124 4808 2194 4862 Et
2223 4807 2485 4864 Salvator
2514 4807 2573 4863 in
2641 4807 2970 4881 Evangelio,
3038 4808 3148 4864 hoc
3213 4809 3448 4881 signum
3515 4805 3631 4875 sui,
3665 4805 3769 4873 ait,

2122 4912 2251 4952 esse
2281 4895 2577 4968 discipuli,
2606 4896 2653 4952 si
2685 4896 2792 4967 (Al.
2826 4902 2914 4966 ut)
2962 4896 3170 4970 diligat
3226 4896 3558 4970 proximum
3588 4895 3765 4968 (Joan.

2122 5003 2248 5056 xm,
2299 4987 2413 5059 35).
2452 4986 2612 5051 Quod
2644 4985 2882 5057 quidem
2922 4990 3064 5058 puto
3131 5003 3247 5043 non
3314 4984 3507 5043 solum
3573 4982 3770 5041 homi-

2122 5075 2319 5143 nibus,
2352 5074 2455 5130 sed
2487 5074 2664 5131 etiam
2726 5073 2951 5147 angelis
3008 5075 3336 5132 convenire.
3393 5073 3537 5132 Aliis
3574 5070 3769 5128 verbis

2120 5164 2380 5235 idipsum
2412 5162 2664 5219 dicitur:
2700 5163 2832 5231 Qua?
2858 5163 3009 5219 vobis
3035 5164 3167 5233 ﬁeri
3185 5181 3293 5221 non
3324 5164 3511 5234 vultis,
3534 5161 3669 5218 aliis
3696 5175 3771 5218 ne

2120 5254 2382 5324 feceritis,
2421 5260 2473 5308 et
2502 5267 2630 5323 quae
2656 5252 2822 5308 vultis
2849 5255 2910 5307 ut
2937 5252 3085 5309 vobis
3113 5255 3325 5325 faciant
3355 5252 3622 5320 homines,
3652 5248 3771 5308 hac

2119 5342 2308 5398 eadem
2334 5350 2383 5397 et
2410 5357 2501 5397 vos
2530 5343 2611 5397 eis
2637 5342 2807 5412 facite
2833 5342 3101 5400 similiter
3129 5343 3333 5415 (Matth.
3364 5358 3465 5412 vn,
3491 5340 3601 5413 l2).
3622 5342 3767 5397 Nolo

2118 5521 2221 5578 pro
2251 5503 2447 5578 decies,
2473 5502 2656 5578 habet
2683 5502 2797 5578 dici
2819 5518 2924 5560 eos.

2176 5577 2210 5629 ,3
2237 5572 2440 5649 Antea
2473 5574 2777 5648 legebatur
2828 5576 3266 5642 continentiam;
3321 5576 3527 5649 legunt
3579 5572 3766 5633 nostri

2119 5664 2264 5708 mss.
2292 5648 2351 5705 in
2383 5650 2560 5718 recto,
