4144 6202
367 316 483 378 437
610 319 612 322 ’
1032 312 1543 377 COMMENTAR.
1593 313 1673 376 IN
1717 313 1966 375 EPIST.

2163 312 2442 374 GALAT.
2489 312 2640 373 LIB.
2686 312 2789 386 ΠΙ,
2836 313 3009 375 CAP.
3054 308 3129 374 ν.
3669 308 3788 372 438

367 447 682 507 adulterari
716 463 955 504 uxorem
988 463 1201 518 meam,
1237 447 1366 504 nolo
1408 448 1799 504 substantiam
1827 447 2021 520 diripi,
2053 453 2107 518 Α
2139 446 2412 503 neratur?
2441 446 2582 512 Quis
2615 446 2807 501 fratris
2838 448 3022 502 morte
3050 443 3400 517 perimitur?
3418 443 3636 503 Omnes
3659 463 3780 504 ma-

367 540 502 596 nolo
562 556 657 596 me
708 539 856 594 falso
901 539 1151 612 Opprimi
1203 539 1561 605 testimonio,
1609 543 1666 594 et
1711 543 1777 594 ut
1824 544 2024 594 contra
2133 537 2222 610 gis
2255 540 2543 592 amatores
2593 534 2796 601 nostri,
2831 552 3007 607 quam
3058 537 3344 591 amatores
3392 535 3492 592 Dei
3547 553 3779 594 sumus.

369 629 532 688 brevi
566 645 836 685 sermone
861 628 1623 700 comprehendam,indigne
1646 629 1764 683 fero
1796 627 2019 699 aliquid
2130 625 2273 681 Vide
2303 630 2589 698 quantum
2621 626 2840 680 bonum
2873 625 2949 679 sit
2979 623 3300 679 charitatis.
3335 623 3395 680 Si
3442 625 3525 680 ita
3554 629 3773 698 marty-

363 721 511 776 mihi
536 719 657 774 fieri
685 719 838 790 quod
867 719 1155 789 injustum
1179 718 1424 773 estHaec
1444 719 1645 773 eadem
1671 718 1718 774 si
1740 718 1892 773 498
1917 735 2020 789 per
2129 716 2281 770 rium
2314 715 2644 785 fecerimus,
2678 719 2742 769 ut
2771 718 3002 770 nostras
3031 711 3278 768 velimus
3320 713 3391 768 ab
3432 713 3771 770 hominibus

358 809 712 865 charitatem
747 807 806 862 in
840 823 933 862 me
966 812 1326 879 operantem,
1358 806 1449 862 vel
1481 807 1665 862 fecero
1693 807 1878 874 alteri,
1928 807 2015 863 vel

359 897 620 964 voluero,
656 896 748 952 lex
779 897 973 952 omnis
1021 895 1262 968 impleta
1314 901 1421 952 est.
1472 897 1586 953 Nec
1634 896 1869 952 difficile
1926 900 2017 951 est

357 986 566 1043 docere
616 987 907 1058 quomodo
959 984 1231 1040 universa
1279 989 1582 1056 praecepta,
1632 1000 1744 1039 non
1782 983 2010 1054 occides,

353 1091 467 1132 non
500 1073 874 1140 adulterabis,
907 1090 1020 1129 non
1048 1074 1353 1145 furaberis,
1385 1088 1496 1128 non
1525 1074 1726 1144 falsum
1773 1074 2010 1128 testimo-

351 1167 520 1220 nium
549 1164 690 1220 dices
719 1164 913 1235 (Exod.
946 1181 1041 1230 xx,
1076 1163 1164 1226 13,
1203 1163 1309 1233 14),
1351 1166 1408 1218 et
1455 1168 1661 1218 caetera
1707 1161 1799 1216 his
1845 1161 2008 1216 simi-

349 1253 454 1325 lia,
511 1271 630 1309 una
687 1252 991 1308 charitatis
1049 1251 1454 1308 observatione
1512 1249 2012 1308 teneantur.‘Hoc

349 1343 663 1399 ostendere
695 1343 948 1400 arduum
1003 1345 1112 1407 est,
1158 1341 1452 1412 quomodo
1501 1341 1705 1397 hostiae
1755 1357 2008 1413 quoque,

355 1449 484 1505 quas
534 1433 593 1486 in
644 1432 893 1488 Levitico
943 1436 1082 1486 sunt
1126 1434 1444 1502 praeceptae,
1498 1434 1555 1485 et
1603 1429 1864 1485 ciborum
1921 1429 2009 1484 vel

347 1521 736 1588 abstinentia,
765 1520 856 1576 vel
887 1520 1222 1592 permissio,
1275 1535 1411 1574 cum
1457 1518 1571 1574 alia
1618 1520 1862 1588 munda,
1896 1517 2011 1574 alia

353 1610 626 1665 dicantur
655 1607 1430 1674 immunda,solemnitatem
1463 1624 1694 1679 quoque
1719 1607 1881 1679 jugis
1907 1624 2009 1679 per

327 1715 534 1755 annos
566 1715 844 1755 recursus
873 1700 1068 1769 (Leuit.
1105 1715 1122 1752 1
1153 1707 1206 1754 et
1233 1697 1484 1768 passim),
1517 1696 1576 1751 in
1609 1713 1726 1752 uno
1758 1696 2007 1752 charita-

345 1787 428 1843 tis
459 1792 744 1860 praecepto
778 1786 1255 1859 recapitulentur.
1290 1786 1415 1843 Nisi
1447 1786 1592 1841 forte
1634 1785 1764 1858 quis
1813 1783 1911 1840 illo
1943 1801 2005 1840 se
2036 1828 2083 1893 Β

346 1877 685 1942 transferat,
744 1880 812 1932 ut
865 1876 1116 1931 affirmet
1173 1876 1383 1948 Legem
1442 1874 1806 1947 spiritualem
1873 1890 2001 1929 esse

347 1965 520 2038 (Rom.
555 1967 792 2038 v11,14),
825 1971 882 2022 et
911 1964 1270 2037 imaginibus
1323 1969 1379 2020 et
1421 1963 1852 2036 exemplaribus
1896 1979 2002 2018 nos

347 2054 677 2111 cmlestium
737 2055 1082 2125 deservisse,
1139 2060 1459 2126 antequam
1513 2070 1683 2108 verus
1740 2053 2003 2108 Pontifex

348 2143 650 2200 adveniret
683 2163 696 2202 :
730 2143 830 2216 qui
863 2149 1176 2215 postquam
1210 2143 1390 2199 semel
1443 2142 1704 2214 seipsum
1754 2143 2000 2198 offerens

346 2233 673 2302 victimam,
724 2251 830 2290 suo
870 2233 1160 2306 sanguine
1203 2250 1309 2288 nos
1363 2231 1626 2297 redemit,
1661 2232 1854 2287 omnis
1901 2231 2003 2286 illa

344 2322 560 2396 prisce
591 2322 733 2396 legis
763 2322 1031 2388 varietas,
1064 2327 1121 2378 et
1147 2321 1483 2388 difficultas,
1516 2320 1571 2374 in
1607 2320 1795 2391 ipsius
1827 2335 2002 2391 super

342 2410 626 2477 homines
657 2411 969 2468 dilectione
991 2410 1281 2482 completa
1310 2415 1420 2465 est.
1456 2411 1751 2464 Intantum
1786 2409 2002 2479 quippe

345 2499 518 2555 Pater
546 2504 764 2556 amavit
794 2501 1106 2570 mundum,
1141 2503 1205 2554 ut
1233 2497 1446 2555 Filium
1495 2513 1671 2553 suum
1721 2496 2000 2552 charissi-

344 2605 536 2659 mum,
573 2593 631 2644 et
661 2590 1036 2662 unigenitum
1067 2590 1232 2644 daret
1261 2605 1364 2660 pro
1395 2586 1564 2643 nobis
1594 2589 1773 2659 (Joan.
1796 2587 1996 2657 111,16).

349 2677 415 2733 Ei
455 2682 651 2733 autem
702 2679 801 2752 qui
849 2679 1028 2734 semel
1079 2679 1291 2750 spiritu
1334 2678 1550 2745 vivens,
1584 2693 1761 2748 opera
1809 2677 2002 2732 carnis

347 2767 724 2823 mortificavit
755 2769 929 2839 (Rom.
966 2785 1065 2838 v11,
1100 2768 1208 2838 13),
1241 2772 1296 2822 et
1327 2784 1361 2822 a
1404 2765 1701 2822 Salvatore
1728 2764 2000 2831 dilectus,

345 2873 726 2928 nequaquam
761 2858 1094 2924 servus,sed
1141 2856 1368 2911 amicus
1414 2860 1654 2912 vocatur
1692 2856 1874 2926 (Joan.
1909 2873 1998 2926 xv,

347 2944 458 3015 15),
492 2962 609 3001 non
640 2950 728 3002 est
759 2945 916 3001 ultra
960 2945 1074 3001 Lex
1121 2944 1328 3016 posita,
1380 2961 1506 3016 quae
1554 2943 1752 3014 impiis
1784 2946 1840 2998 et
1871 2960 2001 3015 pec-

349 3033 670 3102 catoribus,
715 3039 771 3090 et
817 3051 933 3090 non
982 3031 1262 3105 subjectis
1309 3037 1365 3087 et
1415 3031 1653 3086 nefariis
1684 3031 2005 3087 constituta

355 3128 446 3180 est
493 3123 540 3195 (l
581 3125 714 3179 Tim.
767 3143 805 3191 1,
857 3123 933 3196 9).
988 3127 1060 3177 At
1103 3139 1258 3177 nunc
1296 3137 1430 3176 cum
1464 3119 1662 3175 omnia
1689 3137 1814 3191 quae
1848 3120 1998 3174 difﬁ-

354 3213 557 3269 ciliora
601 3218 763 3279 sunt,
814 3213 903 3269 vel
958 3212 1190 3268 modica
1247 3228 1313 3266 ex
1370 3213 1532 3281 parte
1565 3208 1869 3275 faciamus,
1899 3209 2007 3264 hoc
2039 3196 2081 3264 C

353 3301 548 3360 solum
582 3319 698 3368 non
730 3301 1000 3372 facimus,
1034 3301 1189 3373 quod
1239 3303 1296 3355 et
1343 3299 1498 3354 factu
1552 3296 1782 3353 facilius
1813 3301 1920 3365 est,
1954 3302 2012 3353 et

355 3392 582 3464 absque
612 3408 729 3462 quo
759 3407 930 3446 cassa
957 3394 1096 3446 sunt
1127 3389 1401 3445 universa
1431 3405 1558 3460 qua;
1609 3388 1877 3442 facimus.
1909 3388 2011 3442 Je-

348 3480 506 3552 junii
537 3497 750 3552 corpus
781 3479 962 3536 sentit
991 3479 1270 3550 injuriam
1305 3493 1318 3532 :
1351 3476 1557 3550 vigiliae
1601 3492 1834 3532 carnem
1887 3493 2010 3531 ma-

357 3574 560 3624 cerant
593 3585 606 3624 :
640 3568 1022 3641 eleemosynaa
1053 3568 1250 3623 labore
1282 3570 1624 3638 quaeruntur
1650 3584 1661 3620 :
1689 3565 2011 3638 sanguisin

356 3658 662 3730 martyrio,
697 3656 966 3729 quamvis
998 3655 1194 3710 ardeat
1229 3655 1394 3720 fides,
1424 3657 1621 3708 tamen
1655 3652 1781 3708 sine
1818 3651 2014 3706 dolore

355 3752 419 3803 et
446 3747 654 3802 timore
686 3762 804 3801 non
839 3745 1124 3800 funditur.
1179 3743 1310 3798 Haec
1360 3741 1557 3798 omnia
1601 3747 1739 3797 sunt
1784 3740 1884 3812 qui
1937 3742 2014 3794 fa-

355 3835 521 3892 ciant
551 3851 566 3889 :
601 3834 724 3890 sola
757 3833 1015 3890 charitas
1046 3833 1173 3889 sine
1203 3831 1399 3887 labore
1445 3834 1552 3885 est.
1586 3832 1657 3885 Et
1705 3830 1843 3901 quia
1891 3829 2016 3884 sola

356 3941 465 3980 cor
497 3924 780 3978 mundum
814 3923 1054 3989 efficit,a
1083 3920 1313 3977 diabolo
1345 3924 1712 3992 expugnatur
1742 3920 1800 3973 in
1824 3919 2014 3985 nobis,

361 4030 439 4069 ne
470 4012 652 4068 Deum
685 4030 833 4086 pura
864 4017 1054 4067 mente
1085 4011 1406 4066 videamus.
1441 4009 1683 4075 Quando
1731 4008 1886 4062 enim
1926 4024 2015 4062 se-

361 4103 510 4159 dens
542 4103 749 4174 loquor
780 4106 982 4156 contra
1014 4101 1252 4156 fratrem
1286 4115 1504 4165 meum,
1529 4103 1587 4152 et
1607 4100 1807 4152 contra
1830 4095 2016 4151 filium

363 4193 576 4248 matris
629 4208 772 4246 meae
827 4193 842 4225 ⁸
894 4207 1044 4263 pono
1100 4188 1440 4244 scandalum
1487 4187 1657 4258 (Psal.
1705 4204 1853 4257 xmx,
1903 4187 2015 4255 20),

362 4282 603 4354 quando
625 4281 815 4336 aliena
835 4285 1114 4352 torqueor
1136 4278 1493 4340 felicitate,et
1513 4275 1752 4332 alterius
1774 4277 2015 4344 bonum,

363 4387 569 4428 meum
600 4370 820 4426 malum
853 4369 1022 4434 facio,
1055 4383 1249 4424 nonne
1290 4367 1400 4423 hoc
1443 4366 1599 4438 quod
1639 4365 1927 4436 sequitur,
1958 4365 2017 4420 in

362 4475 465 4516 me
519 4457 782 4531 expletur
839 4477 852 4514 :
915 4458 976 4514 Si
1025 4459 1260 4513 invicem
1308 4455 1565 4512 mor-detis
1617 4463 1666 4510 et
1712 4454 2017 4525 comeditis,

2127 803 2404 876 reliquias
2435 802 2708 858 honorari
2742 819 2754 856 :
2789 801 2837 857 si
2873 802 3206 874 opinionem
3250 800 3409 874 vulgi
3457 805 3768 871 sectantes,

2126 892 2399 964 intrepidi
2458 891 2808 964 sanguinem
2867 890 3214 960 fuderimus,
3265 893 3322 944 et
3374 890 3767 948 substantiam

2125 986 2385 1038 nostram
2415 999 2603 1053 usque
2636 982 2706 1037 ad
2743 979 3175 1036 mendicitatem
3207 979 3506 1052 propriam
3539 980 3765 1036 dederi-

2124 1087 2278 1142 mus,
2328 1070 2464 1126 huic
2521 1071 2626 1142 [ΑΙ.
2685 1069 2845 1140 hinc]
2903 1069 3062 1141 operi
3115 1086 3231 1124 non
3281 1073 3402 1125 tam
3452 1069 3761 1142 praamium

2123 1176 2299 1232 quam
2332 1176 2501 1231 poena
2551 1159 2797 1216 debetur
2829 1175 2841 1212 :
2876 1162 2935 1213 et
2961 1157 3216 1231 perfidiis
3257 1157 3445 1231 magis
3476 1161 3770 1216 tormenta

2122 1254 2282 1316 sunt,
2318 1266 2494 1321 quam
2529 1265 2742 1304 corona
2769 1247 3040 1303 victoriae.

2190 1339 2374 1410 (Vers.
2411 1340 2519 1406 15).
2555 1337 2770 1402 «Quod
2823 1337 2873 1393 si
2921 1336 3171 1393 invicem
3221 1337 3523 1403 mordetis,
3573 1341 3629 1394 et
3674 1354 3770 1394 co-

2121 1427 2380 1496 meditis,
2412 1427 2598 1482 videte
2631 1443 2702 1482 ne
2732 1427 2804 1482 ab
2836 1425 3082 1481 invicem
3114 1425 3565 1482 consumamini.
3604 1449 3631 1475 »
3658 1427 3768 1482 Po-

2119 1520 2232 1572 test
2261 1517 2368 1572 boc
2399 1519 2456 1570 et
2485 1514 2829 1586 simpliciter
2859 1514 3065 1587 accipi,
3095 1531 3166 1570 ne
3198 1515 3578 1571 detrahamus
3626 1515 3769 1570 invi-

2117 1622 2262 1673 cem,
2298 1622 2371 1660 ne
2402 1605 2710 1660 maledicto
2742 1621 2848 1660 nos
2879 1608 3154 1676 putemus
3186 1602 3410 1673 ulcisci,
3442 1619 3515 1658 ne
3543 1604 3762 1659 contri-

2116 1694 2629 1750 staticontristare
2658 1693 2987 1766 cupiamus,
3040 1696 3097 1748 et
3145 1691 3366 1748 simlles
3414 1692 3762 1760 bestiarum,

2115 1783 2381 1838 mordere
2411 1783 2626 1854 pariter
2655 1786 2711 1838 et
2740 1781 3082 1852 remorderi,
3115 1785 3180 1835 ut
3209 1785 3342 1854 post
3387 1797 3618 1837 morsus
3668 1799 3762 1839 se-

2113 1878 2333 1944 quatur
2361 1871 2633 1927 interitus
2677 1875 2852 1942 atque
2903 1870 3294 1942 consumptio.
3327 1868 3537 1927 Melius
3566 1874 3762 1927 autem

2112 1966 2222 2028 est,
2257 1979 2328 2017 ne
2357 1967 2560 2017 contra
2590 1962 2875 2017 rationem
2927 1965 2984 2016 et
3037 1963 3218 2016 totius
3248 1959 3517 2031 Epistolis
3563 1977 3762 2016 conse-

2113 2049 2634 2123 quentiam,subito
2663 2049 2722 2104 in
2754 2047 3215 2104 extraordinaria
3229 2047 3760 2120 pracepta,Paulus

2111 2143 2401 2210 erumpat,
2435 2139 2543 2193 hoc
2574 2139 2656 2194 ita
2686 2137 3030 2210 intelligere,
3055 2140 3118 2192 ut
3145 2138 3216 2192 ad
3250 2136 3759 2193 circumcisionem

2112 2228 2692 2299 observationemque
2722 2227 2868 2298 legis
2901 2230 3111 2282 cuncta
3140 2226 3484 2282 referamus.
3528 2226 3588 2281 Si
3635 2243 3759 2292 vos,

2112 2317 2324 2388 inquit,
2358 2317 2711 2372 conturbant
2754 2315 2874 2386 alii,
2919 2332 3020 2370 vos
3069 2319 3265 2370 autem
3297 2315 3756 2372 conturbamini.

2110 2405 2170 2463 Si
2200 2411 2384 2461 totam
2417 2406 2778 2477 Scripturam
2812 2409 3061 2460 veterem
3094 2403 3374 2476 legentes,
3408 2402 3492 2459 sic
3539 2403 3758 2459 intelli-

2110 2494 2248 2567 gitis
2280 2500 2343 2550 ut
2370 2495 2590 2566 scripta
2618 2498 2706 2549 est
2743 2510 2754 2548 :
2795 2495 3024 2551 Oculum
3051 2508 3150 2565 pro
3181 2493 3333 2548 oculo
3371 2511 3387 2546 :
3421 2493 3642 2548 dentem
3659 2508 3758 2564 pro

2108 2583 2269 2639 dente
2316 2584 2494 2656 (Deut.
2543 2601 2658 2648 x1x,
2689 2584 2802 2654 21),
2854 2587 2912 2638 et
2959 2583 3047 2637 ira
3105 2582 3398 2637 desiderat
3453 2580 3756 2648 ultionem,

2111 2672 2254 2728 ultio
2285 2689 2419 2728 vero
2450 2673 2702 2746 imponit
2731 2670 2990 2727 dolorem
3026 2686 3038 2727 :
3072 2671 3227 2742 quod
3276 2670 3368 2726 lex
3415 2687 3531 2727 non
3565 2669 3759 2727 solum

2111 2779 2224 2818 non
2253 2761 2539 2833 prohibet,
2571 2777 2774 2816 verum
2829 2760 3003 2816 etiam
3054 2758 3652 2832 principit,_justitiam
3697 2758 3756 2816 in

2111 2851 2334 2906 ratione
2365 2850 2702 2919 restituens,
2737 2849 3022 2920 sequitur,
3057 2851 3123 2902 ut
3150 2852 3207 2903 et
3248 2847 3504 2902 nudatus
3553 2845 3755 2914 nudet,

2111 2944 2167 2996 et
2195 2939 2534 2994 vulneratus
2565 2937 2910 3004 revulneret,
2943 2941 3000 2991 et
3029 2940 3326 2991 comestus
3355 2935 3683 2990 remordeat
3711 2935 3753 3004 ³,

2111 3033 2168 3084 et
2217 3045 2340 3099 qua:
2389 3026 2622 3083 videtur
2657 3025 2891 3097 justitia
2930 3041 3079 3093 esse,
3113 3023 3482 3091 consumptio
3515 3023 3612 3090 sit,
3645 3038 3761 3078 non

2112 3133 2297 3173 unum
2329 3117 2653 3184 vindicans,
2687 3115 2786 3170 sed
2819 3118 3137 3184 utrumque
3171 3128 3547 3168 consumens.

2191 3205 2376 3276 (Vers.
2411 3206 2522 3274 16.)
2560 3227 2579 3253 ι
2616 3203 2755 3259 Dico
2787 3207 2981 3258 autem
3031 3219 3043 3257 ε
3094 3201 3317 3273 Spiritu
3358 3199 3674 3270 ambulate,
3707 3203 3768 3255 et

2120 3293 2474 3351 desiderium
2525 3292 2718 3348 carnis
2767 3309 2882 3346 non
2931 3290 3263 3362 perficietis.
3298 3312 3325 3341 n
3360 3293 3428 3345 Et
3472 3288 3582 3345 hoc
3613 3289 3768 3347 δυο

2121 3384 2447 3440 secundum
2479 3381 2783 3453 superiora
2811 3379 3121 3452 dupliciter
3149 3377 3654 3450 accipiendum,ut
3685 3375 3772 3432 di-

2122 3489 2326 3529 camus
2356 3489 2454 3526 eos
2487 3471 2586 3542 qui
2620 3469 2827 3541 spiritu
2860 3485 3036 3540 opera
3065 3466 3258 3523 carnis
3298 3464 3776 3521 mortificaverint

2123 3565 2300 3631 (Rom.
2351 3579 2477 3626 vni,
2530 3560 2638 3631 13),
2691 3563 2748 3613 et
2793 3557 3212 3613 seminaverint
3254 3555 3312 3610 in
3343 3553 3576 3626 spiritu,
3609 3556 3675 3609 ut
3703 3553 3775 3608 de

2124 3651 2332 3724 spiritu
2367 3652 2591 3703 metant
2618 3646 2796 3702 vitam
2827 3649 3104 3701 aeternam
3136 3644 3332 3716 (Galat.
3382 3660 3461 3712 v1,
3505 3644 3583 3710 8),
3623 3657 3773 3714 quo-

2124 3741 2471 3809 tiescunque
2516 3736 2876 3808 voluptatem
2925 3734 3118 3789 carnis
3165 3731 3459 3789 senserint
3511 3730 3772 3798 titillare,

2125 3847 2241 3885 non
2273 3828 2550 3900 perficere
2580 3824 2938 3880 desiderium
2969 3823 3097 3895 ejus
3130 3822 3308 3894 (quod
3341 3820 3578 3893 quidem
3606 3819 3655 3875 si
3686 3836 3777 3875 ex-

2124 3918 2346 3990 pletum
2379 3913 2829 3979 fuerit,blandiri
2858 3912 3087 3967 videtur
3111 3911 3183 3966 ad
3214 3909 3498 3979 tempus),
3530 3907 3633 3963 sed
3655 3907 3775 3978 spi-

2126 4006 2241 4060 ritu
2291 4004 2602 4070 refrenare,
2637 4007 2693 4057 et
2722 4002 3048 4057 secundum
3098 3997 3452 4055 sententiam
3503 3994 3777 4050 Historici

2129 4094 2418 4166 (Sallust.)
2449 4095 2489 4148 ‘.
2525 4090 2718 4147 Animi
2771 4088 3038 4162 imperio,
3089 4086 3347 4160 corporis
3386 4082 3620 4140 servitio
3651 4099 3776 4138 ma-

2127 4184 2216 4257 gis
2247 4183 2453 4238 vivere.
2488 4186 2603 4237 Nec
2633 4197 2748 4236 non
2782 4183 2838 4234 et
2869 4178 3036 4247 illud,
3056 4176 3195 4248 quia
3223 4174 3314 4229 lex
3343 4171 3668 4245 spiritualis
3689 4175 3780 4227 est

2129 4275 2303 4345 (Rom.
2337 4289 2438 4342 vn,
2472 4271 2582 4341 14),
2616 4273 2672 4324 et
2701 4285 2814 4322 non
2847 4269 2866 4301 ⁵
2896 4269 2994 4337 qui
3042 4265 3103 4319 in
3153 4263 3464 4318 manifesto
3511 4261 3775 4328 Judaaus,

2130 4363 2232 4419 sed
2264 4361 2362 4434 qui
2396 4360 2452 4414 in
2485 4357 2708 4414 occulto
2740 4358 2914 4427 (Rom.
2951 4372 3011 4425 11,
3044 4353 3134 4421 28,
3167 4353 3282 4422 29),
3315 4357 3371 4407 et
3411 4349 3778 4407 circumcisio

2130 4450 2324 4508 cordis
2359 4449 2417 4503 in
2450 4447 2658 4519 spiritu
2693 4461 2808 4500 non
2840 4443 3034 4500 littera
3075 4442 3236 4514 (Ibid.
3276 4442 3389 4513 29),
3423 4457 3521 4497 eos
3571 4438 3777 4495 ambu-

360 4548 550 4605 videte
619 4565 686 4603 ne
747 4548 815 4603 ab
882 4547 1120 4604 invicem
1198 4546 1640 4602 consumamini?
1704 4543 2020 4599 Churitatis
2051 4563 2097 4628 Β
2129 4539 2250 4596 lare
2283 4537 2512 4611 spiritu,
2548 4541 2605 4592 et
2635 4534 2827 4590 carnis
2858 4532 3215 4588 desiderium
3247 4547 3362 4587 non
3384 4530 3660 4602 perficere
3689 4527 3777 4581 di-

365 4654 499 4694 rara
530 4637 826 4709 possessio
857 4641 945 4692 est
965 4635 1153 4699 ’.Quis
1181 4634 1306 4690 vult
1335 4635 1459 4706 ipse
1493 4632 1807 4689 anathema
1835 4649 1964 4688 esse
1986 4650 2020 4687 a
2051 4617 2093 4628 ”
2130 4629 2340 4694 cimus,
2376 4625 2477 4698 qui
2509 4621 2892 4697 spiritualiter
2920 4620 3318 4709 egrediuntur,
3346 4619 3681 4709 Egyptum,
3722 4617 3783 4709 et

366 4726 596 4784 Christo
618 4743 724 4798 pro
746 4726 1027 4782 fratribus
1049 4722 1546 4796 suis,Apostolum
1571 4737 1823 4792 sequens
1840 4723 2014 4792 (Rom.

366 4832 444 4885 1x,
475 4816 571 4888 3)?
599 4815 739 4882 Quis
770 4816 924 4872 499
952 4815 1085 4870 cum
1108 4813 1450 4886 lugentibus
1469 4811 1700 4884 lugens,
1727 4827 1860 4865 cum
1883 4827 2020 4882 gau-

368 4903 645 4962 dentibus
666 4905 1224 4978 gaudens(Rom.x11,
1258 4903 1367 4973 15),
1388 4900 1610 4957 alienos
1639 4899 1877 4955 vulnere
1899 4899 2020 4954 vul-

442 5082 459 5116 ¹
489 5080 759 5154 Martian,
790 5079 1033 5154 legerat,
1065 5080 1262 5151 fratris
1289 5079 1423 5145 mei,
1458 5094 1582 5149 pro,
1625 5079 2018 5154 mat_ris__me:e,

368 5147 1072 5217 dissentientibus'mssq'
1091 5156 1148 5206 et
1173 5166 1361 5216 sacro,
1389 5147 1563 5220 quem
1596 5147 1802 5204 alludit
1829 5147 2020 5203 Hiero-

370 5239 605 5296 nymus,
637 5228 821 5296 textu.
877 5294 884 5296 Α
1133 5293 1144 5296 Α
1487 5292 1497 5296 _
1666 5294 1671 5296 _
1784 5255 1825 5296 __'

444 5295 466 5328 ³
493 5296 680 5351 Codex
710 5294 1009 5350 Palatinus
1058 5293 1168 5348 sub
1218 5292 1534 5348 asserentis
1581 5294 1736 5346 nota.
1771 5291 2021 5346 Charitas

367 5381 504 5422 cara
531 5368 668 5437 (sec.
705 5383 863 5423 man.
897 5373 1050 5434 rara)
1077 5366 1336 5438 possessio
1375 5368 1452 5420 est
1480 5363 1552 5428 ei,
1601 5364 1698 5434 qui
1743 5363 1860 5418 vult
1908 5364 2021 5434 ipse

368 5439 668 5495 anathema
694 5455 828 5508 esse,
861 5443 970 5493 etc.

442 5509 466 5546 ⁸
496 5510 730 5566 Rectius
765 5504 942 5566 Palat.
984 5524 1094 5564 ms.
1144 5515 1195 5564 et
1243 5522 1494 5563 conrosus
1522 5505 1850 5561 remordeat.
1883 5504 2018 5560 Cor-

369 5588 547 5655 rupte
576 5588 772 5638 autem
805 5587 939 5638 ante
969 5586 1339 5655 tresversus,
1357 5579 1641 5655 justitiam
1675 5579 1736 5633 in
1765 5576 1866 5632 tati
1893 5591 2018 5632 one-

367 5668 433 5711 re
448 5651 772 5728 instituens,
805 5670 910 5728 pro
941 5655 1003 5712 in
1033 5651 1240 5710 talione
1263 5651 1574 5708 restitue-ns.

2129 4715 2496 4788 spiritualem
2528 4729 2721 4769 escam
2746 4716 3068 4784 potumque
3089 4711 3159 4764 de
3182 4705 3474 4780 spirituali
3495 4702 3779 4759 hauriunt

2129 4810 2291 4878 petra
2324 4806 2366 4876 (Ι
2399 4807 2520 4861 Cor.
2555 4820 2611 4872 x,
2647 4803 2722 4874 4),
2757 4800 2856 4874 qui
2890 4816 3004 4856 non
3025 4797 3372 4871 judicantur
3401 4795 3460 4848 in
3492 4793 3654 4878 cibo,
3674 4794 3779 4847 aut

2132 4877 2190 4949 in
2226 4900 2387 4967 potu,
2421 4897 2522 4948 aut
2550 4891 2610 4946 in
2643 4893 2806 4963 parte
2858 4888 2968 4944 diei
3025 4886 3175 4953 festi,
3224 4888 3326 4940 aut
3373 4877 3691 4938 neomeniaa
3723 4883 3780 4935 et

2199 5075 2219 5107 ⁴
2254 5073 2410 5128 Idem
2443 5088 2552 5128 ms.
2586 5086 2719 5126 cum
2753 5065 3004 5138 negandi
3035 5061 3630 5138 particula,_blandire
3671 5076 3783 5138 non

2128 5145 2362 5200 videtur.
2399 5148 2497 5198 Est
2527 5159 2698 5214 porro
2729 5131 2988 5214 Salustii,
3023 5131 3200 5214 quam
3233 5131 3780 5214 la_uda_t,sententia.

2128 5218 2317 5272 Animi
2340 5203 2589 5287 imperio,
2618 5213 2874 5287 corporis,
2894 5203 3117 5287 servitio
3146 5208 3325 5287 magis
3349 5203 3637 5287 utendum.

2199 5289 2220 5321 ⁵
2257 5289 2375 5342 Duo
2417 5273 2585 5340 mss."
2620 5273 2729 5339 non
2777 5283 2910 5354 quia
2958 5283 3019 5336 in
3066 5273 3373 5354 manifesto
3408 5273 3786 5354 Judwus,_sed

2129 5360 2261 5431 quia
2291 5360 2351 5412 in
2382 5358 2608 5422 occulto,
2639 5348 3194 5431 eicircumeisionem
3222 5348 3413 5431 cordis
3443 5349 3504 5403 in
3537 5348 3776 5431 spiritu,

2129 5419 2235 5486 non
2283 5431 2487 5485 littera.
2537 5419 2638 5484 Eos
2687 5429 2869 5499 itaque
2917 5425 3206 5499 ambulare
3251 5423 3468 5499 spiritu
3495 5428 3548 5499 et
3578 5419 3780 5499 carnis

2129 5501 2467 5558 desiderium
2523 5515 2637 5556 non
2691 5491 2952 5569 perﬁcere
3006 5495 3174 5564 iubet,
3231 5491 3327 5566 qui
3379 5491 3773 5565 spirituatiter,

2132 5579 2238 5630 etc.
