4144 6202
337 303 457 365 439

1589 300 1653 360 s.
1699 296 2010 363 EUSEBII
2057 251 2501 362 mancum-11

3630 295 3751 360 MO

341 432 576 492 Sabbati
611 431 836 510 (Coloss.
869 447 929 498 ιι,
965 431 1074 502 16),
1107 433 1207 488 sed
1257 431 1564 488 ambulant
1610 433 1669 487 in
1719 433 1996 488 omnibus
2026 436 2078 501 Α
2111 434 2348 505 ceperit,
2381 450 2589 489 aurum
2625 433 2861 506 quidem
2893 429 3230 498 dicitur,sed
3263 429 3513 486 necdum
3535 430 3752 503 proba-

346 523 750 598 spiritualiter,
785 538 901 577 non
938 521 1300 593 perﬁcientes
1351 538 1570 576 carnea:
1623 521 1788 594 legis,
1841 522 1992 577 litte-

347 630 491 670 raive
522 611 1011 679 desiderium,sed
1043 611 1265 665 fructus
1289 616 1572 666 metentes
1602 611 1995 682 intelligentiae

349 700 896 776 spiritualis.Tertia
911 717 1142 772 quoque
1163 699 1564 772 interpretatio
1587 719 1622 755 a
1641 701 1993 772 quibusdam

354 794 416 849 in
447 791 555 847 hoc
584 790 708 846 loco
740 789 895 844 dicta
923 793 1032 854 est,
1064 789 1163 843 sed
1199 805 1324 860 quas
1356 806 1470 845 non
1504 789 1755 844 multum
1779 789 1994 845 discre-

354 885 452 954 pet
481 897 515 936 a
545 878 899 945 secunda,ut
925 877 1280 933 desiderium
1304 878 1497 934 carnis
1527 878 1585 932 in
1619 877 1711 934 his
1736 883 2001 934 asserunt

355 986 482 1027 esse
515 968 614 1040 qui
645 965 870 1040 parvuli
901 966 958 1021 in
985 966 1212 1022 Christo
1245 972 1385 1022 sunt
1415 969 1458 1038 (1
1493 968 1614 1023 Cor.
1639 986 1723 1033 ιιι,
1759 970 1810 1039 1)
1846 985 1857 1024 :
1893 968 2002 1024 iter

355 1065 553 1116 autem
603 1056 845 1130 spiritus
895 1056 954 1110 in
1004 1056 1274 1128 perfectis
1330 1055 1467 1112 viris
1517 1058 1728 1129 (Ephes.
1775 1075 1850 1127 ιν,
1891 1058 1996 1128 13),

355 1153 412 1206 et
440 1164 568 1204 esse
599 1163 842 1202 sensum
875 1161 887 1199 :
924 1149 988 1199 In
1022 1145 1309 1216 gravitate
1357 1145 1619 1216 spiritus,
1673 1146 1730 1201 id
1782 1150 1888 1214 est,
1940 1147 2000 1201 in

356 1239 565 1294 itinere
594 1236 698 1291 viri
730 1234 1025 1290 ambulate
1058 1235 1318 1306 perfecti,
1352 1239 1408 1290 et
1437 1251 1551 1289 non
1586 1235 1807 1291 facietis
1857 1235 2003 1292 desi-

358 1326 519 1384 deria
548 1323 943 1397 parvulorum.

433 1416 618 1487 (Vers.
655 1413 766 1485 17.)
819 1436 840 1462 α
895 1412 1038 1468 Caro
1089 1413 1245 1468 enim
1307 1413 1668 1486 concupiscit
1726 1415 2006 1472 adversus

359 1504 654 1577 spiritum,
707 1502 950 1574 spiritus
999 1507 1194 1558 autem
1245 1503 1525 1558 adversus
1575 1519 1830 1558 carnem.
1877 1504 2008 1559 Haec

361 1593 518 1650 enim
550 1592 662 1649 sibi
691 1591 939 1647 invicem
971 1593 1378 1658 adversantur,
1405 1597 1469 1647 ut
1499 1610 1614 1648 non
1647 1609 2010 1667 quaecunque

363 1682 565 1748 vultis,
598 1680 699 1736 illa
729 1680 976 1736 faciatis.
1011 1701 1040 1729 »
1073 1681 1217 1736 Caro
1257 1681 1644 1752 prmeentibus
1693 1682 2012 1738 delectatur

367 1775 425 1828 et
454 1770 729 1826 brevibus
781 1785 793 1824 :

363 1859 761 1931 hocjurgium
793 1859 987 1914 media
1018 1859 1032 1893 ¹
1067 1859 1265 1914 anima
1297 1859 1577 1927 constitit,
1611 1860 1834 1918 habens
1883 1862 2017 1932 qui-

378 1953 510 2007 dem
543 1949 600 2004 in
635 1965 743 2005 sua
790 1951 1073 2020 potestate
1121 1949 1341 2005 bonum
1392 1953 1448 2004 et
1494 1949 1739 2018 malum,
1774 1950 1920 2006 velle
1965 1955 2021 2006 et

375 2039 658 2107 nolle,sed
691 2055 807 2094 non
839 2038 1062 2095 habens
1093 2039 1202 2094 hoc
1233 2039 1429 2110 ipsum
1460 2037 1605 2094 velle
1627 2056 1691 2094 ac
1722 2039 1875 2095 nolle
1897 2056 2022 2111 per-

374 2134 638 2203 petuum,
671 2129 818 2185 ειη
858 2128 995 2200 quia
1025 2127 1150 2183 fieri
1181 2132 1393 2200 potest,
1424 2132 1489 2183 ut
1518 2145 1652 2184 eum
1681 2128 1841 2185 carni
1878 2145 2021 2184 con-

374 2217 644 2292 senserit,
679 2220 735 2271 et
755 2232 930 2288 Opera
946 2217 1074 2287 ejus
1101 2216 1318 2284 fecerit,
1355 2233 1591 2273 rursum
1615 2234 1718 2288 per
1745 2217 2023 2289 poeniten-

373 2306 518 2362 tiam
550 2322 613 2361 se
643 2305 1001 2371 remordens,
1019 2303 1249 2375 spiritui
1282 2305 1671 2376 copuletur,et
1701 2323 1875 2377 opera
1895 2308 2023 2376 ejus

372 2395 606 2451 efficiat.
641 2395 758 2449 Hoc
787 2397 876 2449 est
904 2409 1040 2464 ergo
1074 2393 1228 2464 quod
1259 2393 1340 2448 ait
1374 2410 1386 2447 ε
1420 2397 1548 2451 Haec
1584 2397 1734 2449 enim
1781 2395 1889 2450 sibi
1935 2397 2020 2449 in-

372 2485 545 2538 vicem
573 2482 953 2552 adversantur,
983 2481 1040 2535 id
1071 2485 1178 2551 est,
1211 2498 1343 2536 caro
1393 2486 1450 2536 et
1499 2482 1744 2554 spiritus
1779 2499 1790 2537 :
1824 2487 1886 2537 ut
1913 2499 2024 2538 non

376 2585 717 2644 quaecunque
747 2570 933 2640 vultis,
965 2570 1067 2624 illa
1095 2572 1340 2640 faciatis.
1373 2570 1498 2625 Non
1552 2588 1667 2642 quo
1720 2572 2020 2643 proprium

376 2658 548 2716 nobis
579 2657 780 2713 tulerit
812 2657 1143 2728 arbitrium,
1172 2675 1286 2730 quo
1315 2657 1403 2712 vel
1434 2658 1618 2729 carni,
1649 2657 1738 2714 vel
1789 2659 2023 2730 spiritui

377 2747 776 2804 assentiamur
809 2764 824 2802 :
859 2747 961 2802 sed
993 2746 1130 2818 quia
1163 2747 1318 2818 quod
1351 2746 1619 2817 facimus,
1645 2739 1770 2802 non
1800 2754 1890 2802 est
1920 2765 2021 2803 no-

374 2840 562 2894 strum
603 2835 854 2908 proprie,
890 2835 991 2891 sed
1024 2852 1172 2907 opus
1203 2835 1397 2906 ipsum
1429 2835 1516 2890 vel
1549 2836 1732 2902 carni,
1763 2835 1853 2891 vel
1900 2836 2023 2909 spi-

375 2925 513 2982 ritui
545 2926 860 2998 deputatur
887 2926 999 2994 [Αι.
1041 2925 1389 2996 deputetur].
1427 2925 1676 2980 Grandis
1706 2925 1924 2980 laboris
1969 2930 2025 2980 et

375 3014 794 3088 disputationis
829 3018 917 3070 est
947 3013 1420 3082 nimiae,ostensis
1451 3013 1642 3069 carnis
1674 3014 1947 3086 operibus
1969 3020 2027 3070 et

375 3104 640 3176 spiritus,
673 3104 868 3160 media
895 3103 1092 3175 aliqua
1118 3103 1389 3175 reperire,
1442 3120 1570 3176 quas
1620 3119 1726 3158 nec
1776 3104 1847 3159 ad
1899 3121 2021 3160 car-

2107 529 2253 580 tum.
2288 523 2345 579 Si
2379 529 2573 580 autem
2606 541 2708 596 per
2732 525 2924 595 ignem
2958 526 3254 578 excoctum
3290 520 3464 576 fuerit
3509 525 3565 576 et
3611 539 3749 594 pur-

2105 619 2328 686 gatum,
2364 620 2503 670 tunc
2534 615 2658 670 auri
2692 613 3149 684 splendorem,et
3170 615 3410 666 ornatus
3431 609 3754 684 suiaccipit

2107 703 2471 777 dignitatem.
2509 706 2595 760 lta
2624 709 2680 759 et
2709 703 2907 759 anima
2938 703 3089 757 inter
3126 701 3373 756 humum
3423 704 3479 755 et
3532 699 3750 773 ignem,

2108 792 2215 848 hoc
2275 797 2385 858 est,
2441 792 2591 847 inter
2649 808 2879 847 carnem
2947 790 3338 863 spiritumque
3404 788 3751 854 consistens,

2109 882 2345 952 quando
2377 898 2437 937 se
2469 880 2772 936 tradiderit
2811 879 2992 948 carni,
3038 895 3170 934 caro
3224 877 3438 933 dicitur
3469 892 3482 932 :
3521 877 3754 949 quando

2110 971 2366 1043 spiritui,
2401 970 2642 1042 spiritus
2673 969 3014 1042 appellatur.
3048 967 3210 1031 Quod
3242 967 3291 1022 si
3323 966 3558 1039 proprio
3573 966 3754 1022 credi-

2111 1059 2260 1114 derit
2289 1058 2566 1132 cogitatui
2596 1061 2637 1128 ²,
2671 1064 2727 1114 et
2757 1059 2978 1131 absque
3026 1056 3214 1130 gratia
3260 1055 3518 1127 Spiritus
3573 1055 3758 1112 sancti

2111 1147 2374 1204 invenire
2418 1165 2479 1204 se
2530 1147 2902 1204 aestimaverit
2947 1145 3273 1214 veritatem,
3319 1145 3490 1216 quasi
3549 1160 3758 1201 aurum

2114 1237 2440 1306 sordidum,
2474 1236 2744 1292 animalis
2777 1235 3035 1291 hominis
3065 1233 3457 1307 appellatione
3498 1234 3764 1306 signatur

2116 1327 2221 1396 [Al.
2259 1325 2629 1399 signabitur].
2664 1325 2857 1381 Potest
2885 1324 3047 1380 locus
3078 1324 3188 1379 iste
3219 1323 3303 1379 sic
3335 1321 3548 1378 melius
3579 1321 3764 1394 expla-

2118 1415 2331 1484 nari,et
2360 1415 2531 1486 quasi
2562 1431 2681 1470 una
2711 1414 2891 1470 series
2923 1429 3251 1485 corpusque
3282 1412 3499 1479 ﬁeri,se
3519 1410 3764 1466 invicem

2119 1509 2376 1572 nectens,
2411 1504 2642 1575 sibique
2670 1520 2783 1559 non
2812 1503 3172 1573 discrepans.
3219 1502 3470 1571 Fratres,
3522 1499 3592 1555 de
3641 1515 3766 1555 ser-

2119 1594 2302 1649 vitute
2331 1593 2478 1664 legis
2505 1593 2689 1649 vocati
2722 1591 2863 1647 estis
2892 1591 2952 1646 in
2979 1589 3278 1662 Evangelii
3297 1587 3768 1645 libertatem.Ve-

2122 1699 2252 1738 rum
2286 1683 2524 1738 obsecro
2572 1699 2693 1749 vos,
2740 1697 2812 1736 ne
2855 1680 3123 1736 libertate
3155 1695 3258 1751 pro
3290 1678 3525 1734 licentia
3555 1678 3764 1734 abuta-

851 1769 1094 1840 spiritus
1138 1771 1434 1842 perpetuis
1487 1774 1543 1825 et
1590 1771 1823 1826 futuris.
1860 1772 2014 1827 Inter
2047 1809 2094 1873 B
2125 1771 2292 1840 mini,
2325 1775 2383 1826 et
2412 1762 2628 1842 putetis
2658 1771 2822 1826 vobis
2851 1774 3064 1825 cuncta
3091 1767 3361 1852 expedire
3389 1783 3520 1873 qusi
3543 1766 3723 1823 licent
3752 1781 3766 1822 :

2127 1860 2394 1932 detisque
2438 1859 2802 1916 occasionem
2851 1860 3004 1916 ειη
3062 1857 3220 1913 carni
3279 1862 3450 1928 atque
3505 1855 3768 1912 luxurie.

2127 1949 2276 2015 Quin
2312 1949 2506 2021 potius
2543 1949 2750 2004 discite
2795 1949 2950 2020 quod
2999 1946 3237 2003 libertas
3289 1945 3411 2001 base
3458 1946 3649 2017 major
3698 1944 3777 2002 sit

2129 2038 2398 2109 servitus,
2433 2043 2497 2094 ut
2527 2038 2681 2110 quod
2727 2042 2861 2094 ante
2909 2035 3001 2092 lex
3047 2037 3118 2092 ab
3167 2034 3368 2091 invitis
3396 2034 3780 2106 extorquebat

2129 2127 2665 2199 obsequium,nunc
2693 2142 2796 2198 per
2823 2125 3166 2182 charitatem
3196 2123 3363 2180 vobis
3394 2123 3640 2180 invicem
3662 2139 3780 2178 ser-

2128 2215 2633 2287 viatis.Siquidem
2666 2231 2838 2270 omne
2868 2213 3014 2269 illud
3045 2212 3190 2286 legis
3219 2229 3389 2279 onus,
3409 2217 3467 2268 et
3491 2211 3780 2284 multipli-

2131 2306 2220 2361 cia
2250 2308 2556 2377 praecepta,
2590 2321 2705 2360 non
2737 2308 2857 2359 tam
2891 2301 3128 2358 exclusa
3155 2305 3296 2357 sunt
3336 2318 3438 2374 per
3484 2299 3782 2372 Evangelii

2131 2393 2402 2466 gratiam,
2436 2409 2609 2464 quam
2643 2409 2760 2448 uno
2792 2391 3094 2448 charitatis
3124 2406 3392 2446 sermone
3422 2388 3782 2457 breviata,ut

2132 2481 2450 2554 diligamus
2504 2480 2834 2554 proximum
2902 2481 3057 2536 sicut
3115 2479 3508 2551 nosmetipsos
3573 2478 3777 2549 (Matth.

2130 2589 2272 2638 xxn,
2300 2571 2412 2642 39).
2447 2570 2554 2635 Qui
2589 2569 2748 2625 enim
2779 2565 2971 2641 diligit
3000 2569 3352 2641 proximum,
3383 2571 3563 2623 totam
3592 2567 3778 2640 legem

2131 2659 2338 2731 implet
2366 2661 2542 2731 (Rom.
2575 2676 2701 2725 xm,
2734 2659 2811 2725 8),
2856 2658 3012 2714 bona
3056 2658 3108 2713 ei
3159 2657 3445 2724 tribuens,
3480 2655 3638 2714 mala
3665 2671 3781 2712 non

2131 2748 2408 2804 inferens.
2444 2747 2602 2811 Quod
2637 2746 2688 2802 si
2718 2751 2906 2802 cesset
2952 2746 3185 2802 dilectio
3217 2746 3258 2817 ⁸,
3289 2752 3347 2802 et
3374 2761 3489 2802 non
3521 2745 3598 2802 sit
3640 2745 3784 2801 cha-

2133 2837 2296 2907 ritas,
2331 2853 2432 2909 per
2460 2851 2639 2908 quam
2669 2835 2760 2891 lex
2788 2836 3063 2891 universa
3102 2834 3446 2908 completur,
3480 2833 3784 2906 publicum

2133 2925 2429 2997 quoddam
2459 2924 2613 2980 inter
2644 2923 2913 2981 homines
2943 2923 3317 2979 latrocinium
3348 2923 3472 2991 erit,
3490 2928 3556 2979 ut
3583 2927 3786 2979 contra

2133 3031 2194 3070 se
2225 3014 2472 3070 invicem
2504 3013 2838 3068 defurentes
2872 3012 2978 3086 [AL
3012 3013 3383 3084 deferentes],
3415 3027 3595 3085 seque
3627 3028 3785 3068 mor-

2135 3104 2355 3172 dentes,
2398 3107 2826 3158 consumantur
2873 3102 2946 3157 ab
2995 3102 3242 3157 invicem
3292 3101 3462 3172 (Vers.
3515 3103 3623 3170 15).
3675 3101 3786 3157 Vos

373 3173 508 3248 nem
538 3192 846 3247 videantur
875 3173 1324 3263 pertinere—nec
1363 3193 1434 3247 ad
1459 3173 1780 3264 ‘spiritum.
1813 3197 2024 3248 Carna-
2056 3173 2098 3241 C
2138 3196 2356 3256 autem,
2405 3191 2636 3258 fratres,
2680 3194 2984 3263 propterea
3031 3189 3357 3246 secundum
3415 3189 3784 3262 spiritualem

375 3280 460 3337 les
493 3279 766 3350 dicimur,
784 3281 1018 3353 quando
1047 3284 1199 3336 totos
1231 3297 1336 3336 nos
1360 3281 1760 3352 voluptatibus
1789 3283 2020 3337 damus.

375 3368 984 3442 Spirituales,quando
1015 3369 1298 3440 Spiritum
1329 3373 1598 3424 sanctum
1631 3370 1908 3441 praevium
1941 3387 2026 3426 se-

374 3459 635 3530 quimur,
666 3458 725 3514 id
757 3462 864 3525 est,
897 3475 1032 3512 cum
1064 3457 1190 3528 ipso
1223 3457 1486 3529 sapimus
1519 3457 1866 3525 instruente,
1895 3459 2022 3530 ipso

375 3539 654 3602 docemur
683 3551 936 3601 auctore.
970 3545 1266 3601 Animales
1297 3563 1426 3602 reor
1455 3562 1584 3602 esse
1621 3545 2020 3618 philosophos,

375 3634 476 3706 qui
509 3634 777 3708 proprios
807 3635 1097 3707 cogitatus
1127 3640 1337 3707 putant
1374 3652 1503 3690 esse
1546 3635 1916 3706 sapientiam,
1952 3637 2024 3692 de

375 3722 594 3794 quibus
646 3727 802 3778 recte
854 3722 1067 3778 dicitur
1115 3741 1128 3778 :
1182 3725 1453 3779 Anima—lis
1493 3732 1676 3779 autem
1721 3726 1876 3781 homo
1916 3743 2024 3782 non

376 3813 571 3883 recipit
597 3811 711 3884 [ΑΙ.
741 3813 994 3883 percipit]
1019 3829 1087 3867 ea
1133 3827 1258 3884 qua:
1299 3821 1423 3868 sunt
1469 3815 1720 3884 spiritus.
1774 3814 2024 3870 Stultitia

375 3900 584 3974 quippe
636 3903 714 3956 est
741 3901 794 3956 ei
823 3900 869 3972 (I
903 3889 1022 3956 Cor.
1075 3918 1137 3968 ιι,
1193 3901 1278 3972 14)
1327 3901 1487 3964 Quod
1538 3907 1603 3957 ut
1653 3903 2023 3960 manifestius

373 3985 495 4055 fiat,
549 3989 786 4062 aliquod
841 4005 1151 4046 sumamus
1207 3989 1539 4062 exemplum
1575 4009 1587 4045 :
1622 3993 1784 4062 Caro,
1845 3996 2019 4063 terra,

373 4078 592 4148 anima,
626 4096 858 4146 aurum,
907 4078 1170 4151 spiritus,
1223 4078 1376 4152 ignis
1422 4084 1716 4135 vocentur.
1753 4081 2020 4145 Quandiu

373 4181 585 4224 aurum
616 4167 791 4223 fuerit
821 4168 881 4222 in
912 4172 1087 4234 terra,
1119 4166 1312 4242 perdit
1337 4167 1686 4224 vocabulum
1737 4185 1933 4238 suum,
1967 4173 2024 4224 et

376 4273 410 4311 a
437 4260 593 4311 terra
623 4257 715 4310 cui
749 4257 1124 4312 commistum
1159 4260 1267 4326 est,
1302 4255 1647 4330 appellatur.
1695 4256 1838 4312 Cum
1887 4275 2020 4313 vero

375 4348 710 4416 separatum
743 4345 816 4400 ab
847 4346 1048 4416 humo,
1083 4346 1210 4402 auri
1240 4350 1296 4401 et
1327 4346 1580 4418 speciem
1604 4350 1661 4401 et
1689 4363 1900 4402 nomen
1933 4364 2024 4402 ac-

447 4489 463 4523 ¹
496 4485 847 4559 Origeniana
877 4487 1165 4544 sententia
1217 4487 1337 4543 haec
1379 4493 1486 4555 est,
1537 4488 1734 4544 anima
1764 4489 2018 4546 mediam

371 4575 501 4632 esse
531 4560 967 4632 quodammodo
987 4559 1443 4632 spirituminter
1468 4564 1528 4632 et
1557 4577 1790 4616 carnem
1819 4563 2018 4617 :«Cum

373 4630 606 4693 dicitur,
639 4631 832 4704 inquit
862 4630 958 4686 ille
986 4630 1087 4686 lib.
1125 4649 1139 4684 1
1171 4630 1228 4704 in
1263 4631 1582 4702 Epistolam
1609 4633 1680 4686 ad
1727 4633 2020 4689 Romanos

372 4721 412 4773 ι,
446 4704 585 4774 quia
613 4703 743 4759 caro
773 4704 1104 4774 concupiscit
1150 4703 1416 4757 adversus
1461 4705 1739 4774 spiritum,
1787 4707 2018 4774 spiritus

370 4783 554 4830 autem
581 4775 839 4832 adversus
867 4774 1314 4841 carnem,media
1346 4775 1545 4846 procul
1577 4774 1753 4830 dubio
1786 4776 2023 4846 ponitur

371 4846 590 4908 anima,
639 4864 766 4918 quae
813 4847 901 4903 vel
952 4846 1260 4902 desideriis
1292 4845 1535 4970 spiritus
1576 4845 1907 4915 acquieScat
1933 4847 2018 4903 vel

371 4918 441 4970 ad
471 4917 666 4970 carnis
695 4917 1200 4970 concuniscentias
1230 4917 1324 4970 inc
1353 4917 1594 4970 inetur.»
1637 4917 1734 4970 llis
1767 4917 1926 4970 naria
1960 4919 2015 4970 in

370 4918 441 4990 ad
471 4917 672 4990 carnis
695 4917 1200 4990 concupiscentiae
1230 4917 1594 4971 inclinetur.»
1637 4917 1734 4971 llis
1766 4917 2016 4990 pariain

411 4987 664 5060 lerisque
693 4989 822 5060 ejus
854 4987 1020 5045 libris
1052 4989 1311 5044 invenire
1341 4993 1428 5043 est
1456 5005 1469 5043 :
1505 5004 1608 5042 nec
1639 4987 1894 5058 profecto
1916 4989 2019 5044 du-

411 5059 699 5132 itandum,
728 5061 868 5131 quia
921 5061 990 5116 ab
1043 5061 1164 5128 illo,
1214 5061 1284 5115 ad
1335 5059 1504 5132 cujus
1535 5060 2016 5118 seimitationem

367 5131 684 5205 contulisse
737 5149 852 5205 non
901 5132 1203 5201 diffitetur,
1259 5131 1640 5205 llierOnymus
1689 5133 2013 5205 doctrinam

365 5201 848 5276 hanchauserit.
900 5205 972 5258 At
1020 5210 1240 5259 certum
1292 5201 1523 5276 quoque
1556 5209 1663 5270 est,
1699 5202 1757 5276 in
1798 5204 2012 5260 bonam

364 5274 549 5346 accipi
584 5291 754 5346 posse
784 5278 1031 5347 partem,
1065 5280 1120 5330 et
1149 5274 1325 5346 quem
1366 5274 1638 5348 spiritum
1681 5275 1909 5348 dicunt,
1944 5294 2013 5332 ex

363 5345 688 5420 eoru’mr’net
718 5345 894 5401 sensu
927 5345 1231 5420 auctorum
1265 5363 1371 5420 pro
1401 5345 1619 5420 animas
1669 5345 2007 5420 ᾐγεμονικῶ,

363 5417 503 5492 sive,
551 5419 877 5490 principali,
939 5417 1145 5492 debere
1194 5417 1434 5492 intelligi
1469 5437 1479 5472 :
1515 5417 1826 5492 pluresque
1865 5419 2010 5492 alios

364 5488 563 5546 Patres
591 5506 913 5556 occurrere,
939 5488 1036 5561 qui
1070 5489 1176 5545 hoc
1207 5488 1774 5562 sensufsuperiorein
1798 5491 2006 5545 anima:

363 5563 533 5634 quasi
567 5567 790 5644 partem
841 5561 1088 5642 spiritus
1139 5561 1528 5687 appellatione
1573 5562 1808 5644 donent.
1848 5563 2006 5642 Unus

363 5650 466 5687 nro
497 5638 728 5687 cunctis
776 5635 1162 5687 Augustinus.
1237 5633 1314 5687 1b.
1370 5649 1408 5687 ιι
1455 5637 1524 5687 de
1573 5634 1777 5687 Genesx
1810 5633 1882 5687 ad
1917 5633 2003 5687 lit.

362 5632 466 5706 pro
497 5632 728 5690 cunctis
776 5632 1162 5706 Augustinus,
1213 5632 1314 5687 lib.
1370 5649 1408 5690 ιι
1455 5637 1524 5688 de
1573 5632 1777 5690 Genesi
1810 5633 1882 5690 ad
1917 5633 2003 5691 lit.

2134 3281 2321 3353 legem
2353 3280 2580 3336 debetis
2609 3279 2908 3350 vivere,ne
2937 3279 3226 3335 desideria
3247 3295 3377 3351 quas
3406 3279 3601 3336 carnis
3622 3282 3780 3346 sunt,

2135 3369 2449 3441 perficiatis
2479 3370 2648 3441 (Vers.
2685 3369 2794 3439 16).
2824 3369 2967 3424 Caro
3012 3369 3169 3423 enim
3220 3369 3407 3440 frigus
3447 3368 3638 3435 timet,
3688 3384 3782 3423 as-

2133 3463 2414 3529 pernatur
2463 3458 2701 3523 famem,
2753 3461 3094 3513 attenuatur
3141 3456 3379 3529 vigiliis,
3437 3455 3790 3513 libidinibus.

2133 3547 2478 3614 exardescit,
2506 3547 2708 3602 mollia
2739 3563 2984 3619 quisque
3014 3551 3069 3601 et
3091 3545 3361 3618 jucunda
3389 3545 3701 3602 desiderat.
3735 3546 3782 3601 E

2133 3641 2334 3692 contra
2363 3635 2629 3707 spiritus,
2681 3652 2750 3691 ea
2793 3652 2920 3706 quas
2967 3636 3128 3690 carni
3173 3635 3469 3691 contraria
3516 3637 3678 3700 sunt,
3722 3637 3782 3689 et

2133 3742 2257 3796 quae
2291 3724 2458 3779 illum
2490 3723 2794 3780 debilitare
2821 3729 3061 3795 queant,
3094 3723 3333 3796 expetit.
3368 3723 3437 3778 Et
3473 3722 3556 3779 ita
3603 3722 3687 3790 fit,
3715 3726 3782 3778 ut

2133 3830 2248 3868 non
2279 3812 2408 3869 ideo
2439 3813 2578 3884 quia
2609 3814 2717 3868 sub
2750 3813 3027 3868 servitute
3055 3811 3202 3885 legis
3233 3827 3362 3868 esse
3391 3811 3656 3880 cessatis,
3672 3827 3780 3883 pu-

2131 3902 2267 3958 tetis
2319 3918 2447 3957 esse
2489 3919 2590 3957 vos
2620 3900 2833 3958 liberos
2865 3917 2880 3955 :
2914 3902 3015 3957 sed
3065 3900 3270 3957 sciatis
3319 3900 3510 3973 magis
3556 3903 3777 3956 nature

2129 4009 2232 4046 vos
2262 3991 2386 4062 lege
2412 3991 2669 4061 retineri,
2703 3990 2843 4062 quia
2872 4007 2988 4045 non
3021 3990 3221 4046 statim
3272 3989 3324 4044 si
3373 3989 3463 4046 lex
3509 4005 3625 4045 non
3669 3989 3777 4044 im-

2131 4085 2316 4152 perat,
2369 4085 2426 4135 et
2473 4085 2682 4136 natura
2711 4079 2978 4146 cessavit,
3032 4095 3104 4135 ne
3152 4078 3524 4135 voluntatem.
3558 4077 3780 4134 scilicet

2129 4174 2404 4236 vestram,
2459 4186 2633 4241 opera
2684 4170 3142 4240 subsequantur,
3183 4168 3286 4224 sed
3335 4167 3667 4239 frequenter
3708 4182 3780 4223 ea

2129 4259 2318 4314 facere
2356 4257 2812 4330 compellamini,
2867 4261 3230 4330 repugnante
3277 4273 3452 4312 carne
3497 4256 3778 4314 adversus

2131 4346 2433 4418 spiritum,
2466 4363 2592 4418 quae
2641 4348 2830 4403 facere
2875 4363 2992 4402 non
3036 4345 3233 4402 vultis.
3267 4345 3346 4401 Ex
3376 4361 3511 4417 quo,
3544 4345 3776 4413 fratres,

2129 4505 2279 4565 σερε.
2319 4490 2404 4556 12,
2458 4487 2686 4565 laudari
2740 4485 2945 4559 possit,
2977 4487 3077 4545 ubi
3108 4487 3368 4544 animam
3399 4487 3780 4565 tanquamin‘

2130 4557 2320 4632 medio
2365 4559 2632 4632 positam
2688 4557 3114 4632 nonnunquam
3172 4577 3206 4614 a
3243 4576 3434 4632 icarne
3501 4557 3571 4615 ad
3637 4557 3780 4632 vitia'

2133 4630 2851 4704 deprimi,inonnunquam
2885 4649 2918 4686 a
2946 4630 3155 4704 spiritu
3189 4631 3259 4686 ad
3289 4631 3562 4704 virtutem
3607 4631 3774 4704 erigi,

2134 4702 2359 4758 scribit.
2394 4702 2760 4774 Plures‘vero
2792 4702 2996 4773 quam'
3020 4703 3119 4774 qui
3167 4703 3396 4774 possint
3442 4702 3688 4760 indicari
3719 4703 3777 4758 in

2131 4777 2259 4846 ejus
2288 4774 2572 4847 Operibus
2603 4772 2712 4830 loci
2745 4772 2903 4847 sunt,
2938 4774 2998 4829 in
3031 4772 3248 4847 quib—us
3274 4775 3551 4847 spiritum
3584 4775 3780 4847 carnis

2130 4845 2529 4919 adversarium
2591 4862 2692 4919 pro
2739 4845 2956 4919 animae
3010 4845 3330 4918 principali
3378 4846 3570 4919 plane
3604 4846 3779 4918 juxta

2129 4919 2432 4990 Origenem
2495 4915 2797 4990 intellexit.
2852 4915 2929 4971 Ex
2977 4915 3092 4988 quo
3143 4915 3772 4990 m'irum'magis'_est,

2127 4987 2282 5062 quod
2318 4987 2722 5059 Pelagianismi
2754 4987 2903 5042 banc
2932 4987 3298 5062 sententiam
3347 4987 3582 5045 accuset
3627 4988 3769 5058 Jan-

2127 5061 2346 5128 senius,
2380 5062 2732 5132 omniumque
2781 5061 3008 5132 omnino
3046 5061 3513 5132 Pelagianorum,
3538 5075 3768 5132 quorum

2124 5135 2330 5203 scripta
2360 5131 2542 5186 videre
2565 5129 2764 5203 potuit,
2798 5131 3090 5202 propriam
3123 5129 3296 5201 dicat,
3330 5149 3464 5188 cum
3506 5129 3770 5187 luculen-

2124 5211 2211 5259 ter
2233 5202 2381 5259 adeo
2417 5204 2630 5276 nedum
2665 5202 3010 5274 Hieronymo
3043 5204 3342 5276 probetur,
3391 5205 3492 5276 sed
3542 5206 3597 5259 et
3642 5207 3768 5259 Au-

2121 5277 2377 5348 gustino,
2412 5275 2581 5345 cujus
2613 5290 2846 5348 summa
2870 5271 3072 5348 contra
3121 5275 3251 5332 illos
3295 5271 3601 5332 haereticos
3630 5291 3761 5332 sen-

2121 5345 2305 5402 tentia
2333 5351 2506 5417 atque
2536 5345 2851 5402 auctoritas
2883 5345 3011 5403 fuit.

2191 5421 2211 5452 ²
2243 5425 2364 5474 Duo
2397 5416 2518 5473 mss
2551 5435 2564 5474 :
2600 5417 2822 5485 Quando
2842 5434 2898 5473 se
2921 5421 3143 5490 proprio
3171 5417 3461 5474 tradiderit
3478 5416 3761 5488 cogitatui,

2118 5497 2228 5546 etc.

2186 5564 2208 5596 ³
2237 5566 2302 5616 In
2337 5560 2600 5636 Palatim.
2631 5575 2773 5636 mss.
2803 5559 2976 5636 Quasi
2992 5562 3052 5636 si
3079 5565 3244 5636 cesset
3273 5561 3525 5626 dilectio;
3557 5575 3764 5619 secun-

2115 5635 2188 5690 da
2217 5650 2396 5693 manu
2431 5650 2444 5690 :
2478 5633 2646 5702 Quasi
2673 5631 2752 5689 sic
2777 5637 2911 5692 esset
2937 5631 3171 5694 dilectio.
