4144 6202
377 335 490 414 μί

1041 334 1556 400 COMMENTAR.
1603 337 1681 400 IN
1723 338 1974 402 EPIST.
2020 338 2124 400 AD
2171 336 2448 401 GALAT.
2498 336 2646 400 LIB.
2692 336 2797 414 Ill,
2844 335 3014 399 CAP.
3057 334 3133 398 ν.

3666 333 3788 396 ιιι-2

384 470 651 540 obsecro,
681 471 894 524 utnon
929 467 1077 525 detis
1108 469 1429 527 libertatem
1463 478 1716 529 vestram
1758 473 1816 528 in
1866 489 2029 530 occa-
2063 471 2118 538 Α
2146 470 2311 536 dixit,
2355 474 2534 544 factus
2583 471 2683 527 sub
2737 471 2876 540 lege,
2926 470 3048 536 sed,
3097 471 3272 541 factus
3321 469 3482 541 quasi
3525 467 3628 526 sub
3672 467 3790 540 lege

385 559 614 628 sionem
648 557 865 620 carnis,
901 559 1002 613 sed
1038 560 1226 632 magis
1257 561 1489 632 spiritui
1531 562 1818 629 servistis,
1856 567 1918 616 ut
1948 562 2035 617 in-

385 647 621 721 cipiatis
651 665 718 703 ea
750 648 939 704 facere
969 664 1096 719 quae
1128 649 1324 716 vultis,
1359 657 1415 706 et
1446 651 1592 706 nihil
1640 653 1848 708 debere
1900 651 2034 723 legi,

386 737 449 798 id
482 741 593 803 est,
628 753 744 792 non
776 753 906 792 esse
940 737 1049 791 sub
1095 755 1287 794 carne.
1322 740 1467 804 Quia
1516 740 1844 797 libertatem
1893 741 2038 811 legis

386 825 618 886 abolitae
655 829 674 864 ι
722 831 864 881 tunc
912 842 1046 882 vere
1075 827 1131 880 in
1166 827 1473 900 Evangelio
1505 829 1717 886 habere
1749 830 2035 902 poteritis,

385 931 522 988 cum
572 931 678 972 vos
727 931 1104 987 nequaquam
1150 934 1284 974 caro
1317 919 1667 990 compulerit
1699 921 1882 976 facere
1912 936 2038 990 quae

387 1020 505 1062 non
536 1002 737 1072 vultis,
768 1004 870 1059 sed
919 1004 1152 1077 spiritui
1200 991 1888 1079 servientes,'"docueritis
1938 1027 2041 1066 vos

385 1109 506 1166 non
538 1108 669 1149 esse
697 1092 803 1160 sub
835 1092 980 1167 lege.
1018 1096 1084 1150 Et
1115 1095 1256 1166 quia
1283 1113 1464 1168 supra
1493 1098 1818 1154 secundum
1853 1097 2041 1170 dupli-

388 1197 521 1252 cem
551 1181 994 1254 intelligentiam
1031 1182 1183 1239 hunc
1222 1183 1415 1242 locum
1456 1203 1819 1258 cmperamus
1864 1204 2038 1260 expc--

393 1287 557 1339 nere,
590 1271 887 1330 reddenda
938 1277 1080 1328 sunt
1127 1290 1254 1344 quae
1302 1276 1634 1332 omisimus.
1669 1278 1809 1333 Caro
1843 1293 2040 1333 concu-

387 1362 555 1434 piscit
602 1361 862 1416 adversus
912 1363 1196 1434 spiritum,
1230 1363 1288 1418 id
1337 1368 1446 1434 est,
1492 1364 1737 1421 historia
1783 1370 1840 1420 et
1888 1365 2041 1422 Scri-

391 1455 578 1526 pturaa
633 1465 882 1506 carneus
939 1449 1292 1517 intellectus,
1339 1458 1540 1508 contra
1589 1453 1926 1526 allegoriam
1987 1458 2045 1510 et

392 1536 760 1612 spiritualem
785 1539 1112 1596 doctrinam
1139 1547 1444 1613 repugnat.
1469 1542 1708 1614 Spiritus
1741 1553 1923 1600 autem
1950 1543 2044 1600 ad-

393 1643 578 1696 versus
614 1643 860 1694 carnem,
892 1628 951 1683 id
1001 1633 1109 1698 est,
1144 1629 1489 1692 sublimiora
1535 1632 1795 1703 dejectis,
1831 1637 2043 1689 aeterna

393 1716 695 1786 brevibus,
729 1717 952 1773 umbrae
991 1718 1205 1774 veritas
1251 1720 1594 1792 refragatur.
1628 1723 1783 1780 503
1814 1723 1883 1778 Et
1913 1739 2044 1778 car-

395 1821 544 1878 neus
566 1805 878 1878 Scriptura:
909 1823 1138 1875 sensus,
1167 1807 1269 1880 qui
1300 1809 1604 1881 adimpleri
1637 1812 1743 1880 [ΑΙ.
1771 1813 1910 1883 quia
1940 1813 2045 1868 im-
2077 1847 2122 1914 Β

395 1893 561 1914 _.__,,
611 1911 719 1914 __--
1207 1913 1216 1914 ,
1274 1897 1286 1910 .
1463 1897 1476 1914 ι
1832 1902 1843 1912 .

393 1893 561 1967 pleri]
611 1911 728 1951 non
783 1899 976 1966 potest
1020 1896 1148 1968 (nec
1196 1897 1351 1953 enim
1391 1897 1654 1956 valemus
1685 1902 1884 1958 omnia
1915 1918 2040 1973 quae

392 1983 612 2055 scripta
641 1988 782 2039 sunt
811 1983 1021 2055 facere)
1053 1986 1310 2042 ostendit
1339 2003 1445 2042 nos
1478 2005 1590 2044 non
1625 1989 1685 2044 in
1718 1995 1917 2046 nostra
1948 2007 2042 2063 po.

392 2071 540 2130 sitos
571 2077 861 2144 potestate
891 2072 1037 2146 legis
1069 2074 1385 2146 explenda,
1417 2093 1551 2132 cum
1582 2077 1757 2134 etiam
1805 2080 1853 2134 si
1904 2081 2042 2136 veli-

391 2177 532 2228 mus
557 2161 812 2218 litteram
868 2163 1056 2234 sequi,
1091 2163 1536 2236 impossibilitas
1584 2185 1699 2224 non
1749 2169 2040 2226 admittat.

464 2250 651 2318 (Vere.
688 2251 800 2323 18,)
843 2274 872 2302 «
907 2253 1069 2320 Quod
1102 2254 1152 2309 si
1179 2254 1384 2325 spiritu
1418 2256 1723 2324 ducimini,
1757 2275 1872 2314 non
1903 2259 2046 2316 estis

393 2339 512 2409 sub
563 2339 705 2412 lege.
736 2362 765 2391 ››
820 2340 1103 2412 Spiritum
1148 2359 1264 2398 non
1294 2360 1450 2415 eum,
1482 2345 1554 2401 de
1585 2363 1699 2418 quo
1729 2348 2045 2420 Apostolus

391 2427 458 2494 in
509 2427 621 2484 alio
665 2427 791 2486 loco
841 2429 1146 2502 loquitur:
1200 2435 1318 2504 Ipse
1374 2434 1617 2504 Spiritus
1673 2439 2046 2494 testimonium

386 2517 645 2591 perhibet
687 2521 915 2590 spiritui
963 2529 1165 2592 nostro,
1201 2522 1343 2592 quod
1371 2539 1560 2579 sumus
1588 2525 1695 2595 ﬁlii
1723 2527 1824 2585 Dei
1865 2529 2042 2598 (Rom.

391 2622 518 2677 un,
538 2608 646 2680 16),
662 2607 718 2663 id
744 2613 982 2674 est,non
1005 2608 1276 2682 spiritum
1300 2611 1559 2669 hominis
1581 2615 1682 2685 qui
1705 2615 1762 2670 in
1787 2615 1914 2687 ipso
1936 2621 2046 2683 est,

395 2695 500 2764 sed
524 2695 809 2767 Spiritum
834 2703 1106 2756 sanctum
1139 2700 1469 2772 significat:
1502 2718 1678 2773 quem
1711 2711 2044 2776 sequentes,

393 2783 686 2854 efficimur
715 2786 1076 2858 spirituales,
1107 2792 1164 2851 et
1194 2790 1304 2844 sub
1335 2788 1459 2862 lege
1491 2807 1652 2848 essse
1682 2792 2044 2849 desistimus.

392 2871 730 2941 Notandum
764 2891 900 2946 ergo
932 2878 1085 2948 quod
1118 2876 1215 2932 hic
1245 2877 1490 2949 spiritus
1521 2896 1634 2935 non
1679 2897 1812 2937 cum
1866 2878 2047 2957 ἄρθρῳ

401 2961 707 3034 (articulo),
741 2968 798 3018 et
825 2980 960 3019 cum
993 2965 1392 3022 additamento
1422 2967 1641 3040 aliquo,
1673 2968 1826 3025 sicut
1855 2969 1914 3026 in
1948 2987 2050 3028 cte-

397 3050 544 3108 teris
573 3050 847 3124 legimus,
872 3053 1143 3124 spiritum
1169 3056 1662 3128 mansuetudinis,
1689 3062 1746 3113 et
1773 3059 2047 3130 spiritum

400 3139 542 3210 ﬁdei
577 3156 603 3195 :.
649 3141 749 3196 sed
799 3141 1147 3214 simpliciter
1193 3143 1448 3215 Spiritus
1497 3145 1872 3217 appellatur:
1923 3165 2050 3219 quae

2145 561 2310 631 (Ibid.
2343 562 2453 632 21),
2496 565 2560 616 ut
2612 560 2945 616 ostenderet
2997 575 3059 614 se
3109 575 3222 614 non
3270 558 3570 614 veritatem
3621 556 3788 628 legis,

2147 652 2247 708 sed
2281 650 2730 706 similitudinem
2778 635 3437 706 custodisse.‘Videmur
3468 646 3634 702 nobis
3667 646 3787 703 sol-

2147 739 2296 795 visse
2328 739 2685 810 propositam
2718 738 3118 810 quaestionem.
3153 737 3257 792 Sed
3318 737 3456 807 quid
3510 736 3790 793 faciemus

2147 829 2217 884 de
2262 828 2360 883 illo
2409 827 2570 883 Pauli
2604 827 2856 898 capitulo
2888 829 3043 885 504
3073 824 3322 882 dicentis
3356 843 3369 880 :
3427 825 3562 882 Cum
3609 830 3794 881 autem

2148 917 2292 974 venit
2321 915 2612 988 plenitudo
2640 918 3088 988 temporis,misil
3117 917 3255 972 Deus
3285 915 3467 985 ﬁlium
3493 931 3674 980 suum,
3705 916 3792 986 fa-

2147 1014 2293 1063 ctum
2321 1022 2390 1062 ea:
2417 1007 2674 1069 muliere,
2699 1008 2910 1077 factum
2937 1006 3036 1061 sub
3067 1006 3199 1077 lege,
3225 1017 3282 1060 ut
3309 1020 3398 1060 eos
3428 1005 3524 1076 qui
3549 1004 3647 1060 sub
3678 1004 3796 1073 lege

2147 1099 2332 1162 erant,
2383 1095 2669 1150 redimeret
2703 1094 2841 1162 (Gal.
2875 1111 2952 1164 ιν,
2986 1095 3038 1166 4,
3069 1094 3124 1164 5)
3145 1095 3173 1148 ‘!
3216 1093 3274 1149 Si
3323 1093 3478 1149 enim
3528 1091 3793 1149 Christus

2151 1185 2259 1242 sub
2292 1184 2416 1254 lege
2447 1184 2573 1249 fuit,
2597 1188 2655 1240 et
2687 1201 2799 1238 non
2831 1183 2999 1255 quasi
3031 1183 3141 1239 sub
3173 1182 3317 1254 lege,
3345 1186 3469 1238 tota
3494 1181 3596 1238 illa
3625 1197 3794 1254 supe-

2151 1274 2268 1330 rior
2297 1272 2616 1344 disputatio
2645 1290 2826 1328 vacua
2856 1273 2974 1329 ﬁet.
3007 1272 3224 1328 Verum
3256 1276 3314 1328 et
3355 1271 3476 1328 haec
3504 1271 3794 1344 oppositio

2151 1362 2221 1417 de
2272 1379 2377 1417 suo
2426 1363 2681 1418 solvetur
2728 1361 2873 1419 loco.
2906 1361 3010 1427 Qui
3066 1360 3222 1418 enim
3270 1366 3575 1433 propterea
3604 1361 3795 1417 factus

2151 1451 2262 1506 sub
2294 1449 2418 1523 lege
2449 1454 2558 1520 est,
2590 1455 2653 1506 ut
2684 1467 2783 1507 eos
2816 1451 2914 1523 qui
2947 1454 3116 1506 erant
3145 1450 3254 1506 sub
3286 1449 3430 1522 lege,
3460 1448 3794 1521 redimeret,

2152 1539 2356 1611 utique
2389 1556 2520 1595 cum
2555 1543 2708 1596 esset
2735 1539 2884 1596 liber
2914 1557 2948 1596 a
2973 1540 3118 1612 lege,
3148 1539 3262 1612 legi
3314 1555 3375 1596 se
3406 1538 3668 1595 subdidit
3697 1555 3795 1595 vo-

2150 1628 2375 1684 luntate
2401 1646 2413 1684 :
2447 1633 2506 1684 et
2536 1629 2721 1684 multo
2752 1633 2876 1684 erat
2905 1628 3084 1684 Paulo
3116 1628 3372 1695 liberior,
3407 1626 3508 1699 qui
3539 1644 3654 1683 non
3686 1627 3795 1682 sub

2152 1717 2300 1790 lege,
2334 1718 2434 1774 sed
2466 1718 2634 1787 quasi
2663 1719 2770 1774 sub
2810 1717 2936 1791 lege
2983 1735 3045 1775 se
3095 1717 3276 1774 fuisse
3313 1720 3560 1774 testatus
3589 1721 3697 1774 est.
3731 1716 3798 1772 Et

2154 1807 2446 1880 quomodo
2495 1808 2554 1863 in
2604 1825 2828 1864 caenum
2871 1813 2928 1864 et
2957 1807 3300 1864 barathrum
3332 1806 3538 1864 mortis
3565 1810 3800 1879 propter

2154 1914 2263 1956 nos
2310 1897 2630 1965 descendit,
2663 1897 2764 1969 qui
2814 1897 3130 1953 orabamus
3176 1896 3484 1953 dicentes:
3536 1898 3668 1966 Quis
3712 1912 3801 1952 me

2155 1987 2411 2042 liberabit
2440 1986 2506 2042 de
2534 2002 2754 2058 corpore
2779 1988 2976 2042 mortis
3005 1986 3169 2057 hujus
3198 1987 3371 2057 (Rom.
3404 2001 3503 2052 vn,
3534 1985 3674 2051 24)?
3718 1984 3802 2042 ita

2154 2079 2210 2131 et
2241 2092 2306 2130 ex
2339 2075 2586 2131 muliere
2617 2075 2777 2130 nasci
2810 2073 3012 2141 voluit,
3046 2079 3102 2129 et
3130 2090 3256 2130 esse
3288 2075 3396 2128 sub
3427 2072 3574 2144 lege,
3605 2076 3670 2128 ut
3700 2089 3800 2128 eos

2156 2165 2253 2236 qui
2289 2164 2408 2219 nati
2440 2169 2607 2220 erant
2635 2164 2707 2220 de
2738 2163 3002 2234 muliere,
3036 2167 3092 2218 et
3122 2163 3230 2218 sub
3262 2162 3407 2234 lege,
3440 2160 3706 2218 salvaret.
3731 2161 3802 2217 Et

2155 2258 2308 2308 certe
2361 2271 2477 2310 non
2523 2258 2612 2309 est
2661 2257 2836 2309 natus
2867 2253 2938 2309 de
2969 2252 3229 2320 muliere,
3264 2251 3322 2307 id
3354 2256 3462 2316 est,
3494 2251 3567 2307 de
3597 2255 3798 2322 nupta,

2156 2343 2257 2398 sed
2287 2343 2357 2398 de
2386 2343 2628 2415 virgine.
2663 2341 2880 2398 Verum
2914 2343 3152 2398 abusive
3182 2341 3340 2415 virgo
3373 2340 3582 2397 mulier
3610 2340 3802 2412 appel-

2155 2431 2274 2488 lata
2303 2436 2410 2499 est,
2445 2436 2684 2504 pr0pter
2715 2449 2812 2488 eos
2850 2432 2948 2504 qui
2982 2431 3143 2487 illam
3177 2430 3357 2486 fuisse
3385 2429 3670 2502 virginem
3703 2445 3801 2485 ne-

2157 2522 2440 2578 sciebant.
2475 2521 2548 2578 Ut
2579 2522 2777 2594 itaque
2809 2525 3047 2593 propter
3073 2520 3225 2583 illos,
3259 2519 3360 2590 qui
3400 2521 3662 2574 sanctam
3693 2521 3808 2573 Ma-

2158 2611 2305 2666 riam
2358 2611 2798 2666 arbitrabantur
2827 2609 3106 2666 maritum
3139 2609 3352 2665 habere
3382 2609 3422 2676 ²,
3458 2607 3673 2664 mulier
3703 2623 3806 2681 pro

2156 2701 2381 2772 virgine
2413 2699 2606 2771 posita
2633 2704 2722 2755 est
2751 2717 2763 2754 :
2798 2698 2881 2754 sic
2910 2703 3146 2772 propter
3176 2715 3274 2755 eos
3305 2698 3405 2770 qui
3436 2697 3809 2754 aestimabant

2157 2789 2450 2846 Christum
2503 2805 2630 2845 esse
2675 2789 2786 2844 sub
2839 2787 2986 2860 lege,
3043 2787 3366 2843 nescientes
3424 2786 3563 2858 quia
3616 2786 3808 2842 factus

2159 2882 2315 2935 esset
2347 2878 2440 2933 his
2471 2877 2572 2949 qui
2603 2881 2770 2933 erant
2798 2877 2908 2933 sub
2941 2876 3086 2948 lege,
3111 2875 3278 2947 quasi
3310 2875 3419 2932 sub
3451 2874 3575 2946 lege
3603 2875 3648 2945 (1
3679 2872 3804 2928 Cor.

2160 2985 2236 3032 1x,
2267 2967 2383 3037 21),
2416 2966 2631 3022 dicitur
2659 2971 2716 3022 et
2745 2965 2869 3038 ipse
2900 2967 3088 3021 factus
3118 2981 3245 3021 esse
3276 2965 3409 3020 sub
3430 2962 3556 3034 lege
3606 2961 3803 3034 (Galat.

2160 3072 2234 3124 1v,
2265 3056 2344 3123 5).

2233 3143 2416 3216 (Vers.
2479 3144 2692 3213 19-21.)
2746 3165 2776 3195 α
2819 3141 3128 3199 Manifesta
3185 3146 3381 3198 autem
3415 3125 3580 3198 'sunt
3634 3157 3810 3213 opera

398 3228 642 3300 quidem
671 3229 930 3294 minutias
961 3231 1151 3304 magis
1179 3231 1242 3288 in
1270 3236 1487 3301 Graeco,
1520 3250 1699 3304 quam
1743 3235 1803 3291 in
1848 3242 2052 3293 nostra
2081 3219 2124 3287 C
2161 3233 2376 3301 carnis,
2402 3249 2528 3304 quae
2559 3236 2717 3300 sunt,
2743 3232 3066 3299 fornicatio,
3090 3229 3488 3298 immunditia,
3512 3229 3744 3286 luxuria
3763 3231 3804 3296 ³,

401 3315 610 3389 lingua
636 3318 954 3376 observatas
983 3320 1107 3392 (qui
1139 3315 1308 3395 ἄρθρα
1338 3323 1570 3393 penitus
1599 3340 1715 3379 non
1745 3324 2056 3399 habemus)

401 3405 638 3462 videtur
665 3407 886 3479 aliquid
921 3407 1136 3465 habere
1168 3412 1472 3467 momenti.
1504 3412 1792 3476 Quaeritur
1838 3415 1896 3472 in
1945 3415 2057 3472 hoc

403 3495 553 3566 loco,
580 3495 630 3552 si
652 3496 990 3569 quicunque
1011 3499 1222 3570 spiritu
1245 3500 1500 3568 ducitur,
1524 3519 1639 3558 non
1661 3507 1750 3558 est
1775 3504 1886 3560 sub
1908 3504 2053 3578 lege,

405 3585 820 3642 utrum'Moses
842 3590 899 3642 et
919 3587 1234 3659 prophetas,
1253 3588 1343 3644 vel
1369 3590 1578 3662 spiritu
1602 3591 1714 3648 acti
1737 3591 1854 3648 sint
1877 3594 2052 3663 (Rom.

407 3688 534 3741 vru,
564 3674 676 3746 14),
708 3680 764 3740 et
795 3675 906 3731 sub
937 3674 1064 3748 lege
1101 3677 1368 3748 vixerint,
1404 3679 1560 3750 quod
1592 3680 1903 3752 Apostolus
1955 3699 2054 3738 ne-

404 3771 511 3834 gat
539 3777 554 3816 :
601 3766 702 3818 aut
730 3763 1015 3820 habentes
1045 3764 1342 3837 spiritum,
1376 3768 1486 3823 sub
1517 3767 1642 3840 lege
1674 3787 1786 3826 non
1819 3771 2054 3843 fuerint,

410 3850 567 3922 quod
590 3851 901 3920 Apostolus
932 3851 1031 3908 hic
1053 3854 1344 3916 afﬁrmat:
1379 3859 1481 3911 aut
1504 3857 1659 3927 quod
1683 3862 1773 3912 est
1796 3860 2054 3929 tertium,

408 3937 528 4005 sub
556 3937 682 4011 lege
719 3940 998 4008 viventes,
1031 3941 1306 4014 spiritum
1358 3960 1472 4002 non
1523 3944 1854 4018 habuerint,
1901 3949 2056 4018 quod

407 4025 483 4097 de
515 4026 692 4084 tantis
722 4027 866 4084 viris
893 4029 1059 4090 nefas
1091 4035 1178 4087 est
1213 4032 1465 4088 credere.
1490 4034 1573 4088 Ad
1605 4035 1760 4104 quod
1793 4053 1901 4091 nos
1929 4037 2056 4092 bre-

399 4115 552 4172 viter
606 4119 1140 4190 respondebimus:
1191 4120 1316 4176 Non
1370 4121 1526 4178 idem
1585 4139 1713 4178 esse
1770 4125 1878 4180 sub
1931 4124 2058 4197 legs

398 4219 552 4275 esse,
582 4210 644 4262 et
688 4222 820 4263 esse
869 4207 1039 4279 quasi
1080 4209 1191 4264 sub
1221 4207 1347 4282 lege
1376 4210 1426 4282 (Ι
1452 4211 1571 4267 Cor.
1606 4228 1682 4280 ιχ,
1714 4212 1805 4284 21)
1839 4230 1852 4267 :
1907 4229 2057 4286 quo-

397 4295 576 4364 modo
606 4311 721 4358 non
755 4296 1014 4368 idipsum
1047 4301 1158 4363 est,
1189 4296 1250 4353 in
1281 4298 1670 4356 similitudine
1700 4302 1894 4357 carnis
1923 4319 2056 4374 pec~

399 4383 520 4450 cati
565 4385 741 4454 (Rom.
775 4402 896 4448 Vm,
930 4386 1008 4458 3),
1041 4391 1098 4443 et
1130 4386 1189 4442 in
1235 4403 1411 4445 carne
1454 4406 1582 4446 esse
1629 4391 1847 4461 peccati
1879 4393 2053 4462 (Rom.

400 4488 509 4542 vix,
542 4473 656 4542 25).
688 4474 804 4530 Nec
833 4475 988 4531 idem
1019 4480 1192 4539 sonat
1234 4493 1406 4534 verus
1435 4495 1696 4551 serpens,
1729 4485 1788 4536 et
1815 4481 1944 4537 arei
1977 4481 2056 4537 si-

398 4559 678 4658 militudo
712 4568 1027 4658 serpentis,
1041 4581 1226 4658 quem
1251 4572 1472 4639 Moyses
1501 4567 1562 4622 in
1588 4585 1782 4626 eremo
1814 4587 2057 4643 suspen-
2084 4591 2132 4658 Ι)

398 4651 485 4708 dit
514 4652 698 4722 (Num.
729 4671 850 4724 xxx,
882 4654 960 4725 9).
994 4654 1090 4712 Sic
1137 4655 1319 4729 igitur
1361 4661 1417 4712 et
1447 4662 1682 4714 sanctos
1713 4659 2049 4731 prophetas,

400 4743 460 4808 et
486 4739 747 4814 Moysen,
781 4743 1156 4806 ambulantes
1184 4745 1417 4817 spiritu,
1447 4749 1504 4801 et
1533 4746 1742 4818 spiritu
1773 4748 2051 4818 viventes,

398 4845 522 4886 non
567 4831 677 4888 sub
727 4830 875 4905 lege,
907 4833 1009 4891 sed
1045 4833 1214 4904 quasi
1245 4835 1356 4892 sub
1386 4833 1512 4908 lege
1559 4835 1792 4909 vixisse,
1825 4841 1890 4892 ut
1939 4837 2054 4910 ipsi

395 4919 744 4984 viderentur
774 4922 1010 4993 quidem
1043 4939 1174 4980 esse
1205 4925 1315 4981 sub
1347 4923 1512 4997 leget;
1544 4926 1644 4982 sed
1681 4943 1779 4982 eos
1811 4927 1911 4998 qui
1943 4928 2054 4984 sub

399 5006 528 5079 lege
576 5014 756 5074 erant
800 5009 1224 5084 lucrifacerent,
1259 5017 1315 5068 et
1360 5013 1432 5070 ab
1464 5013 1798 5071 humilitate
1828 5015 2051 5085 litterae,

398 5097 470 5166 ad
503 5095 881 5163 altitudinem
915 5100 1161 5173 spiritus
1201 5107 1601 5172 provocarent.
1634 5104 1780 5161 Nam
1815 5109 1872 5161 et
1900 5109 2052 5162 Pau-

394 5184 493 5250 lus
519 5186 624 5259 qui
649 5188 1139 5254 JudaeisJudteus
1169 5191 1359 5247 factus
1388 5197 1500 5263 est,
1534 5197 1592 5249 et
1619 5194 1897 5251 omnibus
1927 5212 2052 5252 om-

395 5275 516 5346 nia,
550 5280 616 5334 ut
641 5293 853 5343 omnes
883 5277 1254 5337 lucrit‘aceret
1282 5281 1329 5352 (I
1357 5280 1481 5337 Cor.
1516 5299 1592 5352 Ix,
1630 5283 1712 5350 19,
1743 5284 1835 5356 20)
1870 5301 1882 5340 :
1935 5301 2052 5342 non

463 5399 483 5474 ξ
508 5401 669 5474 idem
702 5419 876 5474 mss.,
910 5403 1223 5461 libertatem
1251 5407 1438 5462 carnis
1467 5405 1711 5464 abolita.

454 5471 766 5550 τινοιςὶιυω
797 5471 1004 5533 habere
1030 5477 1146 5531 duo
1177 5493 1324 5533 mss.
1361 5478 1656 5550 nesciunt,
1689 5483 1746 5534 et
1791 5496 1895 5550 pro
1928 5497 2054 5536 ma-

377 5545 576 5615 ritum,
609 5544 816 5621 legunt
862 5551 1228 5612 maritatam;
1261 5549 1608 5606 concinnius
1653 5544 1913 5606 maritam
1969 5550 2056 5608 le-

473 5632 526 5671 ι
689 5632 713 5639 ..

391 5632 474 5722 8‘3
505 5687 876 5751 Interserunt
918 5692 1038 5751 duo
1065 5707 1211 5753 mss.
1231 5691 1604 5765 impudicitia,
1631 5709 1808 5767 quam
1849 5709 2053 5754 vocem

2166 3321 2456 3378 idolorum
2491 3321 2762 3388 servitus,
2792 3321 3087 3387 veneﬁcia,
3122 3319 3462 3387 inimicitias,
3487 3319 3808 3376 contentio-

2167 3428 2290 3478 nes,
2350 3409 2772 3481 aemulationes,
2832 3410 2950 3481 iraa,
3014 3410 3167 3475 rixae,
3223 3409 3642 3478 dissensiones,
3691 3409 3806 3466 haz-

2167 3517 2346 3568 reses,
2407 3500 2661 3566 invidiae,
2717 3499 3049 3566 ebrietates,
3107 3499 3578 3566 comessationes,
3609 3503 3666 3555 et
3719 3499 3810 3556 his

2167 3589 2403 3658 similia,
2437 3574 2564 3662 quae
2597 3587 2845 3661 praedico
2875 3588 3038 3644 vobis
3071 3587 3223 3648 sicut
3250 3592 3306 3643 et
3337 3588 3575 3660 praedixi
3610 3605 3623 3643 :
3667 3605 3810 3661 quo-

2168 3679 2326 3735 niam
2351 3679 2449 3750 qui
2472 3678 2592 3734 hzec
2614 3681 2813 3750 agunt,
2831 3694 3074 3750 regnum
3095 3677 3197 3733 Dei
3221 3693 3334 3733 non
3358 3676 3759 3749 possidebunt.
3783 3701 3811 3728 υ

2167 3765 2448 3837 Superius
2493 3783 2625 3822 cum
2677 3781 3100 3838 exponeremus
3144 3765 3216 3822 de
3262 3782 3434 3822 carne
3482 3769 3540 3822 et
3578 3766 3810 3840 spiritu,

2167 3853 2936 3928 triplicem"intelligentiam
2969 3855 3303 3911 dixeramus
3335 3871 3355 3910 :
3406 3854 3495 3910 vel
3543 3872 3642 3911 eos
3685 3872 3814 3912 esse

2167 3959 2429 4013 carneos,
2463 3945 2564 4016 qui
2614 3945 2835 4016 parvuli
2890 3949 2948 4001 et
2991 3945 3272 4017 corporei,
3304 3944 3363 4000 in
3397 3943 3626 3999 Christo
3675 3943 3812 3999 soli-

2167 4035 2310 4090 dum
2365 4034 2584 4102 cibum,
2619 4038 2676 4089 et
2731 4035 2994 4105 perfectae
3043 4031 3228 4089 aetatis
3279 4031 3560 4088 alimenta
3610 4049 3813 4104 capere

2166 4139 2282 4178 non
2332 4128 2576 4194 possent
2624 4124 2676 4194 (ι
2711 4125 2840 4178 Cor.
2887 4139 2972 4191 ιιι,
3008 4124 3056 4189 1,
3092 4122 3194 4191 2):
3249 4121 3337 4176 vel
3393 4119 3659 4177 carnales
3715 4136 3816 4176 eos

2167 4229 2315 4279 esse,
2349 4212 2449 4283 qui
2480 4228 2642 4268 more
2679 4212 2922 4268 Judaico
2968 4209 3274 4265 historiam
3324 4212 3555 4264 tantum
3606 4225 3812 4281 seque.

2168 4306 2371 4358 rentur
2398 4305 2455 4356 et
2483 4300 2736 4356 litteram
2765 4317 2779 4356 :
2811 4303 2914 4355 aut
2932 4299 3294 4369 certe,juxta
3323 4298 3650 4371 simplicem
3681 4317 3811 4356 sen-

2168 4408 2324 4456 sum,
2352 4389 2412 4445 in
2445 4389 2700 4445 hominis
2731 4387 2964 4444 ﬁctione
2988 4403 3220 4444 carnem
3255 4389 3647 4462 spiritumque
3678 4391 3815 4447 sub-

2168 4481 2396 4546 sistere,
2428 4482 2485 4535 et
2505 4480 2676 4549 juxta
2705 4477 3097 4534 diversitatem
3131 4478 3494 4546 substantiae,
3517 4479 3606 4534 vel
3639 4495 3814 4551 opera

2166 4568 2364 4625 carnis
2395 4584 2543 4633 esse,
2567 4565 2652 4622 vel
2685 4566 2948 4639 spiritus.
2973 4566 3142 4622 Nunc
3169 4583 3306 4639 ergo
3337 4584 3464 4639 quas
3495 4567 3591 4622 hic
3619 4568 3814 4624 carnis

2164 4674 2341 4730 opera
2387 4655 2794 4725 nominantur,
2828 4655 3132 4712 fornicatio
3173 4655 3458 4723 videlicet,
3491 4655 3811 4711 immundi-

2169 4747 2270 4815 tia,
2303 4746 2559 4818 luxuria,
2593 4750 2649 4801 et
2678 4750 2882 4802 caetera
2911 4762 3038 4818 quae
3070 4750 3418 4817 sequuntur,
3451 4745 3640 4817 magis
3668 4743 3814 4800 mihi

2169 4836 2446 4892 videntur
2475 4837 2544 4891 ad
2580 4834 2908 4908 simplicem
2940 4833 3132 4889 carnis
3162 4834 3314 4890 505
3346 4838 3404 4890 et
3434 4833 3675 4906 spiritus
3724 4833 3814 4888 in-

2168 4925 2577 4998 telligentiam,
2603 4941 2780 4996 quam
2809 4925 2880 4980 ad
2909 4940 3144 4980 carnem
3176 4922 3340 4996 legis,
3369 4927 3425 4979 et
3450 4921 3722 4995 parvulos
3753 4923 3812 4978 in

2165 5015 2396 5072 Christo
2452 5015 2673 5076 referri,
2707 5014 2841 5070 licet
2893 5014 2953 5068 in
2995 5030 3059 5068 eo
3091 5012 3238 5081 loco,
3273 5013 3373 5068 ubi
3406 5029 3585 5086 supra
3613 5013 3685 5069 de
3713 5013 3812 5070 de-

2167 5104 2319 5160 cimo
2351 5105 2620 5177 Origenis
2649 5104 2938 5160 Stromate
2987 5101 3229 5157 verbum
3277 5101 3692 5160 transtulimus
3739 5103 3812 5158 ad

2163 5194 2428 5260 verbum,
2463 5193 2603 5264 quid
2657 5191 2833 5248 etiam
2884 5191 2954 5245 de
2985 5190 3078 5246 his
3108 5191 3312 5246 sentiri
3342 5191 3550 5263 possit,
3580 5208 3811 5265 expres-

2167 5298 2299 5340 sum
2351 5280 2427 5336 sit
2456 5282 2498 5336 δ.
2548 5281 2710 5345 Quod
2761 5283 2956 5335 autem
3008 5279 3108 5334 ait.
3152 5281 3442 5352 Manifesta
3481 5288 3662 5337 autem
3687 5284 3816 5337 sunt

2165 5406 2225 5462 in
2253 5406 2367 5462 ﬁne
2395 5406 2665 5479 subnexa
2693 5403 3076 5479 expositionis
3103 5408 3353 5479 testatur
3371 5405 3665 5479 ipsement
3689 5406 3815 5464 Hie-

2165 5494 2468 5552 ronymus,
2500 5479 2560 5532 in
2589 5475 2817 5552 Latinis
2833 5475 3111 5532 codicibus
3142 5477 3203 5532 in
3235 5476 3333 5533 hoc
3367 5475 3608 5550 catalogo
3650 5480 3813 5536 vitio-

2164 5549 2292 5605 rum
2319 5552 2580 5621 scriptam
2607 5549 2834 5621 referri.

2236 5623 2258 5655 δ
2285 5621 2394 5707 Prp
2424 5619 2637 5686 verbis,
2673 5619 3018 5707 expressum.
3047 5621 3140 5704 sit,
3173 5620 3358 5677 nostri
3389 5636 3530 5704 mss.
3564 5619 3803 5690 habent,

2164 5693 2412 5766 exemplo
2434 5690 2769 5767 praesumpsi
2800 5709 2814 5751 :
2865 5691 3022 5752 haud
3054 5691 3174 5750 scio
3203 5707 3346 5750 num
3377 5690 3594 5750 verius.
