4144 6202
349 318 469 386 443

1601 326 1666 387 S.
1714 322 2021 389 EUSEBII
2065 320 2512 389 HIERONYMI

3641 320 3756 388 ιιι

348 475 514 533 Opera
535 461 740 542 carnis,
763 456 851 516 vel
872 457 1148 515 omnibus
1170 474 1237 515 ea
1268 463 1405 516 nota
1435 475 1564 516 esse
1584 457 1988 515 demonstrat:
2027 462 2080 527 Α
2108 458 2374 515 criminis
2427 457 2708 530 subjectio
2762 457 3019 514 declarat
3053 457 3093 514 ί.
3143 459 3436 524 Quantum
3485 457 3640 515 enim
3695 459 3757 515 in

351 549 490 621 quia
521 565 623 622 per
669 566 731 604 se
776 553 1010 621 pateant
1043 547 1198 603 mala
1227 565 1355 604 esse
1387 555 1442 604 et
1474 549 1769 621 fugienda,
1803 550 1993 604 intan-

351 643 478 694 tum
513 643 576 693 ut
606 638 779 694 etiam
825 637 884 692 hi
929 638 1028 709 qui
1060 654 1127 692 ea
1159 638 1401 702 faciunt,
1435 639 1676 709 cupiant
1706 639 1996 693 occultare

351 729 504 800 quod
539 727 778 783 faciunt.
811 725 912 781 Vel
945 731 1096 782 certe
1128 727 1218 781 his
1265 731 1492 782 tantum
1527 728 1858 796 manifesta,
1893 727 1994 798 qui

348 816 407 872 in
439 815 667 872 Christo
699 815 1069 870 crediderint.
1120 816 1360 870 Plurimi
1419 816 1633 888 quippe
1687 817 1993 888 gentilium

349 906 405 960 in
441 904 564 960 suis
594 904 935 976 ignominiis
960 904 1304 977 gloriantur,
1332 910 1388 960 et
1417 911 1626 975 putant
1658 905 1706 960 si
1739 904 1997 976 expleve-

345 993 462 1050 rint
491 993 866 1066 voluplatem,
901 994 1215 1066 quamdam
1249 1011 1310 1049 se
1351 994 1782 1066 turpitudinum
1820 994 1992 1049 victo-

345 1083 492 1138 riam
523 1086 890 1138 consecutos.
925 1083 1037 1138 Sed
1090 1088 1146 1138 et
1195 1082 1339 1137 illud
1388 1083 1706 1155 eleganter,
1739 1084 1891 1155 quod
1934 1083 1993 1138 in

345 1188 516 1226 carne
566 1188 740 1243 opera
789 1171 1002 1243 posuit,
1049 1175 1104 1226 et
1156 1172 1379 1228 fructus
1431 1173 1491 1227 in
1541 1171 1800 1244 spiritu:
1858 1172 1997 1244 quia

341 1260 484 1315 vitia
538 1260 595 1315 in
645 1259 963 1332 semetipsa
1012 1260 1300 1315 finiuntur
1347 1266 1403 1316 et
1451 1266 1717 1332 pereunt,
1750 1260 1994 1317 virtutes

344 1349 613 1422 frugibus
645 1348 937 1422 pullulant
967 1353 1022 1404 et
1051 1350 1400 1405 redundant.
1426 1351 1539 1404 Nec
1569 1354 1845 1422 putemus
1875 1351 1997 1406 ani-

342 1455 448 1494 mae
480 1437 709 1493 nullum
745 1456 872 1494 esse
904 1455 1071 1510 opus,
1108 1439 1154 1494 si
1187 1439 1330 1493 vitia
1359 1439 1540 1506 carni,
1571 1439 1818 1495 virtutes
1869 1441 1994 1512 spi-

343 1527 481 1582 ritui
505 1527 874 1599 deputentur.
906 1527 1052 1592 Quia
1076 1527 1273 1582 anima
1303 1528 1390 1597 (ut
1422 1544 1600 1598 supra
1621 1528 1902 1597 diximus)
1933 1529 1992 1584 in

342 1616 598 1687 quodam
649 1614 977 1670 meditullio
1028 1616 1241 1686 posita,
1273 1616 1362 1671 vel
1411 1617 1569 1671 carni
1610 1617 1903 1690 jungitur,
1938 1622 1996 1672 et

341 1705 558 1760 dicitur
587 1706 657 1759 de
687 1721 755 1760 ea
790 1723 801 1760 :
852 1706 967 1760 Non
991 1707 1337 1776 permanebit
1365 1708 1594 1776 spiritus
1625 1723 1779 1762 meus
1809 1709 1869 1761 in
1899 1707 1992 1762 ho-

340 1793 581 1849 minibus
611 1795 749 1860 istis,
783 1795 913 1865 quia
941 1810 1128 1849 carnes
1155 1803 1282 1850 sunt
1312 1796 1482 1866 (Gen.
1513 1812 1592 1861 v1,
1624 1796 1678 1864 3)
1706 1814 1718 1862 ;
1751 1795 1839 1850 vel
1873 1795 1990 1867 spi-

343 1881 478 1938 ritui
512 1881 835 1953 copulatur,
869 1887 924 1937 et
973 1883 1031 1938 in
1085 1884 1327 1955 spiritus
1370 1884 1715 1940 vocabulum
1752 1887 1984 1940 transit.

347 1973 454 2040 Qui
493 1973 642 2027 enim
691 1971 936 2028 adhaeret
974 1974 1219 2038 Domino,
1253 1989 1396 2028 unus
1425 1975 1654 2045 spiritus
1684 1978 1763 2028 est
1791 1975 1838 2039 (I
1866 1973 1986 2029 Cor.

338 2078 416 2127 vx,
454 2062 558 2133 17).
590 2060 854 2117 Primum
887 2063 1086 2134 itaque
1118 2062 1311 2118 carnis
1343 2079 1509 2134 opus,
1539 2068 1627 2118 est
1660 2063 1986 2118 fornicatio.

343 2150 651 2206 Manifesta
683 2151 740 2205 in
775 2153 1008 2207 exordio
1039 2153 1254 2224 posuit,
1282 2170 1351 2207 ne
1385 2153 1453 2206 de
1487 2152 1695 2208 mediis
1727 2152 1988 2226 ambiga-

339 2255 493 2295 mus.
530 2240 699 2296 Omne
744 2242 894 2296 enim
949 2241 1305 2313 quodcunque
1359 2243 1550 2312 fecerit
1607 2242 1784 2311 homo,
1833 2251 1989 2298 extra

340 2344 537 2402 corpus
567 2334 698 2384 est:
747 2331 843 2400 qui
883 2333 1067 2384 autem
1113 2331 1439 2402 fornicatur,
1497 2332 1556 2384 in
1605 2347 1798 2403 corpus
1825 2348 1988 2387 suum

335 2426 524 2489 peccat
552 2418 708 2489 (Ibid.
746 2420 855 2488 18).
881 2419 949 2473 Et
979 2435 1092 2474 non
1128 2436 1336 2474 sumus
1370 2419 1590 2474 nostri:
1625 2419 1807 2490 empti
1830 2419 1985 2474 enim

339 2522 548 2562 sumus
582 2507 784 2576 pretio,
817 2506 1212 2578 gloriﬁcemus
1260 2511 1316 2562 et
1366 2513 1668 2579 portemus
1713 2513 1893 2563 Deum
1925 2507 1985 2562 in

337 2609 575 2666 corpore
617 2598 816 2650 nostro
863 2595 1023 2667 (Ibid.
1060 2597 1145 2665 19,
1177 2597 1289 2667 20).
1326 2597 1386 2651 In
1418 2613 1484 2651 eo
1515 2596 1830 2652 fornicator
1862 2613 1985 2652 ma-

327 2683 478 2756 joris
518 2687 608 2739 est
649 2683 914 2740 criminis
949 2701 960 2739 :
1015 2684 1156 2756 quia
1182 2684 1335 2740 tollit
1366 2687 1632 2741 membra
1659 2685 1895 2752 Christi,
1929 2689 1987 2740 et

333 2771 473 2828 facit
519 2787 587 2828 ea
638 2773 901 2828 membra
943 2773 1284 2829 meretricis.
1318 2775 1503 2830 Erunt
1532 2774 1746 2845 quippe
1778 2775 1892 2830 duo
1925 2774 1983 2828 in

337 2877 508 2918 carne
540 2879 660 2918 una
690 2862 852 2934 (Ibid.
891 2864 980 2931 15,
1016 2864 1124 2934 16).
1176 2864 1282 2930 Qui
1339 2880 1452 2919 non
1503 2867 1592 2918 est
1638 2862 1845 2929 ﬁdelis,
1880 2879 1985 2918 nec

343 2951 526 3007 credit
552 2951 610 3007 in
633 2951 879 3020 Christo,
904 2969 1012 3008 sua
1042 2953 1307 3008 membra
1339 2951 1474 3008 facit
1501 2953 1764 3008 membra
1797 2968 1985 3008 mere-

343 3040 550 3098 tricis:
603 3042 704 3114 qui
755 3041 940 3097 credit
987 3046 1044 3098 et
1088 3041 1426 3109 fornicatur,
1459 3041 1671 3097 Christi
1723 3041 1988 3097 membra

343 3129 484 3185 facit
533 3131 798 3186 membra
847 3131 1189 3188 meretricis.
1234 3131 1572 3187 Econtrario
1622 3129 1876 3186 infidelis
1925 3130 1982 3184 in

2107 549 2276 603 nobis
2307 552 2415 613 est,
2451 547 2671 603 nullius
2701 565 2828 603 esse
2861 549 3142 603 debemus
3186 547 3429 617 inimici,
3462 548 3561 603 sed
3617 565 3752 606 cum

2107 637 2381 692 omnibus
2413 637 2626 692 habere
2659 653 2882 708 pacem.
2917 637 3078 700 Quod
3127 635 3176 691 si
3206 635 3512 708 loquentes
3542 638 3751 694 verita-

2105 731 2244 795 tem,
2278 725 2508 798 aliquos
2541 743 2837 781 meremur
2867 726 3173 781 inimicos:
3210 742 3324 780 non
3357 729 3476 780 tam
3510 743 3617 781 nos
3649 727 3756 781 ini-

2107 815 2238 870 mici
2274 832 2476 870 eorum
2508 832 2736 881 sumus,
2771 831 2948 886 quam
2982 813 3062 868 illi
3095 813 3314 868 inimici
3353 819 3490 868 sunt
3538 816 3749 871 verita-

2104 905 2199 958 tis.
2234 904 2379 958 Nam
2412 905 2565 975 quod
2599 909 2654 958 et
2685 904 2741 957 in
2776 903 2982 958 Genesi
3015 903 3232 957 dicitur
3281 902 3351 957 ad
3402 902 3696 958 Abraham
3731 922 3744 960 :

2103 995 2363 1049 Inimicus
2393 1009 2484 1049 ero
2515 993 2760 1048 inimicis
2796 995 2910 1047 tuis
2939 1011 2957 1046 :
3006 1001 3057 1047 et
3104 991 3431 1047 adversabor
3459 992 3753 1048 adversan-

2105 1082 2249 1137 tibus
2298 1083 2401 1137 tibi
2453 1082 2603 1153 (Gen.
2638 1100 2740 1147 xu,
2772 1082 2848 1153 3),
2880 1081 3031 1137 sicut
3074 1098 3253 1152 supra
3281 1079 3752 1153 intelligendum,

2105 1189 2222 1227 non
2247 1176 2367 1226 tam
2391 1171 2686 1226 Abraham
2718 1169 2836 1226 illis
2867 1170 3171 1225 inimicum
3195 1170 3397 1240 fuisse,
3422 1187 3601 1242 quam
3624 1170 3754 1227 illos

2103 1260 2348 1316 Abrahae
2378 1261 2693 1316 virtutibus
2724 1264 2780 1314 et
2809 1259 3097 1332 religioni,
3131 1277 3233 1332 per
3281 1275 3482 1330 quam,
3516 1259 3755 1316 calcatis

2104 1349 2298 1421 idolis,
2331 1350 2634 1422 cognitum
2677 1350 3065 1405 venerabatur
3093 1349 3300 1405 Deum.
3334 1347 3484 1404 Illud
3518 1365 3752 1421 quoque

2105 1441 2258 1511 quod
2287 1439 2502 1512 populo
2535 1439 2868 1511 praecipitur
2889 1437 3086 1508 Israel,
3108 1443 3172 1492 ut
3202 1437 3333 1494 odio
3373 1439 3752 1508 sempiterno,

2104 1535 2160 1584 et
2209 1529 2265 1582 in
2319 1534 2582 1600 posteros
2634 1528 2986 1583 transmissa
3034 1527 3345 1597 discordia,
3379 1527 3601 1582 inimici
3635 1533 3752 1582 smt

2103 1617 2423 1674 Madianeis
2474 1617 2659 1689 (Num.
2709 1633 2862 1681 xxxx,
2907 1617 2982 1688 3),
3017 1618 3184 1688 quasi
3235 1617 3326 1671 his
3384 1615 3615 1684 dicitur,
3650 1617 3751 1688 qui

2105 1707 2212 1763 sub
2269 1707 2579 1779 paedagogo
2631 1711 2816 1772 erant,
2851 1710 2907 1761 et
2953 1705 3011 1759 in
3058 1704 3170 1761 alio
3213 1704 3338 1761 loco
3372 1707 3754 1762 merebantur

2104 1796 2352 1852 audire:
2406 1796 2538 1852 Odia
2588 1795 2807 1852 habebis
2855 1797 3149 1850 inimicum
3200 1800 3360 1850 tuum
3412 1795 3633 1866 (Matth.
3694 1813 3748 1864 v,

2101 1886 2212 1958 43).
2245 1887 2358 1940 Aut
2388 1889 2541 1940 certe
2571 1902 2684 1940 non
2717 1889 2838 1939 tam
2872 1900 3277 1954 personarum,
3307 1900 3486 1955 quam
3520 1900 3755 1938 morum

2100 1976 2359 2030 estfacta
2378 1973 2726 2041 disssensio;
2754 1978 2820 2027 ut
2851 1973 3144 2044 quomodo
3169 1978 3318 2028 Deus
3347 1971 3569 2027 utiliter
3598 1972 3754 2028 inter

2102 2068 2431 2136 serpentem
2463 2068 2520 2118 et
2550 2061 2856 2118 mulierem
2888 2061 3231 2117 inimicitias
3265 2061 3482 2133 posuit,
3505 2077 3576 2116 ne
3604 2059 3750 2115 ami-

2102 2153 2248 2208 citize
2297 2168 2499 2208 eorum
2531 2151 2769 2207 inutiles
2797 2155 2995 2207 essent
3023 2151 3271 2218 homini,
3307 2167 3410 2222 per
3438 2166 3586 2221 quas
3618 2166 3748 2222 pro-

2093 2243 2288 2314 jectus
2319 2245 2409 2297 est
2435 2242 2506 2296 de
2537 2240 2808 2313 paradiso
2838 2240 2990 2311 (Gen.
3024 2257 3109 2311 Ill,
3146 2241 3231 2308 15,
3263 2240 3357 2308 24)
3389 2255 3401 2293 :
3456 2239 3538 2293 ita
3584 2244 3640 2293 et
3688 2238 3746 2294 in

2100 2331 2402 2397 Israelitis,
2427 2335 2483 2386 et
2513 2331 2835 2385 Madianeis
2861 2329 2981 2384 vita
3004 2329 3191 2399 magis
3213 2327 3542 2395 dissimilis,
3566 2345 3742 2400 quam

2096 2438 2241 2494 gens
2272 2437 2390 2476 una
2419 2419 2701 2475 damnata
2729 2423 2838 2475 est.
2861 2418 3188 2491 Septimum
3218 2416 3411 2473 locum
3443 2417 3594 2472 inter
3622 2433 3744 2472 car-

2097 2510 2188 2566 nis
2219 2526 2413 2582 opera,
2445 2509 2738 2564 contentio
2782 2507 3043 2580 possidet
3074 2524 3087 2560 :
3139 2495 3394 2579 quodam
3442 2505 3609 2577 quasi
3640 2522 3738 2561 sa-

2095 2603 2273 2664 crato,
2306 2603 2363 2654 et
2413 2597 2691 2653 eminenti
2723 2599 2871 2655 501
2909 2598 3061 2652 inter
3089 2596 3229 2652 vitia
3275 2611 3517 2652 numero
3566 2594 3741 2650 collo-

2095 2691 2242 2742 cata.
2277 2687 2507 2741 Servum
2537 2694 2719 2742 autem
2747 2687 2972 2741 Domini
3011 2701 3122 2741 non
3169 2689 3378 2756 oportet
3413 2685 3620 2754 rixari,
3653 2682 3742 2738 sed

2093 2791 2211 2832 esse
2257 2777 2607 2830 mansuetum
2652 2775 2723 2829 ad
2769 2791 2972 2841 omnes,
3023 2774 3319 2839 doctorem,
3353 2774 3739 2844 longanimem,

2093 2882 2219 2922 cum
2249 2863 2674 2919 mansuetudine
2702 2863 3065 2932 erudientem,
3097 2865 3264 2919 etiam
3292 2878 3382 2918 eos
3413 2864 3512 2934 qui
3540 2878 3569 2916 e
3607 2877 3749 2918 con-

2093 2958 2181 3010 tra
2227 2953 2510 3025 disputant
2557 2953 2631 3025 (II
2671 2955 2817 3010 Tim.
2864 2970 2925 3022 II,
2957 2953 3048 3019 24,
3085 2953 3198 3024 25).
3247 2951 3382 3008 Post
3427 2949 3748 3006 contentio-

2096 3059 2250 3110 nem,
2285 3047 2489 3098 octava
2536 3042 2798 3098 succedit
2841 3041 3162 3109 aemulatio,
3203 3057 3330 3113 quae
3379 3040 3573 3096 Graeco
3622 3055 3745 3095 ser-

2099 3149 2271 3188 mone
2316 3127 2486 3199 ζῆλος
2542 3131 2975 3204 significantius
3033 3135 3092 3186 et
3147 3130 3342 3186 notius
3400 3127 3746 3201 appellatur.

341 3217 723 3274 fornicatione
755 3235 863 3273 sua
888 3223 1086 3274 utrum
1119 3219 1311 3288 violet,
1340 3237 1412 3275 an
1444 3221 1675 3276 ediﬁcet
1699 3219 1984 3292 templum
2018 3204 2060 3270 C
2100 3224 2222 3288 Quo
2255 3221 2490 3292 quidem
2527 3220 2702 3286 malo,
2727 3220 2923 3276 nescio
2952 3219 3084 3291 quis
3116 3223 3383 3276 nostrum
3415 3222 3626 3273 careat.
3654 3218 3750 3273 Ze-

340 3306 516 3378 idolo,
554 3307 772 3364 nescio.
806 3308 910 3362 Per
937 3307 1079 3363 vitia
1110 3307 1327 3380 quippe
1369 3308 1456 3363 vel
1490 3309 1740 3364 maxime
1769 3309 1987 3362 daemo-

341 3411 444 3451 nes
475 3395 763 3452 coluntur.
793 3397 910 3451 Hoc
940 3412 1125 3451 unum
1157 3397 1316 3452 scio:
1353 3397 1507 3468 quod
1532 3398 1629 3468 qui
1664 3401 1795 3468 post
1816 3397 1987 3452 fidem

342 3484 557 3541 Christi
601 3485 943 3554 fornicatur,
975 3483 1153 3540 violat
1182 3484 1466 3558 templum
1505 3486 1621 3541 Dei.
1656 3486 1990 3540 Secundum

346 3589 494 3644 opus
523 3573 738 3637 carnis,
770 3572 1148 3629 immunditia
1189 3577 1582 3645 nuncupatur,
1616 3577 1672 3627 et
1719 3589 1847 3628 eam
1896 3589 1990 3628 co-

348 3675 474 3716 mes
501 3659 732 3715 luxuria
753 3661 1037 3732 sequitur.
1063 3663 1361 3721 Quomodo
1385 3661 1540 3716 enim
1571 3661 1628 3716 in
1661 3661 1836 3716 veteri
1867 3660 1993 3732 lege

345 3750 416 3806 de
448 3749 717 3805 nefandis
747 3749 1118 3816 criminibus,
1149 3767 1274 3821 quas
1305 3750 1365 3805 in
1397 3749 1624 3806 occulto
1645 3750 1799 3807 506
1825 3749 1991 3815 fiunt,

342 3842 398 3894 et
430 3855 500 3894 ea
531 3837 835 3894 nominare
869 3838 1277 3910 turpissimum
1309 3843 1397 3894 est
1441 3841 1535 3910 (ne
1565 3843 1622 3893 et
1651 3839 1900 3894 dicentis
1931 3855 1994 3894 os

347 3932 406 3984 et
429 3945 603 3984 aures
624 3928 991 3984 audientium
1017 3927 1438 4001 polluerentur)
1470 3927 1819 4000 generaliter
1844 3928 1998 3983 Scri-

337 4021 516 4090 ptura
546 4016 852 4089 complexa
897 4022 1008 4084 est,
1041 4016 1242 4073 dicens
1275 4034 1287 4072 :
1339 4017 1697 4082 Verecundos,
1728 4016 1815 4072 vel
1851 4033 1998 4072 reve-

347 4111 527 4162 rentes
557 4109 720 4178 facite
747 4105 900 4179 ﬁlios
927 4107 1105 4163 Israel
1137 4107 1205 4162 ab
1235 4109 1388 4163 omni
1418 4107 1773 4162 immunditia
1803 4107 1998 4175 (Levit.

352 4212 444 4266 xv,
476 4197 616 4267 31):
665 4195 748 4251 sic
795 4196 854 4250 in
905 4195 1013 4252 hoc
1063 4194 1188 4252 loco
1237 4200 1475 4252 caeteras
1513 4195 2001 4250 extraordinarius

353 4285 700 4357 voluptates,
736 4287 998 4356 ipsarum
1054 4301 1285 4359 quoque
1333 4301 1511 4358 opera
1559 4283 1919 4356 nuptiarum,
1952 4283 2000 4338 si

356 4390 472 4430 non
503 4375 848 4440 verecunde,
873 4379 930 4429 et
957 4390 1092 4430 cum
1124 4375 1446 4441 honestate,
1472 4373 1640 4446 quasi
1673 4373 1782 4428 sub
1815 4370 2002 4428 oculis

357 4462 460 4518 Dei
485 4461 650 4528 ﬁant,
674 4466 738 4517 ut
760 4466 984 4517 tantum
1008 4463 1210 4518 liberis
1231 4463 1541 4532 serviatur,
1565 4461 2002 4517 immunditiam

353 4557 412 4612 et
441 4551 736 4608 luxuriam
773 4552 1110 4607 nominavit.
1147 4554 1457 4620 Quartum,
1492 4553 1552 4607 in
1584 4551 1846 4624 catalogo
1876 4569 2006 4624 ope-
2036 4575 2082 4640 D

351 4658 484 4697 rum
517 4642 730 4712 carnis,
763 4639 1094 4697 idololatria
1125 4639 1319 4696 locum
1351 4645 1532 4696 tenet.
1565 4641 1671 4706 Qui
1703 4640 1854 4696 enim
1908 4657 2002 4695 se-

351 4730 463 4786 mel
496 4747 558 4787 se
589 4730 832 4786 luxuria:
863 4729 1264 4803 voluptatique
1297 4730 1646 4802 permiserit,
1674 4747 1785 4784 non
1819 4729 2001 4802 respi-

354 4819 433 4875 cit
452 4820 808 4877 Creatorem.
829 4819 988 4876 Alias
1020 4824 1215 4875 autem
1239 4819 1431 4874 omnis
1465 4818 1812 4886 idololatria,
1840 4818 2000 4874 festi-

357 4908 555 4976 vitate,
580 4909 738 4982 gula,
761 4915 985 4976 ventre,
1007 4913 1065 4964 et
1093 4908 1185 4964 his
1209 4925 1336 4980 quae
1368 4907 1521 4962 infra
1549 4913 1808 4962 ventrem
1842 4911 2003 4973 sunt,

357 4995 698 5052 delectatur.
744 4998 813 5052 Et
861 5013 933 5052 ne
979 4998 1223 5053 forsitan
1271 4995 1569 5063 veneficia,
1619 5001 1679 5051 et
1731 4994 2004 5050 maleﬁcae

358 5088 516 5140 artes
574 5102 689 5140 non
747 5087 1082 5142 viderentur
1137 5087 1197 5141 in
1256 5087 1412 5141 Novo
1471 5083 1774 5157 prohibita:
1804 5086 2002 5140 Testa-

358 5178 578 5241 mento,
613 5175 749 5246 ipsae
780 5191 1011 5246 quoque
1043 5175 1193 5230 inter
1231 5175 1423 5231 carnis
1473 5189 1649 5245 opera
1697 5173 2005 5230 nominen-

357 5266 475 5316 tur.
507 5261 657 5326 Quia
687 5279 839 5333 saape
869 5263 1112 5336 magicis
1147 5263 1391 5330 artibus,
1427 5267 1485 5318 et
1530 5279 1727 5318 amare
1775 5261 2009 5318 miseris

358 5351 549 5406 evenit
599 5354 657 5407 et
706 5352 912 5407 amari.
950 5351 1261 5407 lnimicitia
1295 5367 1547 5424 quoque,
1581 5368 1708 5422 quas
1754 5356 1886 5423 post
1914 5368 2007 5407 ve-

369 5440 574 5497 neﬁcia
623 5441 880 5514 ponitur,
935 5456 1109 5512 quem
1160 5439 1370 5496 habeat
1414 5445 1661 5508 reatum,
1714 5441 2010 5496 manifesti

368 5657 402 5712 Δ
441 5584 673 5711 ¹ΙΡθηθε
730 5583 1074 5655 Victorium,
1131 5584 1426 5655 mani/esto
1481 5583 1708 5638 crimini
1768 5582 2011 5654 subjecta

403 5665 632 5712 ecarat.

403 5665 632 5714 ectarat.

2098 3309 2200 3366 lati
2232 3314 2371 3365 sunt
2403 3310 2582 3376 enim,
2607 3313 2664 3364 et
2695 3308 3037 3381 patriarchas
3063 3307 3278 3379 Joseph
3303 3308 3539 3362 fratrem
3573 3322 3745 3362 suum

2099 3399 2252 3471 (Gen.
2285 3416 2500 3465 xxxvu,
2548 3397 2685 3468 11):
2734 3403 2791 3453 et
2837 3397 3037 3464 Maria,
3085 3401 3141 3452 et
3191 3402 3384 3452 Aaron
3435 3394 3748 3468 prephetes

2103 3487 2201 3544 Dei
2233 3492 2292 3542 et
2321 3487 2615 3553 sacerdos,
2650 3491 2850 3542 contra
2881 3487 3117 3558 Moysen
3148 3485 3247 3540 tali
3281 3484 3553 3556 passione
3585 3484 3750 3539 dece-

2105 3577 2186 3649 pti
2222 3580 2361 3632 sunt
2401 3575 2584 3643 (Num.
2619 3591 2716 3642 xu,
2749 3576 2852 3647 2):
2903 3575 3198 3630 intantum
3248 3579 3313 3628 ut
3363 3571 3464 3628 illa
3516 3573 3586 3628 de
3635 3589 3755 3644 qua

2106 3665 2408 3736 Scriptura
2438 3667 2793 3732 narraverat,
2828 3665 3028 3719 dicens
3066 3680 3077 3720 :
3118 3663 3334 3720 Tollens
3363 3665 3552 3717 autem
3581 3663 3757 3718 Maria

2102 3753 2408 3828 prophetas
2464 3757 2788 3825 tympanum
2837 3753 3029 3824 (Exod.
3074 3769 3168 3819 xv,
3209 3754 3325 3821 20),
3374 3755 3432 3807 et
3476 3756 3682 3806 caetera
3711 3752 3754 3820 ³,

2110 3847 2311 3915 postea
2341 3845 2503 3897 extra
2533 3846 2724 3897 castra
2755 3841 3034 3913 projecta,
3067 3840 3239 3913 lepra:
3269 3840 3408 3896 vitio
3458 3837 3759 3895 sordidata

2108 3931 2204 4002 sit,
2237 3936 2295 3986 et
2325 3930 2725 4002 paenitentiam
2756 3929 3078 4002 longiorem
3112 3933 3334 4002 septem
3379 3929 3608 3984 dierum
3661 3944 3757 3982 se-

2109 4021 2411 4093 paratione
2443 4019 2759 4091 signaverit
2787 4020 2972 4089 (Num.
2996 4036 3094 4086 xu,
3125 4020 3234 4090 15).
3266 4021 3357 4075 Ira
3385 4017 3595 4074 deinde
3624 4033 3756 4072 suc-

2111 4109 2285 4178 cedit,
2319 4125 2443 4179 quae
2466 4107 2738 4178 justitam
2791 4107 2887 4163 Dei
2920 4124 3032 4163 non
3067 4111 3341 4179 operatur
3389 4107 3530 4178 (Jac.
3565 4124 3603 4177 ι,
3633 4107 3750 4176 20),

2111 4202 2163 4254 et
2196 4197 2421 4269 species
2454 4201 2540 4252 est
2571 4197 2802 4252 furoris.
2838 4196 2994 4252 Inter
3037 4196 3404 4252 iracundiam
3458 4199 3652 4251 autem
3701 4198 3761 4250 et

2110 4286 2280 4352 iram,
2306 4285 2414 4341 hoc
2449 4285 2689 4340 interest
2714 4303 2726 4341 :
2761 4287 2915 4357 quod
2945 4285 3264 4342 iracundus
3295 4300 3529 4357 semper
3559 4283 3761 4340 irasci-

2112 4379 2244 4431 tur:
2283 4374 2468 4430 iratus
2499 4391 2605 4446 pro
2635 4379 2897 4445 tempore
2927 4374 3272 4430 concitatur.
3301 4376 3369 4430 Et
3401 4374 3598 4430 nescio
3628 4373 3764 4446 quis

2116 4464 2303 4538 possit
2331 4480 2574 4536 regnum
2604 4465 2700 4519 Dei
2730 4464 3028 4535 possidere
3054 4481 3066 4522 :
3095 4481 3229 4521 cum
3260 4465 3311 4521 is
3335 4464 3435 4536 qui
3466 4464 3767 4525 irascitur.

2117 4557 2418 4626 separetur
2477 4570 2512 4608 a
2568 4569 2746 4625 regno
2805 4553 3010 4622 (Matth.
3059 4570 3112 4621 v,
3163 4554 3275 4616 22).
3331 4552 3484 4609 Rixa:
3531 4566 3768 4623 quoque

2116 4660 2263 4717 quas
2293 4640 2449 4698 aliud
2483 4642 2663 4699 Grieci
2697 4641 3118 4714 signiﬁcantes,
3154 4639 3381 4715 ἐριθείας
3424 4644 3631 4697 vocant
3663 4640 3768 4710 (si-

2112 4732 2343 4802 quidem
2379 4731 2502 4786 rixa
2537 4730 2688 4804 μάχη
2726 4730 2960 4801 dicitur)
3010 4749 3042 4786 a
3090 4747 3268 4804 regno
3303 4730 3399 4787 Dei
3432 4729 3765 4803 prohibent.

2114 4822 2216 4876 Est
2247 4825 2442 4876 autem
2476 4815 2694 4893 ἐριθεία,
2729 4835 2863 4873 cum
2899 4818 3033 4889 quis
3074 4833 3309 4890 semper
3353 4817 3424 4873 ad
3470 4814 3769 4873 contradi-

2114 4910 2364 4966 cendum
2397 4913 2662 4980 paratus,
2698 4906 3001 4962 stomacho
3053 4905 3377 4963 delectatur
3423 4904 3612 4960 alieno
3647 4920 3660 4959 :
3711 4906 3769 4958 et

2116 4996 2386 5055 muliebri
2409 4997 2607 5068 jurgio
2639 4995 2962 5064 contendit,
2995 5000 3052 5052 et
3095 5000 3370 5067 provocat
3410 4992 3768 5050 contenden-

2115 5092 2255 5143 tem.
2292 5089 2418 5142 Ηωο
2450 5085 2563 5142 alio
2596 5084 2832 5140 nomine
2867 5084 3024 5156 apud
3053 5084 3282 5141 Graecos
3314 5080 3618 5160 φιλονεικία
3663 5097 3768 5152 ap-

2114 5176 2382 5248 pellatur.
2410 5175 2642 5231 Necnon
2669 5179 2726 5229 et
2745 5173 3150 5230 dissensiones
3171 5191 3348 5247 opera
3368 5173 3563 5230 carnis
3591 5173 3767 5226 sunt:

2116 5283 2251 5322 cum
2300 5265 2432 5336 quis
2483 5279 2857 5336 nequaquam
2890 5264 3209 5335 perfectus,
3240 5265 3443 5320 eodem
3479 5276 3680 5328 sensu,
3711 5263 3772 5315 et

2119 5355 2325 5412 eadem
2383 5353 2676 5410 sententia
2734 5352 2922 5408 dicit:
2977 5357 3089 5425 Ego
3137 5369 3261 5409 sum
3315 5351 3506 5423 Pauli,
3565 5356 3620 5408 et
3678 5363 3770 5422 ego

2119 5445 2328 5517 Apollo,
2358 5447 2413 5500 et
2459 5459 2554 5515 ego
2611 5442 2825 5515 Cephea,
2859 5444 2909 5498 et
2963 5457 3058 5511 ego
3107 5443 3316 5500 Christi
3343 5441 3390 5515 (ι
3418 5442 3548 5500 Cor.
3584 5456 3624 5510 ι,
3659 5438 3768 5508 12).

2189 5589 2210 5621 ²
2242 5585 2404 5643 Unus
2436 5583 2707 5650 Palatin.,
2737 5591 2789 5640 et
2817 5585 3113 5650 citharam,
3146 5601 3250 5657 pro
3271 5588 3350 5643 .et
3383 5591 3606 5644 caetera.
3635 5555 3784 5640 Mox

2121 5675 2355 5733 quoque
2381 5674 2580 5719 vocem
2608 5657 2959 5731 separatione
2985 5657 3240 5731 ignorat.
