4144 6202
397 353 518 417 MS

1058 358 1571 424 COMMENTAR.
1618 363 1699 426 IN
1742 366 1993 431 EPIST.
2039 373 2143 434 AD
2189 373 2468 437 GALAT.
2515 375 2665 439 LIB.
2708 376 2812 452 III,
2862 380 3034 441 CAP.
3080 381 3159 444 ν.

3695 379 3814 444 446

402 489 602 588 Sedet
634 486 947 589 domorum
974 489 1136 590 .ipt‘e'r
1164 509 1226 549 se
1257 494 1375 590 haec
1405 497 1606 553 eadem
1639 499 1929 560 dissensio
1961 522 2055 561 re-
2085 510 2139 574 Α
2169 512 2226 563 et
2255 508 2558 566 Timotheo
2588 511 2788 566 vinum
2815 515 2880 567 ut
2908 512 3150 580 biberet,
3183 513 3536 586 imperatum
3595 517 3642 590 (1
3674 519 3808 574 Tim.

403 577 672 650 peritur:
705 577 902 632 mariti
933 579 1204 636 videlicet
1235 572 1315 637 ad,
1338 601 1599 657 uxorem,
1632 590 1812 660 patris
1869 594 1939 648 ad
1987 595 2053 649 fi-

398 667 573 732 lium,
607 668 812 724 fratris
845 670 914 723 ad
949 670 1209 737 fratrem,
1242 676 1503 730 conservi
1552 678 1620 732 ad
1681 696 2050 755 conservum,

400 757 604 814 militis
638 758 712 812 ad
734 759 1235 827 contubernalem,
1259 764 1503 821 artiﬁcis
1527 768 1596 822 ad
1625 769 1889 838 ejusdem
1915 788 2050 842 ope-

399 844 481 900 ris
511 845 820 900 artificem.
857 846 1288 921 Nonnunquam
1320 854 1530 925 eyenit,
1566 860 1630 910 ut
1661 861 1716 911 et
1762 858 1819 912 in
1873 876 2048 931 expo-

398 933 717 989 sitionibus
748 935 1182 1007 Scripturarum
1242 941 1463 998 oriatur
1508 931 1834 1004 dissensio:
1869 965 1900 1004 e
1922 949 2048 1020 qui-

394 1021 511 1078 bus
532 1021 784 1078 haereses
814 1040 1050 1097 quoque
1082 1044 1206 1098 quae
1229 1045 1386 1086 nunc
1416 1031 1476 1086 in
1501 1034 1696 1090 carnis
1727 1052 1898 1108 opere
1949 1056 2048 1110 po-

392 1115 647 1176 nuntur,
681 1112 990 1170 ebulliunt.
1024 1116 1083 1171 Si
1107 1117 1262 1173 enim
1283 1121 1573 1192 sapientia
1593 1125 1788 1180 carnis
1810 1125 2050 1184 inimica

392 1206 490 1256 est
517 1204 632 1256 Deo
658 1202 836 1266 (Rom.
871 1219 994 1270 VIII,
1024 1206 1080 1274 7)
1112 1207 1377 1275 (inimica
1415 1215 1613 1267 autem
1665 1218 1803 1269 sunt
1850 1217 2050 1273 omnia

389 1289 672 1362 dogmata
706 1289 988 1348 falsitatis
1023 1295 1132 1350 Deo
1165 1301 1576 1370 repugnantia)
1627 1310 2050 1375 consequenter
2071 1375 2088 1389 ο

384 1381 444 1434 et
473 1377 728 1434 haereses
765 1379 1018 1438 inimicae
1049 1389 1183 1454 Deo,
1216 1388 1288 1442 ad
1317 1390 1510 1445 carnis
1562 1407 1734 1462 opera
1793 1394 2046 1450 referun-

385 1470 505 1522 tur.
542 1463 763 1537 Αἵρεσις
799 1474 995 1526 autem
1029 1472 1242 1541 Graece,
1304 1478 1375 1532 ab
1418 1477 1699 1536 electione
1755 1483 1908 1540 508
1957 1485 2045 1539 di-

388 1555 578 1645 citur:
616 1558 778 1628 quod
812 1559 1044 1616 scilicet
1072 1579 1200 1619 eam
1253 1564 1364 1620 sibi
1415 1571 1827 1644 unusquisque
1872 1573 2047 1645 eligat

389 1644 790 1717 disciplinam,
832 1665 1009 1719 quam
1043 1656 1209 1723 putat
1239 1671 1368 1711 esse
1416 1657 1738 1715 meliorem.
1785 1644 2044 1726 Quicun-

389 1749 503 1805 que
531 1733 714 1807 igitur
734 1735 907 1793 aliter
929 1740 1292 1813 Scripturam
1311 1745 1606 1819 intelligit,
1632 1766 1808 1821 quam
1832 1767 2042 1809 sensus

385 1822 640 1894 Spiritus
689 1827 880 1882 sancti
909 1828 1152 1902 ﬂagitat,
1184 1849 1297 1904 quo
1337 1837 1666 1909 conscripta
1712 1844 1802 1895 est
1835 1858 1847 1896 :
1909 1842 2044 1898 licet

384 1911 458 1968 de
487 1911 741 1970 Ecclesia
771 1933 888 1972 non
920 1921 1243 1993 recesserit,
1275 1927 1470 1980 tamen
1505 1926 1809 1986 hareticus
1842 1932 2040 2004 appel-

381 1999 491 2056 lari
525 2005 738 2072 potest,
771 2009 829 2059 et
849 2004 920 2059 de
951 2007 1148 2062 carnis
1179 2011 1454 2080 operibus
1498 2019 1608 2080 est,
1641 1999 2041 2090 eligens—quas

378 2090 581 2161 pejora
613 2095 773 2147 sunt.
806 2093 1070 2152 Haereses
1101 2098 1369 2169 sequitur
1397 2101 1637 2170 invidia,
1693 2122 1869 2177 quam
1924 2125 2039 2163 non

379 2183 662 2251 putemus
694 2181 849 2237 idem
882 2200 1009 2240 esse
1038 2187 1194 2257 quod
1225 2188 1438 2245 zelum.
1479 2193 1624 2256 Quia
1669 2193 1828 2250 zelus
1877 2201 1934 2251 et
1982 2198 2038 2252 in

379 2266 600 2323 bonam
634 2274 857 2339 partem
894 2273 1078 2344 accipi
1109 2281 1320 2347 potest,
1359 2296 1493 2334 cum
1528 2282 1661 2352 quis
1719 2285 1931 2340 nititur
1974 2302 2042 2341 ea

387 2371 523 2427 quae
555 2357 791 2414 meliora
824 2365 983 2427 sunt,
1033 2364 1319 2421 aemulari.
1387 2367 1610 2426 Invidia
1669 2388 1801 2428 vero
1851 2373 2041 2430 aliena

384 2443 664 2501 felicitate
698 2451 1026 2520 torquetur,
1063 2457 1116 2507 et
1149 2453 1206 2508 in
1237 2455 1527 2527 duplicem
1579 2460 1869 2516 scinditur
1907 2479 2038 2533 pas-

389 2534 657 2591 sionem:
692 2552 824 2593 cum
859 2545 962 2596 aut
994 2540 1123 2612 ipse
1155 2548 1243 2599 est
1287 2544 1505 2617 aliquid
1560 2547 1613 2602 in
1663 2565 1749 2612 eo.
1801 2550 1860 2606 in
1924 2570 2038 2624 quo

388 2623 572 2678 alium
607 2641 736 2682 esse
762 2643 878 2682 non
909 2628 1072 2685 vult:
1108 2637 1208 2687 aut
1240 2633 1420 2689 alium
1453 2652 1581 2691 esse
1610 2635 1812 2694 videns
1843 2623 2041 2697 melio-

387 2726 538 2782 rem,
592 2712 748 2770 dolet
793 2732 856 2772 se
902 2717 953 2772 ei
1005 2735 1119 2774 non
1170 2737 1297 2777 esse
1346 2724 1734 2782 consimilem.
1794 2729 2040 2787 Pulchre

384 2800 630 2873 quidam
662 2804 733 2859 de
759 2806 1103 2875 neotericis,
1127 2810 1387 2866 Graecum
1401 2829 1634 2871 versum
1657 2818 2038 2889 transferens,

384 2888 646 2961 elegiaco
669 2897 860 2949 metro
893 2895 965 2950 de
995 2895 1213 2954 invidia
1240 2899 1404 2970 lusit,
1439 2903 1676 2960 dicens:

509 2996 718 3074 Justips
747 2999 953 3074 invidia
982 3003 1114 3074 nihil
1143 3009 1255 3055 est:
1288 3021 1407 3074 quin
1440 3011 1684 3072 protinus
1739 3013 1912 3074 ipsum

636 3060 928 3113 Auctorem
958 3067 1115 3126 rodit,
1149 3060 1518 3134 excru’ciatq'ue
1549 3060 1787 3126 animum

381 3155 631 3229 Scripsit
681 3163 737 3213 et
790 3160 999 3218 beatus
1041 3165 1364 3237 Cyprianus
1415 3168 1631 3226 librum
1682 3173 1754 3228 de
1799 3175 1924 3230 Zeto
1981 3180 2038 3232 et

377 3245 579 3302 Livore
608 3246 776 3304 valde
806 3251 1133 3322 optimum:
1171 3271 1345 3327 quem
1379 3259 1479 3329 qui
1517 3258 1740 3333 legerit,
1774 3280 1890 3319 non
1923 3265 2030 3320 du-
2062 3252 2104 3320 C

373 3333 589 3390 bitabit
619 3353 1012 3396 annumerare
1041 3344 1316 3414 cperibus
1339 3347 1531 3403 carnis
1554 3349 1853 3407 invidiam.
1879 3353 2033 3410 Inter

373 3421 639 3479 invidum
676 3430 878 3482 autem
910 3431 967 3484 et
994 3429 1347 3489 invidiosum
1381 3435 1491 3491 hoc
1539 3436 1821 3496 interest:
1873 3445 2027 3514 quod

372 3509 608 3568 inv1dus
633 3513 874 3570 feliciori
907 3518 1128 3575 invidet
1151 3523 1190 3575 ι.
1224 3522 1552 3582 Invidiosus
1582 3533 1775 3585 autem
1809 3530 1859 3586 is
1889 3509 2025 3601 —est,
2093 3531 2097 3536 ’

370 3600 474 3672 qui
499 3601 571 3656 ab
605 3601 715 3658 alio
748 3605 973 3676 patitur
1029 3608 1335 3668 invidiam.
1392 3615 1676 3678 Quartum
1725 3619 2024 3677 decimum

368 3686 572 3744 locum
621 3690 776 3746 inter
804 3695 997 3751 carnis
1043 3713 1221 3770 opera
1277 3701 1528 3758 ebrietas
1568 3709 1745 3762 tenet.
1803 3707 2026 3765 Ebriosi

369 3777 590 3850 quippe
623 3797 870 3853 regnum
903 3783 1003 3839 Dei
1039 3802 1154 3841 non
1186 3791 1592 3859 possidebunt.
1625 3795 1694 3850 Et
1746 3798 2026 3855 Dominus

369 3865 446 3920 ad
479 3866 838 3938 discipulos:
876 3871 1091 3943 Cavete,
1125 3876 1225 3945 ait,
1257 3895 1325 3934 ne
1352 3882 1491 3950 forte
1518 3889 1820 3951 graventur
1864 3888 2026 3943 corda

367 3953 543 4046 corda
575 3960 747 4046 vestra
777 3962 834 4015 in
869 3964 994 4018 vino
1024 3971 1078 4019 et
1105 3969 1334 4037 crapula
1365 3968 1516 4039 (Luc.
1567 3989 1682 4040 χχι,
1715 3975 1825 4046 34).
1875 3976 2022 4034 Vino

373 4041 602 4099 homini
635 4062 846 4104 sensus
897 4051 1213 4108 evertitur:
1253 4057 1430 4127 pedes
1484 4041 1803 4119 corruunt:
1855 4074 2038 4123 mens’

372 4131 640 4224 vacillat:
734 4136 921 4194 libido
997 4143 1408 4201 succenditur:
1480 4148 1641 4205 Unde
1707 4154 2022 4224 Apostolus

363 4217 664 4312 clamitat:
700 4224 768 4278 Et
801 4227 991 4282 vinum
1036 4231 1098 4283 in
1155 4247 1257 4301 quo
1302 4237 1381 4288 est
1429 4235 1660 4293 lunaria
1706 4217 1928 4312 (Ephes.
1964 4261 2018 4310 ν,

365 4307 455 4399 1_8)
472 4348 486 4365 .
533 4310 716 4366 Habet
749 4315 1162 4389 unusquisque
1183 4337 1300 4378 suae
1322 4326 1624 4381 sententias
1648 4307 2014 4399 potestatem;

361 4395 490 4469 Ego
520 4399 940 4469 Apostolorum
973 4421 1222 4478 sequor:
1257 4409 1316 4464 in
1348 4412 1481 4468 vino
1520 4395 1666 4472 esse
1702 4417 2014 4490 luxuriam,

357 4483 422 4541 in
456 4484 592 4541 vino
625 4488 985 4550 ebrietatem.
1021 4495 1370 4555 Ebrietatem
1403 4508 1597 4559 autem
1630 4509 1687 4561 et
1722 4483 2014 4568 luxuriam

2164 614 2216 667 v,
2239 598 2352 670 23).
2385 599 2647 655 Ebrietas
2679 605 2874 656 autem
2907 606 3025 656 tam
3059 619 3126 658 ex
3157 603 3289 659 vino
3319 622 3498 676 quam
3531 623 3598 663 ex
3640 613 3809 664 caete-

2163 687 2242 742 ris
2273 688 2511 744 bibendi
2541 691 2878 760 generibus,
2913 708 3039 764 quae
3068 692 3226 748 vario
3277 695 3447 750 modo
3489 697 3809 753 conﬁciun-

2161 781 2276 844 tur,
2310 782 2500 848 potest
2529 779 2826 848 accidere;
2862 797 2929 836 ex
2960 798 3073 852 quo
3103 787 3160 837 et
3189 783 3260 837 de
3304 789 3503 840 sancto
3552 786 3803 842 dicitur:

2161 868 2360 922 Vinum
2412 873 2465 923 et
2509 869 2742 924 siceram
2787 885 2896 926 non
2951 871 3090 926 bibet
3139 873 3291 943 (Luc.
3355 890 3394 939 I,
3445 873 3556 942 15).
3610 875 3806 932 Sicera

2160 956 2578 1028 interpretatur
2605 959 2857 1014 ebrietas.
2891 961 2960 1015 Et
2989 976 3060 1015 ne
3120 961 3252 1032 quis
3295 961 3497 1017 vinum
3549 980 3667 1019 non
3719 965 3806 1020 bi-

2160 1047 2324 1114 bens,
2350 1046 2506 1102 aliud
2545 1047 2656 1102 sibi
2689 1053 2922 1120 putaret
2950 1049 3292 1117 bibendum,
3330 1051 3568 1107 exclusa
3599 1069 3805 1109 causa-

2157 1135 2237 1190 tio
2297 1139 2386 1190 est
2411 1136 2473 1202 8;
2507 1137 2648 1191 dum
2681 1154 2852 1192 omne
2882 1139 3035 1208 quod
3068 1138 3358 1196 inebriare
3410 1144 3620 1212 potest,
3672 1159 3805 1198 cum

2156 1224 2288 1279 vino
2312 1225 2530 1296 pariter
2549 1227 3300 1296 aufertur.Quintadecima,
3325 1246 3450 1301 qua:
3471 1235 3528 1286 et
3548 1235 3807 1288 extrema

2159 1314 2311 1369 inter
2365 1315 2559 1370 carnis
2619 1331 2816 1387 opera,
2874 1316 3222 1373 comessatio
3281 1324 3388 1374 est.
3451 1320 3808 1394 Mandueavit

2155 1405 2354 1474 quippe
2381 1405 2613 1475 populus
2641 1413 2694 1460 et
2721 1406 2879 1474 bibit,
2901 1415 2954 1461 et
2981 1410 3342 1463 surrexerunt
3371 1408 3558 1465 ludere
3605 1410 3800 1476 (Exod.

2154 1509 2330 1557 xxxu,
2384 1493 2460 1565 6).
2522 1494 2764 1565 Semper
2815 1495 3081 1550 ebrietati
3122 1496 3334 1566 juncta
3382 1496 3616 1554 luxuria
3690 1502 3798 1556 est.

2154 1581 2404 1637 Pulchre
2435 1583 2675 1652 quidam
2707 1599 2824 1638 non
2857 1583 3132 1656 ignobilis
3163 1589 3375 1652 orator,
3405 1603 3538 1642 cum
3570 1587 3800 1645 ebrium

2155 1671 2225 1725 de
2247 1686 2454 1725 somno
2486 1671 2846 1728 describeret
2893 1672 3233 1742 excitatum,
3279 1675 3397 1730 ait:
3456 1675 3614 1731 «Nec
3661 1676 3800 1732 dor-

2154 1759 2301 1816 mire
2332 1759 2641 1824 excitatus,
2675 1777 2779 1816 nec
2807 1760 3048 1834 vigilare
3079 1762 3275 1818 ebrius
3324 1767 3571 1836 poterat.
3601 1786 3630 1814 ››
3679 1765 3806 1829 Qua

2154 1849 2445 1905 sententia
2492 1850 2794 1921 expressit,
2847 1851 3282 1922 quodammodo
3352 1870 3457 1909 nec
3503 1857 3804 1910 mortuum

2152 1955 2284 1994 eum
2346 1938 2526 1994 fuisse
2585 1956 2691 1996 nec
2745 1939 2963 1996 vivum.
3029 1941 3292 2012 Longum
3352 1946 3480 1997 erat
3532 1943 3804 2000 universa

2152 2028 2345 2083 carnis
2375 2044 2551 2100 opera
2581 2028 2881 2100 replicare,
2930 2033 2987 2084 et
3015 2029 3349 2100 catalogum
3400 2031 3586 2086 facere
3632 2033 3800 2088 vitio-

2151 2134 2304 2172 rum.
2342 2117 2466 2172 Uno
2498 2117 2678 2190 igitur
2706 2118 2902 2173 omnia
2932 2134 3202 2175 sermone
3231 2118 3519 2174 conclusit
3575 2120 3796 2190 dicens,

2148 2213 2200 2261 et
2230 2206 2314 2260 his
2341 2207 2573 2263 similia.
2608 2207 2741 2270 Quae
2773 2206 2998 2262 utinam
3046 2212 3170 2262 tam
3219 2207 3385 2263 facile
3431 2209 3613 2266 vitare
3662 2226 3797 2282 pos-

2149 2310 2368 2360 semus,
2402 2311 2579 2366 quam
2614 2294 2782 2351 facile
2813 2295 3220 2369 intelligimus.
3274 2297 3537 2369 Przdico,
3581 2297 3797 2371 inquit,

2148 2383 2301 2439 vobis
2355 2386 2493 2439 sicut
2543 2385 2834 2456 praedixi:
2891 2387 3155 2457 quoniam
3211 2389 3308 2457 qui
3369 2385 3516 2442 talia
3593 2392 3797 2460 agunt,

2147 2489 2377 2544 regnum
2407 2475 2506 2529 Dei
2523 2491 2635 2530 non
2662 2483 3076 2546 consequentur.
3110 2475 3216 2531 Ubi
3236 2480 3368 2530 ante
3413 2474 3793 2546 przedixerat:

2147 2565 2270 2617 Non
2302 2566 2507 2633 regnet,
2540 2562 2751 2634 inquit,
2782 2571 3069 2635 peccatum
3114 2565 3172 2618 in
3202 2563 3432 2620 mortali
3457 2568 3628 2621 vestro
3675 2580 3794 2622 cor-

2145 2667 2299 2722 pore,
2327 2651 2398 2706 ad
2424 2651 2776 2708 obedientium
2825 2652 3118 2708 desideriis
3166 2654 3282 2724 ejus
3328 2655 3502 2722 (Rom.
3552 2670 3630 2714 v1.
3681 2654 3792 2723 12).

2149 2738 2461 2795 Peccatum
2510 2757 2714 2796 omnes
2758 2741 2905 2797 istas
2948 2741 3172 2812 species
3219 2741 3415 2808 habet,
3465 2741 3524 2797 in
3575 2741 3793 2814 quibus

2148 2845 2304 2884 nunc
2333 2829 2810 2886 discriminandis
2839 2830 2972 2902 plus
3005 2831 3247 2886 forsitan
3278 2847 3454 2902 quam
3513 2832 3789 2902 oportuit,

2148 2916 2445 2973 immorati
2479 2935 2708 2974 sumus.
2739 2920 2888 2990 Ergo
2909 2920 2967 2974 in
3001 2919 3218 2985 anima,
3251 2919 3309 2974 in
3343 2936 3460 2992 qua
3489 2923 3791 2991 peccatum

2147 3006 2492 3078 regnaverit,
2537 3024 2651 3062 non
2684 3011 2875 3077 potest
2903 3007 3005 3063 Dei
3037 3024 3278 3080 regnare
3327 3024 3600 3080 regnum.
3660 3008 3795 3077 Qua

2145 3095 2289 3150 enim
2306 3097 2661 3168 participatio
2699 3097 2943 3168 justitiae
2988 3103 3040 3152 et
3087 3095 3423 3168 iniquitati?
3467 3111 3592 3169 quae
3645 3113 3761 3153 com

2143 3185 2444 3240 mum’catio
2475 3185 2586 3240 luci
2634 3185 2709 3240 ad
2752 3185 3044 3241 tenebras?
3079 3187 3176 3256 qui
3228 3201 3516 3241 consensus
3576 3185 3791 3242 Christo

2141 3281 2207 3328 et.
2242 3273 2420 3328 Belial
2480 3275 2554 3345 (II
2605 3273 2813 3340 Cor.v1,
2868 3275 2954 3341 14,
3015 3273 3150 3342 l5)?
3207 3277 3274 3328 Et
3328 3278 3607 3346 putamus
3681 3291 3790 3331 nos

2140 3378 2386 3434 regnum
2408 3362 2510 3418 Dei
2537 3363 2837 3434 consequi,
2872 3363 2921 3418 si
2944 3381 2978 3419 a
3008 3363 3408 3428 fornicatione,
3432 3362 3785 3430 idololatria,

2139 3455 2196 3505 et
2223 3451 2519 3507 veneficiis
2548 3452 2848 3507 immunes
2883 3452 3092 3507 simus.
3124 3453 3268 3508 Ecce
3287 3451 3633 3519 inimicitiae,
3655 3469 3784 3509 con-

2137 3540 2342 3608 tentio,
2398 3540 2504 3609 ira,
2557 3540 2702 3605 rixa,
2754 3540 3068 3605 dissensio,
3121 3540 3372 3597 ebrietas
3425 3557 3678 3613 quoque,
3729 3545 3788 3598 et

2137 3633 2344 3684 caetera
2401 3645 2527 3700 quae
2587 3645 2763 3700 parva
2823 3629 3202 3694 arbitramur,
3254 3628 3572 3685 excludunt
3619 3646 3791 3686 nosa

2135 3733 2312 3787 regno
2346 3717 2466 3773 Dei.
2505 3715 2615 3773 Nec
2648 3718 2824 3773 refert
2854 3735 2968 3773 uno
3001 3717 3136 3788 quis
3164 3718 3186 3753 ³
3217 3734 3250 3773 a
3279 3718 3641 3774 beatitudine
3690 3733 3786 3774 ex-

2133 3805 2429 3871 cludatur,
2461 3824 2533 3861 an
2566 3806 2855 3877 pluribus,
2888 3823 3022 3862 cum
3055 3807 3255 3864 omnia
3279 3806 3552 3864 similiter
3595 3806 3786 3863 exclu-

2131 3895 2293 3949 dant.
2329 3897 2392 3950 In
2425 3895 2646 3950 Latinis
2678 3895 3003 3967 codicibus,
3038 3895 3393 3951 adulterium
3442 3911 3696 3967 quoque,
3726 3899 3784 3951 et

2131 3983 2523 4054 impudicitia,
2556 3989 2614 4039 et
2644 3984 2960 4040 homicidia
2999 3986 3040 4052 ‘,
3086 3985 3242 4042 510
3271 3984 3330 4038 in
3368 3983 3477 4040 hoc
3518 3982 3779 4055 catalogo

2129 4073 2408 4127 vitiorum
2463 4073 2682 4144 scripta
2730 4074 3083 4129 referuntur.
3138 4072 3248 4129 Sed
3299 4071 3602 4127 sciendum
3662 4087 3777 4127 non

2130 4159 2265 4233 plus
2299 4178 2474 4232 quam
2508 4162 2843 4234 quindecim
2885 4161 3082 4217 carnis
3114 4178 3286 4232 opera
3335 4160 3654 4230 nominata,
3706 4161 3777 4215 de

2129 4250 2348 4322 quibus
2378 4256 2432 4306 et
2457 4251 2868 4307 disseruimus.

2199 4339 2386 4411 (Vers.
2418 4341 2583 4410 2'2.)«
2610 4341 2857 4395 Fructus
2900 4342 3098 4394 autem
3139 4338 3404 4411 spiritus,
3443 4343 3533 4396 est
3581 4339 3774 4396 chari-

2127 4431 2239 4494 tas,
2273 4429 2580 4500 gaudium,
2629 4445 2761 4499 pax,
2791 4427 3231 4500 longanimitas,
3277 4428 3632 4501 benignitas,
3667 4429 3769 4486 bo-

2126 4517 2300 4585 nitas,
2363 4517 2530 4584 ﬁdes,
2589 4519 3005 4585 mansuetudo,
3060 4517 3437 4584 continentia,
3489 4519 3768 4574 adversus

360 4573 520 4673 int?”
536 4577 743 4691 figulis
775 4597 958 4652 Opera
988 4588 1310 4660 numerari,
1343 4607 1448 4646 nec
1477 4591 1573 4649 ille
1595 4600 1784 4666 potest
1803 4616 2017 4672 negare
2047 4626 2094 4691 D
2127 4607 2471 4678 hujusmodi
2497 4624 2611 4662 non
2635 4612 2724 4662 est
2743 4607 2852 4662 lex.
2875 4629 2903 4656 ››
2933 4607 3002 4662 Et
3039 4624 3165 4679 quae
3213 4607 3326 4662 aila
3368 4606 3520 4663 inter
3550 4608 3772 4662 fructus

361 4662 466 4760 qui
499 4664 724 4760 eisdem
756 4671 1134 4741 passionibus
1163 4676 1437 4734 vincitur.
1472 4681 1540 4736 Et
1571 4662 1707 4740 licet
1750 4703 1843 4742 me
1879 4662 2013 4760 qui-

359 4751 495 4848 dam
544 4754 605 4848 in
667 4773 734 4812 eo
784 4758 955 4848 libro,
1007 4780 1182 4836 quem
1232 4767 1304 4824 de
1347 4773 1634 4828 servanda
1681 4751 2016 4848 virginitate

355 4842 590 4932 scripsi,
643 4847 1193 4917 reprehendendum
1255 4861 1502 4927 putent:
1564 4863 1718 4932 quod
1768 4842 2012 4924 dixerim

355 4929 832 4992 adolescentulas
865 4939 946 4994 tia
975 4941 1176 4998 vinum
1235 4945 1444 5002 debere
1487 4929 1686 5022 fugere
1735 4959 1800 5008 ut
1846 4972 2014 5012 vene«

357 5034 545 5118 nam:
583 5038 699 5118 non
728 5040 822 5118 me
851 5029 1152 5086 sententiae
1206 5035 1532 5104 paenitebit.
1586 5038 1745 5112 Opus
1794 5045 2012 5118 quippe

2129 4696 2372 4768 spiritus
2429 4694 2629 4752 debuit
2685 4701 2879 4751 tenere
2941 4696 3282 4767 primatum,
3332 4695 3444 4751 nisi
3493 4695 3768 4761 cbaritas,

2129 4785 2252 4841 sine
2306 4802 2424 4856 qua
2474 4784 2719 4840 virtutes
2775 4789 2993 4841 cetera:
3053 4801 3169 4840 non
3232 4789 3578 4855 reputantur
3643 4800 3772 4840 esse

2127 4874 2390 4938 virtutes,
2415 4879 2472 4930 et
2491 4891 2559 4929 ex
2607 4891 2723 4945 qua
2757 4879 3084 4930 nascuntur
3131 4873 3402 4928 universa
3444 4889 3571 4944 quae
3621 4873 3774 4929 bona

2125 4963 2311 5018 sunt?
2340 4963 2643 5036 Siquidem
2675 4967 2732 5019 et
2763 4963 2822 5019 in
2857 4968 3022 5035 Lege,
3056 4967 3113 5018 et
3171 4961 3229 5016 in
3285 4961 3596 5034 Evangelio
3647 4963 3775 5035 ipsa

2123 5052 2347 5109 obtinet
2377 5053 2774 5124 principatum
2802 5068 2814 5108 :
2846 5052 3049 5121 Diliges
3080 5053 3374 5107 Dominum
3405 5057 3578 5108 Deum
3615 5062 3774 5109 tuum

353 5104 442 5212 ibi
469 5111 844 5212 magisovini,
873 5132 1050 5188 quam
1077 5119 1173 5175 Dei
1205 5138 1239 5177 a
1260 5124 1428 5181 nobis
1449 5104 1715 5185 creatura
1735 5104 2012 5192 damnata
2119 5158 2189 5198 ex
2220 5144 2327 5198 toto
2360 5104 2530 5198 clorde
2563 5104 2675 5211 iuo,
2722 5154 2774 5196 et
2801 5157 2871 5196 ex
2901 5104 3010 5195 τοῖα
3040 5142 3231 5196 anima
3287 5144 3401 5212 tua,
3452 5145 3503 5198 et
3548 5157 3618 5198 ex
3659 5149 3771 5198 tota

355 5200 506 5303 es‘tii
538 5202 596 5254 et
651 5199 948 5303 licentiam
1005 5207 1252 5303 tulimus
1298 5213 1450 5269 δυο
1508 5217 1721 5291 virgini
1777 5225 2008 5295 proprio
2119 5232 2320 5287 virtute
2340 5235 2474 5285 tua:
2507 5238 2558 5285 et
2585 5199 2781 5300 diliges
2802 5231 3123 5300 proximum
3150 5236 3305 5284 tuum
3348 5199 3488 5286 sicut
3536 5232 3769 5303 teipsum

354 5285 543 5384 atatis
577 5288 774 5348 calore
832 5293 1099 5365 ferventi,
1152 5315 1224 5355 ne
1281 5302 1392 5357 sub
1449 5285 1751 5365 occasione
1777 5285 2006 5384 “parum

350 5371 643 5470 bibendi,‘
670 5379 807 5452 plus
861 5383 1090 5442 biberet
1147 5393 1204 5444 et
1250 5391 1482 5462 periret.
1534 5371 1817 5470 Alioquin
1861 5403 2006 5462 scie-

347 5478 512 5536 mus,
539 5467 691 5526 etin
716 5470 936 5529 Christi
994 5477 1342 5550 sanguinem
1394 5482 1587 5540 vinum
1639 5467 2002 5550 consecrari:

421 5609 438 5700 ί
470 5607 634 5700 ξέῗῖῖξ
664 5629 802 5685 ωειν
830 5619 1090 5700 Ῑείίᾷίονα
1110 5622 1338 5700 invidet,
1359 5641 1468 5700 pro
1496 5628 1757 5700 feliciori.

415 5679 438 5713 ²
470 5679 634 5741 Palat
662 5679 800 5759 ms.,
830 5679 1060 5751 exclusa
1078 5695 1261 5751 cautio
1292 5679 1394 5755 esti

2120 5319 2294 5391 (Deut.
2353 5335 2433 5389 v1,
2488 5319 2566 5386 5;
2629 5319 2797 5374 Leuit.
2853 5334 2970 5373 XIX.
3044 5319 3108 5372 18
3132 5335 3150 5379 ,·
3219 5319 3404 5374 Matth.
3477 5337 3578 5388 χιι,
3651 5321 3763 5394 37).

2117 5408 2360 5476 Quantis
2392 5406 2563 5464 bonis
2597 5408 2808 5464 referta
2838 5407 2915 5462 sit
2935 5406 3214 5476 Charitas,
3235 5412 3291 5463 et
3316 5425 3495 5482 supra
3516 5410 3767 5467 breviter

2113 5495 2586 5570 perstrinximus,
2619 5501 2677 5553 et
2706 5513 2862 5552 nunc
2891 5495 2978 5552 vel
3011 5513 3217 5569 parum
3245 5497 3460 5557 dixisse
3485 5499 3762 5558 sufficiat:

2186 5640 2208 5714 ξ
2238 5639 2398 5714 Idem
2429 5656 2570 5709 ms.,
2603 5654 2699 5696 nec
2729 5639 2905 5714 refert
2929 5640 2981 5695 si
3010 5656 3155 5714 unus
3181 5643 3325 5712 quis.

2187 5713 2210 5747 δ
2237 5709 2363 5769 Duo
2395 5727 2543 5772 mss.
2573 5715 2768 5770 tacent
2791 5709 2849 5770 ξι
2877 5709 3190 5771 homicidia.
