4144 6202
311 325 428 386 M7

1555 329 1621 392 Β.
1669 327 1980 398 EUSEBII
2023 328 2478 396 HlERONYMI‘

3602 327 3720 393 448

317 460 471 531 quod
504 457 734 515 dilectio
765 476 883 516 non
913 459 1122 533 quaerit
1151 479 1276 534 qua
1308 479 1416 518 sua
1461 467 1618 532 sunt,
1670 464 1771 520 sed
1829 481 1956 535 qua:
1986 465 2040 532 Α
2069 464 2503 522 benedictiones
2531 466 2552 502 ⁸
2589 465 2902 524 scribitur:
2947 465 3097 522 Beati
3129 461 3398 536 paciﬁci:
3449 463 3724 535 quoniam

317 548 505 604 aliena
534 550 580 619 (Ι
606 551 729 608 Cor.
761 568 886 614 xm,
917 551 994 622 5).
1050 556 1116 605 Et
1167 552 1435 623 quamvis
1483 570 1591 610 suo
1639 554 1774 624 quis
1821 555 1959 609 vitio

314 636 594 694 inimicus
624 639 700 695 sit
746 639 1035 712 diligenti,
1081 645 1137 696 et
1194 642 1661 714 tranquilitatem
1706 644 1834 714 ejus
1884 644 1954 698 ad

315 725 582 782 odiorum
644 727 858 784 ﬂuctus
905 729 1196 786 concitare
1250 731 1506 788 nitatur:
1556 736 1752 788 tamen
1803 749 1959 788 nun-

316 831 493 886 quam
534 815 632 870 ille
661 818 968 874 turbatur:
1002 836 1303 891 nunquam
1337 826 1661 877 creaturam
1693 822 1791 878 Dei
1827 821 1958 877 odio

318 903 555 976 dignam
589 905 857 962 aestimat.
893 907 1155 964 Charitas
1186 911 1341 964 enim
1396 912 1585 983 operit
1630 910 1957 966 multitudi-

319 992 451 1048 dem
491 999 857 1064 peccatorum
891 996 937 1067 (I
964 999 1108 1052 Petr.
1146 1015 1219 1064 1v,
1251 1000 1327 1069 8).
1371 999 1516 1055 Illud
1552 1017 1783 1072 quoque
1799 1000 1957 1072 quod

316 1097 350 1138 a
375 1081 674 1139 Salvatore
696 1083 943 1140 dicitur:
975 1087 1092 1142 Non
1121 1092 1294 1158 potest
1340 1091 1504 1144 arbor
1550 1090 1692 1144 bona
1739 1089 1958 1160 fruetus

316 1173 523 1242 afferre
549 1173 757 1228 malos:
793 1191 964 1245 neque
993 1175 1158 1231 arbor
1184 1178 1352 1245 mala,
1384 1183 1592 1248 [ructus
1623 1181 1821 1251 aﬁerre
1867 1184 1956 1234 bo-

313 1277 412 1316 nos
442 1261 646 1329 (Matth.
679 1280 780 1329 vn,
816 1265 924 1332 18),
959 1281 1072 1320 non
1104 1270 1223 1321 tam
1257 1267 1327 1321 de
1359 1267 1722 1332 hominibus,
1777 1286 1956 1340 quam

312 1349 385 1404 de
410 1349 697 1406 fructibus
729 1352 924 1408 carnis
955 1358 1012 1409 et
1037 1354 1281 1425 spiritus
1316 1355 1564 1412 arbitror
1615 1358 1954 1428 pronuntia-

314 1441 480 1506 tum:
515 1440 652 1512 quia
684 1457 789 1497 nec
845 1442 1088 1513 spiritus
1137 1461 1395 1514 unquam
1445 1450 1633 1516 potest
1677 1463 1745 1502 ea
1791 1446 1952 1514 vitia,

315 1527 522 1598 quain
581 1530 778 1586 carnis
833 1532 1110 1602 operibus
1166 1537 1472 1590 numerata
1519 1540 1677 1603 sunt,
1729 1536 1952 1604 facere;

315 1633 420 1672 nec
449 1634 582 1674 caro
612 1619 706 1676 his
738 1620 1024 1684 fructibus
1057 1623 1157 1694 qui
1191 1623 1460 1679 oriuntur
1501 1641 1570 1680 ex
1600 1625 1809 1696 spiritu
1863 1643 1956 1682 re-

315 1706 598 1762 dundare.
624 1708 821 1764 Potest
844 1715 1040 1766 autem
1078 1711 1200 1767 fieri
1233 1729 1333 1783 per
1363 1713 1778 1786 negligentiam
1822 1732 1954 1788 pos-

314 1795 579 1867 sidentis,
605 1800 668 1851 ut
690 1797 931 1869 spiritus
955 1801 1055 1871 qui
1076 1806 1340 1858 versatur
1360 1802 1417 1857 in
1443 1803 1698 1870 homine,
1729 1805 1957 1860 fructus
1988 1840 2036 1906 B

314 1901 423 1906 ..-μ
463 1884 669 1906 ι.-1.--ι
710 1904 801 1906 -..κ
950 1895 960 1906 ι
1148 1896 1155 1906 ι
1271 1892 1281 1902 ο
1653 1893 1684 1906 οι
1910 1893 1920 1904 ο

314 1901 430 1940 non
463 1884 674 1942 habeat
704 1904 844 1944 suos
869 1906 880 1944 :
912 1895 970 1945 et
997 1892 1321 1947 econtrario
1347 1908 1480 1948 caro
1508 1893 1783 1964 operibus
1832 1893 1958 1948 suis

316 1974 704 2044 mortiﬁcatis,
738 1993 975 2048 peccare
998 1979 1259 2035 desistat.
1281 1981 1405 2036 Non
1428 1984 1621 2036 tamen
1645 1981 1745 2037 illo
1771 1999 1958 2054 usque

315 2065 658 2135 procedunt,
709 2071 776 2122 ut
819 2071 877 2122 et
928 2067 1191 2140 neglecta
1245 2071 1418 2126 arbor
1467 2071 1729 2142 spiritus,
1786 2087 1960 2144 opera

316 2151 509 2208 carnis
539 2155 765 2225 atterat,
787 2161 844 2213 et
863 2157 1036 2214 arbor
1066 2159 1260 2215 carnis
1291 2159 1539 2229 exculta,
1575 2162 1799 2217 fructus
1829 2177 1957 2233 ger-

315 2239 501 2310 minet
552 2243 906 2314 spirituoles.
963 2247 1026 2302 Iu
1073 2249 1328 2304 secundo
1381 2249 1777 2320 spiritualium
1838 2250 1956 2306 fru-

313 2333 514 2387 ctuum
539 2331 661 2388 loco
691 2333 972 2405 gaudium
1006 2337 1262 2407 positum
1286 2342 1406 2392 est:
1431 2339 1586 2409 quod
1609 2339 1786 2394 Stoici
1814 2356 1957 2410 quo-

317 2433 430 2488 que
478 2420 576 2491 qui
609 2421 986 2494 distinguunt
1042 2425 1195 2480 inter
1248 2427 1423 2482 verba
1463 2427 1760 2493 subtilius,
1796 2427 1956 2483 aliud

314 2507 462 2576 quid.
511 2524 640 2566 esse
698 2511 992 2567 aestimant
1048 2530 1225 2583 quam
1281 2514 1612 2570 laetitiam‘.
1663 2516 1955 2572 Gaudium

315 2595 548 2667 quippe,
579 2613 711 2656 esse
741 2599 907 2655 aiunt
936 2598 1244 2657 elationem
1278 2603 1458 2659 animi
1487 2621 1664 2676 super
1693 2605 1784 2660 his
1825 2623 1952 2678 quas

313 2683 494 2757 digna
521 2691 659 2742 sunt
703 2687 1054 2747 exultantis:
1117 2689 1379 2748 latitiam
1431 2709 1563 2749 vero
1611 2694 1947 2750 effrenatam

313 2772 493 2830 animi
525 2775 857 2846 elationem,
881 2781 1028 2837 511
1068 2797 1194 2852 quis
1226 2783 1470 2838 modum
1502 2783 1744 2851 neseiat,
1787 2788 1844 2838 et
1889 2784 1949 2839 in

313 2861 406 2918 his
436 2881 670 2937 quoque
700 2883 826 2938 quae
859 2868 998 2926 vitio
1050 2869 1169 2925 sint
1225 2871 1422 2936 mista,
1482 2870 1727 2927 laetatur.
1778 2872 1890 2927 Alii
1919 2890 1950 2928 e

311 2953 548 3025 regione,
574 2956 772 3028 gaudii
805 2956 1165 3030 voluptatem
1194 2966 1456 3030 ponunt:
1493 2978 1607 3016 non
1640 2961 1790 3016 hanc
1822 2977 1948 3033 quae

313 3059 527 3114 corpus
559 3044 630 3100 ad
658 3044 966 3104 libidinem
997 3049 1271 3121 concitat,
1303 3049 1504 3105 titillat
1533 3067 1765 3118 sensus,
1800 3049 1952 3106 dulci

313 3129 614 3188 blanditur
642 3135 888 3204 ail‘ectu;
924 3137 1025 3193 sed
1057 3137 1238 3196 alium
1271 3139 1409 3195 huic
1459 3139 1779 3212 ὁμώνυμον,
1829 3157 1956 3212 quae

2068 553 2184 623 ﬁlii
2210 556 2309 611 Dei
2329 556 2665 612 vocabuntur
2696 555 2904 626 (Matth.
2937 572 2988 625 v,
3038 556 3114 624 9).
3176 553 3238 609 In
3297 550 3498 623 primo
3535 553 3716 608 etiam

2067 644 2357 714 graduum
2391 645 2615 716 psalmo
2673 649 2969 700 cantatur:
3023 643 3159 698 Cum
3204 643 3291 697 his
3338 643 3435 713 qui
3483 640 3714 699 oderunt

2061 749 2270 804 pacem,
2299 750 2454 789 eram
2501 734 2762 806 paciﬁcus
2819 733 2993 804 (Psat.
3045 748 3194 798 cxxx,
3249 732 3326 801 7).
3378 730 3494 786 Nec
3547 735 3721 803 pute-

2068 839 2202 878 mus
2231 839 2433 894 pacem
2462 827 2695 879 tantum
2727 824 2871 878 ineo
2901 837 3029 878 sese
3058 820 3459 892 quaerendam,
3493 820 3543 876 si
3571 837 3716 879 cum.

2067 910 2179 966 alio
2213 902 2682 984 nonjurgemur:
2716 912 2816 968 sed
2845 916 2984 966 tunc
3016 927 3127 982 pax
3156 908 3396 978 Christi,
3451 908 3562 963 hoc
3607 913 3718 976 est,

2067 999 2370 1057 hzsreditas
2401 1006 2602 1057 nostra
2624 1000 2929 1056 nobiscum
2971 1004 3081 1065 est,
3114 999 3160 1054 si
3196 995 3524 1068 tranquilla
3552 1013 3717 1056 mens

2067 1089 2244 1145 nullis
2267 1089 2642 1161 passionibus
2665 1088 3207 1160 perturbetur.Post
3224 1101 3428 1159 pacem
3451 1086 3719 1156 sequitur

2065 1175 2506 1249 longanimitas,
2541 1179 2661 1236 sive
2693 1178 2978 1248 sapientia
2999 1195 3018 1232 :
3049 1176 3190 1248 quia
3239 1179 3490 1246 utroque
3541 1174 3716 1230 modo

2071 1267 2443 1340 paxpoficpiazv
2476 1284 2795 1340 possumus
2825 1266 3216 1336 interpretari.
3251 1262 3397 1319 Huic
3425 1263 3720 1320 contraria

2066 1359 2156 1411 est
2212 1355 2688 1428 pusillanimitas‘,
2744 1357 2816 1411 de
2864 1371 2979 1426 qua
3032 1352 3348 1410 scribitur:
3417 1352 3718 1408 Pusillam-

2064 1446 2170 1499 mis
2198 1445 2543 1502 vehementer
2569 1446 2838 1517 insipiens
2866 1445 2888 1479 ³
2912 1463 2931 1503 .·
2962 1445 3059 1516 qui
3107 1457 3232 1499 vero
3258 1443 3474 1513 patiens
3525 1445 3622 1507 est,
3666 1444 3727 1503 et-

2064 1535 2327 1590 universa
2365 1537 2661 1600 sustentat,
2707 1535 2794 1588 vir
2847 1535 3065 1604 sapiens
3115 1532 3303 1603 (Eucti.
3352 1547 3452 1588 vn.
3502 1530 3579 1600 9).
3650 1530 3722 1586 Et

2065 1640 2192 1679 cum
2241 1622 2479 1677 ἐπιτάσει
2536 1624 2777 1679 multum
2829 1625 3046 1694 sapiens
3093 1619 3442 1693 appellatur,
3517 1623 3582 1674 ut
3656 1619 3718 1676 in

2067 1711 2390 1770 Proverbiis
2421 1729 2655 1784 quoque
2702 1711 2990 1784 scriptum
3046 1714 3139 1766 est
3192 1710 3562 1780 Longanimus
3607 1709 3716 1774 vir,

2067 1804 2272 1858 multus
2329 1805 2394 1857 in
2439 1802 2740 1875 prudentia
2797 1803 2981 1872 (Prov.
3035 1817 3149 1867 xxv,
3211 1799 3326 1870 29).
3382 1796 3717 1869 Benignitas

2065 1893 2242 1947 etiam
2279 1892 2401 1948 sive
2431 1891 2707 1956 suavitas,
2753 1891 2893 1961 quia
2935 1890 3090 1962 apud
3140 1888 3372 1944 Graecos
3405 1884 3716 1961 χρηστότης

2069 1987 2384 2051 utrumque
2415 1985 2603 2047 sonat,
2639 1981 2825 2036 virtus
2854 1982 2944 2035 est
2972 1976 3144 2043 lenis,
3167 1975 3403 2044 blanda,
3433 1974 3719 2046 tranquil-

2066 2069 2141 2136 la,
2175 2074 2231 2126 et
2261 2069 2526 2126 omnium
2579 2069 2867 2126 bonorum
2915 2071 3054 2139 apta
3096 2065 3410 2132 consortio,
3461 2063 3718 2119 invitans

2065 2160 2136 2215 ad
2196 2159 2656 2214 familiaritatem
2711 2158 2827 2224 sui,
2879 2154 3068 2212 dulcis
3119 2153 3399 2225 alloquio,
3452 2151 3715 2208 moribus

2066 2253 2406 2320 temperata.
2440 2248 2698 2320 Denique
2729 2253 2786 2303 et
2834 2246 2985 2301 hanc
3032 2243 3209 2300 Stoici
3260 2243 3342 2299 ita
3392 2241 3714 2297 deﬁniunt:

2066 2337 2406 2406 Benignitas
2447 2343 2538 2394 est
2569 2337 2752 2392 virtus
2803 2339 3006 2406 sponte
3067 2335 3136 2388 ad
3181 2334 3326 2389 bene
3376 2330 3709 2390 faciendum

2066 2428 2220 2484 512
2254 2427 2534 2499 exposita.
2570 2426 2694 2480 Non
2729 2424 2983 2479 multum
3030 2421 3262 2478 bonitas
3292 2439 3328 2478 a
3354 2419 3718 2492 benignitate

2068 2515 2296 2572 diversa
2333 2520 2462 2570 est:
2525 2515 2665 2586 quia
2722 2519 2778 2570 et
2838 2513 2968 2584 ipsa
3027 2513 3101 2568 ad
3161 2510 3495 2568 faciendum
3553 2508 3713 2564 vide-

2065 2608 2161 2659 tur
2191 2605 2470 2675 exposita.
2506 2605 2616 2659 Sed
2649 2603 2708 2658 in
2740 2620 2807 2659 eo
2847 2603 3057 2672 diil‘ert,
3090 2600 3232 2672 quia
3257 2603 3448 2672 potest
3477 2599 3712 2655 bonitas

2065 2709 2193 2749 esse
2222 2693 2466 2761 tristior,
2502 2698 2559 2748 ct
2615 2693 2802 2748 fronte
2851 2690 3070 2747 severis
3113 2689 3377 2746 moribus
3425 2687 3714 2758 irrugata,

2066 2783 2212 2837 bene
2243 2782 2480 2853 quidem
2516 2783 2703 2838 facere
2758 2785 2815 2836 et
2872 2784 3147 2852 praestare
3204 2778 3360 2850 quod
3410 2777 3708 2849 poscitur:

2065 2888 2180 2926 non
2213 2876 2410 2926 tamen
2443 2869 2638 2926 suavis
2665 2886 2795 2926 esse
2836 2867 3150 2938 consortio,
3201 2872 3261 2924 et
3309 2882 3419 2926 sua
3467 2869 3715 2920 cunctos

2063 2960 2308 3016 invitare
2339 2959 2665 3015 dulcedine.
2724 2959 2883 3014 Hanc
2929 2973 3162 3030 quoque
3219 2959 3565 3037 sectatores
3617 2954 3712 3023 Ze-

2065 3048 2235 3104 nonis
2268 3049 2348 3104 ita
2376 3049 2702 3104 definiunt:
2738 3047 2977 3103 Bonitas
3032 3051 3122 3102 est
3166 3044 3358 3101 virtus
3413 3060 3540 3116 quae
3585 3058 3716 3115 pro-

2065 3139 2238 3194 dest:
2299 3138 2438 3208 sive,
2499 3138 2684 3194 virtus
2743 3154 2814 3192 ex
2852 3154 2970 3208 qua
3025 3135 3213 3191 oritur
3276 3131 3541 3190 utilitas:
3589 3136 3712 3202 aut,

316 3217 444 3276 sine
499 3221 913 3289 moderatione,
988 3230 1045 3281 et
1101 3226 1219 3282 ullo
1305 3229 1508 3284 decore
1587 3229 1818 3299 laetitiae,
1894 3229 1953 3285 in
1987 3215 2029 3282 C
2065 3226 2251 3282 virtus
2284 3233 2520 3300 propter
2550 3227 2966 3299 semetipsam:
3002 3229 3105 3282 aut
3157 3223 3402 3281 affectus
3433 3221 3536 3294 qui
3586 3222 3714 3278 fons

318 3307 440 3364 risu
472 3309 684 3368 exultat
713 3329 909 3370 vocem
941 3331 1134 3370 suam.
1167 3315 1331 3378 Quod
1386 3316 1434 3372 si
1482 3333 1685 3372 verum
1735 3323 1845 3386 est,
1902 3323 1959 3373 et

315 3412 514 3456 eorum
547 3400 698 3457 inter
725 3403 901 3459 verba
925 3403 1222 3458 distinctio
1251 3421 1364 3461 non
1414 3405 1561 3460 fallit
1612 3411 1667 3462 et
1716 3407 1955 3476 fallitur,

316 3488 770 3546 consideremus.
794 3508 864 3547 ne
894 3491 1136 3548 forsitan
1169 3493 1384 3550 idcirco
1417 3495 1493 3550 sit
1523 3495 1746 3551 dictum
1774 3513 1787 3554 :
1840 3497 1959 3551 Non

314 3584 394 3632 est
442 3577 678 3647 gaudere
709 3581 917 3649 impiis,
971 3581 1107 3638 dicit
1155 3583 1418 3640 Dominus
1473 3586 1599 3651 (Isa.
1651 3601 1782 3649 LVII,
1841 3586 1952 3656 21).

311 3663 496 3720 simul
527 3671 721 3723 autem
753 3673 811 3724 et
862 3668 1010 3726 illud
1041 3672 1384 3738 notandum,
1418 3674 1574 3744 quod
1608 3679 1739 3744 post
1786 3672 1958 3728 dilec-

312 3758 556 3824 tionem,
585 3756 868 3828 gaudium
900 3759 1185 3830 sequitur.
1228 3761 1335 3824 Qui
1359 3760 1514 3816 enim
1534 3761 1726 3834 diligit
1753 3779 1956 3835 quem-

317 3844 495 3916 piam,
527 3861 761 3918 semper
789 3845 846 3903 in
878 3849 1006 3919 ejus
1035 3847 1306 3905 felicitate
1337 3849 1583 3906 laetatur.
1646 3853 1714 3908 Et
1743 3853 1790 3907 si
1823 3869 1957 3908 eum

311 3933 520 3990 viderit
549 3934 746 4007 aliquo
774 3953 968 3992 errore
999 3938 1328 4009 deceptum.
1359 3945 1416 3995 et
1446 3945 1814 4011 peccatorum
1865 3941 1958 3996 lu-

313 4023 476 4080 brico
507 4025 854 4092 concidisse,
885 4026 1106 4083 dolebit
1136 4029 1396 4100 quidem,
1437 4034 1494 4084 et
1540 4046 1740 4086 eruere
1795 4031 1959 4086 festi-

318 4113 518 4170 nabit:
552 4115 653 4171 sed
695 4132 809 4172 non
844 4118 1059 4188 poterit
1113 4117 1396 4190 gaudium
1430 4123 1658 4174 mutare
1701 4118 1960 4187 tristitia,

317 4203 510 4259 sciens
563 4205 785 4260 nullam
848 4206 1284 4263 rationabilium
1336 4213 1736 4264 creaturarum
1805 4210 1958 4280 apud

319 4295 504 4348 Deum
549 4292 737 4364 perire
795 4300 1113 4367 perpetuo.’
1141 4297 1375 4354 Tertius
1423 4298 1647 4354 fructus
1697 4297 1960 4370 spiritus,

317 4382 570 4453 estipax,
595 4399 630 4438 a
659 4399 776 4454 qua
806 4383 1079 4442 Salomon
1111 4403 1346 4459 quoque
1376 4387 1476 4459 qui
1510 4387 1567 4442 in
1619 4393 1752 4460 typo
1800 4387 1962 4444 Chri-

321 4471 394 4528 sti
429 4471 746 4544 praecessit,
782 4490 994 4530 nomen
1025 4477 1249 4548 accepit
1277 4478 1352 4548 (II
1399 4479 1521 4550 Reg.
1578 4495 1678 4545 xu,
1727 4479 1840 4549 24).
1894 4479 1965 4534 Et

320 4560 393 4654 de
427 4559 692 4654 Ecclesia
740 4562 1057 4654 Psalmista
1095 4567 1286 4622 canit:
1346 4568 1539 4622 Factus
1594 4576 1672 4624 est
1719 4570 1778 4624 in
1832 4583 1966 4639 pace
1995 4588 2042 4654 Ι)

321 4650 469 4707 locus
499 4651 616 4722 ejus
648 4652 813 4724 (Psal.
847 4669 1010 4725 Lxxv,
1041 4654 1118 4723 3).
1170 4655 1236 4709 Et
1284 4655 1436 4711 inter
1490 4660 1620 4712 octo
1666 4655 1961 4729 Evangelii

394 4816 415 4887 ‘_
443 4814 840 4887 Conferendus
870 4814 1091 4882 Cicero,
1123 4815 1226 4887 qui
1277 4832 1309 4870 e
1355 4814 1682 4887 Stoicorum
1734 4833 1834 4872 ore
1879 4816 1962 4873 lo-

319 4885 523 4960 quitur
577 4885 680 4942 lib.
733 4904 787 4960 1v
833 4885 1377 4960 Qua’stsr'lusculan.
1462 4886 1771 4960 idemque
1815 4888 1965 4944 inter

317 4957 622 5030 gaudium,
654 4975 718 5013 ac
750 4958 1011 5014 laetitiam
1038 4959 1352 5015 discrimen
1395 4958 1578 5030 ponit.
1624 4957 1962 5016 Lactantius

318 5044 550 5102 quoque
580 5029 770 5102 tib._v1
805 5033 989 5086 Divin.
1024 5033 1259 5087 Institut.
1320 5029 1447 5102 cap.
1500 5033 1558 5086 11
1588 5048 1601 5085 :
1660 5053 1681 5082 ι
1718 5031 1961 5098 Laetitia,

317 5100 528 5174 inquit,
563 5099 708 5156 nihil
740 5107 829 5174 est
858 5119 1037 5174 quam
1068 5103 1375 5174 profusum
1393 5099 1712 5174 gaudium.
1742 5126 1768 5152 »
1820 5102 1963 5158 Vide

318 5170 916 5247 si_libet,_et_Caelium
976 5170 1372 5245 Rhodiginum
1411 5170 1535 5247 lib.
1588 5191 1643 5245 v,
1693 5191 1820 5247 cap.
1869 5177 1961 5231 33.

315 5242 610 5300 Ciceronis
659 5243 843 5311 locus,
879 5267 907 5294 ‹‹
944 5261 1080 5300 cum
1130 5242 1352 5302 ratione
1402 5242 1636 5302 animus
1699 5242 1965 5303 movetur

317 5313 562 5388 placide,
597 5319 770 5386 atque
800 5321 1152 5388 constanter,
1185 5322 1309 5372 tum
1342 5316 1487 5372 illud
1538 5317 1820 5388 gaudium
1880 5319 1963 5374 di-

315 5385 504 5454 citur;
537 5385 690 5443 cum’
726 5392 920 5443 autem
968 5391 1026 5442 et
1079 5385 1329 5444 inaniter
1373 5393 1430 5443 et
1485 5385 1669 5444 etl‘use
1728 5389 1963 5447 animus

317 5458 556 5527 exultat,
592 5465 714 5515 tum
757 5459 858 5515 illa
905 5459 1125 5524 latitia.
1183 5460 1443 5532 gestiens
1479 5460 1569 5517 vel
1618 5461 1805 5518 nimia
1849 5461 1964 5520 dici

319 5535 529 5602 potest.
557 5552 586 5580 »

389 5604 410 5636 ²
444 5603 530 5658 Ita
584 5603 768 5658 nostri
828 5619 972 5658 mss.
1049 5617 1274 5670 omnes,
1346 5605 1402 5657 et
1481 5602 1704 5661 Rabani
1769 5619 1961 5660 exem-

317 5671 463 5748 plar,
499 5679 558 5734 et
585 5679 810 5733 veteres
839 5673 1059 5747 vulgati
1091 5672 1221 5732 libri
1253 5672 1590 5747 praferunt.
1644 5673 1958 5749 Victorius,

2040 3317 2145 3371 -sit
2175 3316 2524 3372 utilitatum.

2140 3407 2296 3460 Inter
2326 3406 2550 3461 fructus
2581 3404 2845 3477 spiritus.
2875 3403 3192 3475 septimum
3223 3406 3284 3459 et
3333 3405 3710 3459 sacratiorem

2062 3493 2254 3549 locum
2286 3495 2430 3550 ﬁdes
2462 3494 2740 3565 possidet,
2793 3510 2920 3565 quae
2975 3492 3152 3549 etiam
3199 3490 3342 3547 alibi
3389 3490 3543 3548 inter
3589 3495 3709 3545 tres

2066 3584 2336 3656 ponitur:
2400 3599 2571 3655 spes:
2629 3583 2796 3650 fides,
2849 3581 3104 3639 charitas
3162 3582 3208 3653 (ι
3229 3583 3355 3638 Cor.
3408 3596 3533 3644 xm,
3595 3579 3707 3646 13).

2063 3673 2178 3729 Nec
2209 3672 2424 3728 mirum
2457 3673 2505 3727 si
2537 3689 2671 3743 spes
2700 3672 2759 3726 in
2791 3671 2899 3726 hoc
2920 3670 3181 3743 catalogo
3229 3669 3658 3726 non'referatur
3697 3682 3711 3722 :

2068 3779 2202 3817 cum
2235 3761 2293 3816 in
2346 3761 2460 3817 fide
2493 3761 2573 3816 sit
2601 3761 2755 3832 quod
2807 3765 3116 3831 speratur:
3163 3764 3222 3815 et
3257 3758 3508 3815 ita‘eam
3555 3759 3712 3828 Apo-

2069 3851 2256 3908 stolus
2287 3851 2360 3906 ad
2416 3851 2686 3906 Hebraeos
2733 3850 2995 3906 scribens
3053 3848 3336 3906 definiat:
3393 3853 3489 3906 Est
3533 3850 3716 3902 autem

2069 3941 2200 4011 ﬁdes
2256 3941 2660 4013 sperandarum
2718 3941 3031 3996 substantia
3074 3955 3282 4006 rerum,
3332 3938 3723 4006 argumentum

2068 4031 2298 4086 necdum
2343 4033 2729 4101 apparentium
2785 4029 2977 4100 (Hebr.
3035 4045 3116 4096 x1,
3178 4028 3251 4100 1).
3303 4026 3610 4098 Siquidem
3659 4023 3720 4079 id

2071 4121 2226 4192 quod
2258 4135 2565 4190 speramus
2596 4136 2725 4175 esse
2759 4124 3096 4183 venturum,
3127 4121 3184 4173 et
3214 4116 3465 4172 necdum
3519 4121 3610 4171 est
3655 4114 3716 4169 in

2074 4209 2368 4282 praesenti,
2403 4209 2517 4262 ﬁde
2566 4208 2960 4280 possidemus,
3017 4210 3324 4279 sperantes
3370 4222 3477 4262 nos
3522 4209 3720 4261 tenere

2073 4297 2228 4369 quod
2261 4297 2577 4353 credimus.
2609 4297 2898 4361 Quaeritur
2956 4313 3191 4369 quoque
3237 4296 3531 4368 quomodo
3571 4295 3720 4351 fides

2074 4387 2132 4442 in
2165 4385 2446 4442 charitate
2496 4385 2573 4441 sit
2621 4387 2828 4458 posita.
2883 4385 2992 4451 Qui
3035 4385 3245 4459 diligit,
3297 4400 3602 4457 nunquam
3659 4400 3726 4440 se

2073 4476 2204 4532 laedi
2238 4476 2529 4532 aestimat:
2566 4493 2868 4548 nunquam
2903 4476 3064 4531 aliud
3097 4475 3214 4530 nisi
3244 4475 3401 4547 quod
3432 4473 3626 4547 diligit
3665 4477 3726 4528 et

2075 4565 2342 4638 diligitur
2370 4566 2410 4630 ⁴,
2447 4565 2803 4637 suspicatur.
2837 4564 2984 4621 Cum
3016 4562 3474 4621 autemvdilectio
3522 4559 3725 4635 procul

2077 4652 2348 4724 abfuerit,
2382 4659 2440 4709 et
2468 4654 2613 4710 fides
2643 4653 2860 4726 pariter
2889 4653 3169 4711 abscedit.
3198 4653 3336 4711 Post
3360 4653 3533 4710 fidem
3551 4668 3722 4708 man-

2073 4831 2324 4880 eumque
2357 4819 2593 4871 secutus
2623 4814 3016 4880 Martianeeus,
3067 4813 3421 4881 rescribunt,
3471 4814 3721 4870 Beatitu-

2072 4889 2253 4944 dines.
2286 4918 2354 4928 —
2379 4885 2721 4942 Erasmiana
2753 4886 2928 4941 editio
2961 4885 3172 4942 retinet
3202 4885 3514 4943 lectionem
3572 4901 3720 4953 quo-

2073 4960 2347 5015 rumdam
2379 4975 2522 5014 mss.
2558 4959 2944 5014 vetustiorum
2977 4957 3266 5025 codicum,
3313 4972 3557 5029 nempe,
3575 4958 3722 5029 inter

2071 5040 2190 5088 octo
2220 5031 2512 5100 Evangelii
2573 5030 2967 5086 benedictiones
3023 5029 3315 5100 scribitur.
3359 5027 3494 5095 Quis
3545 5027 3716 5084 lectio

2072 5103 2295 5174 optima
2319 5099 2434 5174 dici
2459 5106 2673 5174 potest.
2696 5102 2836 5174 quia
2857 5099 3152 5174 Evangelii
3166 5099 3720 5174 beatitudinessunt

2073 5171 2512 5246 benedictionés
2560 5190 2594 5229 a
2639 5171 2868 5246 Christo
2918 5171 3164 5232 Domino
3213 5173 3384 5230 dicte
3431 5171 3713 5246 pacificis.

2073 5244 2414 5318 lugentibus
2445 5249 2503 5303 et
2531 5245 2752 5303 caeteris
2783 5244 2843 5302 in
2874 5246 3172 5304 octonario
3203 5242 3450 5304 numero
3488 5242 3714 5319 positis.

2073 5321 2258 5373 MART.

2143 5387 2458 5445 'Plurium
2522 5405 2768 5446 numero
2826 5389 3010 5447 nostri
3083 5405 3253 5458 mss.,
3328 5388 3740 5446 Pusilianimet‘

2071 5461 2422 5518 vehementer
2451 5463 2792 5534 insipientes.

2142 5535 2164 5569 ⁸
2190 5534 2451 5663 Ρέτὶαεεῗ
2482 5531 2696 5590 rectius
2715 5534 2910 5602 verba,
2941 5541 2992 5591 et
3020 5533 3308 5607 diligitur,
3347 5531 3535 5592 nostri
3567 5547 3714 5589 mss.

2142 5623 2188 5663 in
2261 5621 2294 5663 a
2337 5620 2408 5662 en
2441 5646 2456 5662 .

2072 5621 2188 5663 non
2218 5609 2456 5663 habent.
