4144 6202
411 376 534 437 449

1076 371 1590 433 COMMENTAR.
1638 371 1718 432 IN
1765 372 2010 432 EPIST.
2056 371 2162 432 AD
2208 372 2492 433 GALAT.
2537 373 2686 432 LIB.
2733 372 2838 446 lIl,
2885 375 3057 436 CAP.
3102 377 3177 436 V.

3711 383 3830 441 4δο

416 508 665 567 suetudo
696 508 1061 576 numeratur,
1115 521 1240 575 quae
1296 504 1541 560 adversa
1597 509 1687 560 est
1743 504 1864 571 iras,
1900 504 2064 571 rixis,
2098 506 2150 572 Α
2184 521 2296 561 non
2331 505 2484 560 sicut
2512 504 2571 559 in
2602 504 2808 562 Latino
2856 510 3044 574 sonat,
3099 524 3197 564 eos
3256 510 3355 581 qui
3414 510 3631 567 Christi
3663 519 3825 585 sunt,

413 593 889 655 dissensionibus
917 611 930 660 ;
965 598 1022 649 et
1054 610 1360 664 nunquam
1386 594 1457 648 ad
1492 594 1584 649 sui
1615 595 1907 649 contraria
1939 611 2069 666 pro-

413 692 678 750 vocatur,
709 699 845 739 vere
875 683 947 738 de
975 683 1132 738 bona
1161 682 1406 754 spiritus
1439 683 1665 750 arbore,
1726 684 1907 738 bonos
1952 685 2072 737 fru-

418 781 548 832 ctus
578 773 974 848 egerminans.
1009 771 1116 827 Per
1177 771 1330 827 hanc
1377 772 1637 827 famulus
1698 773 1792 828 Dei
1823 777 2070 844 Moyses,

418 862 829 921 testimonium
859 860 1170 933 Scriptura:
1204 861 1422 916 meruit
1464 862 1744 933 accipere,
1779 862 2029 916 dicentis
2058 877 2070 915 :

418 955 625 1026 Moyses
673 960 994 1007 mansuetus
1048 955 1188 1021 erat,
1269 952 1525 1022 plusqam
1582 937 1770 1006 onines
1831 951 2075 1006 homines

423 1058 593 1115 super
621 1050 825 1097 terram
849 1040 1031 1111 (Num.
1087 1056 1187 1104 x11,
1220 1039 1295 1107 3).
1355 1044 1541 1111 Super
1592 1046 1828 1105 terram,
1861 1039 2076 1111 inquit.

430 1133 624 1203 Super
650 1147 750 1187 eos
775 1129 932 1185 enim
967 1128 1069 1200 qui
1098 1127 1243 1183 facio
1301 1129 1371 1184 ad
1433 1129 1636 1183 faciem
1698 1129 1882 1184 Deum
1913 1129 2078 1184 vide--

439 1222 606 1290 bant,
672 1235 799 1275 esse
854 1235 972 1274 non
1038 1221 1264 1288 poterat
1293 1216 1448 1288 (Gen.
1507 1235 1684 1285 XXXII,
1743 1217 1876 1289 30):
1939 1217 2080 1288 quia

441 1309 631 1364 multa
658 1324 810 1380 saepe
833 1305 1244 1379 compellimur
1274 1323 1376 1378 per
1397 1306 1588 1362 carnis
1622 1308 1808 1361 facere
1839 1305 2081 1360 infirmi-

434 1402 638 1454 tatem.
670 1395 752 1452 De
781 1395 963 1452 David
993 1411 1249 1468 quoque,
1309 1393 1445 1450 licet
1497 1393 1666 1449 multi
1724 1395 1796 1450 de
1833 1381 2080 1450 Domino

433 1491 634 1542 nostro
693 1484 986 1540 astiment
1043 1483 1482 1556 prophetatum,
1538 1483 1694 1554 quod
1755 1499 1863 1539 nos
1903 1483 2079 1539 etiam

441 1590 558 1630 non
589 1589 895 1646 negamus,
930 1572 1184 1644 Spiritus
1217 1580 1454 1627 sanctus
1482 1572 1542 1626 in
1573 1577 1710 1644 typo
1729 1562 1956 1628 venturi
1989 1587 2080 1626 ca-

438 1663 561 1719 nit:
593 1664 876 1732 Memento,
935 1662 1178 1727 Domine,
1239 1660 1432 1731 David,
1491 1671 1542 1716 et
1594 1663 1776 1717 omnis
1823 1677 2081 1716 mansue-

437 1752 648 1808 tudinis
682 1753 800 1823 ejus
855 1752 1031 1820 (Psat.
1085 1767 1274 1818 cxxxr,
1337 1751 1408 1820 1).
1468 1751 1648 1820 Cujus
1690 1750 2080 1804 mansuetudo

2181 610 2414 649 carnem
2448 611 2615 650 suam
2648 595 2802 650 dicat
2832 596 3190 652 crucitixisse
3239 614 3372 653 cum
3405 600 3560 656 vitiis
3599 607 3655 656 et
3681 619 3826 658 con-

2181 683 2595 755 cupiscentiis;
2629 685 2728 738 sed
2762 684 2974 739 Christi
3007 702 3240 740 carnem
3273 689 3342 742 ab
3379 689 3468 743 his
3499 706 3632 745 cum
3661 692 3824 748 vitiis

2181 778 2239 827 et
2267 773 2754 842 concupiscentiis
2785 774 3145 829 cruciﬁxum.
3183 775 3249 829 Et
3279 777 3485 846 quaerit
3533 780 3826 849 quomodo

2184 863 2240 916 in
2275 860 2367 915 his
2397 861 2499 931 qui
2530 861 2752 916 fructus
2807 862 3050 933 spiritus
3108 864 3384 930 habeant,
3434 870 3489 920 et
3515 867 3826 923 adversum

2186 965 2333 1020 quos
2393 949 2484 1004 lex
2542 965 2669 1004 esse
2728 952 2990 1017 cessavit,
3050 953 3348 1008 crucifixio
3406 955 3598 1010 carnis
3633 956 3832 1010 Domi-

2187 1037 2327 1092 nicm
2358 1037 2898 1109 ponaturinlaude,
2923 1056 3058 1094 cum
3089 1041 3159 1095 ad
3193 1040 3461 1098 Hebraos
3514 1043 3570 1097 in
3605 1042 3827 1116 vitupe-

2187 1127 2410 1182 ratione
2431 1127 2506 1182 sit
2529 1126 2784 1198 positum
2809 1153 2823 1194 ;
2861 1130 3094 1183 Rursum
3122 1132 3502 1203 cruciﬁgentes
3551 1134 3611 1186 in
3639 1141 3830 1189 semet-

2187 1216 2321 1287 ipsis
2350 1216 2554 1270 Filium
2592 1217 2715 1285 Dei,
2763 1220 2815 1271 et
2858 1220 3095 1272 ostentui
3140 1220 3296 1274 514
3344 1220 3608 1277 habentes
3637 1222 3829 1292 (Hebr.

2187 1321 2264 1376 v1,
2286 1306 2361 1375 6).
2391 1305 2499 1359 Pro
2526 1321 2713 1359 rursus
2732 1307 3122 1375 csuciﬁgentes,
3146 1307 3356 1364 melius
3380 1326 3562 1365 unum
3595 1313 3839 1366 verbum

2190 1393 2582 1466 compositum
2641 1394 2699 1449 in
2754 1394 2948 1450 Grmco
3000 1400 3107 1465 est,
3169 1395 3644 1472 ἀνασταυροῦντες,
3679 1401 3834 1472 quod

2193 1501 2298 1539 nos
2327 1484 2695 1554 interpretari
2714 1501 3052 1556 possumus,
3075 1487 3542 1560 recruciﬁgentes.
3570 1489 3834 1545 Primum

2190 1589 2327 1646 ergo
2358 1575 2682 1628 notandum
2714 1575 2869 1645 quod
2912 1574 3069 1629 aliud
3128 1576 3205 1630 sit
3259 1577 3618 1650 crucifigere,
3678 1578 3836 1634 aliud

2191 1662 2614 1734 recruciﬁgere.
2651 1663 2867 1718 Deinde
2897 1663 3035 1734 quia
3064 1681 3179 1720 non
3207 1664 3467 1736 idipsum
3517 1666 3595 1721 sit
3637 1682 3836 1722 recru-

2193 1752 2424 1823 cifigere
2484 1751 2695 1806 Filium
2728 1751 2848 1818 Dei,
2899 1757 2956 1807 et
2985 1753 3322 1826 cruciﬁgere
3353 1771 3589 1810 carnem
3619 1755 3835 1810 Christi

443 1843 725 1898 adversus
763 1837 917 1898 Sani.
958 1839 1215 1895 Absalon
1273 1844 1331 1894 et
1395 1839 1607 1906 Semei,
1673 1838 1762 1894 vel
1833 1838 2083 1893 maxime
2115 1879 2161 1944 B
2193 1856 2327 1895 cum
2362 1840 2513 1894 vitiis
2545 1845 2603 1896 et
2630 1841 3142 1912 concupiscentiis.
3174 1843 3316 1898 Caro
3374 1843 3590 1915 quippe
3622 1843 3837 1899 Christi

437 1932 651 1988 claruit
683 1932 735 2003 (ι
763 1932 890 2002 Reg.
923 1947 1076 1996 xxw,
1129 1931 1204 1990 5;
1264 1929 1310 1984 II
1367 1930 1492 2000 Reg.
1527 1945 1642 1996 x1x,
1695 1930 1770 1990 5;
1798 1945 1912 1995 xvx,
1951 1927 2086 1998 10)?

433 2021 585 2077 Cum
616 2019 770 2076 alius
803 2035 939 2076 eum
994 2017 1168 2074 vellet
1224 2017 1518 2085 occidere;
1577 2017 1728 2073 alius
1785 2034 1878 2073 res
1909 2032 2086 2072 novas

434 2111 703 2178 molitus,
735 2109 1007 2164 fraudare
1061 2107 1310 2179 imperio
1367 2106 1691 2162 niteretur:
1727 2107 1882 2163 513
1935 2105 2089 2161 alius

435 2199 660 2272 lapides
717 2198 778 2253 in
837 2213 972 2253 eum
1025 2196 1273 2267 jaciens,
1329 2200 1387 2250 et
1441 2194 1738 2267 pulverem
1773 2194 2084 2260 ventilans,

439 2288 720 2344 clamaret
747 2292 804 2344 et
831 2287 1084 2342 diceret:
1119 2285 1410 2354 Egredere,
1460 2284 1731 2355 egredere,
1783 2286 1868 2339 vir
1899 2285 2089 2352 inique

445 2378 521 2449 (II
548 2379 668 2448 Reg.
697 2393 814 2444 xvx,
843 2377 922 2444 7).
957 2376 1229 2431 Extrema
1287 2373 1648 2430 continentia
1703 2373 1763 2428 in
1797 2372 2087 2428 fructibus

440 2466 684 2539 spiritus
713 2464 1048 2522 collocatur.
1081 2463 1263 2528 Quam
1296 2480 1409 2518 non
1468 2461 1660 2519 solum
1717 2463 1776 2516 in
1820 2461 2089 2516 castitate

443 2556 725 2612 bebemus
754 2555 1034 2627 accipere,
1059 2554 1160 2610 sed
1187 2553 1363 2609 etiam
1396 2552 1453 2607 in
1485 2553 1612 2607 cibo
1643 2556 1699 2608 et
1730 2556 1888 2621 potu,
1921 2549 1978 2604 in
2002 2549 2090 2604 ira

439 2660 674 2716 quoque
705 2649 761 2700 et
806 2643 1109 2700 vexatione
1159 2642 1392 2713 mentis,
1446 2647 1504 2697 et
1551 2639 1897 2696 detrahendi
1955 2638 2086 2692 libi-

437 2733 590 2789 dine.
627 2733 782 2790 inter
828 2733 1176 2790 modestiam
1209 2737 1404 2788 autem
1438 2736 1496 2786 et
1525 2728 1944 2786 continentiam
1979 2727 2086 2782 hoc

433 2822 704 2885 interest.
762 2823 914 2894 quod
976 2821 1266 2877 modestia
1322 2820 1381 2875 in
1440 2819 1580 2874 viris
1637 2817 1908 2889 perfectis
1976 2821 2084 2885 est,

436 2916 982 2982 consummattsque
1022 2910 1276 2974 virtutis,
1328 2910 1398 2964 de
1429 2909 1644 2980 quibus
1673 2906 1940 2962 Salvator
1967 2904 2084 2960 ait:

432 3003 595 3056 Beati
624 3002 802 3066 mites,
822 3001 1082 3073 quoniam
1102 3000 1210 3072 ipsi
1243 2987 1593 3070 possidebunt
1639 3002 1848 3052 terram
1876 2995 2085 3067 (Matth.

447 3106 506 3157 v,
538 3091 614 3159 4).
651 3090 719 3145 Et
747 3091 817 3144 de
849 3089 1078 3162 seipso:
1140 3090 1349 3145 Discite
1405 3105 1438 3142 α
1486 3102 1589 3151 me,
1620 3088 1889 3156 quoniam
1935 3086 2088 3138 mitis

447 3194 594 3245 sum,
617 3182 670 3234 et
697 3179 944 3247 humilis,
976 3187 1027 3234 et
1053 3184 1376 3233 mansuetus
1405 3175 1564 3231 corde
1612 3175 1822 3246 (Matth.
1863 3190 1942 3238 x1,
1972 3173 2085 3244 29).

2184 1926 2191 1940 Ι

2196 1946 2310 1984 non
2344 1928 2759 2000 principaliter,
2793 1934 2850 1983 et
2907 1929 3134 2002 proprie
3189 1931 3367 1986 Filius
3427 1933 3523 1987 Dei
3583 1939 3692 1999 est,
3734 1932 3835 1988 sed

2194 2019 2368 2073 Jesus
2399 2017 2683 2087 Christus,
2718 2019 2818 2088 qui
2850 2033 2984 2073 cum
3041 2024 3195 2074 esset
3247 2019 3307 2073 in
3361 2020 3646 2092 principio
3679 2021 3835 2092 apud

2194 2109 2444 2170 Patrem,
2502 2108 2757 2162 Verbum
2815 2107 2970 2161 Deus
3023 2124 3156 2162 caro
3215 2108 3400 2163 factus
3457 2114 3544 2164 est
3582 2111 3831 2180 (Joan.1,

2197 2195 2305 2265 14),
2365 2201 2421 2250 et
2475 2194 2734 2267 seipsum
2793 2195 3126 2265 exinanivit,
3185 2197 3432 2252 formam
3493 2199 3641 2252 servi
3681 2199 3834 2254 acci-

2196 2285 2382 2355 piens,
2417 2290 2483 2338 ut
2510 2284 2873 2356 cruciﬁgcrct
2901 2301 3155 2352 carnem,
3187 2290 3245 2340 et
3273 2286 3624 2358 despoliaret
3671 2289 3836 2359 prin-

2196 2375 2424 2445 cipatus
2455 2379 2511 2428 et
2545 2378 2879 2444 potestates,
2909 2375 3281 2446 triumphans
3332 2377 3402 2431 de
3459 2377 3543 2432 eis
3575 2376 3632 2431 in
3678 2376 3838 2448 ligno

2196 2463 2459 2534 (Philipp.
2494 2480 2555 2529 ιι,
2577 2465 2654 2534 7),
2684 2467 2748 2517 ut
2769 2462 3158 2534 compleretur
3183 2463 3325 2519 illud
3349 2465 3612 2536 Apostoli
3638 2483 3651 2520 :
3686 2467 3836 2534 Quod

2195 2555 2346 2607 enim
2374 2561 2624 2607 mortuus
2652 2557 2748 2618 est,
2769 2557 3013 2623 peccato.
3064 2559 3313 2609 mortuus
3343 2558 3421 2608 est
3466 2556 3632 2610 semet
3661 2556 3838 2625 (Rom.

2195 2659 2274 2707 v1,
2292 2643 2399 2712 10),
2427 2641 2605 2712 igitur
2621 2641 2669 2696 si
2693 2657 2936 2712 corpora
2953 2647 3153 2697 nostra
3168 2642 3429 2698 membra
3441 2648 3581 2698 sunt
3595 2643 3808 2700 Christi
3821 2689 3835 2714 ,

2196 2735 2620 2801 consequenter
2674 2734 2730 2785 et
2788 2746 2921 2785 caro
2980 2735 3180 2786 nostra
3255 2747 3388 2785 caro
3442 2731 3658 2787 Christi
3723 2737 3838 2800 est,

2196 2835 2372 2890 quam
2405 2818 2826 2890 cruciﬁgimus,
2861 2819 3283 2874 mortiﬁcantes
3338 2835 3440 2890 per
3485 2835 3614 2875 eam
3663 2837 3839 2892 super

2195 2913 2432 2974 terram,
2467 2907 2931 2975 fornicationem,
2977 2907 3436 2977 immunditiam,
3479 2909 3836 2980 passionem,

2196 2996 2553 3051 desiderium
2587 2995 2828 3062 malum,
2884 3002 2940 3050 et
2969 2996 3307 3052 avaritiam:
3341 3001 3400 3051 et
3455 2997 3525 3052 de
3574 2998 3743 3054 nobis
3774 2999 3833 3054 in

2196 3084 2370 3140 laude
2397 3101 2550 3139 nunc
2583 3084 2835 3155 ponitur,
2869 3085 2967 3156 qui
2998 3084 3210 3140 Christi
3241 3085 3380 3141 Jesu
3431 3102 3666 3142 carnem
3698 3103 3841 3142 cru-

2199 3175 2506 3229 ciﬁxerunt
2534 3189 2668 3228 cum
2699 3173 2854 3228 vitiis
2884 3178 2941 3228 et
2983 3173 3471 3245 concupiscentis,
3521 3179 3578 3230 et
3607 3191 3841 3248 semper

447 3266 816 3322 Continentia
846 3283 978 3322 vero
1007 3267 1068 3322 in
1126 3266 1218 3321 via
1272 3266 1512 3337 quidem
1571 3263 1803 3319 virtutis
1833 3267 1939 3332 est,
1985 3263 2086 3317 sed
2120 3249 2162 3314 C
2202 3263 2710 3320 mortificationem
2765 3263 2904 3318 Jesu
2965 3263 3432 3319 circumferimus
3492 3264 3551 3319 in
3604 3281 3841 3337 corpore

443 3357 696 3412 necdum
732 3356 990 3428 pervenit
1020 3356 1091 3411 ad
1124 3355 1338 3412 calcem
1367 3371 1380 3409 :
1415 3354 1555 3426 quia
1604 3352 1952 3425 cupiditates
1998 3352 2093 3406 ad-

443 3447 561 3500 huc
589 3445 654 3498 in
683 3445 810 3516 ejus
843 3445 944 3516 qui
974 3461 1038 3500 se
1065 3444 1344 3511 continet,
1369 3442 1722 3514 cogitatione
1745 3447 2090 3509 nascuntur,

441 3538 504 3589 et
531 3533 748 3588 mentis
779 3532 1051 3604 polluunt
1082 3531 1424 3604 principale,
1457 3531 1592 3586 licet
1649 3547 1763 3586 non
1795 3535 2091 3602 superent,

443 3637 553 3678 nee
583 3622 652 3676 ad
683 3637 835 3694 opus
867 3620 1206 3693 pertrahunt
1236 3620 1608 3692 cogitantem.
1636 3619 1761 3675 Non
1784 3619 1973 3676 solum
1999 3636 2098 3675 au-

446 3716 572 3766 tem
602 3710 661 3765 in
693 3710 1000 3766 desideriis
1031 3716 1088 3767 et
1118 3709 1458 3782 cupiditate,
1509 3709 1868 3764 continentia
1897 3725 2094 3763 neces-

2202 3359 2422 3419 nostro,
2459 3356 2522 3407 ut
2547 3357 2603 3406 et
2631 3352 2749 3406 vita
2776 3353 2904 3422 ejus
2935 3351 3342 3408 manifestatur
3361 3352 3420 3407 in
3443 3369 3616 3410 carne
3639 3361 3838 3410 nostra
3886 3372 3890 3376 ·

2201 3444 2275 3510 (II
2304 3442 2426 3496 Cor.
2455 3458 2530 3510 1v,
2595 3441 2702 3508 10).
2763 3441 2886 3496 Non
2945 3440 3159 3496 modici
3217 3445 3410 3497 autem
3469 3443 3685 3500 laboris
3731 3449 3840 3512 est,

2204 3531 2288 3585 sic
2319 3529 2375 3584 in
2436 3530 2707 3601 praesenti
2739 3529 2950 3584 saeculo
3006 3530 3218 3596 vivere,
3250 3535 3314 3585 ut
3357 3532 3484 3602 jam
3517 3548 3671 3588 nunc
3729 3534 3847 3589 vita

2202 3621 2338 3675 Jesu
2371 3620 2778 3674 manifestetur
2803 3619 2862 3673 in
2922 3635 3095 3674 carne
3127 3624 3346 3676 nostra.
3408 3621 3494 3675 Ita
3519 3621 3674 3676 enim
3704 3621 3847 3676 vivi-

2207 3709 2538 3763 ficabuntur
2566 3714 2622 3763 et
2653 3707 2922 3763 mortalia
2950 3725 3192 3780 corpora
3249 3714 3448 3765 nostra
3491 3725 3592 3782 per
3620 3710 3851 3766 inhabi-

448 3799 607 3855 saria
635 3805 743 3867 est,
777 3801 879 3855 sed
911 3799 1087 3855 etiam
1120 3799 1177 3854 in
1211 3799 1401 3854 tribus
1433 3797 1675 3868 reliquis
1707 3796 2096 3869 perturbatio-

450 3889 651 3959 nibus,
681 3889 877 3945 dolore
909 3889 1150 3954 scilicet,
1183 3887 1380 3942 latitia
1410 3891 1468 3942 et
1527 3887 1755 3942 timore.
1805 3887 2098 3940 Adversus

453 3977 795 4043 hujusmodi
854 3977 1083 4033 fructus
1141 3977 1408 4048 spiritus,
1467 3991 1584 4029 non
1639 3978 1729 4030 est
1781 3973 1892 4029 lex.
1950 3976 2098 4030 Iusto

449 4068 654 4138 quippe
679 4068 768 4123 tea:
793 4082 902 4124 non
934 4071 1014 4122 est
1040 4068 1250 4139 posita:
1275 4065 1482 4136 iniquis
1531 4067 1716 4119 autem
1743 4066 1792 4119 et
1816 4079 1926 4119 non
1973 4063 2098 4118 sub-

439 4157 626 4229 jectis,
662 4157 850 4227 impiis
876 4160 928 4212 et
956 4154 1397 4228 peccatoribus(l
1424 4154 1559 4208 Tim.
1594 4169 1633 4221 ι,
1661 4152 1740 4223 9).
1801 4152 1916 4207 Lex
1951 4150 2099 4206 mihi

449 4245 632 4306 dicit:
681 4245 803 4301 Non
855 4244 1228 4300 adul‘terabis:
1277 4259 1390 4298 non
1443 4241 1668 4309 occides,
1727 4257 1840 4297 non
1894 4241 2100 4313 falsum

451 4337 829 4390 testimonium
856 4334 1039 4389 dices:
1096 4349 1208 4388 non
1253 4332 1582 4404 fraudabis:
1619 4346 1732 4386 non
1765 4328 2100 4385 desiderabis

443 4423 675 4478 aliena:
705 4439 814 4479 non
867 4422 1220 4495 periurabis:
1268 4437 1375 4477 non
1434 4420 1710 4492 furaberis
1752 4418 1944 4487 (Exod.
2002 4435 2096 4485 xx,

435 4510 678 4583 “13-17):
707 4511 756 4566 si
787 4511 908 4567 hac
938 4511 1159 4579 omnia,
1192 4512 1387 4566 fructu
1437 4510 1498 4564 in
1554 4526 1648 4564 me
1677 4509 1920 4580 spiritus
1963 4507 2097 4562 cha-

452 4601 630 4656 ritate
657 4606 958 4674 regnante,
1014 4617 1131 4657 non
1193 4600 1364 4665 facio,
1421 4598 1719 4670 superﬂua
1775 4597 1920 4653 mihi
1959 4600 2176 4685 suntD

445 4691 935 4763 praecptalegis.
995 4691 1260 4762 Denique
1317 4693 1374 4744 et
1429 4688 1723 4760 sapientes
1780 4687 1985 4742 mundi
2026 4687 2097 4741 de

451 4777 826 4850 philosophia
855 4780 940 4835 sic
968 4778 1190 4852 opinati
1221 4783 1379 4846 sunt,
1405 4781 1472 4832 ut
1489 4777 1643 4849 quod
1671 4775 1830 4848 leges
1852 4774 2097 4846 publica:

445 4867 638 4924 facere
673 4867 939 4924 homines
999 4867 1346 4924 necessitate
1401 4863 1782 4937 compellunt,
1842 4864 1950 4919 hoc
1997 4863 2099 4920 illa

2208 3804 2428 3852 tantem
2456 3797 2514 3851 in
2543 3797 2710 3852 nobis
2731 3797 3197 3870 spiritum(Rom-.
3253 3815 3372 3869 VIII,
3409 3799 3520 3869 11).
3555 3795 3663 3854 Ubi
3701 3800 3852 3855 Lati-

2207 3885 2626 3956 nusinterpres
2646 3887 2785 3940 vitia
2829 3886 3045 3958 posuit,
3096 3888 3155 3941 in
3204 3887 3400 3942 Graeco
3425 3887 3741 3958 παθήματα,
3785 3888 3842 3943 id

2205 3980 2314 4044 est,
2368 3975 2648 4044 passiones
2678 3974 2970 4047 leguntur.
3030 3976 3102 4030 Et
3131 3977 3273 4047 quia
3327 3977 3522 4048 passio
3567 3981 3756 4047 potest
3792 3981 3851 4031 et

2207 4064 2489 4132 dolorem,
2539 4069 2596 4119 et
2639 4069 2877 4121 caeteras
2929 4066 3304 4121 necessitates
3358 4065 3690 4136 signiﬁcare
3723 4079 3846 4121 cor-

2209 4153 2459 4224 pusculi,
2493 4159 2659 4209 caute
2687 4153 3000 4226 Apostolus
3029 4153 3229 4208 intulit
3271 4153 3582 4208 desideri'a:
3629 4158 3696 4207 ut
3735 4169 3848 4208 non

2208 4246 2474 4298 naturam
2511 4242 2770 4313 corporis
2798 4243 3093 4297 videretur
3142 4241 3200 4295 in
3261 4240 3667 4313 spiritualibus
3710 4240 3851 4297 viris

2208 4346 2439 4403 negare,
2469 4330 2570 4386 sed
2600 4329 2758 4385 vitia.
2820 4331 2886 4385 Et
2940 4329 3050 4384 hoc
3115 4331 3192 4385 ita
3255 4330 3623 4386 admonitum
3673 4330 3767 4399 sit,
3802 4331 3853 4386 si

2208 4419 2520 4490 Vulgatam
2542 4418 2856 4475 editionem
2881 4420 3207 4491 sequimur,
3229 4418 3490 4493 legentes
3509 4437 3521 4474 :
3538 4420 3644 4489 Qui
3661 4423 3852 4476 autem

2206 4511 2331 4562 sunt
2374 4507 2598 4572 Christi,
2646 4523 2873 4564 carnem
2935 4509 3378 4578 cruciﬁxerunt'
3432 4525 3553 4564 cum
3599 4511 3752 4564 vitiis
3799 4516 3857 4564 et

2207 4598 2698 4668 concupiscentiis:
2731 4602 2796 4651 ut
2826 4614 2941 4652 non
2973 4614 3207 4653 carnem
3266 4598 3498 4661 Christi,
3545 4597 3647 4652 sed
3679 4613 3850 4651 suam

2208 4704 2309 4742 eos
2341 4685 2701 4742 crucifixisse
2732 4685 3018 4742 dicamus.
3051 4686 3202 4742 Pone
3230 4686 3445 4742 oblitus
3477 4701 3608 4740 sum
3668 4684 3846 4740 inter-

2208 4776 2549 4849 pretationis
2581 4776 2866 4832 secundae.
2901 4776 3286 4831 Praedixeram
3317 4775 3472 4829 enim
3497 4772 3693 4829 omnia
3724 4791 3852 4845 quas

2209 4869 2536 4940 sequuntur
2566 4866 2636 4920 ad
2670 4864 2902 4937 Legem,
2952 4870 3010 4920 et
3053 4866 3122 4920 ad
3185 4863 3692 4919 circumcisionem
3723 4878 3852 4918 esse

448 4957 798 5028 persuadeat
829 4957 952 5013 ﬁeri
982 4957 1300 5012 voluntate.

519 5047 707 5117 (Vere.
739 5046 856 5118 24.)
887 5069 916 5096 «
951 5046 1060 5111 Qui
1118 5051 1314 5102 autem
1375 5047 1515 5100 sunt
1566 5042 1802 5109 Christi,
1861 5059 2096 5099 carnem

446 5136 866 5192 cruciﬂxerun-t
897 5135 1218 5191 cumtvitiis
1250 5139 1307 5191 et
1363 5132 1874 5206 concupiscentiis.
1914 5153 1942 5183 ››
1974 5132 2098 5186 Ori-

448 5239 631 5297 genes
651 5225 808 5282 hunc
836 5225 1028 5280 locum
1056 5225 1457 5297 superioribus
1489 5229 1749 5294 nectens,
1809 5222 1890 5278 ita
1919 5222 2092 5294 legit:

457 5313 734 5371 Adversus
765 5313 1086 5387 hujusmodi
1113 5331 1222 5369 non
1252 5322 1330 5370 est
1363 5313 1492 5381 Lex,
1540 5313 1636 5380 qui
1681 5313 1926 5368 Christi‘
1970 5327 2096 5367 car-

2209 4956 2529 5012 referenda.
2566 4955 2788 5010 Sensus
2835 4954 3034 5025 itaque
3089 4953 3199 5008 iste
3229 4957 3349 5008 est:
3409 4954 3468 5007 In
3522 4950 3738 5023 quibus
3764 4955 3854 5007 est

2210 5045 2430 5101 fructus
2461 5045 2724 5116 spiritus,
2759 5042 3037 5109 Charitas,
3071 5041 3377 5114 gaudium,
3423 5045 3481 5098 et
3509 5040 3754 5113 reliqua,
3787 5039 3848 5095 hi

2208 5150 2544 5206 corpoream
2601 5132 2912 5204 Scriptura;
2974 5131 3444 5204 intelligentiam,
3508 5147 3633 5202 quae
3693 5145 3850 5184 nunc

2208 5240 2342 5278 caro
2371 5221 2583 5278 Christi
2640 5220 2984 5292 appellatur,
3045 5220 3458 5276 crucifixerunt
3501 5235 3636 5274 cum
3695 5218 3844 5275 5l5

2208 5311 2581 5383 passionibus
2611 5311 2738 5382 ejus
2771 5315 2827 5366 et
2857 5309 3183 5382 desideriis,
3231 5327 3357 5381 qua:
3407 5311 3690 5382 generant
3728 5324 3854 5379 par-

450 5419 576 5460 nem
607 5405 1007 5476 cmciﬁxeruut
1034 5419 1162 5459 cum
1188 5405 1339 5460 vittis
1394 5412 1446 5458 et
1493 5402 1981 5473 concupiscentiis:
2033 5404 2099 5456 ut
2204 5399 2360 5456 vutis
2409 5405 2584 5472 atque
2630 5399 2984 5456 lactentibus
3031 5399 3292 5456 fomenta
3321 5397 3616 5454 vitiorum.
3650 5393 3845 5452 Cruci-

523 5639 542 5674 ¹
573 5641 739 5694 Unus
771 5636 1019 5695 Palatia.
1055 5636 1268 5692 Christi
1295 5651 1507 5692 nomen
1539 5634 1636 5691 hic
1668 5636 1837 5690 tacet.

517 5711 541 5754 ³
570 5709 805 5786 Vulgati
835 5709 934 5768 alii
963 5707 1120 5780 libri,
1164 5723 1388 5767 carnem
1438 5723 1620 5778 suam,
1672 5703 2095 5781 cruciﬁxerunt,
