4144 6202
347 357 460 419 451
909 365 918 371 “
1603 350 1669 409 S.
1713 346 2021 408 EUSEBII
2068 346 2513 407 HIEBONYMI
3642 347 3762 404 452

353 490 479 546 ﬁxit
507 486 722 544 Christi
755 499 989 542 carnem
1015 485 1056 554 ί,
1091 481 1191 554 qui
1249 497 1364 537 non
1411 480 1582 551 juxta
1631 496 1864 536 carnem
1909 444 1999 534 hi-
2030 490 2084 556 Α
2111 477 2267 534 aliud
2300 477 2357 533 in
2388 476 2704 550 Scripturis
2737 477 2949 533 divinis
2989 475 3198 550 gloria,
3257 491 3392 532 cum
3451 477 3766 548 augustius

359 577 548 634 storia
617 575 852 642 militat,
916 573 1016 628 sed
1083 571 1358 643 spiritum
1412 569 1696 642 allegoria
1738 569 2005 642 sequitur
2113 567 2354 640 aliquid,
2387 573 2441 622 et
2471 567 2728 622 divinius
2757 567 3062 622 hominum
3095 583 3156 622 se
3187 567 3405 638 prabet
3436 565 3758 623 obtutibus.

358 667 752 740 praviantem.

431 755 617 827 (Vere.
650 754 765 824 25.)
799 773 827 799 κ
857 751 917 807 Si
949 751 1156 822 spiritu
1213 749 1464 804 vivimus
1521 747 1728 820 spiritu
1781 752 1838 802 et
1877 763 2000 802 am-

355 845 631 900 bulemus
654 843 694 896 ³.
729 864 757 891 ‹‹
790 839 1038 896 Utamur
1070 839 1176 894 hoc
1208 837 1540 894 testimonio
1571 838 1879 892 adversum
1902 853 2000 892 eos

358 934 459 1005 qui
490 931 702 988 nolunt
724 930 1059 1002 Scripturas
1085 926 1466 1000 spiritualiter
1487 925 1830 997 intelligere.
1859 925 2000 990 Quis

354 1027 442 1079 est
475 1025 673 1076 autem
705 1019 806 1091 qui
837 1017 976 1073 vivit
1006 1017 1242 1089 spiritu,
1272 1016 1384 1084 nisi
1415 1015 1796 1071 absconditus
1823 1014 1998 1069 homo

355 1115 575 1180 noster,
599 1108 697 1180 qui
734 1112 788 1163 et
809 1107 979 1179 juxta
1007 1121 1242 1162 carnem
1265 1104 1559 1159 interdum
1595 1102 1742 1158 solet
1769 1103 1955 1157 vivere
1973 1101 2001 1155 ‘l

357 1200 467 1256 Sed
500 1215 633 1254 cum
665 1196 875 1269 spiritu
903 1195 1126 1262 vixerit,
1157 1194 1367 1266 spiritu
1424 1192 1704 1248 ambulat.
1768 1195 1910 1246 Cum
1939 1189 2000 1245 in

356 1305 530 1344 carne
557 1286 802 1344 voluerit
833 1284 1152 1352 ambulare,
1181 1284 1382 1341 vivens
1443 1288 1712 1337 mortuus
1761 1287 1868 1337 est.
1898 1280 2001 1335 Vir

355 1378 647 1450 perfectus
711 1375 771 1430 in
837 1375 1084 1441 Christo,
1154 1389 1384 1444 semper
1444 1371 1584 1426 vivit
1642 1371 1700 1426 in
1748 1369 1996 1442 spiritu:

358 1465 590 1539 spiritui
622 1464 839 1532 obedit,
872 1479 1176 1535 nunquam
1206 1462 1344 1516 vivit
1368 1461 1426 1516 in
1458 1477 1644 1516 carne.
1671 1461 1739 1515 Et
1758 1464 1996 1515 contra:

360 1556 469 1622 Qui
499 1572 562 1612 se
591 1559 776 1610 totum
812 1552 972 1608 carni
1021 1550 1264 1618 dederit,
1315 1557 1371 1604 et
1401 1547 1773 1620 passionibus
1819 1548 2001 1619 depu-

353 1645 493 1701 tarit
525 1658 825 1715 nunquam
853 1641 992 1694 vivit
1047 1640 1108 1693 in
1165 1638 1395 1710 spiritu.
1457 1639 1610 1694 Inter
1665 1637 1771 1692 hos
1824 1636 2000 1692 medii

355 1738 515 1798 sunt,
572 1747 717 1802 quos
775 1718 880 1784 nec
939 1727 1274 1800 spirituales
1334 1743 1650 1797 possumus
1685 1725 1999 1798 appellare,

353 1837 459 1876 nec
488 1835 768 1884 carneos;
819 1817 919 1872 sed
969 1815 1069 1886 qui
1119 1815 1274 1870 inter
1319 1815 1568 1870 virtutes
1606 1820 1662 1869 et
1692 1814 1830 1869 vitia
1862 1814 2000 1868 ﬂuc-

350 1914 606 1976 tuantes,
653 1922 810 1962 nunc
857 1906 928 1960 ad
964 1904 1205 1959 meliora
1247 1904 1628 1959 retrahuntur
1653 1907 1709 1958 et
1738 1903 1986 1974 spiritus

351 2005 526 2067 sunt;
560 2012 716 2052 nunc
747 1993 938 2050 carnis
969 1993 1192 2049 lubrico
1252 1992 1730 2064 supplantantur,
1774 1996 1833 2047 et
1864 2008 1996 2047 caro

352 2090 515 2143 sunt.
1000 2127 1001 2130 η

424 2174 604 2247 (Vers.
637 2174 752 2244 26.)
783 2194 811 2222 «
843 2175 968 2226 Non
991 2169 1316 2226 efﬁciamur
1336 2170 1528 2225 inanis
1555 2169 1749 2242 gloria
1774 2169 1996 2242 cupidi,

349 2264 598 2320 invicem
630 2265 1028 2334 provocantes,
1062 2259 1307 2314 invicem
1359 2259 1710 2315 invidentes.
1744 2282 1770 2308 ‹‹
1803 2258 1995 2315 Unum

349 2353 594 2409 verbum
625 2351 779 2422 apud
813 2348 1038 2404 Gracos
1095 2344 1390 2416 κενόδοξοι,
1449 2349 1628 2403 trium
1685 2349 1996 2404 verborum

349 2441 595 2498 circuitu
629 2440 914 2510 interpres
946 2437 1186 2492 Latinus
1217 2435 1518 2509 expressit.
1578 2437 1836 2500 Quantas
1893 2453 1995 2492 au-

348 2536 465 2584 tem
499 2528 674 2584 habet
703 2527 1091 2596 deﬁnitiones,
1125 2531 1181 2580 et
1212 2525 1636 2597 signiﬁcautias
1692 2525 1897 2597 gloria,
1941 2530 1997 2580 et

348 2615 831 2690 philosophorum
891 2615 1350 2670 innumerabiles
1407 2613 1563 2679 libri,
1597 2619 1655 2669 et
1701 2613 1993 2669 Ciceronis

350 2707 466 2762 duo
495 2704 815 2770 volumina,
847 2720 974 2774 qua
1003 2703 1069 2758 de
1095 2703 1278 2773 gloria
1311 2702 1568 2774 scripsit,
1593 2703 1809 2758 indicio
1833 2707 1992 2758 sunt.

347 2795 565 2851 Verum
598 2811 704 2850 nos
735 2792 875 2864 quia
905 2809 1019 2847 non
1079 2793 1390 2847 verborum
1449 2791 1851 2863 etymologiae,
1890 2792 1988 2847 sed

347 2885 658 2955 Scriptura
706 2897 946 2937 sensum
995 2881 1280 2936 disserere
1331 2896 1632 2947 conamur,
1701 2879 1784 2934 ita
1835 2879 1991 2935 hunc

347 2972 538 3028 locum
568 2987 703 3027 cum
729 2969 1131 3042 superioribus
1157 2967 1568 3040 copulabimus
1594 2985 1606 3024 :
1639 2968 1696 3023 Si
1729 2968 1750 3001 ³
1781 2968 1989 3039 spiritu

344 3062 615 3128 vivimus,
657 3058 889 3131 spiritui
923 3060 1418 3130 obtemperemus,
1480 3073 1854 3129 nequaquam
1887 3073 1991 3128 per

344 3150 552 3221 legem,
587 3149 686 3203 sed
721 3164 823 3219 per
850 3147 1195 3204 charitatem
1231 3147 1397 3202 nobis
1442 3147 1686 3202 invicem
1731 3146 1986 3202 servien-

2031 1861 2078 1926 B

2110 657 2247 712 Visa
2275 663 2363 711 est
2390 656 2448 710 in
2479 655 2853 711 tabernaculo
2885 655 3070 726 gloria
3091 655 3350 722 Domini,
3373 659 3431 710 et
3450 653 3510 708 in
3536 656 3758 728 templo

2113 745 2262 816 quod
2297 762 2330 800 a
2387 743 2694 800 Salomone
2758 749 3162 799 constructum
3221 748 3332 809 est,
3397 741 3583 814 gloria
3634 749 3759 801 erat

2110 835 2206 905 (Ill
2233 837 2358 904 Reg.
2392 849 2514 900 νιιι,
2551 835 2658 902 11),
2693 837 2750 888 et
2781 833 2839 888 in
2873 834 3020 889 facie
3052 832 3252 904 Moysi,
3279 832 3512 904 quando
3531 833 3759 888 nescie-

2110 923 2209 978 bat
2235 923 2390 994 quod
2419 922 2778 994 gloriﬁcatus
2807 926 2960 977 esset
2987 921 3183 976 vultus
3215 923 3345 992 ejus
3398 921 3600 992 (and.
3652 938 3747 988 XL,

2106 1013 2198 1078 32,
2229 1013 2340 1082 33),
2373 1013 2445 1067 de
2476 1029 2591 1084 qua
2620 1012 2814 1068 vultus
2869 1011 3070 1084 gloria,
3107 1015 3246 1082 puto
3303 1015 3360 1066 et
3407 1011 3752 1082 Apostolum

2109 1101 2336 1156 dicere:
2395 1102 2498 1156 Nos
2555 1105 2738 1156 autem
2793 1117 2971 1158 omnes
3026 1101 3266 1156 revelata
3319 1102 3462 1170 facie
3521 1101 3756 1172 gloriam

2109 1191 2329 1245 Domini
2357 1192 2803 1262 contemplantes,
2830 1191 2891 1244 in
2937 1189 3178 1244 eamdem
3231 1191 3539 1258 imaginem
3575 1192 3758 1246 trans-

2107 1281 2417 1350 formamur
2445 1295 2478 1334 a
2506 1279 2683 1351 gloria
2729 1281 2791 1333 in
2835 1279 3083 1350 gloriam
3130 1279 3272 1334 sicut
3326 1293 3360 1333 a
3407 1279 3510 1334 Dei
3554 1281 3761 1350 spiritu

2110 1369 2184 1439 (II
2213 1367 2330 1424 Cor.
2360 1385 2448 1436 III,
2489 1369 2596 1439 18).
2635 1369 2702 1423 Et
2733 1369 2856 1439 ipse
2900 1367 3187 1435 Salvator,
3251 1366 3532 1439 splendor
3558 1367 3754 1440 gloria

2109 1462 2168 1511 et
2198 1457 2384 1529 ﬁgura
2415 1457 2758 1513 substantia
2817 1455 2939 1526 Dei,
3000 1456 3194 1512 dictus
3251 1461 3342 1512 est
3394 1456 3575 1528 (Hebr.
3611 1474 3648 1524 1,
3679 1457 3758 1529 3).

2109 1545 2268 1600 Vidit
2295 1551 2351 1602 et
2378 1545 2709 1618 Stephanus
2736 1545 2980 1618 gloriam
3014 1546 3136 1613 Dei,
3169 1550 3227 1602 et
3254 1549 3457 1602 Jesum
3506 1551 3756 1602 stantem

2111 1635 2394 1690 adextris
2425 1635 2553 1705 ejus
2619 1635 2736 1707 (Act
2799 1652 2900 1701 vu,
2969 1635 3082 1702 55).
3154 1633 3226 1690 Ut
3292 1640 3491 1691 autem
3555 1639 3613 1691 et
3649 1650 3755 1691 nos

2111 1723 2280 1778 nobis
2310 1723 2713 1794 ﬁngendorum
2746 1724 3055 1780 nominum
3086 1723 3389 1780 licentiam
3433 1740 3757 1796 praesuma-

2112 1827 2266 1880 mus,
2302 1812 2474 1868 rebus
2506 1813 2720 1884 quippe
2775 1812 2936 1868 novis
2967 1814 3058 1883 (ut
3115 1811 3200 1867 ait
3247 1811 3550 1884 quidam‘)
3609 1829 3759 1870 nova

2109 1899 2383 1972 ﬁngenda
2407 1905 2548 1956 sunt
2579 1900 2853 1956 nomina:
2889 1901 3029 1972 quia
3070 1901 3164 1955 hic
3211 1902 3435 1957 dictum
3479 1907 3607 1958 est:
3640 1902 3761 1958 Non

2107 1990 2418 2061 efﬁciamur
2446 1991 2657 2052 inanis,
2681 1987 2769 2044 vel
2800 2005 2985 2045 vacuae
3022 1993 3212 2059 gloria
3259 1991 3487 2061 cupidi:
3521 2007 3626 2046 nos
3657 2007 3756 2046 eos

2109 2095 2443 2134 asseramus
2478 2079 2658 2150 plena
2691 2077 2886 2150 gloria
2921 2095 3051 2134 esse
3081 2078 3347 2151 cupidos,
3381 2077 3483 2150 qui
3511 2078 3756 2150 gloriam

2107 2167 2209 2224 Dei
2239 2167 2593 2235 desiderant,
2628 2172 2686 2222 et
2737 2166 2970 2223 laudem
3022 2167 3236 2222 virtute
3295 2167 3671 2239 condignam,
3702 2171 3761 2222 et

2108 2261 2410 2328 aspectum
2433 2255 2693 2310 divinius
2726 2253 2948 2327 aliquid
2980 2256 3404 2311 ostendentem.
3439 2254 3602 2310 Unde
3623 2255 3756 2311 etin

2106 2345 2404 2417 plerisque
2434 2345 2598 2402 locis.
2630 2345 2821 2401 Nostri
2853 2345 3200 2416 majestatem
3223 2361 3326 2416 pro
3349 2343 3535 2417 gloria
3562 2351 3750 2401 trans-

2069 2461 2076 2466 -
2104 2434 2388 2490 tulerunt.
2421 2439 2553 2490 Jam
2586 2434 2809 2489 dudum
2844 2436 3014 2505 cupio
3047 2433 3106 2488 in
3137 2434 3312 2488 verba
3352 2449 3751 2506 prorumpere,

2105 2524 2206 2579 sed
2239 2529 2439 2579 teneor
2471 2525 2676 2579 timore
2707 2522 2960 2578 dicendi.
2999 2522 3193 2578 Dicam
3242 2527 3462 2590 tamen,
3523 2539 3629 2577 nec
3665 2528 3750 2578 ta-

2102 2612 2241 2668 cebo
2273 2613 2605 2684 passionem
2671 2628 2862 2667 meam
2920 2612 3256 2683 passionem
3315 2628 3463 2684 pene
3491 2627 3752 2667 commu-

2101 2717 2260 2766 nem,
2293 2717 2406 2755 non
2437 2701 2507 2755 de
2564 2700 2800 2765 divitiis,
2862 2717 2978 2755 non
3037 2701 3108 2756 de
3166 2701 3442 2771 potentia,
3505 2717 3623 2756 non
3681 2701 3754 2757 de

2102 2788 2560 2860 pulchritudine,
2595 2794 2652 2844 et
2681 2805 2991 2860 corporum
3050 2794 3390 2856 venustate;
3441 2789 3562 2844 hac
3592 2790 3751 2845 enim

2103 2878 2409 2933 manifeste
2439 2878 2594 2933 inter
2623 2878 2818 2934 carnis
2879 2895 3054 2950 opera
3104 2877 3486 2933 nominantur
3507 2879 3549 2932 ⁸.
3585 2877 3749 2933 Elee-

2101 2983 2346 3040 mosyna
2371 2967 2420 3022 si
2453 2968 2525 3022 ob
2559 2967 2793 3023 laudem
2825 2967 2946 3032 ﬁat,
2981 2967 3174 3022 inanis
3206 2971 3298 3022 est
3325 2966 3547 3038 gloria:
3574 2966 3748 3040 longa

2101 3056 2308 3124 oratio,
2340 3055 2525 3129 pallor
2555 3072 2622 3112 ex
2643 3057 2871 3128 jejunio
2931 3073 3207 3128 sequens.
3267 3056 3394 3111 Non
3449 3072 3581 3112 mea
3611 3061 3751 3112 sunt

2099 3146 2294 3210 verba,
2353 3147 2453 3202 sed
2512 3145 2827 3201 Salvatoris
2880 3145 2939 3200 in
3008 3145 3322 3218 Evangelio
3385 3145 3748 3217 pertonantis

342 3243 450 3293 tes.
483 3237 608 3292 Non
638 3235 920 3290 debemus
951 3235 1022 3290 de
1053 3235 1486 3306 Scripturarum
1510 3234 1987 3307 interpretatione
2021 3237 2063 3303 C
2103 3235 2324 3306 (Matth,
2358 3253 2433 3302 vr,
2466 3237 2520 3303 2,
2551 3236 2678 3304 5,7,
2706 3235 2812 3306 16).
2839 3235 2970 3306 Ipsa
2993 3251 3224 3306 quoque
3248 3234 3486 3290 castitas
3511 3235 3658 3291 517
3688 3233 3748 3289 in

343 3326 694 3383 contendere
758 3329 815 3380 et
880 3323 1108 3379 dicere:
1169 3322 1541 3378 Circumcisio
1599 3323 1804 3378 melior
1852 3329 1985 3379 est:

342 3433 458 3471 non
489 3415 588 3471 sed
623 3413 994 3486 praeputium.
1027 3412 1461 3466 Contemnenda
1509 3411 1776 3476 historia,
1823 3415 1878 3465 et
1909 3411 1987 3466 al-

341 3503 561 3574 legoria
590 3500 889 3572 sequenda
921 3501 1037 3554 imo
1070 3498 1346 3571 allegoria
1379 3515 1526 3553 vana
1553 3504 1642 3553 est
1669 3504 1727 3553 et
1757 3500 1991 3554 umbra-

342 3591 480 3657 tica,
516 3594 574 3644 et
598 3587 778 3643 nullis
807 3588 1060 3644 veritatis
1092 3588 1205 3642 ﬁxa
1236 3587 1550 3642 radicibus.
1586 3586 1746 3642 Unde
1777 3589 1985 3654 evenit,

341 3683 407 3734 ut
438 3677 684 3733 invicem
716 3681 1034 3732 nascantur
1057 3676 1307 3731 invidia.
1335 3675 1655 3746 Excludere,
1681 3677 1854 3744 enim,
1884 3676 1984 3741 ait,

338 3783 430 3824 vos
459 3765 673 3836 volunt,
705 3774 766 3822 ut
797 3766 920 3820 illos
976 3767 1316 3820 amulemini
1345 3765 1491 3834 (Gal.
1555 3782 1629 3830 IV,
1680 3766 1765 3834 17)
1787 3783 1806 3820 .·
1870 3783 1987 3821 non

338 3862 458 3913 tam
485 3855 788 3912 veritatem
823 3854 990 3927 Legis
1046 3856 1309 3910 volentes
1368 3855 1593 3920 docere,
1653 3871 1829 3926 quam
1858 3855 1985 3910 vin-

339 3963 486 4002 cere.
523 3945 602 4003 Ne
633 3949 830 4000 autem
867 3943 1098 4016 penitus
1126 3943 1366 3998 verbum
1400 3942 1596 4015 gloria
1639 3943 1985 4014 praetermit-

338 4040 535 4092 tamus
565 4034 873 4097 intactum,
905 4049 1044 4089 suas
1094 4031 1459 4104 philosophis
1515 4033 1768 4103 ineptias
1819 4032 1986 4087 relin-

340 4129 605 4197 quentes,
645 4122 900 4180 (19516
954 4120 1270 4193 Scripturis
1330 4120 1526 4192 aliqua
1576 4125 1983 4177 retractemus.

337 4212 684 4284 Opinionem
750 4210 926 4284 vulgi,
998 4215 1055 4266 et
1120 4209 1354 4265 laudem
1413 4209 1726 4264 hominum
1793 4209 1984 4264 favore

337 4301 665 4372 quasitam,
689 4300 883 4372 gloria
917 4316 1129 4355 nomen
1155 4302 1345 4364 sonat,
1366 4298 1462 4354 ubi
1493 4297 1708 4354 dicitur
1739 4315 1750 4352 :
1787 4297 1988 4354 Omnia

335 4393 516 4444 autem
547 4391 780 4460 faciunt,
804 4397 864 4443 ut
893 4389 959 4443 ab
990 4388 1301 4444 hominibus
1329 4387 1718 4458 gloriﬁcentur
1775 4388 1982 4457 (Matth.

333 4496 496 4550 xxm,
521 4481 599 4547 5).
650 4479 718 4532 Et
767 4477 948 4533 alibi:
1000 4477 1275 4548 Quomodo
1318 4479 1541 4548 potestis
1597 4478 1820 4533 credere
1867 4479 1984 4548 glo-

2099 3324 2496 3390 matrimonio,
2526 3324 2830 3390 viduitate,
2857 3323 3203 3395 virginibus,
3267 3339 3419 3395 sape
3467 3322 3744 3395 plausum

2099 3413 2309 3483 quarit
2337 3413 2702 3468 humanum:
2745 3418 2802 3468 et
2858 3413 3012 3484 quod
3068 3413 3292 3467 dudum
3326 3413 3505 3467 timeo
3557 3412 3750 3467 dicere

2099 3501 2199 3556 sed
2223 3501 2534 3556 dicendum
2557 3507 2666 3570 est,
2691 3503 3042 3573 martyrium
3063 3501 3284 3573 ipsum,
3308 3501 3357 3556 ei
3391 3501 3518 3556 ideo
3549 3501 3650 3556 ﬁat
3681 3504 3748 3554 ut

2099 3590 2473 3644 admirationi
2504 3594 2560 3644 et
2592 3589 2750 3644 laudi
2783 3590 3104 3645 habeamur
3135 3607 3167 3644 a
3198 3590 3498 3660 fratribus,
3533 3589 3752 3644 frustra

2097 3679 2338 3750 sanguis
2359 3677 2580 3733 eﬁ‘usus
2610 3683 2716 3734 est.
2753 3678 3052 3749 Loquatur
3080 3677 3419 3750 Apostolus,
3471 3676 3746 3749 loquatur

2097 3766 2395 3824 electionis
2417 3784 2516 3822 vas
2537 3767 2627 3824 :Si
2655 3767 2944 3822 tradidero
2970 3783 3162 3838 corpus
3190 3783 3392 3832 meum,
3426 3775 3487 3821 ut
3516 3767 3744 3834 glorier,

2095 3856 2412 3912 charitatem
2477 3859 2661 3912 autem
2688 3871 2797 3910 non
2829 3856 3058 3911 habeam
3113 3856 3261 3911 nihil
3326 3855 3467 3910 mihi
3531 3855 3748 3927 prodest

2097 3946 2140 4015 (Ι
2173 3945 2292 4000 Cor.
2325 3963 2446 4012 xm,
2481 3946 2556 4018 3).
2584 3945 2671 4000 Illi
2706 3945 2804 4018 qui
2863 3945 3125 4001 dixerat:
3191 3945 3311 4000 Seio
3368 3946 3649 4000 hominem
3688 3947 3750 4000 in

2097 4033 2331 4100 Christo,
2362 4044 2488 4090 ante
2515 4051 2690 4090 annos
2733 4033 3174 4104 quatuordecim,
3233 4034 3352 4089 sive
3409 4035 3464 4089 in
3497 4049 3744 4105 corpore,

2094 4126 2294 4192 nescio,
2325 4125 2438 4179 sive
2466 4128 2624 4178 extra
2651 4139 2863 4195 corpus,
2922 4125 3126 4190 nescio,
3185 4123 3326 4178 Deus
3373 4125 3496 4189 scit,
3524 4131 3744 4194 raptum

2097 4227 2266 4281 usque
2291 4211 2362 4265 ad
2389 4213 2618 4267 tertium
2647 4213 2838 4267 calum
2871 4214 2946 4284 (Il
3003 4212 3124 4268 Cor.
3156 4228 3258 4278 xu,
3289 4214 3343 4266 2.
3378 4212 3472 4283 3);
3529 4215 3587 4266 et
3615 4214 3750 4283 post

2100 4300 2436 4356 modicum:
2470 4301 2674 4372 Raptus
2720 4303 2780 4356 in
2833 4301 3189 4372 paradisum.
3248 4301 3469 4356 audivit
3526 4316 3748 4357 arcana

2096 4389 2276 4453 verba,
2309 4403 2435 4459 qua:
2463 4406 2573 4446 non
2630 4391 2754 4446 licet
2807 4391 3020 4446 homini
3078 4391 3228 4462 loqui
3284 4390 3448 4460 (Ibid.
3482 4390 3583 4457 l1):
3632 4387 3743 4458 illi,

2099 4479 2365 4550 inquam,
2399 4479 2496 4550 qui
2530 4478 2660 4550 plus
2701 4480 2978 4535 omnibus
3037 4478 3321 4535 laboravit
3377 4479 3427 4549 (1
3481 4479 3602 4536 Cor.
3653 4495 3748 4545 xv,

332 4571 478 4624 riam
506 4569 573 4624 ab
606 4567 841 4623 invicem
887 4570 1190 4637 quarentes
1247 4566 1435 4638 (Joan.
1497 4583 1551 4631 ν,
1611 4567 1752 4634 44)ἰ⁹
1807 4571 1984 4621 Porro
2020 4568 2210 4674 D10),
2244 4583 2314 4622 ne
2375 4567 2716 4640 magnitudo
2771 4568 3192 4624 revelationum
3246 4567 3545 4624 extolleret
3587 4583 3750 4637 eum,

333 4658 392 4713 in
426 4658 642 4713 bonam
677 4661 903 4729 partem
935 4655 991 4711 in
1031 4656 1234 4711 eodem
1297 4654 1459 4710 loco:
1523 4659 1590 4711 Et
1641 4656 1890 4727 gloriam
1919 4656 1986 4710 ab

336 4763 398 4802 eo
429 4748 526 4817 qui
553 4747 702 4802 solus
731 4755 831 4813 est,
886 4761 993 4801 non
1023 4746 1329 4816 quarentes
1379 4743 1564 4816 (lbid.)
1613 4744 1693 4798 Ex
1743 4761 1856 4816 quo
1897 4744 1985 4798 in-

334 4835 654 4908 telligimus
687 4836 840 4892 idem
863 4836 1126 4901 verbum,
1153 4849 1311 4888 nunc
1334 4833 1606 4888 virtutem
1629 4833 1982 4906 signiﬁcare,

338 4941 493 4979 nunc
524 4925 750 4979 vitium.
818 4924 875 4979 Si
939 4925 1010 4978 ab
1079 4913 1420 4978 hominibus
1489 4939 1682 4993 quare
1715 4922 1983 4994 gloriam,

331 5011 538 5067 vitium
571 5018 696 5070 est:
731 5013 782 5068 si
813 5031 847 5068 a
876 5013 1013 5080 Deo,
1045 5011 1230 5066 virtus
1260 5016 1367 5076 est,
1428 5011 1526 5082 qui
1585 5016 1642 5066 et
1673 5012 1742 5066 ad
1789 5028 1983 5068 veram

327 5117 435 5155 nos
469 5100 716 5171 gloriam
748 5103 1110 5168 cohortatur,
1145 5101 1350 5156 dicens
1378 5117 1390 5156 :
1424 5101 1526 5154 Eos
1552 5106 1740 5156 autem
1779 5104 1876 5172 qui
1899 5119 1984 5158 me

325 5189 657 5258 glori/leam,
691 5189 1010 5260 gloriﬁcabo
1069 5190 1115 5261 (l
1165 5191 1288 5260 Reg.
1355 5206 1416 5260 ιι,
1448 5190 1540 5256 30)
1599 5190 1900 5262 Signiﬁcat
1928 5196 1985 5247 et

409 5333 424 5366 ¹
457 5332 582 5388 Ι)υο
614 5348 757 5389 mss.
792 5338 849 5388 et
906 5333 1206 5398 Rabauus,
1239 5333 1532 5404 Cruci/ixi!
1579 5334 1746 5389 talem
1778 5334 1985 5391 Christi

339 5419 583 5461 carnem.

407 5477 428 5510 ²
455 5476 700 5550 Palatin.
728 5493 838 5532 ms.
880 5493 1013 5532 cum
1044 5476 1316 5550 Viictorio,
1373 5478 1424 5531 si
1480 5478 1714 5550 vivimus
1757 5483 1978 5550 spiritu,

335 5550 566 5620 spiritui
591 5549 1034 5620 obtemperemus.
1073 5549 1315 5620 Utamur,
1348 5552 1454 5602 etc.
1489 5549 1713 5612 Quibus
1762 5549 1818 5606 et
1847 5552 1981 5606 sub-

335 5618 484 5693 nexa
513 5620 709 5693 magis
719 5618 1018 5693 consonat
1046 5618 1353 5693 expositio.

401 5692 423 5740 θ
449 5690 639 5752 Penes
662 5690 1005 5764 Victoriam,
1037 5691 1097 5750 Si
1125 5707 1167 5749 α
1190 5691 1395 5766 spiritu
1425 5691 1681 5749 vivimus.

2099 4656 2272 4711 datus
2303 4662 2393 4713 est
2423 4656 2700 4714 stimulus
2753 4657 2946 4713 carnis
3006 4659 3156 4727 ejus,
3217 4657 3464 4730 angelus
3494 4657 3741 4725 Satanae,

2099 4745 2198 4816 qui
2233 4761 2365 4801 eum
2394 4745 2803 4819 colaphizaret,
2838 4753 2903 4801 ut
2940 4762 3057 4802 non
3116 4745 3436 4802 tolleretur.
3495 4749 3564 4801 Et
3591 4751 3748 4802 certe

2097 4840 2186 4889 ter
2205 4833 2520 4890 Dominum
2544 4836 2766 4908 rogavit
2797 4840 2858 4890 ut
2889 4835 3215 4891 discederet
3245 4836 3318 4891 ab
3349 4851 3415 4890 eo
3441 4851 3454 4889 :
3489 4835 3589 4890 sed
3621 4834 3747 4890 dic-

2096 4928 2223 4978 tum
2254 4929 2342 4979 est
2371 4923 2422 4980 ei
2449 4941 2462 4980 :
2492 4924 2707 4995 Sufﬁcit
2740 4925 2845 4979 tibi
2871 4927 3055 4996 gratia
3082 4941 3206 4979 mea
3231 4943 3252 4979 .·
3282 4927 3462 4981 virtus
3504 4925 3656 4979 enim
3684 4925 3746 4979 in

2096 5014 2428 5084 inﬁrmitate
2452 5012 2763 5085 perﬁcitur.
2798 5014 2946 5078 Quid
2975 5019 3095 5069 tam
3129 5013 3228 5070 Dei
3254 5031 3402 5086 opus
3423 5017 3530 5080 est,
3560 5028 3739 5084 quam

2097 5102 2432 5172 Scripturas
2455 5102 2665 5174 legere,
2697 5103 2754 5157 in
2805 5102 3064 5159 Ecclesia
3107 5102 3444 5174 pradicare,
3475 5100 3738 5158 sacerdo-

2096 5191 2244 5245 tium
2277 5208 2509 5262 cupere,
2541 5197 2675 5246 aute
2704 5190 2886 5247 altare
2931 5191 3162 5246 Domini
3216 5189 3601 5246 ministrare?
3630 5188 3743 5244 Sed

2163 5335 2185 5369 ‘
2214 5332 2490 5406 Sicilicet,
2525 5350 2698 5405 quem
2730 5339 2786 5388 et
2808 5332 2978 5406 paulo
3001 5334 3274 5406 superius
3294 5333 3516 5406 laudat,
3542 5331 3741 5388 Cicero

2092 5403 2640 5461 lib.1Aca¢lemicar.
2677 5403 2872 5473 Quaest.
2930 5423 2999 5461 ex
3057 5403 3231 5461 Attici
3287 5405 3356 5460 ad
3421 5403 3741 5460 Varronem

2093 5494 2381 5550 persona:
2420 5497 2446 5528 α
2503 5479 2827 5550 Αυιίριιὶιῐι
2879 5477 3095 5549 inquit,
3155 5493 3302 5532 nova
3354 5481 3500 5550 sunt
3542 5490 3741 5550 rerum

2092 5547 2374 5606 hovarum
2427 5549 2693 5604 facienda
2741 5547 3000 5620 nomina,
3050 5553 3151 5604 aut
3197 5565 3266 5605 ex
3315 5547 3445 5604 aliis
3485 5548 3740 5606 transfe-

2092 5622 2292 5678 renda.
2334 5641 2355 5670 α
2389 5625 2497 5676 etc.

2161 5695 2180 5730 ⁶
2211 5693 2390 5754 Aliter
2418 5693 2534 5751 duo
2569 5707 2712 5752 mss.
2744 5701 3131 5753 numerantur.
