4144 6202
371 368 492 428 453

1021 365 1537 429 COMMENTAR.
1585 366 1662 426 ΙΝ
1705 363 1957 426 EPIST.
2004 355 2106 423 Al)
2153 361 2436 465 CALAT.
2483 363 2629 423 LIB.
2679 365 2782 431 Ill,
2829 365 3002 426 CAP.
3047 365 3149 427 Vl.

3672 373 3790 432 454

378 504 433 557 et
462 499 603 568 haec,
638 496 753 554 nisi
785 497 1003 570 aliquis
1033 498 1191 554 omni
1224 498 1528 572 diligentia
1562 497 1902 554 custodierit
1931 513 2029 551 cor
2058 498 2112 563 Α
2142 494 2287 549 ravit
2319 513 2331 549 :
2367 494 2627 551 lenitatis
2658 497 2932 568 spiritum
2964 501 3020 552 et
3051 501 3519 558 mansuetudinis
3551 503 3611 558 in
3664 519 3790 561 cor-

375 588 665 656 suum,de
698 587 1019 658 cupiditate
1045 587 1237 642 laudis
1265 589 1558 644 oriuntur.
1585 589 1797 642 Videas
1822 586 2037 658 pleros-

378 694 494 751 que
525 677 704 748 (quod
739 677 916 732 etiam
967 676 1197 732 Tullius
1245 678 1347 745 ait)
1399 677 1580 733 libros
1629 693 1766 732 suos
1798 677 1868 731 de
1898 691 2033 730 con-

377 765 699 822 temnenda
729 763 917 837 gloria
946 764 1286 833 inscribere,
1321 770 1377 821 et
1408 783 1587 824 causa
1633 764 1850 838 gloriin,
1899 779 2035 835 pro-

380 855 493 928 prii
544 853 805 909 nominis
853 852 1056 909 titulos
1105 859 1428 926 praenotare
1489 859 1528 908 ι.
1582 856 2037 924 lnterpretamur

379 944 718 1016 Scripturas
753 961 765 998 :
800 959 953 1014 saape
979 943 1267 998 vertimus
1292 944 1509 1016 stylum
1545 961 1557 999 :
1593 960 1720 1015 quae
1752 942 1930 1014 digna
1962 941 2038 994 le-

379 1033 575 1088 ctione
604 1037 762 1096 sunt,
795 1031 1147 1099 scribimus;
1179 1037 1236 1087 et
1267 1033 1380 1088 nisi
1414 1032 1628 1088 Christi
1659 1049 1838 1087 causa
1869 1031 2035 1096 ﬁant,

380 1122 489 1177 sed
534 1120 826 1178 memoriae
873 1120 933 1174 in
986 1125 1279 1192 posteros,
1330 1127 1386 1177 et
1434 1123 1604 1177 famae
1653 1121 1712 1175 in
1763 1118 2033 1191 populos,

377 1215 544 1265 totus
573 1209 735 1265 labor
762 1209 961 1265 irritus
993 1210 1091 1265 fiet
1111 1215 1196 1265 :et
1226 1207 1449 1266 erimus
1483 1211 1652 1281 quasi
1687 1214 2036 1280 tympanum

380 1313 624 1368 sonans,
656 1302 713 1352 et
740 1295 1075 1369 cymbalum
1125 1313 1486 1368 concrepans
1539 1298 1589 1368 (Ι
1635 1297 1754 1351 Cor.
1805 1311 1926 1361 xm,
1965 1293 2035 1364 1).

379 1385 597 1441 Videas
621 1384 929 1456 plerosque
959 1386 1031 1440 de
1056 1385 1375 1458 Scripturis
1400 1385 1550 1440 inter
1570 1401 1633 1440 se
1655 1383 2036 1440 contendere:

383 1479 442 1530 et
471 1473 816 1530 athleticum
847 1475 868 1508 ³
899 1490 1163 1529 scamma
1194 1473 1290 1528 Dei
1323 1473 1508 1530 facere
1540 1488 1871 1529 sermonem
1901 1489 1914 1526 :
1951 1472 2040 1525 in-

383 1563 572 1619 vicem
630 1567 968 1635 provocant,
1031 1567 1088 1618 et
1141 1563 1191 1618 si
1246 1562 1380 1617 victi
1429 1562 1664 1629 fuerint,
1712 1561 1974 1616 invident
2025 1576 2037 1614 :

387 1651 586 1708 inanis
617 1652 834 1724 quippe
882 1651 1080 1725 gloriae
1132 1651 1329 1723 cupidi
1370 1656 1529 1707 sunt.
1563 1651 1693 1706 Scio
1724 1651 1782 1705 in
1818 1648 2041 1704 Latinis

385 1741 690 1797 codicibus
739 1741 797 1796 in
849 1757 914 1796 eo
963 1741 1296 1797 testimonio
1347 1742 1499 1812 quod
1548 1757 1730 1811 supra
1762 1738 1914 1794 518
1947 1754 2043 1809 po-

386 1831 618 1886 suimus
652 1847 664 1885 :
700 1829 765 1884 Si
815 1829 1091 1885 tradidero
1144 1846 1335 1901 corpus
1380 1846 1562 1885 meum
1589 1838 1650 1883 ut
1680 1829 1912 1896 glorier,
1943 1843 2040 1882 ar-

383 1917 545 1975 deam
576 1919 596 1953 ³
628 1918 843 1975 habere
894 1935 998 1990 pro
1035 1914 1259 1988 ~glorier
1288 1919 1336 1990 (Ι
1365 1918 1485 1974 Cor.
1534 1935 1658 1989 xm,
1711 1918 1800 1989 3);
1835 1917 1934 1972 sed
1970 1917 2042 1971 ob

384 2007 839 2062 similitudinem
884 2006 1066 2077 verbi,
1117 2024 1236 2078 qua
1287 2008 1440 2078 apud
1490 2007 1744 2072 Graecos,
1797 2005 2043 2072 ardeam,

389 2101 448 2152 et
502 2097 731 2164 glorier,
789 2096 846 2151 id
899 2099 988 2152 est
1031 2095 1374 2167 καυθήσομαι
1426 2099 1484 2150 et
1528 2095 1882 2168 καυχήσομαι
1928 2111 2048 2149 una

388 2184 598 2241 littera
630 2188 795 2256 parte
825 2184 1230 2258 distinguitur,
1264 2185 1418 2256 apud
1451 2190 1683 2241 nostros
1713 2200 1873 2239 error
1921 2183 2046 2238 ino-

387 2273 551 2330 levit.
582 2273 693 2329 Sed
722 2277 778 2328 et
810 2274 963 2345 apud
1018 2274 1178 2346 ipsos
1227 2274 1459 2330 Gracos
1506 2271 1862 2345 exemplaria
1911 2275 2050 2327 sunt

392 2363 646 2418 diversa.

469 2451 630 2524 (Cap.
662 2451 755 2508 VI.
793 2483 857 2494 -—
891 2451 1050 2508 Vere.
1087 2453 1166 2521 1.)
1206 2473 1234 2501 ‹‹
1271 2451 1522 2521 Fratres,
1557 2455 1614 2506 et
1656 2450 1706 2506 si
1755 2466 2046 2527 praeoccu-

391 2547 568 2614 patus
601 2541 775 2597 fuerit
804 2540 978 2597 homo
1009 2541 1069 2596 in
1099 2540 1295 2612 aliquo
1327 2541 1562 2609 delicto,
1593 2556 1695 2595 vos
1727 2539 1826 2611 qui
1870 2539 2048 2610 spiri-

404 2629 595 2686 tuales
625 2629 1064 2699 estis,instruite
1095 2628 1436 2700 hujusmodi
1459 2629 1518 2683 in
1543 2629 1750 2700 spiritu
1784 2644 2055 2683 mansue-

405 2718 661 2786 tudinis,
702 2719 1083 2774 considerans
1131 2719 1408 2791 teipsum,
1443 2734 1515 2773 ne
1545 2723 1601 2772 et
1627 2723 1689 2772 tu
1723 2717 1986 2772 tenteris.
2024 2739 2051 2766 ››

404 2807 610 2865 Sciens
640 2807 857 2864 Paulus
883 2809 1012 2879 ejus
1044 2807 1142 2863 Dei
1174 2824 1236 2863 se
1259 2823 1389 2863 esse
1419 2806 1726 2873 cultorem,
1776 2806 1876 2878 qui
1927 2805 2052 2862 nol-

401 2895 484 2953 let
544 2900 790 2953 mortem
851 2896 1196 2968 peccatoris,
1246 2898 1346 2952 sed
1398 2896 1797 2968 penitentiam
1839 2896 2052 2966 (Ezech.

403 3001 565 3057 xvm,
597 2987 656 3040 11
687 3004 701 3053 ;
730 3003 931 3057 xxxm,
960 2987 1051 3053 23)
1087 3003 1098 3040 :
1133 2989 1189 3040 et
1217 2989 1453 3056 excepta
1483 2983 1785 3049 Trinitate,
1820 2999 2054 3040 omnem

403 3081 754 3144 creaturam,
782 3075 916 3131 licet
947 3092 1061 3130 non
1094 3079 1310 3146 peccet,
1343 3079 1541 3128 tamen
1575 3089 1744 3145 posse
1776 3087 2052 3144 peccare:

405 3181 540 3220 eum
603 3181 836 3236 quoque
894 3163 994 3234 qui
1053 3162 1382 3235 spiritualis
1432 3167 1538 3228 est,
1572 3162 1910 3216 cohortatur
1966 3160 2058 3216 sui

2143 585 2398 640 rectione
2427 586 2720 655 peccantis
2755 586 3079 658 spiritualis
3111 588 3400 660 adhibeat,
3433 607 3503 646 ne
3535 592 3786 665 rigidus,

2144 689 2216 728 ne
2246 673 2430 728 iratus
2462 679 2518 727 et
2548 674 2732 729 tristis
2763 675 3052 746 corrigere
3083 676 3280 747 cupiat
3328 685 3656 750 errantem;
3689 685 3790 739 sed

2144 765 2416 833 provocet
2447 778 2603 827 eum,
2636 764 2932 834 spondens
2982 763 3268 832 salutem;
3320 767 3547 823 veniam
3603 787 3792 844 repro-

2147 851 2385 904 mittens
2420 866 2431 904 :
2466 850 2678 905 Christi
2705 852 3107 908 testimonium
3138 854 3393 924 proferat
3418 873 3430 910 :
3456 858 3610 927 quod
3627 860 3794 930 gravi

2146 938 2293 1010 legis
2310 944 2366 993 et
2384 945 2751 1010 peccatorum
2767 957 2943 996 onere
2956 943 3794 1017 depressos,adjugum,suum

2147 1043 2344 1097 suave,
2375 1033 2430 1082 et
2455 1027 2575 1082 leve
2603 1028 2826 1094 invitet,
2861 1047 3011 1085 onus
3044 1047 3056 1084 :
3093 1036 3158 1085 ut
3201 1032 3452 1100 discant,
3502 1035 3641 1106 quia
3689 1036 3794 1091 hu-

2147 1115 2306 1172 milis
2337 1116 2413 1171 sit
2438 1122 2494 1171 et
2526 1117 2707 1186 mitis,
2741 1122 2797 1172 et
2840 1124 3187 1176 mansuetus
3236 1123 3407 1177 corde
3457 1123 3666 1194 (Matth.
3717 1141 3796 1191 x1,

2144 1206 2256 1277 29),
2289 1211 2344 1260 et
2373 1205 2667 1260 inveniant
2692 1207 2956 1278 requiem
2989 1209 3299 1264 animabus
3351 1210 3494 1267 suis.
3556 1213 3801 1269 Utamur

2148 1293 2256 1350 hoc
2280 1294 2612 1350 testimonio
2635 1296 2942 1352 adversum
2966 1297 3395 1371 hmreticos:qui
3425 1301 3797 1358 diversarum

2146 1384 2298 1440 519
2327 1400 2338 1439 :
2366 1385 2649 1456 ﬁngentes
2681 1384 2909 1441 fabulas
2940 1392 3307 1458 naturarum,
3327 1389 3489 1445 aiunt
3530 1392 3803 1463 spiritua-

2147 1473 2286 1540 lem,
2322 1474 2535 1528 bonam
2568 1490 2696 1528 esse
2726 1476 3012 1540 arborem,
3045 1481 3102 1530 et
3132 1494 3436 1548 nunquam
3489 1480 3675 1536 malos
3714 1482 3799 1536 af-

2151 1563 2300 1618 ferre
2323 1563 2565 1617 fructus.
2599 1563 2741 1617 Ecce
2771 1563 3104 1636 Apostolus,
3140 1567 3309 1635 cujus
3357 1571 3414 1622 et
3460 1567 3572 1639 ipsi
3604 1574 3798 1625 aucto-

2153 1651 2384 1706 ritatem
2417 1657 2768 1722 sequuntur,
2811 1652 2952 1707 dicit
2995 1669 3094 1708 eos
3143 1654 3241 1724 qui
3273 1655 3608 1727 spirituales
3641 1663 3800 1726 sunt,

2150 1756 2322 1812 posse
2354 1756 2609 1812 peccare,
2643 1742 2690 1796 si
2724 1757 2826 1812 per
2853 1740 3199 1797 alitudinem
3232 1743 3423 1799 cordis
3455 1745 3546 1800 sui
3588 1746 3797 1802 inflen-

2153 1834 2249 1884 tur
2280 1834 2336 1884 et
2364 1836 2656 1884 corruant.
2691 1829 2850 1892 Quod
2900 1835 2956 1885 et
3002 1847 3108 1886 nos
3155 1848 3388 1904 quoque
3420 1835 3707 1903 fatemur;
3745 1841 3806 1891 et

2154 1915 2380 1991 χοῖκοὺς
2427 1918 2732 1989 (terrenos),
2765 1918 3099 1989 spirituales
3147 1922 3293 1989 fieri,
3347 1923 3395 1976 si
3444 1924 3516 1978 ad
3566 1924 3808 1980 meliora

2157 2013 2538 2063 revertantur.
2591 2007 2816 2078 Opponi
2872 2008 3039 2062 nobis
3086 2013 3277 2078 potest
3319 2010 3463 2065 illud
3516 2013 3672 2082 quod
3731 2014 3803 2067 ad

2154 2095 2486 2151 Corinthios
2516 2095 2794 2150 scribitur
2833 2111 2845 2148 :
2879 2095 3026 2164 Quid
3056 2097 3267 2151 vultis?
3295 2099 3360 2153 In
3388 2100 3546 2168 virga
3584 2102 3805 2156 veniam

2154 2184 2225 2239 ad
2274 2199 2382 2250 vos,
2429 2201 2502 2238 an
2550 2184 2608 2238 in
2658 2184 2950 2250 charilate,
3007 2192 3059 2240 et
3098 2187 3299 2258 spiritu
3357 2189 3804 2245 mansuetudinis

2157 2276 2203 2345 (ι
2232 2272 2580 2343 Cor.1v,2l)?
2609 2272 2664 2326 Si
2696 2272 2853 2327 enim
2886 2272 2964 2327 ibi
2999 2274 3069 2328 ad
3104 2280 3579 2346 peccatores,non
3602 2278 3660 2332 in
3683 2278 3804 2350 spi-

2157 2364 2272 2418 ritu
2306 2362 2905 2428 mansuetudinis,sed
2927 2362 2986 2417 in
3011 2364 3171 2436 virga
3199 2365 3393 2420 venire
3417 2382 3478 2421 se
3500 2366 3810 2438 dicitzquo-

2159 2453 2332 2508 modo
2355 2451 2449 2506 hic
2464 2451 2557 2506 his
2581 2451 2677 2523 qui
2713 2452 2770 2506 in
2801 2451 2997 2523 aliquo
3029 2458 3262 2524 peccato
3293 2456 3568 2526 praeventi
3596 2456 3813 2511 fuerint

2163 2557 2276 2596 non
2310 2540 2528 2610 virgam
2564 2540 2819 2607 adhibet,
2854 2541 2954 2596 sed
2982 2542 3254 2613 spiritum
3287 2545 3761 2601 mansuetudinis
3784 2546 3812 2600 ?

2159 2628 2376 2683 Verum
2422 2627 2501 2682 ibi
2533 2628 2605 2682 ad
2637 2645 2736 2683 eos
2767 2628 3000 2695 dicitur,
3036 2629 3136 2701 qui
3177 2635 3307 2702 post
3337 2637 3642 2703 peccatum
3695 2649 3809 2689 non

2163 2716 2480 2772 sentientes
2511 2732 2766 2772 errorem
2799 2734 2996 2782 suum,
3031 2718 3306 2775 nolebant
3332 2722 3658 2792 majoribus
3685 2723 3811 2777 suis

2163 2806 2360 2871 subdi,
2409 2809 2466 2860 et
2513 2805 2856 2877 pmnitentia
2901 2807 3132 2880 corrigi.
3186 2808 3293 2863 Ubi
3352 2826 3484 2864 vero
3541 2817 3813 2880 peccator

2163 2894 2498 2966 intelligens
2527 2895 2741 2950 vulnus
2771 2913 2966 2966 suum,
3001 2897 3182 2952 tradit
3214 2898 3439 2953 medico
3490 2915 3551 2954 se
3601 2915 3808 2954 curan-

2166 2984 2332 3050 dum,
2356 2983 2433 3037 ibi
2468 2999 2580 3038 non
2612 2987 2700 3038 est
2724 2984 2886 3055 virga
2919 2985 3376 3054 necessaria,sed
3408 2987 3650 3058 spiritus
3671 2986 3815 3043 leni-

2165 3072 2324 3126 tatis.
2357 3072 2464 3126 Sed
2497 3076 2553 3127 et
2581 3071 2724 3126 illud
2759 3073 2902 3127 forte
2936 3074 3231 3144 quaeritur,
3284 3075 3438 3143 quod
3479 3076 3527 3130 si
3579 3083 3809 3149 propte-

2171 3177 2268 3215 rea
2308 3161 2596 3215 instruere
2644 3160 2777 3232 quis
2827 3161 3033 3217 debeat
3084 3169 3444 3234 peccatorem
3493 3164 3551 3219 in
3601 3166 3812 3238 spiritu

404 3254 615 3310 timore
645 3269 717 3308 ne
748 3258 964 3325 peccet,
997 3268 1239 3307 manum
1284 3251 1580 3323 porrigere
1625 3250 1938 3305 corruenti.
1990 3249 2057 3304 Et
2086 3238 2128 3304 C
2165 3247 2422 3303 lenitatis
2455 3266 2467 3302 :
2503 3250 2642 3319 quia
2694 3249 3020 3305 consideret
3045 3267 3127 3319 se,
3163 3267 3233 3307 ne
3263 3256 3320 3307 et
3345 3253 3470 3324 ipse
3517 3258 3809 3321 tentetur;

404 3341 650 3415 pulchre
681 3347 1146 3413 praeoccupatum
1181 3341 1239 3395 in
1272 3340 1503 3407 delicto,
1543 3339 1836 3394 hominem
1869 3343 2052 3409 vocat,

407 3432 509 3502 qui
543 3431 690 3486 mori
724 3429 910 3502 possit
945 3447 957 3484 :
991 3447 1058 3486 ex
1087 3429 1215 3500 ipso
1249 3428 1485 3484 nomine
1516 3426 1891 3499 fragilitatem
1919 3444 2054 3482 con-

407 3520 651 3576 ditionis
683 3520 1028 3586 ostendens;
1061 3523 1124 3572 ut
1151 3518 1367 3589 dignus
1419 3503 1504 3572 ἐκ
1550 3517 1737 3586 venia,
1771 3517 1871 3587 qui
1901 3515 2059 3571 velut

406 3609 585 3664 homo
615 3624 808 3664 errore
831 3608 1191 3679 deceptus,et
1213 3622 1441 3663 mersus
1463 3605 1521 3660 in
1549 3607 2060 3677 voraginem,seip-

407 3713 544 3754 sum
576 3697 703 3752 sine
749 3697 983 3763 auxilio,
1017 3701 1075 3752 et
1106 3697 1372 3766 adjutore
1421 3694 1638 3766 erigere
1686 3711 1802 3749 non
1854 3695 2058 3765 possit.

409 3785 712 3858 Spirituali
744 3791 939 3842 autem
972 3802 1086 3840 non
1120 3785 1355 3840 additur
1380 3783 1554 3838 homo
1581 3799 1594 3836 :
1619 3783 1720 3838 sed
1751 3783 1918 3853 quasi
1943 3782 2059 3836 Deo

409 3875 764 3946 przecipitur,
797 3880 863 3930 ut
890 3874 1188 3931 hominem
1224 3877 1694 3944 praeoccupatum
1739 3872 1798 3926 in
1851 3871 2060 3927 delicto

409 3965 670 4020 instruat
705 3980 718 4019 :
753 3964 875 4019 sive
906 3964 994 4035 (ut
1026 3963 1235 4018 melius
1268 3962 1516 4018 habetur
1546 3961 1604 4014 in
1633 3960 1851 4030 Graeco)
1887 3961 2060 4031 perﬁ-

409 4053 530 4109 ciat
559 4054 618 4107 in
649 4053 858 4126 spiritu
892 4052 1171 4108 lenitatis.
1208 4051 1315 4117 Qui
1355 4055 1549 4105 autem
1596 4049 1912 4121 perﬁcitur,
1945 4066 2061 4104 non

407 4143 458 4198 ei
491 4143 704 4198 desunt
729 4142 1130 4207 universa,sed
1154 4139 1642 4211 aliqua.Denique
1674 4138 1722 4193 si
1754 4139 1776 4172 ⁴
1798 4155 1912 4193 non
1939 4154 2064 4210 pec-

407 4232 555 4288 catis
587 4230 881 4303 pluribus,
914 4231 1014 4287 sed
1054 4230 1192 4285 vitio
1241 4229 1438 4301 aliquo
1491 4233 1930 4300 praeoccupatus
1971 4243 2060 4282 er-

483 4340 498 4372 ¹
534 4338 598 4393 In
630 4337 870 4392 Palatin.
906 4354 1040 4411 ms.,
1073 4341 1125 4392 et
1151 4341 1374 4408 prapter
1411 4337 1647 4404 gloriam
1691 4337 1934 4391 nominis
1973 4336 2065 4390 sui

411 4410 610 4466 titulos
637 4418 963 4479 prxnolare.

486 4481 509 4513 ²
538 4479 754 4535 Vitiose
782 4481 1001 4536 lectum
1045 4484 1134 4534 est
1181 4479 1486 4548 hactenus,
1517 4495 1777 4544 scamma,
1810 4495 1911 4548 pro
1950 4495 2064 4548 quo

408 4568 659 4608 scamma
692 4553 762 4607 ad
797 4569 939 4608 mss.
975 4552 1172 4622 fidem,
1204 4552 1331 4622 ipso
1371 4558 1610 4622 cogente
1659 4558 1815 4604 recto
1860 4566 2058 4616 sensu,

410 4625 941 4680 restituimus.Erat
971 4608 1312 4678 athleticam
1344 4608 1606 4676 scainma
1644 4621 1826 4687 locus,
1884 4608 2058 4685 fossa,
2093 4608 2138 4672 D

412 4696 534 4750 sive
561 4694 716 4750 linea
745 4695 1246 4765 circumscriptus,
1281 4709 1454 4765 quem
1489 4693 1638 4747 ultra
1688 4693 2057 4765 praetergredi

413 4771 703 4822 certantes
750 4767 808 4821 in
861 4783 926 4822 eo
975 4764 1207 4820 athletae
1257 4764 1372 4820 non
1422 4768 1712 4836 poterant.
1759 4764 2060 4836 Nomena

412 4838 635 4891 σκάπτω
690 4838 886 4894 Graeco
941 4838 1137 4907 verbo,
1204 4837 1357 4908 quod
1428 4841 1516 4890 est
1573 4835 2056 4908 fodio,__accepit.

411 4909 687 4980 Satisque
737 4909 1064 4965 luculenter
1109 4905 1239 4978 ipse
1283 4907 1670 4979 Hieronymus
1719 4905 1876 4980 alibi,
1912 4905 2061 4980 libro

409 4977 607 5037 contra
658 4983 922 5037 Joannem
972 4977 1386 5050 Hierosolymit.
1449 4977 1648 5032 «'Cur
1701 4983 1786 5043 tu,
1847 4977 2060 5048 inquit,

411 5053 653 5134 omissis
685 5069 862 5134 super
879 5054 1107 5134 Quibus
1146 5068 1354 5134 pugna
1401 5056 1507 5117 est,
1541 5050 1612 5104 de
1644 5057 1964 5134 scammate
2006 5055 2064 5104 et

406 5122 536 5195 loco
595 5121 932 5179 certaminis
989 5121 1315 5195 egrediens,
1376 5143 1407 5195 »_
1476 5131 1582 5177 etc.
1647 5121 1871 5175 Passim
1929 5137 2062 5195 vero

409 5194 604 5268 latius
625 5213 726 5266 pro
755 5197 882 5268 ipso
916 5193 1239 5268 certamine
1258 5193 1533 5268 sumitur,
1559 5197 1622 5246 ut
1652 5198 1709 5268 et
1740 5198 1935 5246 noster
1956 5193 2064 5247 hoc

412 5267 542 5337 ipso
595 5263 651 5320 in
703 5263 848 5333 loco,
901 5273 956 5322 et
1002 5266 1398 5321 Tertullianus
1448 5263 1548 5318 lib.
1602 5264 1675 5337 ad
1721 5268 2000 5337 Martyres
2047 5279 2060 5318 :

416 5334 457 5387 «—
482 5337 765 5410 Epistates
797 5345 988 5394 vester
1015 5337 1278 5392 Christus
1309 5338 1504 5410 Jesus,
1551 5334 1651 5410 qui
1705 5351 1804 5410 vos
1853 5334 2061 5404 spiritu

416 5405 601 5474 unxit,
653 5416 710 5464 et
761 5413 831 5464 ad
885 5410 993 5464 hoc
1043 5425 1306 5464 scamma
1358 5407 1642 5480 perduxit.
1674 5405 1802 5480 ss.
1833 5421 2064 5480 quoque

409 5481 762 5536 Ambrosius
794 5481 892 5536 lib.
927 5499 942 5536 ι
977 5480 1245 5553 0/ﬁci_or,.
1279 5477 1404 5553 cap.
1435 5495 1527 5532 xvr
1563 5494 1575 5530 :
1603 5500 1632 5553 ξ(
1664 5477 1808 5553 Quid
1841 5477 2063 5547 epulari

456 5553 620 5621 estis,
653 5557 972 5624 antequam
1005 5548 1268 5624 studium
1316 5548 1622 5624 solvatur?
1653 5548 1845 5602 adhuc
1877 5565 2065 5619 popu-

438 5622 510 5697 us
542 5629 786 5697 spectat,
809 5622 1027 5680 adhuc
1077 5623 1305 5697 athleta:
1349 5622 1408 5676 in
1454 5624 1790 5697 scammate_
1825 5626 1981 5674 sunt.
2036 5642 2064 5671 »

413 5691 593 5774 Idem'
611 5695 713 5752 lib.
741 5691 806 5753 de
839 5697 966 5757 Elia
993 5695 1312 5770 etlejunio,
1364 5710 1491 5775 cap.
1542 5708 1652 5750 in:
1695 5712 1722 5745 α
1770 5691 1832 5748 ln
1882 5707 2068 5750 scam-

2166 3353 2301 3409 ergo
2327 3339 2555 3408 justus,
2588 3338 2687 3409 qui
2714 3339 2784 3393 de
2816 3356 2923 3394 sua
2951 3345 3144 3395 certus
3174 3346 3263 3395 est
3295 3347 3509 3412 mente,
3543 3343 3642 3414 qui
3701 3344 3812 3398 scit

2166 3444 2281 3482 non
2328 3443 2496 3498 posse
2547 3443 2608 3482 se
2654 3426 2792 3498 labi,
2838 3445 2952 3483 non
3005 3429 3177 3485 debet
3222 3428 3511 3486 instruere
3552 3439 3812 3504 peccato-

2167 3533 2290 3572 rem
2320 3517 2340 3550 δ
2372 3517 2429 3571 in
2453 3517 2660 3588 spiritu
2681 3516 2976 3572 lenitatis?
3006 3518 3091 3573 Ad
3112 3519 3266 3590 quod
3289 3519 3814 3589 dicemus,etiamsi

2166 3606 2369 3660 vicerit
2400 3606 2622 3675 justus,
2674 3606 2864 3660 sciens
2917 3611 3135 3677 quanto
3180 3607 3375 3664 labore
3429 3610 3808 3681 superaverit,

2169 3695 2358 3767 magis
2390 3696 2647 3766 peccanti
2678 3696 2905 3749 veniam
2950 3695 3248 3766 largietur.
3281 3697 3427 3752 Nam
3459 3703 3518 3753 et
3550 3698 3817 3754 Salvator

2170 3788 2475 3855 propterea
2502 3787 2762 3838 tentatus
2792 3788 2899 3851 est,
2924 3784 3095 3853 juxta
3123 3785 3321 3841 omnia
3351 3786 3521 3842 nobis
3545 3787 3854 3852 similiter,

2172 3873 2393 3943 absque
2433 3877 2712 3944 peccato:
2749 3877 2813 3927 ut
2857 3872 3042 3944 possit
3089 3874 3367 3945 compati,
3413 3880 3470 3928 et
3517 3875 3825 3931 condolere

2171 3961 2616 4016 inﬁrmitatibus
2664 3962 2881 4017 nostris
2931 3962 3114 4029 (Hebr.
3163 3979 3241 4032 IV,
3297 3964 3406 4031 15),
3458 3979 3566 4018 suo
3611 3964 3818 4019 doctus

2173 4050 2438 4123 exemplo
2465 4051 2505 4117 ⁸,
2540 4067 2718 4122 quam
2750 4050 3006 4104 difficilis
3037 4051 3113 4105 sit
3142 4051 3200 4104 in
3229 4067 3400 4105 carne
3446 4051 3706 4106 victoria.
3758 4053 3818 4108 Si

2173 4141 2307 4211 quis
2339 4141 2498 4212 virgo
2528 4141 2599 4194 ad
2633 4145 2927 4195 senectam
2973 4156 3159 4210 usque
3201 4140 3617 4210 permanserit;
3651 4141 3814 4212 igno-

2173 4236 2298 4285 scat
2327 4230 2376 4284 ei
2411 4229 2510 4300 qui
2533 4228 2934 4284 adolescentiae
2960 4228 3258 4298 quondam
3283 4229 3302 4262 ⁷
3327 4227 3516 4284 calore
3538 4229 3818 4303 deceptus

2175 4339 2329 4390 mate
2360 4334 2407 4387 si
2439 4333 2573 4406 quis
2602 4337 2657 4386 te
2688 4349 2865 4387 manu
2915 4331 3082 4387 levat.
3119 4355 3148 4383 »
3179 4333 3249 4388 Et
3294 4351 3420 4406 cap.
3473 4335 3535 4390 21
3576 4351 3588 4390 :
3631 4355 3652 4384 c
3686 4339 3822 4392 Pro-

2175 4422 2412 4478 gressus
2416 4405 2499 4480 _in
2531 4420 2814 4471 scamma,
2836 4418 3081 4480 necesse
3111 4411 3200 4480 est
3229 4411 3292 4460 ut
3321 4405 3574 4478 eiicipias
3624 4407 3822 4480 pulve-

2176 4476 2319 4531 rem.
2353 4498 2380 4525 »
2416 4477 2482 4530 Et
2514 4492 2748 4530 rursum
2782 4492 2794 4529 ε
2826 4476 3084 4548 Luctator
3113 4477 3172 4532 in
3201 4476 3528 4546 scammale,
3579 4476 3710 4548 etc,
3759 4485 3825 4536 ut

2179 4549 2326 4605 alios
2357 4553 2691 4618 praeteream
2721 4546 3149 4603 ecclesiasticos
3177 4554 3538 4606 tractatores.

2239 4620 2261 4653 ³
2293 4619 2469 4685 Hanc,
2504 4636 2629 4690 quae
2663 4619 3010 4691 Hieronymo
3046 4621 3326 4691 probatur
3373 4621 3562 4686 lectio,
3615 4620 3823 4689 glorier

2167 4708 2271 4764 pro
2301 4691 2657 4764 ardeam,vix
2687 4690 2744 4744 in
2781 4690 2895 4764 uno
2925 4690 3177 4764 alterove
3209 4691 3525 4762 exemplari
3556 4691 3814 4746 invenire

2167 4761 2275 4830 est,
2311 4767 2453 4835 puta
2485 4763 2678 4817 Graeco
2729 4761 3120 4835 exVechellii
3169 4761 3442 4829 editione,
3487 4774 3543 4816 et
3573 4766 3749 4832 Copto
3797 4780 3810 4817 :

2169 4834 2472 4907 probatam
2505 4850 2636 4888 vero
2676 4834 2930 4905 cuipiam
2980 4851 3083 4907 seu
3130 4839 3438 4907 veterum,
3465 4849 3587 4907 seu
3618 4849 3814 4907 recen-

2171 4903 2385 4961 tiorum
2417 4903 2821 4976 interpretum,
2872 4922 2943 4960 ne
2986 4905 3080 4959 vix
3129 4906 3365 4977 quidem
3413 4904 3592 4977 Graeci
3622 4903 3820 4973 καυθή-

2171 4997 2372 5048 σωμαι,
2408 4977 2594 5031 Latini
2623 4976 2868 5048 ardeam,
2903 4978 3027 5048 pari
3077 4976 3366 5033 consensu
3413 4976 3632 5046 Patres,
3667 4980 3815 5031 Pau-

2174 5047 2498 5120 linianique
2529 5049 2758 5120 codices
2792 5047 3014 5120 legunt.

2242 5121 2264 5153 ⁴
2295 5121 2373 5174 Ex
2405 5117 2629 5191 pridem
2662 5119 2932 5190 vulgatis,
2981 5119 3032 5173 si
3076 5117 3364 5185 voculam,
3416 5135 3594 5190 quam
3649 5120 3819 5174 Mart.

2173 5191 2561 5272 praetermisit,
2599 5191 2958 5257 suifecimus,
2992 5195 3048 5244 et
3077 5206 3204 5260 quae
3237 5193 3684 5263 subsequuntur
3707 5206 3823 5244 uno

2175 5280 2353 5317 sensu
2374 5277 2704 5330 Junmmus.

2245 5335 2264 5367 ⁵
2294 5333 2539 5388 Palatia.
2576 5349 2685 5387 ms.
2718 5348 2828 5388 non
2851 5349 3008 5404 posse
3041 5334 3174 5399 labi,
3209 5350 3318 5390 non.
3361 5336 3597 5390 instruet
3631 5348 3821 5406 pecca-

2176 5413 2369 5460 torem.

2246 5478 2266 5511 ⁶
2298 5478 2455 5602 [dei-in
2509 5492 2621 5531 ms.
2672 5491 2806 5531 cum
2847 5475 3214 5533 Cisterciensi
3259 5476 3461 5546 altero,
3501 5493 3598 5532 suo
3628 5475 3823 5531 docens

2249 5566 2372 5602 emn
2399 5565 2449 5602 ο.

2178 5565 2449 5619 exempto.

2247 5622 2270 5750 ἰ
2298 5625 2478 5750 {lutea
2504 5618 2901 5694 erat,quodam
2929 5636 2947 5676 .'
2981 5620 3149 5679 nobis
3180 5619 3300 5679 haec
3331 5619 3536 5680 melior
3563 5618 3691 5677 visa
3709 5634 3821 5678 ms.

2321 5709 2385 5750 ec
2417 5709 2490 5750 ιο.

2178 5709 2270 5750 Θβῐρ
2298 5709 2490 5753 ιθοιιο.
