4144 6202
363 347 480 410 455

1610 341 1673 400 s.
1723 337 2033 424 EUSEBII
2076 336 2519 398 HIERONYMI

3652 326 3768 402 456

365 487 472 547 est,
508 480 698 536 sciens
729 475 965 549 quantis
1005 472 1452 530 difﬁcultatibus
1495 469 1658 526 illam
1705 468 2008 525 transierit
2037 471 2089 535 Α
2120 484 2218 524 eos
2249 469 2347 541 qui
2381 481 2748 541 peccatorum
2777 486 2840 526 ac
2872 468 3016 542 legis
3065 485 3239 525 onere
3288 473 3429 525 sunt
3477 471 3762 544 depressi,

366 575 615 626 aetatem.
650 568 710 625 Si
741 567 874 639 quis
918 581 1021 638 pro
1069 563 1285 618 Christi
1337 560 1593 616 nominis
1644 558 2009 614 confessione

365 659 682 728 cruciatus,
741 655 922 712 alium
973 655 1032 709 in
1081 652 1385 708 tormentis
1432 650 1643 704 viderit
1700 649 2008 719 denegare,

364 746 756 818 compatiatur
783 743 1122 798 vulneribus
1157 740 1531 814 negatoris,et
1563 754 1676 792 non
1695 740 1813 792 tam
1839 735 2005 790 illum

358 838 787 908 victum,quam
820 849 881 889 se
905 831 1134 895 vicisse,
1171 831 1431 884 miretur.
1452 827 1751 882 Cautelam
1775 839 2006 898 quoque

361 925 673 981 scribentis
702 919 1145 992 attendite,quia
1175 935 1289 974 non
1322 917 1529 972 dixerit
1575 933 1587 970 :
1643 914 2006 971 Considerans

361 1023 430 1085 te,
460 1028 531 1069 ne
559 1021 619 1070 tu
645 1011 836 1072 cadas;
869 1010 990 1075 sed,
1023 1025 1093 1063 ne
1123 1013 1175 1063 et
1203 1015 1262 1062 tu
1290 1007 1533 1062 tenteris.
1568 1005 1732 1060 Vinci
1789 1003 2005 1075 quippe

358 1103 446 1158 vel
476 1103 725 1170 vincere,
757 1113 1182 1168 nonnunquam
1213 1097 1273 1150 in
1307 1100 1504 1151 nostra
1533 1099 1623 1150 est
1653 1097 1936 1166 potestate
1988 1109 2000 1147 :

359 1192 514 1250 520
544 1194 814 1247 cazterum
845 1187 1076 1256 tentari,
1101 1185 1158 1239 in
1185 1188 1467 1256 potestate
1492 1183 1776 1238 tentantis
1800 1186 1907 1237 est.
1943 1180 2003 1237 Si

357 1281 514 1336 enim
537 1281 801 1336 Salvator
823 1279 1081 1332 tentatus
1102 1278 1192 1329 est
1212 1273 1422 1343 (Matth.
1457 1288 1532 1337 IV,
1627 1272 1818 1342 seqq.),
1868 1270 2002 1342 quis

358 1375 548 1444 potest
577 1384 705 1424 esse
726 1383 968 1424 securus
999 1365 1350 1419 intentatum
1375 1377 1437 1416 se
1467 1361 1596 1416 vitae
1619 1359 1796 1431 hujus
1817 1360 2003 1415 maria

355 1455 642 1514 transire?
673 1455 780 1521 Qui
821 1457 1030 1526 putant
1080 1449 1328 1507 Paulum
1367 1450 1538 1520 juxta
1579 1448 1998 1518 humilitatem,

355 1551 412 1602 et
440 1561 554 1602 non
586 1560 715 1600 vere
745 1543 962 1598 dixisse
998 1558 1010 1596 :
1043 1542 1108 1596 Et
1152 1540 1204 1595 si
1253 1541 1536 1610 imperitus
1583 1552 1848 1607 sermone,
1891 1552 2001 1591 non

353 1638 536 1691 tamen
589 1635 819 1689 scientia
876 1632 948 1702 (II
1003 1631 1122 1686 Cor.
1183 1646 1262 1696 xr,
1318 1628 1394 1699 6),
1454 1627 1770 1682 defendant
1819 1626 2001 1696 hujus

353 1723 464 1780 loci
497 1721 995 1794 consequentiam.
1032 1717 1238 1774 Debuit
1276 1717 1494 1789 quippe
1540 1716 1865 1771 secundum
1908 1731 1998 1769 or-

355 1813 552 1869 dinem
592 1811 828 1865 dicere:
870 1809 980 1879 Vos,
1034 1809 1132 1877 qui
1173 1804 1494 1877 spirituales
1541 1805 1687 1871 estis,
1743 1806 2001 1859 instruitc

354 1899 668 1974 hujusmodi
699 1901 757 1953 in
788 1899 990 1969 spiritu
1020 1895 1288 1962 lenitatis,
1318 1893 1727 1950 considerantes
1771 1899 1998 1948 vosmet-

353 1994 517 2064 ipsos,
566 2003 637 2044 ne
679 1991 730 2044 et
778 2002 866 2044 vos
918 1987 1233 2048 tentemim;
1274 1988 1330 2040 et
1372 2000 1487 2038 non
1543 1982 1754 2054 plurali
1788 1982 2000 2038 inferre

355 2094 667 2136 numerum
700 2075 1077 2148 singularem.
1106 2074 1394 2128 Hebraeus
1418 2072 1598 2144 igitur
1626 2088 1694 2126 ex
1723 2070 1998 2142 Hebraeis,

353 2174 410 2226 et
459 2167 558 2242 qui
604 2169 759 2221 esset
805 2165 865 2220 in
914 2163 1226 2220 vernaculo
1275 2178 1546 2217 sermone
1594 2161 1996 2227 doctissimus,

354 2257 676 2331 profundos
701 2270 912 2310 sensus
944 2252 1135 2308 aliena
1161 2251 1363 2323 lingua
1391 2251 1713 2322 exprimere
1754 2267 1865 2306 non
1898 2267 2001 2306 va-

353 2346 509 2401 lebat
537 2363 548 2402 :
584 2361 688 2399 nec
717 2343 961 2399 curabat
992 2356 1343 2412 magnopere
1375 2340 1445 2394 de
1473 2339 1688 2405 verbis,
1711 2356 1842 2394 cum
1877 2353 2004 2394 sen-

355 2449 488 2488 sum
526 2433 766 2487 haberet
811 2431 869 2484 in
930 2434 1077 2484 tuto.
1127 2429 1256 2482 Ilaec
1300 2428 1622 2482 secundum
1674 2427 2000 2498 simplicem

353 2519 821 2592 intelligentiam.
855 2519 1158 2579 Caeterum.
1195 2517 1264 2572 ut
1290 2522 1346 2572 et
1371 2517 1638 2572 secundae
1687 2517 1998 2587 expositio-

357 2609 448 2664 nis
479 2608 741 2664 ordinem
774 2621 1220 2678 prosequamur,
1256 2604 1416 2658 locus
1458 2603 1568 2658 iste
1617 2603 1686 2658 de
1731 2602 1998 2674 Epistolm

355 2698 426 2754 ad
460 2697 754 2753 Romanos
786 2695 900 2750 line
931 2693 1276 2766 pandendus
1307 2697 1412 2748 est.
1447 2692 1530 2748 Ibi
1566 2693 1721 2747 enim
1755 2709 1886 2747 cum
1922 2693 1999 2748 si-

358 2786 576 2848 militer
596 2787 667 2841 de
687 2785 836 2841 escis
858 2788 915 2840 et
935 2782 1438 2838 observationibus
1469 2781 1746 2836 scriberet
1773 2781 2001 2837 Judan-

355 2893 510 2943 rum,
542 2880 597 2931 et
628 2891 726 2930 eos
757 2874 852 2944 qui
883 2871 1032 2944 legis
1054 2873 1223 2942 juxta
1254 2869 1506 2925 litteram
1537 2874 1820 2941 praecepta
1859 2886 1998 2924 con-

359 2968 708 3030 temnerent,
740 2963 942 3018 ﬁrmos
973 2967 1148 3032 atque
1181 2960 1505 3032 perfectos;
1555 2958 1686 3014 illos
1733 2975 1864 3014 vero
1900 2959 1998 3031 qui

360 3055 550 3111 adhuc
581 3055 823 3125 antiqua
865 3049 1290 3108 consuetudine
1322 3049 1703 3118 ducebantur,
1734 3048 2000 3105 infirmos

2119 559 2188 613 ad
2221 558 2341 614 leve
2370 575 2519 614 onus
2549 559 2782 614 virtutis
2812 558 3035 624 invitat,
3071 558 3271 614 dicens
3306 576 3318 614 :
3353 560 3556 630 Iugum
3583 568 3764 617 meum

2114 663 2282 702 suave
2323 657 2420 719 est,
2468 651 2519 704 et
2565 664 2699 704 onus
2744 663 2926 703 meum
2976 649 3089 703 leve
3137 647 3350 718 (Matth.
3398 664 3474 715 xi,
3508 650 3622 721 30).
3655 651 3764 716 Qui

2115 736 2294 808 igitur
2341 737 2534 792 fratris
2583 753 2699 792 non
2753 737 3024 810 desperat
3072 735 3341 804 salutem,
3375 738 3476 793 sed
3517 754 3762 796 manum

2115 826 2358 898 porrigit
2387 826 2741 897 deprecanti,
2773 831 2829 881 et
2862 830 3148 897 quantum
3173 825 3234 880 in
3267 843 3327 882 se
3357 831 3468 894 est,
3497 828 3597 883 flet
3626 845 3761 885 cum

2114 914 2349 980 fluente,
2381 915 2652 970 infirmus
2684 918 2772 970 est
2800 930 2933 970 cum
2972 913 3226 984 inﬁrmo,
3261 919 3489 987 sanue
3541 916 3765 986 iudicat

2113 1001 2303 1058 aliena
2335 1007 2591 1074 peccata,
2621 1005 2731 1059 iste
2763 1020 2864 1075 per
2891 1002 3233 1058 charitatem
3265 1003 3552 1077 adimplet
3572 1005 3760 1077 legem

2112 1091 2344 1146 Christi.
2399 1091 2533 1154 Quae
2580 1091 2793 1148 Christi
2839 1091 2928 1146 lex
2975 1091 3104 1147 est?
3148 1095 3266 1147 Hoc
3305 1097 3387 1148 est
3434 1092 3762 1149 mandatum

2110 1195 2313 1251 meum,
2363 1185 2422 1235 ut
2470 1181 2720 1250 diligatis
2769 1183 3003 1236 invicem
3047 1179 3238 1252 (Joan.
3291 1199 3416 1250 xm,
3470 1183 3583 1251 34).
3627 1183 3760 1248 Quis

2111 1268 2203 1324 lex
2250 1269 2380 1324 Filii
2411 1269 2510 1325 Dei
2548 1270 2674 1325 est?
2703 1271 2926 1341 Diligite
2973 1270 3319 1339 alterutrum,
3370 1273 3514 1326 sicut
3563 1273 3615 1327 et
3660 1273 3764 1346 ego

2109 1357 2287 1413 dilexi
2313 1374 2404 1414 vos
2435 1358 2640 1430 (Ibid).
2673 1359 2971 1422 Quomodo
3001 1359 3098 1414 Dei
3130 1358 3311 1414 Filius
3359 1375 3467 1416 nos
3513 1357 3764 1415 dilexit?

2110 1449 2292 1518 Major
2311 1447 2412 1502 hac
2439 1449 2733 1504 dilectione
2759 1464 2868 1504 non
2896 1456 2989 1515 est,
3031 1464 3197 1520 quam
3245 1452 3307 1503 ut
3359 1450 3482 1521 quis
3509 1450 3763 1505 animum

2108 1553 2267 1592 suam
2316 1546 2488 1609 ponat
2539 1553 2640 1609 pro
2700 1539 2892 1593 amicis
2944 1539 3060 1592 suis
3115 1539 3292 1605 (Joan.
3341 1553 3436 1604 xv,
3488 1538 3600 1608 13).
3654 1537 3763 1602 Qui

2109 1626 2476 1682 clementiam
2509 1643 2625 1682 non
2657 1627 2854 1691 habet,
2889 1643 2992 1682 nec
3023 1626 3267 1683 indutus
3298 1630 3386 1682 est
3415 1626 3639 1683 viscera
3659 1627 3766 1684 mi~

2109 1715 2439 1770 serioordiae
2468 1719 2526 1770 et
2555 1715 2968 1785 lacrymarum,
3003 1715 3270 1788 quamvis
3301 1714 3629 1788 spiritualia
3660 1715 3758 1784 sit,

2031 1838 2078 1904 B
2111 1821 2224 1860 non
2257 1804 2598 1870 adimplebit
2629 1805 2814 1876 legem
2847 1803 3228 1904 Christi.'Sed
3277 1808 3335 1860 et
3373 1804 3532 1861 hunc
3564 1804 3759 1861 locum

2111 1912 2242 1950 cum
2276 1895 2675 1966 superioribus
2705 1894 3070 1966 copulemus.
3105 1893 3411 1967 Duplicem
3463 1894 3618 1950 enim
3670 1907 3760 1950 ee-

2110 1984 2350 2055 quimur
2377 1982 2921 2055 intelligentiam.Si
2954 1982 3086 2054 quis
3119 1982 3392 2038 infirmus
3423 1981 3484 2036 in
3517 1982 3629 2037 fide
3648 1984 3758 2052 est,

2111 2079 2165 2127 ct
2212 2073 2401 2128 adhuc
2452 2074 2600 2128 lacte
2647 2072 2906 2127 nutritur
2951 2064 3231 2134 infantiae,
3283 2087 3388 2127 nec
3424 2073 3610 2141 potest
3637 2074 3758 2126 tam

2110 2164 2221 2218 cito
2252 2177 2285 2217 a
2316 2161 2489 2234 legali
2518 2161 2918 2217 observatione
2937 2162 3003 2216 ad
3028 2159 3356 2232 spiritualia
3387 2163 3755 2216 sacramenta

2108 2251 2357 2307 transire
2409 2269 2420 2306 :
2467 2267 2569 2306 vos
2617 2251 2715 2322 qui
2767 2251 3128 2306 robustiores
3180 2250 3342 2317 estis,
3403 2251 3530 2320 ejus
3581 2253 3758 2304 onera

2110 2345 2337 2412 portate
2370 2357 2382 2394 :
2416 2355 2488 2395 ne
2518 2357 2620 2411 per
2657 2339 2963 2395 scientiam
3010 2344 3261 2394 vestram
3319 2339 3495 2394 frater
3539 2342 3754 2410 pereat,

2111 2446 2214 2501 pro
2246 2447 2361 2500 quo
2391 2428 2662 2484 Christus
2691 2433 2780 2483 est
2810 2432 3076 2483 mortuus
3106 2428 3156 2498 (I
3181 2426 3300 2483 Cor.
3331 2443 3452 2493 vm,
3485 2427 3594 2498 ll).
3624 2427 3757 2482 Por-

2109 2522 2195 2572 tat
2221 2534 2448 2589 quoque
2481 2518 2676 2573 fratris
2707 2517 3240 2588 necessitatem,qui
3273 2520 3574 2588 gravatum
3609 2531 3758 2588 pau-

2109 2623 2304 2679 perem
2337 2623 2512 2662 onere
2543 2607 2820 2680 egestatis
2850 2607 3111 2677 adjuvat,
3136 2611 3191 2661 et
3221 2606 3358 2660 facit
3389 2605 3501 2660 sibi
3534 2604 3756 2661 amicos

2110 2696 2181 2750 do
2230 2695 2430 2766 iniquo
2491 2712 2829 2750 mammona
2887 2695 3039 2766 (Luc.
3099 2711 3214 2763 XVI,
3264 2695 3340 2766 9),
3402 2709 3572 2766 quem
3625 2693 3758 2766 post

2109 2785 2594 2840 resurrectionem
2645 2784 2911 2839 Christus
2961 2784 3174 2838 affatur
3223 2802 3237 2839 :
3297 2785 3479 2840 Venite
3529 2782 3600 2838 ad
3648 2797 3758 2849 me,

2111 2873 2394 2929 benedicti
2438 2874 2624 2928 Patris
2667 2874 2778 2927 mei
2809 2891 2827 2928 :
2868 2875 3140 2944 possidete
3180 2881 3568 2945 praeparatum
3613 2872 3761 2928 vobis

2107 2979 2338 3034 regnum
2393 2979 2427 3017 a
2482 2963 2866 3018 constitutione
2928 2963 3142 3017 mundi.
3198 2963 3418 3017 Esurivi
3473 2962 3642 3029 enim,
3707 2969 3759 3016 et

2108 3052 2330 3108 dedistis
2371 3051 2512 3106 mihi
2558 3050 2902 3106 manducare
2949 3069 2966 3105 :
3015 3053 3187 3120 sitivi,
3237 3059 3289 3107 et
3341 3050 3568 3107 dedistis
3618 3050 3758 3105 mihi

356 3142 747 3215 parvulaeque
776 3145 1122 3207 narraret,et
1151 3139 1369 3194 videret
1391 3138 1655 3209 jurgium
1689 3153 1817 3193 esse
1848 3137 2000 3193 inter
2039 3208 2070 3215 _
2111 3141 2290 3196 bibere
2335 3139 2550 3210 (Matth.
2599 3157 2728 3206 xxv,
2777 3140 2865 3204 34,
2911 3140 3022 3209 35).
3072 3139 3250 3196 Juxta
3299 3139 3457 3196 hunc
3515 3155 3754 3196 sensum

354 3208 772 3304 spirituale—s,et
793 3208 1850 3298 carneos:admonuitspiritualesme
1868 3243 1996 3283 con-
2028 3208 2071 3274 (ἶ
2110 3229 2285 3285 etiam
2318 3208 2378 3283 in
2409 3228 2522 3284 alia
2546 3227 2806 3300 Epistola
2834 3208 3050 3284 Paulus
3080 3228 3468 3285 Timotheum
3518 3231 3754 3296 docens,

354 3323 683 3377 temnerent
713 3333 976 3382 carneos,
1007 3322 1064 3373 et
1092 3315 1173 3372 ait
1205 3335 1217 3371 :
1251 3315 1546 3385 Inﬁrmum
1576 3319 1757 3370 autem
1801 3318 1863 3371 in
1894 3316 2000 3385 ﬁde

353 3412 635 3475 assumite,
668 3424 774 3464 non
808 3408 868 3462 in
897 3405 1385 3476 disceptationibus
1413 3405 1998 3472 cogz'tationum.Alius

351 3501 499 3553 enim
527 3497 699 3552 credit
727 3495 1066 3550 manducare
1095 3494 1284 3548 omnia
1334 3510 1353 3548 :
1401 3493 1500 3563 qui
1527 3497 1710 3547 autem
1742 3492 1998 3562 inﬁrmus

353 3589 449 3656 est,
482 3587 602 3641 olus
645 3584 934 3640 manducet
963 3585 1002 3638 ¹.
1036 3585 1088 3637 Is
1117 3584 1213 3652 qui
1241 3582 1556 3649 manducat,
1607 3597 1717 3636 non
1763 3582 1995 3637 mandu-

350 3679 567 3732 cantem
608 3689 719 3730 non
760 3681 985 3744 spernat
1033 3689 1052 3728 :
1081 3680 1132 3726 et
1173 3673 1269 3742 qui
1316 3687 1424 3726 non
1471 3669 1785 3737 manducat,
1843 3687 1997 3726 man-

353 3766 639 3820 ducantem
683 3779 800 3818 non
842 3761 1070 3832 judicet,
1120 3761 1258 3814 Deus
1304 3761 1451 3814 enim
1491 3759 1652 3814 illum
1680 3760 1993 3831 assumpsit.

354 3854 426 3908 Tu
455 3853 576 3924 quis
605 3868 658 3908 es
687 3852 782 3923 qui
799 3849 1010 3922 judices
1038 3849 1286 3904 alienum
1315 3851 1572 3902 servum?
1615 3853 1726 3904 Suo
1776 3848 1996 3904 domino

346 3949 472 4010 stat,
501 3947 600 3998 aut
628 3942 796 3996 cadit.
831 3939 1008 3995 Stabit
1045 3943 1230 3993 autem
1261 3954 1279 3990 :
1303 3945 1494 4008 potens
1542 3941 1614 3992 est
1658 3939 1810 3992 enim
1857 3939 1996 3993 Deus

347 4037 597 4089 statuere
624 4032 791 4086 illum
819 4031 994 4101 (Rom.
1027 4043 1144 4094 xiv,
1174 4027 1317 4096 1-4).
1365 4026 1431 4080 Et
1463 4025 1648 4081 multa
1695 4026 1753 4080 in
1805 4027 1994 4083 medio

352 4138 530 4193 super
575 4120 686 4176 hoc
734 4135 910 4176 sensu
960 4117 1276 4184 disserens,
1327 4114 1542 4182 adjecit
1592 4114 1647 4168 in
1680 4115 1793 4170 ﬁne
1826 4131 1839 4170 :
1873 4115 1997 4170 Noli

345 4219 572 4283 propter
601 4225 779 4266 escam
807 4208 1086 4264 destruere
1131 4220 1263 4277 Opus
1311 4204 1408 4259 Dei
1453 4203 1613 4275 (Ibid.
1643 4204 1755 4275 20).
1789 4205 1858 4259 Et
1888 4205 1993 4259 itc-

345 4315 517 4356 rum:
554 4299 823 4355 Debemus
864 4300 1049 4353 autem
1093 4311 1189 4352 nos
1237 4295 1525 4364 ﬁrmiores,
1583 4294 1994 4350 imbecillitates

348 4390 699 4460 inﬁrmorum
724 4388 1013 4452 sustinere,
1066 4393 1117 4440 et
1166 4400 1276 4439 non
1323 4384 1479 4440 nobis
1521 4381 1772 4455 placere.
1824 4383 1994 4440 Unus-

347 4480 574 4552 quisque
602 4485 838 4533 vestrum
865 4477 1113 4547 proximo
1142 4489 1241 4529 suo
1266 4471 1486 4545 placeat
1516 4472 1588 4528 ad
1621 4473 1822 4529 bonam
1858 4473 1991 4528 aedi-

344 4569 661 4640 ﬁcationem
691 4567 864 4638 (Rom.
897 4581 989 4633 xv,
1028 4565 1078 4628 1,
1111 4564 1187 4635 2).

412 4661 602 4728 (Vers.
633 4656 714 4727 2.)
751 4674 773 4703 ι
805 4653 964 4709 Alter
1011 4651 1250 4707 alterius
1299 4667 1475 4707 onera
1507 4653 1750 4722 portate,
1804 4654 1861 4706 et
1908 4650 1990 4706 sic

343 4744 741 4818 adimplebitis
771 4743 957 4816 legem
988 4739 1223 4797 Christi.
1257 4761 1285 4790 »
1317 4739 1461 4805 Quia
1494 4743 1795 4812 peccatum
1841 4755 1989 4794 onus

345 4835 441 4903 sit,
475 4839 533 4889 et
563 4832 873 4890 Psalmista
916 4834 1164 4886 testatur
1212 4827 1414 4884 dicens
1446 4845 1458 4882 :
1494 4828 1817 4898 Iniquitates
1852 4841 1991 4884 mea:

343 4924 571 4979 elevatae
615 4930 744 4978 sunt
787 4935 950 4994 super
995 4926 1158 4991 caput
1203 4933 1406 4985 meum,
1440 4917 1600 4989 quasi
1646 4933 1782 4972 onus
1823 4932 1992 4986 grave

341 5020 590 5084 gravata?
616 5014 746 5066 sunt
770 5026 934 5081 super
965 5024 1054 5063 me
1085 5007 1258 5080 (Psal.
1291 5022 1499 5076 xxxvu,
1531 5006 1609 5077 5).
1661 5006 1729 5060 Et
1771 5006 1985 5062 Zacha-

342 5101 481 5170 rias,
513 5099 575 5155 in
606 5099 798 5171 specie
830 5099 976 5156 521
1018 5097 1301 5167 mulieris,
1324 5095 1468 5150 vidit
1497 5111 1674 5166 super
1703 5095 1987 5152 talentum

343 5188 572 5263 plumbi
603 5188 804 5244 sedere
834 5187 1204 5258 iniquitatem
1237 5185 1422 5257 (Zach.
1471 5198 1525 5254 v,
1569 5185 1646 5253 7).
1681 5183 1798 5241 Hoc
1839 5201 1989 5240 onus

344 5277 607 5335 Salvator
630 5293 734 5350 pro
765 5275 935 5332 nobis
965 5273 1120 5342 tulit,
1155 5291 1261 5331 suo
1310 5291 1418 5330 nos
1467 5273 1728 5346 exemplo
1774 5275 1988 5331 docens

343 5367 485 5441 quid
517 5368 704 5423 facere
728 5367 1094 5424 deberemus.
1128 5363 1256 5436 Ipse
1288 5365 1503 5435 quippe
1535 5363 1874 5434 iniquitates
1893 5381 1989 5420 no-

342 5463 495 5515 stras
528 5460 738 5531 portat,
770 5460 828 5512 et
863 5471 966 5527 pro
997 5453 1166 5510 nobis
1214 5451 1370 5508 dolet
1412 5453 1561 5523 (Isai.
1615 5470 1732 5521 LIII,
1765 5453 1818 5522 4,
1850 5454 1905 5525 5)
1935 5462 1989 5510 et

415 5604 430 5638 ¹
464 5598 754 5658 Rescribit
781 5597 1072 5654 Victorius
1117 5611 1187 5653 ex
1232 5593 1465 5669 Vulgati
1507 5596 1841 5670 interpretis
1873 5596 1986 5654 lec-

336 5675 497 5742 tione
523 5670 840 5733 manducat.

2109 3318 2334 3374 addidit
2365 3335 2378 3373 :
2414 3318 2688 3374 Divitibus
2717 3318 2881 3389 hujus
2900 3319 3098 3375 swcuti
3120 3321 3360 3390 pra'cipe
3391 3334 3500 3374 non
3524 3319 3754 3374 sublime

2107 3422 2296 3478 sapere
2325 3407 2451 3478 (pro
2480 3423 2547 3462 eo
2579 3407 2734 3478 quod
2766 3411 2873 3477 est,
2904 3422 3015 3462 non
3042 3408 3364 3479 superbire),
3409 3424 3588 3481 neque
3629 3415 3755 3479 sp'e-‘

2108 3513 2233 3551 rare
2263 3498 2321 3550 in
2360 3497 2563 3550 incerto
2601 3495 2944 3566 divitiarum,
2994 3496 3085 3551 sed
3130 3498 3192 3551 in
3241 3498 3344 3552 Deo
3392 3499 3488 3568 qui
3529 3500 3752 3569 praestat

2106 3587 2292 3642 omnia
2320 3585 2538 3640 abunde
2564 3585 2636 3639 ad
2663 3584 2996 3657 fruendum;
3029 3587 3162 3641 bene
3189 3603 3378 3658 agere,
3411 3586 3607 3642 divites
3643 3601 3755 3642 esse

2107 3676 2166 3730 in
2195 3674 2448 3746 operibus
2480 3674 2652 3744 bonis,
2682 3675 2848 3746 facile
2877 3676 3135 3741 tribuere,
3169 3678 3601 3745 communicare,
3633 3674 3753 3730 (he-

2104 3765 2397 3818 saurizare
2435 3763 2543 3818 sibi
2581 3763 3002 3835 fundamentum
3035 3765 3236 3820 bonum
3282 3766 3342 3819 in
3389 3766 3662 3835 futurum,
3695 3772 3754 3820 ut

2104 3852 2520 3924 apprehendant
2568 3869 2758 3908 veram
2801 3855 2973 3908 vitam
3016 3855 3063 3922 (I
3107 3855 3238 3908 Tim.
3274 3870 3346 3919 1v,
3382 3853 3468 3920 17,
3503 3853 3612 3925 19).
3644 3852 3750 3917 Qui

2102 3959 2296 3998 veram
2329 3942 2507 3997 vitam
2539 3941 2921 4014 apprehendit
2950 3943 2991 4012 ³,
3023 3959 3158 3998 eum
3203 3941 3471 3998 videlicet
3517 3942 3616 4014 qui
3662 3941 3750 3998 lo-

2105 4032 2304 4103 quitur
2334 4049 2347 4086 :
2382 4032 2489 4102 Ego
2517 4047 2640 4086 sum
2667 4033 2778 4086 vita
2809 4032 2985 4100 (Ioan.
3012 4049 3127 4102 XIV,
3159 4032 3234 4101 6),
3270 4031 3531 4104 implevit
3562 4030 3750 4105 legem

2103 4119 2337 4186 Christi,
2383 4136 2508 4190 quae
2542 4119 2729 4174 tendit
2758 4120 2830 4175 ad
2860 4120 3062 4176 vitam.

2176 4208 2360 4277 (Vers.
2394 4209 2473 4276 3.)
2502 4208 2657 4265 522
2689 4231 2718 4257 ‹‹
2753 4213 2896 4264 bam
2930 4209 2978 4264 si
3007 4209 3138 4281 quis
3168 4208 3464 4266 existimat
3512 4223 3574 4265 se
3621 4219 3750 4265 esse

2104 4297 2346 4370 aliquid,
2379 4313 2511 4352 cum
2544 4297 2688 4351 nihil
2721 4297 2816 4367 sit,
2851 4298 3112 4370 seipsum
3166 4297 3415 4354 seducit.
3451 4319 3478 4348 »
3509 4297 3570 4352 Si
3615 4297 3750 4370 quis

2103 4403 2219 4440 non
2250 4385 2374 4441 vult
2413 4402 2590 4441 onera
2619 4385 2810 4442 aliena
2841 4392 3089 4460 portare,
3113 4393 3171 4443 et
3198 4387 3620 4443 immisericors
3643 4402 3748 4443 suo

2101 4479 2330 4529 tantum
2382 4491 2553 4546 opere
2601 4479 2660 4529 et
2706 4475 2917 4531 virtute
2963 4480 3272 4532 contentus
3304 4482 3412 4546 est,
3444 4493 3558 4531 non
3592 4492 3749 4548 quaa-

2021 4581 2068 4646 D
2101 4581 2235 4620 rens
2263 4581 2390 4636 quae
2423 4564 2610 4619 aliena
2643 4570 2800 4633 sunt,
2829 4565 2932 4620 sed
2964 4582 3091 4638 quae
3123 4583 3231 4622 sua
3258 4566 3524 4638 (Philipp.
3543 4582 3603 4632 ιι,
3633 4565 3748 4634 21),

2100 4653 2208 4709 hoc
2240 4658 2346 4720 est,
2380 4655 2471 4710 sui
2503 4657 2732 4709 tantum
2765 4659 3008 4724 amator,
3041 4660 3097 4711 et
3127 4672 3243 4712 non
3275 4655 3449 4711 etiam
3480 4654 3601 4722 Dei,
3624 4654 3751 4726 ipse

2100 4759 2162 4799 se
2192 4743 2438 4799 seducit.
2473 4741 2790 4815 Dupliciter
2818 4749 3014 4800 autem
3059 4743 3171 4818 legi
3226 4748 3420 4817 potest
3456 4748 3632 4816 atque
3661 4743 3751 4798 di-

2100 4832 2321 4907 stingui
2357 4850 2369 4887 :
2401 4832 2581 4903 Vel,si
2608 4835 2727 4904 quis
2757 4834 3037 4890 existimat
3065 4851 3178 4890 esse
3206 4849 3263 4890 se
3292 4833 3659 4906 aliquid,cum
3679 4833 3752 4889 sit

2098 4924 2241 4978 nihil
2271 4941 2290 4978 .°
2321 4926 2424 4978 aut
2450 4922 2535 4978 ita
2563 4940 2578 4980 :
2610 4923 2675 4979 Si
2701 4925 2824 4994 quis
2852 4925 3133 4980 existimat
3177 4940 3288 4980 esse
3315 4940 3372 4980 se
3398 4922 3640 4997 aliquid,
3686 4926 3752 4979 ut

2099 5015 2302 5083 postea
2329 5012 2672 5079 inferamus,
2704 5028 2828 5066 cum
2854 5013 2928 5068 sit
2955 5012 3121 5085 nihil,
3170 5029 3226 5069 sc
3256 5015 3376 5085 ipse
3401 5011 3626 5069 seducit.
3679 5011 3750 5066 Et

2101 5101 2289 5173 magis
2321 5100 2379 5156 in
2411 5101 2606 5157 Graeco
2629 5117 2805 5173 quam
2829 5101 2888 5157 in
2911 5102 3118 5158 Latino
3140 5107 3375 5159 resonat
3394 5103 3506 5159 ista
3526 5101 3748 5156 distan-

2096 5189 2200 5246 tia.
2247 5189 2465 5246 Prioris
2515 5189 2907 5246 distinctionis
2954 5191 3048 5246 hic
3102 5209 3311 5249 sensus
3358 5195 3449 5248 est
3480 5207 3492 5248 :
3526 5188 3634 5258 Qui
3683 5189 3749 5247 se

2099 5278 2321 5350 aliquid
2349 5279 2643 5335 existimat
2669 5296 2816 5347 esse,
2849 5284 2906 5336 ct
2935 5279 3082 5336 nihil
3115 5285 3225 5349 est,
3257 5282 3380 5353 ipse
3411 5297 3475 5336 se
3505 5278 3746 5352 decipit.

2098 5369 2404 5424 Secundus
2433 5385 2643 5425 sensus
2674 5368 2844 5426 altior
2873 5374 2981 5442 est,
3006 5375 3063 5426 et
3086 5371 3186 5443 qui
3221 5370 3391 5426 nobis
3421 5369 3611 5442 magis
3633 5367 3750 5441 pla-

2099 5462 2188 5513 cet
2218 5473 2231 5513 :
2267 5457 2325 5514 Si
2357 5457 2491 5530 quis
2519 5457 2815 5515 existimat
2843 5476 2905 5515 se
2937 5476 3062 5516 esse
3094 5459 3344 5532 aliquid,
3375 5459 3435 5514 in
3484 5475 3551 5516 eo
3593 5455 3748 5531 quod

2101 5672 2111 5686 .
2167 5599 2504 5686 falterum,
2538 5602 2912 5677 apprehendit,
2949 5603 3042 5662 hic
3093 5604 3209 5668 duo
3257 5619 3288 5661 e
3334 5603 3551 5662 nostris
3599 5603 3749 5663 mss.

2096 5677 2476 5734 interserunt.
