  <div class='ocr_page' id='page_1' title='image "/cluster/home/n/w/nwhite01/storage/ocr_20150623/26/hvd.32044052772472/236.png"; bbox 0 0 4144 6202; ppageno 0'>
   <div class='ocr_carea' id='block_1_1' title="bbox 308 283 421 348">
    <p class='ocr_par' dir='ltr' id='par_1_1' title="bbox 308 283 421 348">
     <span class='ocr_line' id='line_1_1' title="bbox 308 283 421 348; baseline -0.018 0"><span class='ocrx_word' id='word_1_1' title='bbox 308 283 421 348; x_wconf 66' lang='grc'>487</span> 
     </span>
    </p>
   </div>
   <div class='ocr_carea' id='block_1_2' title="bbox 970 284 3060 364">
    <p class='ocr_par' dir='ltr' id='par_1_2' title="bbox 970 284 3060 364">
     <span class='ocr_line' id='line_1_2' title="bbox 970 284 3060 364; baseline 0.003 -16"><span class='ocrx_word' id='word_1_2' title='bbox 970 284 1485 348; x_wconf 80' lang='lat' dir='ltr'>COMMENTAB.</span> <span class='ocrx_word' id='word_1_3' title='bbox 1531 288 1610 347; x_wconf 83' lang='lat' dir='ltr'>IN</span> <span class='ocrx_word' id='word_1_4' title='bbox 1656 284 1906 348; x_wconf 84' lang='lat' dir='ltr'>EPIST.</span> <span class='ocrx_word' id='word_1_5' title='bbox 1951 285 2054 345; x_wconf 84' lang='lat' dir='ltr'>AD</span> <span class='ocrx_word' id='word_1_6' title='bbox 2099 287 2376 349; x_wconf 80' lang='lat' dir='ltr'>GALAT.</span> <span class='ocrx_word' id='word_1_7' title='bbox 2427 288 2572 349; x_wconf 88' lang='lat' dir='ltr'>LIB.</span> <span class='ocrx_word' id='word_1_8' title='bbox 2620 289 2724 364; x_wconf 89' lang='lat' dir='ltr'>Ill,</span> <span class='ocrx_word' id='word_1_9' title='bbox 2771 291 2941 353; x_wconf 79' lang='lat' dir='ltr'>CAP.</span> <span class='ocrx_word' id='word_1_10' title='bbox 2986 293 3060 353; x_wconf 86' lang='lat' dir='ltr'>V.</span> 
     </span>
    </p>
   </div>
   <div class='ocr_carea' id='block_1_3' title="bbox 3605 297 3726 358">
    <p class='ocr_par' dir='ltr' id='par_1_3' title="bbox 3605 297 3726 358">
     <span class='ocr_line' id='line_1_3' title="bbox 3605 297 3726 358; baseline 0.017 -2"><span class='ocrx_word' id='word_1_11' title='bbox 3605 297 3726 358; x_wconf 73' lang='grc'>458</span> 
     </span>
    </p>
   </div>
   <div class='ocr_carea' id='block_1_4' title="bbox 308 416 3724 495">
    <p class='ocr_par' dir='ltr' id='par_1_4' title="bbox 308 416 3724 495">
     <span class='ocr_line' id='line_1_4' title="bbox 308 416 3724 495; baseline 0.003 -20"><span class='ocrx_word' id='word_1_12' title='bbox 308 433 373 475; x_wconf 83' lang='lat' dir='ltr'>se</span> <span class='ocrx_word' id='word_1_13' title='bbox 404 420 570 491; x_wconf 83' lang='lat' dir='ltr'>putat</span> <span class='ocrx_word' id='word_1_14' title='bbox 597 431 728 474; x_wconf 85' lang='lat' dir='ltr'>esse</span> <span class='ocrx_word' id='word_1_15' title='bbox 752 416 997 490; x_wconf 88' lang='lat' dir='ltr'>aliquid,</span> <span class='ocrx_word' id='word_1_16' title='bbox 1030 422 1086 474; x_wconf 88' lang='lat' dir='ltr'>et</span> <span class='ocrx_word' id='word_1_17' title='bbox 1110 435 1225 476; x_wconf 87' lang='lat' dir='ltr'>non</span> <span class='ocrx_word' id='word_1_18' title='bbox 1255 436 1324 475; x_wconf 83' lang='lat' dir='ltr'>ex</span> <span class='ocrx_word' id='word_1_19' title='bbox 1353 418 1666 476; x_wconf 89' lang='lat' dir='ltr'>clementia</span> <span class='ocrx_word' id='word_1_20' title='bbox 1712 419 1773 474; x_wconf 92' lang='lat' dir='ltr'>in</span> <span class='ocrx_word' id='word_1_21' title='bbox 1831 435 1961 491; x_wconf 85' lang='lat' dir='ltr'>pro-</span> <span class='ocrx_word' id='word_1_22' title='bbox 1989 422 2043 488; x_wconf 83' lang='grc' dir='ltr'><strong>Α</strong></span> <span class='ocrx_word' id='word_1_23' title='bbox 2072 417 2188 487; x_wconf 89' lang='lat' dir='ltr'>liis,</span> <span class='ocrx_word' id='word_1_24' title='bbox 2251 419 2499 477; x_wconf 85' lang='lat' dir='ltr'>invicem</span> <span class='ocrx_word' id='word_1_25' title='bbox 2550 439 2722 493; x_wconf 84' lang='lat' dir='ltr'>posse</span> <span class='ocrx_word' id='word_1_26' title='bbox 2761 440 2866 479; x_wconf 89' lang='lat' dir='ltr'>nos</span> <span class='ocrx_word' id='word_1_27' title='bbox 2907 425 3264 495; x_wconf 88' lang='lat' dir='ltr'>coadjuvari.</span> <span class='ocrx_word' id='word_1_28' title='bbox 3318 426 3464 484; x_wconf 86' lang='lat' dir='ltr'>Cum</span> <span class='ocrx_word' id='word_1_29' title='bbox 3525 430 3724 484; x_wconf 88' lang='lat' dir='ltr'>autem</span> 
     </span>
    </p>
   </div>
   <div class='ocr_carea' id='block_1_5' title="bbox 306 507 1959 579">
    <p class='ocr_par' dir='ltr' id='par_1_5' title="bbox 306 507 1959 579">
     <span class='ocr_line' id='line_1_5' title="bbox 306 507 1959 579; baseline 0.001 -16"><span class='ocrx_word' id='word_1_30' title='bbox 306 509 530 564; x_wconf 84' lang='lat' dir='ltr'>ximum</span> <span class='ocrx_word' id='word_1_31' title='bbox 561 532 576 576; x_wconf 89' lang='lat'><strong>;</strong></span> <span class='ocrx_word' id='word_1_32' title='bbox 609 507 711 562; x_wconf 86' lang='lat' dir='ltr'>sed</span> <span class='ocrx_word' id='word_1_33' title='bbox 743 523 813 561; x_wconf 81' lang='lat' dir='ltr'>ex</span> <span class='ocrx_word' id='word_1_34' title='bbox 844 524 951 562; x_wconf 90' lang='lat' dir='ltr'>suo</span> <span class='ocrx_word' id='word_1_35' title='bbox 983 523 1154 579; x_wconf 84' lang='lat' dir='ltr'>opere</span> <span class='ocrx_word' id='word_1_36' title='bbox 1182 513 1238 564; x_wconf 92' lang='lat' dir='ltr'>et</span> <span class='ocrx_word' id='word_1_37' title='bbox 1266 508 1463 565; x_wconf 89' lang='lat' dir='ltr'>labore</span> <span class='ocrx_word' id='word_1_38' title='bbox 1493 527 1554 565; x_wconf 90' lang='lat' dir='ltr'>se</span> <span class='ocrx_word' id='word_1_39' title='bbox 1580 509 1827 579; x_wconf 88' lang='lat' dir='ltr'>judicat,</span> <span class='ocrx_word' id='word_1_40' title='bbox 1852 525 1959 564; x_wconf 89' lang='lat' dir='ltr'>sua</span> 
     </span>
    </p>
   </div>
   <div class='ocr_carea' id='block_1_6' title="bbox 304 596 1959 671">
    <p class='ocr_par' dir='ltr' id='par_1_6' title="bbox 304 596 1959 671">
     <span class='ocr_line' id='line_1_6' title="bbox 304 596 1959 671; baseline -0.001 -18"><span class='ocrx_word' id='word_1_41' title='bbox 304 601 537 653; x_wconf 80' lang='lat' dir='ltr'>tantum</span> <span class='ocrx_word' id='word_1_42' title='bbox 566 596 783 652; x_wconf 85' lang='lat' dir='ltr'>virtute</span> <span class='ocrx_word' id='word_1_43' title='bbox 811 600 1143 665; x_wconf 87' lang='lat' dir='ltr'>contentus,</span> <span class='ocrx_word' id='word_1_44' title='bbox 1169 597 1278 654; x_wconf 85' lang='lat' dir='ltr'>iste</span> <span class='ocrx_word' id='word_1_45' title='bbox 1301 615 1369 655; x_wconf 80' lang='lat' dir='ltr'>ex</span> <span class='ocrx_word' id='word_1_46' title='bbox 1399 598 1508 655; x_wconf 90' lang='lat' dir='ltr'>hac</span> <span class='ocrx_word' id='word_1_47' title='bbox 1529 598 1658 671; x_wconf 88' lang='lat' dir='ltr'>ipsa</span> <span class='ocrx_word' id='word_1_48' title='bbox 1688 615 1959 670; x_wconf 86' lang='lat' dir='ltr'>arrogan-</span> 
     </span>
    </p>
   </div>
   <div class='ocr_carea' id='block_1_7' title="bbox 305 684 1956 760">
    <p class='ocr_par' dir='ltr' id='par_1_7' title="bbox 305 684 1956 760">
     <span class='ocr_line' id='line_1_7' title="bbox 305 684 1956 760; baseline 0 -19"><span class='ocrx_word' id='word_1_49' title='bbox 305 685 387 741; x_wconf 80' lang='lat' dir='ltr'>tia</span> <span class='ocrx_word' id='word_1_50' title='bbox 416 684 563 740; x_wconf 86' lang='lat' dir='ltr'>nihil</span> <span class='ocrx_word' id='word_1_51' title='bbox 594 685 678 751; x_wconf 83' lang='lat' dir='ltr'>fit,</span> <span class='ocrx_word' id='word_1_52' title='bbox 710 690 767 740; x_wconf 90' lang='lat' dir='ltr'>et</span> <span class='ocrx_word' id='word_1_53' title='bbox 793 685 919 756; x_wconf 79' lang='lat' dir='ltr'>ipse</span> <span class='ocrx_word' id='word_1_54' title='bbox 970 701 1032 740; x_wconf 91' lang='lat' dir='ltr'>se</span> <span class='ocrx_word' id='word_1_55' title='bbox 1089 686 1352 758; x_wconf 87' lang='lat' dir='ltr'>decipit:</span> <span class='ocrx_word' id='word_1_56' title='bbox 1413 687 1568 760; x_wconf 90' lang='lat' dir='ltr'>quod</span> <span class='ocrx_word' id='word_1_57' title='bbox 1629 686 1838 742; x_wconf 90' lang='lat' dir='ltr'>melius</span> <span class='ocrx_word' id='word_1_58' title='bbox 1897 685 1956 741; x_wconf 92' lang='lat' dir='ltr'>in</span> 
     </span>
    </p>
   </div>
   <div class='ocr_carea' id='block_1_8' title="bbox 304 773 1958 849">
    <p class='ocr_par' dir='ltr' id='par_1_8' title="bbox 304 773 1958 849">
     <span class='ocr_line' id='line_1_8' title="bbox 304 773 1958 849; baseline 0.001 -20"><span class='ocrx_word' id='word_1_59' title='bbox 304 773 500 829; x_wconf 68' lang='lat' dir='ltr'>Grieco</span> <span class='ocrx_word' id='word_1_60' title='bbox 539 773 758 828; x_wconf 87' lang='lat' dir='ltr'>dicitur</span> <span class='ocrx_word' id='word_1_61' title='bbox 805 773 1130 849; x_wconf 71' lang='grc' dir='ltr'>φρεναπατᾷ,</span> <span class='ocrx_word' id='word_1_62' title='bbox 1164 774 1275 831; x_wconf 91' lang='lat' dir='ltr'>hoc</span> <span class='ocrx_word' id='word_1_63' title='bbox 1306 781 1412 843; x_wconf 90' lang='lat' dir='ltr'>est,</span> <span class='ocrx_word' id='word_1_64' title='bbox 1475 781 1729 832; x_wconf 82' lang='lat' dir='ltr'>mentem</span> <span class='ocrx_word' id='word_1_65' title='bbox 1787 791 1958 831; x_wconf 90' lang='lat' dir='ltr'>suam</span> 
     </span>
    </p>
   </div>
   <div class='ocr_carea' id='block_1_9' title="bbox 305 861 1960 937">
    <p class='ocr_par' dir='ltr' id='par_1_9' title="bbox 305 861 1960 937">
     <span class='ocr_line' id='line_1_9' title="bbox 305 861 1960 937; baseline 0.002 -20"><span class='ocrx_word' id='word_1_66' title='bbox 305 861 558 934; x_wconf 84' lang='lat' dir='ltr'>decipit:</span> <span class='ocrx_word' id='word_1_67' title='bbox 593 878 698 934; x_wconf 91' lang='lat' dir='ltr'>pro</span> <span class='ocrx_word' id='word_1_68' title='bbox 727 877 846 934; x_wconf 89' lang='lat' dir='ltr'>quo</span> <span class='ocrx_word' id='word_1_69' title='bbox 878 862 1120 918; x_wconf 89' lang='lat' dir='ltr'>Latinus</span> <span class='ocrx_word' id='word_1_70' title='bbox 1150 865 1348 936; x_wconf 85' lang='lat' dir='ltr'>posuit</span> <span class='ocrx_word' id='word_1_71' title='bbox 1379 865 1687 937; x_wconf 80' lang='lat' dir='ltr'>interpres,</span> <span class='ocrx_word' id='word_1_72' title='bbox 1738 881 1791 920; x_wconf 87' lang='lat' dir='ltr'>se</span> <span class='ocrx_word' id='word_1_73' title='bbox 1847 866 1960 936; x_wconf 83' lang='lat' dir='ltr'>ipse</span> 
     </span>
    </p>
   </div>
   <div class='ocr_carea' id='block_1_10' title="bbox 303 950 1960 1026">
    <p class='ocr_par' dir='ltr' id='par_1_10' title="bbox 303 950 1960 1026">
     <span class='ocr_line' id='line_1_10' title="bbox 303 950 1960 1026; baseline 0.001 -20"><span class='ocrx_word' id='word_1_74' title='bbox 303 951 532 1007; x_wconf 77' lang='lat' dir='ltr'>seducit.</span> <span class='ocrx_word' id='word_1_75' title='bbox 565 950 817 1007; x_wconf 78' lang='lat' dir='ltr'>Mentem</span> <span class='ocrx_word' id='word_1_76' title='bbox 849 956 1048 1007; x_wconf 88' lang='lat' dir='ltr'>autem</span> <span class='ocrx_word' id='word_1_77' title='bbox 1080 968 1250 1008; x_wconf 88' lang='lat' dir='ltr'>suam</span> <span class='ocrx_word' id='word_1_78' title='bbox 1282 953 1496 1020; x_wconf 80' lang='lat' dir='ltr'>decipit</span> <span class='ocrx_word' id='word_1_79' title='bbox 1526 954 1626 1025; x_wconf 91' lang='lat' dir='ltr'>qui</span> <span class='ocrx_word' id='word_1_80' title='bbox 1671 970 1732 1009; x_wconf 89' lang='lat' dir='ltr'>se</span> <span class='ocrx_word' id='word_1_81' title='bbox 1789 958 1960 1026; x_wconf 81' lang='lat' dir='ltr'>putat</span> 
     </span>
    </p>
   </div>
   <div class='ocr_carea' id='block_1_11' title="bbox 301 1040 1957 1115">
    <p class='ocr_par' dir='ltr' id='par_1_11' title="bbox 301 1040 1957 1115">
     <span class='ocr_line' id='line_1_11' title="bbox 301 1040 1957 1115; baseline 0.001 -19"><span class='ocrx_word' id='word_1_82' title='bbox 301 1055 433 1096; x_wconf 81' lang='lat' dir='ltr'>esse</span> <span class='ocrx_word' id='word_1_83' title='bbox 463 1040 806 1112; x_wconf 83' lang='lat' dir='ltr'>eapicntem,</span> <span class='ocrx_word' id='word_1_84' title='bbox 839 1043 897 1096; x_wconf 89' lang='lat' dir='ltr'>et</span> <span class='ocrx_word' id='word_1_85' title='bbox 925 1041 1253 1096; x_wconf 88' lang='lat' dir='ltr'>secundum</span> <span class='ocrx_word' id='word_1_86' title='bbox 1285 1042 1517 1110; x_wconf 85' lang='lat' dir='ltr'>Isaiam,</span> <span class='ocrx_word' id='word_1_87' title='bbox 1546 1043 1781 1115; x_wconf 83' lang='lat' dir='ltr'>sapiens</span> <span class='ocrx_word' id='word_1_88' title='bbox 1811 1043 1871 1098; x_wconf 92' lang='lat' dir='ltr'>in</span> <span class='ocrx_word' id='word_1_89' title='bbox 1895 1059 1957 1098; x_wconf 87' lang='lat' dir='ltr'>se</span> 
     </span>
    </p>
   </div>
   <div class='ocr_carea' id='block_1_12' title="bbox 302 1129 1954 1203">
    <p class='ocr_par' dir='ltr' id='par_1_12' title="bbox 302 1129 1954 1203">
     <span class='ocr_line' id='line_1_12' title="bbox 302 1129 1954 1203; baseline 0 -18"><span class='ocrx_word' id='word_1_90' title='bbox 302 1135 416 1197; x_wconf 83' lang='lat' dir='ltr'>est,</span> <span class='ocrx_word' id='word_1_91' title='bbox 447 1132 508 1185; x_wconf 89' lang='lat' dir='ltr'>et</span> <span class='ocrx_word' id='word_1_92' title='bbox 535 1129 594 1184; x_wconf 90' lang='lat' dir='ltr'>in</span> <span class='ocrx_word' id='word_1_93' title='bbox 623 1132 937 1201; x_wconf 87' lang='lat' dir='ltr'>conspectu</span> <span class='ocrx_word' id='word_1_94' title='bbox 992 1146 1098 1186; x_wconf 89' lang='lat' dir='ltr'>suo</span> <span class='ocrx_word' id='word_1_95' title='bbox 1155 1130 1490 1203; x_wconf 80' lang='lat' dir='ltr'>intelligens</span> <span class='ocrx_word' id='word_1_96' title='bbox 1545 1137 1677 1203; x_wconf 88' lang='lat' dir='ltr'>(Isa.</span> <span class='ocrx_word' id='word_1_97' title='bbox 1731 1149 1785 1197; x_wconf 89' lang='lat' dir='ltr'>v,</span> <span class='ocrx_word' id='word_1_98' title='bbox 1841 1131 1954 1201; x_wconf 81' lang='lat'>21).</span> 
     </span>
    </p>
   </div>
   <div class='ocr_carea' id='block_1_13' title="bbox 300 1218 1958 1292">
    <p class='ocr_par' dir='ltr' id='par_1_13' title="bbox 300 1218 1958 1292">
     <span class='ocr_line' id='line_1_13' title="bbox 300 1218 1958 1292; baseline 0 -18"><span class='ocrx_word' id='word_1_99' title='bbox 300 1220 394 1274; x_wconf 82' lang='lat' dir='ltr'>Ad</span> <span class='ocrx_word' id='word_1_100' title='bbox 429 1218 928 1274; x_wconf 85' lang='lat' dir='ltr'>circumcisionem</span> <span class='ocrx_word' id='word_1_101' title='bbox 962 1223 1021 1274; x_wconf 91' lang='lat' dir='ltr'>et</span> <span class='ocrx_word' id='word_1_102' title='bbox 1044 1220 1278 1292; x_wconf 85' lang='lat' dir='ltr'>Legem,</span> <span class='ocrx_word' id='word_1_103' title='bbox 1309 1219 1388 1275; x_wconf 87' lang='lat' dir='ltr'>ita</span> <span class='ocrx_word' id='word_1_104' title='bbox 1419 1219 1528 1275; x_wconf 88' lang='lat' dir='ltr'>loci</span> <span class='ocrx_word' id='word_1_105' title='bbox 1579 1220 1758 1292; x_wconf 87' lang='lat' dir='ltr'>hujus</span> <span class='ocrx_word' id='word_1_106' title='bbox 1816 1237 1958 1275; x_wconf 87' lang='lat' dir='ltr'>con-</span> 
     </span>
    </p>
   </div>
   <div class='ocr_carea' id='block_1_14' title="bbox 302 1307 1955 1381">
    <p class='ocr_par' dir='ltr' id='par_1_14' title="bbox 302 1307 1955 1381">
     <span class='ocr_line' id='line_1_14' title="bbox 302 1307 1955 1381; baseline 0.001 -18"><span class='ocrx_word' id='word_1_107' title='bbox 302 1307 562 1364; x_wconf 77' lang='lat' dir='ltr'>nectitur</span> <span class='ocrx_word' id='word_1_108' title='bbox 587 1307 957 1363; x_wconf 87' lang='lat' dir='ltr'>intellectus:</span> <span class='ocrx_word' id='word_1_109' title='bbox 987 1307 1096 1374; x_wconf 91' lang='lat' dir='ltr'>Qui</span> <span class='ocrx_word' id='word_1_110' title='bbox 1127 1307 1453 1381; x_wconf 86' lang='lat' dir='ltr'>spiritualis</span> <span class='ocrx_word' id='word_1_111' title='bbox 1494 1316 1601 1380; x_wconf 88' lang='lat' dir='ltr'>est,</span> <span class='ocrx_word' id='word_1_112' title='bbox 1662 1313 1718 1365; x_wconf 91' lang='lat' dir='ltr'>et</span> <span class='ocrx_word' id='word_1_113' title='bbox 1775 1309 1955 1364; x_wconf 87' lang='lat' dir='ltr'>mise-</span> 
     </span>
    </p>
   </div>
   <div class='ocr_carea' id='block_1_15' title="bbox 300 1396 1953 1470">
    <p class='ocr_par' dir='ltr' id='par_1_15' title="bbox 300 1396 1953 1470">
     <span class='ocr_line' id='line_1_15' title="bbox 300 1396 1953 1470; baseline 0.001 -18"><span class='ocrx_word' id='word_1_114' title='bbox 300 1396 616 1453; x_wconf 80' lang='lat' dir='ltr'>ricordiam</span> <span class='ocrx_word' id='word_1_115' title='bbox 646 1397 705 1452; x_wconf 90' lang='lat' dir='ltr'>in</span> <span class='ocrx_word' id='word_1_116' title='bbox 730 1397 1061 1470; x_wconf 81' lang='lat' dir='ltr'>proximum</span> <span class='ocrx_word' id='word_1_117' title='bbox 1088 1413 1201 1452; x_wconf 91' lang='lat' dir='ltr'>non</span> <span class='ocrx_word' id='word_1_118' title='bbox 1223 1396 1419 1463; x_wconf 84' lang='lat' dir='ltr'>habet,</span> <span class='ocrx_word' id='word_1_119' title='bbox 1443 1403 1823 1455; x_wconf 86' lang='lat' dir='ltr'>contemnens</span> <span class='ocrx_word' id='word_1_120' title='bbox 1844 1399 1953 1453; x_wconf 91' lang='lat' dir='ltr'>hu-</span> 
     </span>
    </p>
   </div>
   <div class='ocr_carea' id='block_1_16' title="bbox 303 1483 1952 1560">
    <p class='ocr_par' dir='ltr' id='par_1_16' title="bbox 303 1483 1952 1560">
     <span class='ocr_line' id='line_1_16' title="bbox 303 1483 1952 1560; baseline 0 -19"><span class='ocrx_word' id='word_1_121' title='bbox 303 1485 528 1552; x_wconf 83' lang='lat' dir='ltr'>mitem,</span> <span class='ocrx_word' id='word_1_122' title='bbox 555 1483 696 1557; x_wconf 88' lang='lat' dir='ltr'>quia</span> <span class='ocrx_word' id='word_1_123' title='bbox 725 1485 851 1558; x_wconf 91' lang='lat' dir='ltr'>ipse</span> <span class='ocrx_word' id='word_1_124' title='bbox 895 1485 1206 1541; x_wconf 83' lang='lat' dir='ltr'>sublimior</span> <span class='ocrx_word' id='word_1_125' title='bbox 1254 1493 1364 1554; x_wconf 88' lang='lat' dir='ltr'>est,</span> <span class='ocrx_word' id='word_1_126' title='bbox 1421 1486 1548 1558; x_wconf 89' lang='lat' dir='ltr'>ipse</span> <span class='ocrx_word' id='word_1_127' title='bbox 1604 1503 1666 1542; x_wconf 88' lang='lat' dir='ltr'>se</span> <span class='ocrx_word' id='word_1_128' title='bbox 1720 1487 1952 1560; x_wconf 84' lang='lat' dir='ltr'>decipit,</span> 
     </span>
    </p>
   </div>
   <div class='ocr_carea' id='block_1_17' title="bbox 301 1573 1954 1647">
    <p class='ocr_par' dir='ltr' id='par_1_17' title="bbox 301 1573 1954 1647">
     <span class='ocr_line' id='line_1_17' title="bbox 301 1573 1954 1647; baseline 0 -17"><span class='ocrx_word' id='word_1_129' title='bbox 301 1573 572 1630; x_wconf 82' lang='lat' dir='ltr'>nesciens</span> <span class='ocrx_word' id='word_1_130' title='bbox 601 1573 752 1630; x_wconf 89' lang='lat' dir='ltr'>hanc</span> <span class='ocrx_word' id='word_1_131' title='bbox 780 1573 1023 1646; x_wconf 80' lang='lat' dir='ltr'>spiritus</span> <span class='ocrx_word' id='word_1_132' title='bbox 1052 1589 1181 1631; x_wconf 87' lang='lat' dir='ltr'>esse</span> <span class='ocrx_word' id='word_1_133' title='bbox 1209 1574 1419 1647; x_wconf 84' lang='lat' dir='ltr'>legem,</span> <span class='ocrx_word' id='word_1_134' title='bbox 1453 1580 1527 1632; x_wconf 92' lang='lat' dir='ltr'>ut.</span> <span class='ocrx_word' id='word_1_135' title='bbox 1569 1591 1675 1632; x_wconf 89' lang='lat' dir='ltr'>nos</span> <span class='ocrx_word' id='word_1_136' title='bbox 1707 1576 1954 1631; x_wconf 88' lang='lat' dir='ltr'>invicem</span> 
     </span>
    </p>
   </div>
   <div class='ocr_carea' id='block_1_18' title="bbox 298 1663 641 1735">
    <p class='ocr_par' dir='ltr' id='par_1_18' title="bbox 298 1663 641 1735">
     <span class='ocr_line' id='line_1_18' title="bbox 298 1663 641 1735; baseline 0.003 -18"><span class='ocrx_word' id='word_1_137' title='bbox 298 1663 641 1735; x_wconf 83' lang='lat' dir='ltr'>diligamus.</span> 
     </span>
    </p>
   </div>
   <div class='ocr_carea' id='block_1_19' title="bbox 368 1751 1950 1826">
    <p class='ocr_par' dir='ltr' id='par_1_19' title="bbox 368 1751 1950 1826">
     <span class='ocr_line' id='line_1_19' title="bbox 368 1751 1950 1826; baseline 0.003 -20"><span class='ocrx_word' id='word_1_138' title='bbox 368 1751 560 1821; x_wconf 83' lang='lat' dir='ltr'>(Vere.</span> <span class='ocrx_word' id='word_1_139' title='bbox 585 1753 702 1820; x_wconf 73' lang='grc'>4.)‹‹</span> <span class='ocrx_word' id='word_1_140' title='bbox 719 1751 1084 1824; x_wconf 88' lang='lat' dir='ltr'>Opusautem</span> <span class='ocrx_word' id='word_1_141' title='bbox 1106 1769 1280 1808; x_wconf 88' lang='lat' dir='ltr'>suum</span> <span class='ocrx_word' id='word_1_142' title='bbox 1304 1753 1950 1826; x_wconf 88' lang='lat' dir='ltr'>probetunusquisque:</span> 
     </span>
    </p>
   </div>
   <div class='ocr_carea' id='block_1_20' title="bbox 297 1840 1950 1914">
    <p class='ocr_par' dir='ltr' id='par_1_20' title="bbox 297 1840 1950 1914">
     <span class='ocr_line' id='line_1_20' title="bbox 297 1840 1950 1914; baseline 0.001 -18"><span class='ocrx_word' id='word_1_143' title='bbox 297 1845 354 1896; x_wconf 88' lang='lat' dir='ltr'>et</span> <span class='ocrx_word' id='word_1_144' title='bbox 385 1841 470 1896; x_wconf 84' lang='lat' dir='ltr'>sic</span> <span class='ocrx_word' id='word_1_145' title='bbox 495 1840 557 1895; x_wconf 89' lang='lat' dir='ltr'>in</span> <span class='ocrx_word' id='word_1_146' title='bbox 587 1843 903 1913; x_wconf 87' lang='lat' dir='ltr'>semetipso</span> <span class='ocrx_word' id='word_1_147' title='bbox 929 1846 1158 1896; x_wconf 86' lang='lat' dir='ltr'>tantum</span> <span class='ocrx_word' id='word_1_148' title='bbox 1190 1841 1435 1914; x_wconf 82' lang='lat' dir='ltr'>gloriam</span> <span class='ocrx_word' id='word_1_149' title='bbox 1468 1842 1727 1908; x_wconf 84' lang='lat' dir='ltr'>habebit,</span> <span class='ocrx_word' id='word_1_150' title='bbox 1762 1847 1818 1899; x_wconf 92' lang='lat' dir='ltr'>et</span> <span class='ocrx_word' id='word_1_151' title='bbox 1835 1860 1950 1898; x_wconf 88' lang='lat' dir='ltr'>non</span> 
     </span>
    </p>
   </div>
   <div class='ocr_carea' id='block_1_21' title="bbox 297 1930 1953 2006">
    <p class='ocr_par' dir='ltr' id='par_1_21' title="bbox 297 1930 1953 2006">
     <span class='ocr_line' id='line_1_21' title="bbox 297 1930 1953 2006; baseline 0.001 -20"><span class='ocrx_word' id='word_1_152' title='bbox 297 1930 355 1986; x_wconf 91' lang='lat' dir='ltr'>in</span> <span class='ocrx_word' id='word_1_153' title='bbox 387 1930 591 1986; x_wconf 84' lang='lat' dir='ltr'>altero.</span> <span class='ocrx_word' id='word_1_154' title='bbox 629 1951 652 1980; x_wconf 72' lang='grc' dir='ltr'>ι</span> <span class='ocrx_word' id='word_1_155' title='bbox 683 1931 908 1986; x_wconf 82' lang='lat' dir='ltr'>Sensus</span> <span class='ocrx_word' id='word_1_156' title='bbox 940 1931 1048 1986; x_wconf 90' lang='lat' dir='ltr'>istc</span> <span class='ocrx_word' id='word_1_157' title='bbox 1080 1935 1204 1987; x_wconf 90' lang='lat' dir='ltr'>est:</span> <span class='ocrx_word' id='word_1_158' title='bbox 1234 1932 1320 1986; x_wconf 92' lang='lat' dir='ltr'>Tu</span> <span class='ocrx_word' id='word_1_159' title='bbox 1343 1933 1443 2003; x_wconf 89' lang='lat' dir='ltr'>qui</span> <span class='ocrx_word' id='word_1_160' title='bbox 1474 1937 1527 1987; x_wconf 92' lang='lat' dir='ltr'>te</span> <span class='ocrx_word' id='word_1_161' title='bbox 1549 1931 1807 1988; x_wconf 67' lang='lat' dir='ltr'>aestimas</span> <span class='ocrx_word' id='word_1_162' title='bbox 1837 1933 1953 2006; x_wconf 88' lang='lat' dir='ltr'>spi-</span> 
     </span>
    </p>
   </div>
   <div class='ocr_carea' id='block_1_22' title="bbox 297 2018 1948 2089">
    <p class='ocr_par' dir='ltr' id='par_1_22' title="bbox 297 2018 1948 2089">
     <span class='ocr_line' id='line_1_22' title="bbox 297 2018 1948 2089; baseline 0.001 -14"><span class='ocrx_word' id='word_1_163' title='bbox 297 2018 595 2086; x_wconf 83' lang='lat' dir='ltr'>ritualem,</span> <span class='ocrx_word' id='word_1_164' title='bbox 627 2023 686 2075; x_wconf 86' lang='lat' dir='ltr'>et</span> <span class='ocrx_word' id='word_1_165' title='bbox 703 2020 774 2075; x_wconf 88' lang='lat' dir='ltr'>de</span> <span class='ocrx_word' id='word_1_166' title='bbox 803 2020 1043 2075; x_wconf 83' lang='lat' dir='ltr'>alterius</span> <span class='ocrx_word' id='word_1_167' title='bbox 1075 2021 1415 2076; x_wconf 83' lang='lat' dir='ltr'>inﬁrmitate</span> <span class='ocrx_word' id='word_1_168' title='bbox 1448 2022 1463 2056; x_wconf 89' lang='grc'>¹</span> <span class='ocrx_word' id='word_1_169' title='bbox 1515 2022 1811 2077; x_wconf 81' lang='lat' dir='ltr'>robustior</span> <span class='ocrx_word' id='word_1_170' title='bbox 1866 2038 1948 2089; x_wconf 89' lang='lat' dir='ltr'>es,</span> 
     </span>
    </p>
   </div>
   <div class='ocr_carea' id='block_1_23' title="bbox 299 2108 1950 2180">
    <p class='ocr_par' dir='ltr' id='par_1_23' title="bbox 299 2108 1950 2180">
     <span class='ocr_line' id='line_1_23' title="bbox 299 2108 1950 2180; baseline 0 -16"><span class='ocrx_word' id='word_1_171' title='bbox 299 2125 418 2164; x_wconf 80' lang='lat' dir='ltr'>non</span> <span class='ocrx_word' id='word_1_172' title='bbox 447 2109 628 2164; x_wconf 81' lang='lat' dir='ltr'>debes</span> <span class='ocrx_word' id='word_1_173' title='bbox 659 2108 1116 2164; x_wconf 81' lang='lat' dir='ltr'>imbecillitatem</span> <span class='ocrx_word' id='word_1_174' title='bbox 1143 2110 1416 2180; x_wconf 87' lang='lat' dir='ltr'>jacentis,</span> <span class='ocrx_word' id='word_1_175' title='bbox 1451 2111 1552 2166; x_wconf 81' lang='lat' dir='ltr'>sed</span> <span class='ocrx_word' id='word_1_176' title='bbox 1579 2113 1742 2166; x_wconf 90' lang='lat' dir='ltr'>tuam</span> <span class='ocrx_word' id='word_1_177' title='bbox 1788 2109 1950 2166; x_wconf 83' lang='lat' dir='ltr'>forti-</span> 
     </span>
    </p>
   </div>
   <div class='ocr_carea' id='block_1_24' title="bbox 297 2197 1952 2270">
    <p class='ocr_par' dir='ltr' id='par_1_24' title="bbox 297 2197 1952 2270">
     <span class='ocr_line' id='line_1_24' title="bbox 297 2197 1952 2270; baseline 0 -18"><span class='ocrx_word' id='word_1_178' title='bbox 297 2197 568 2253; x_wconf 83' lang='lat' dir='ltr'>tudinem</span> <span class='ocrx_word' id='word_1_179' title='bbox 598 2197 990 2253; x_wconf 89' lang='lat' dir='ltr'>considerare.</span> <span class='ocrx_word' id='word_1_180' title='bbox 1022 2197 1219 2270; x_wconf 87' lang='lat' dir='ltr'>Neque</span> <span class='ocrx_word' id='word_1_181' title='bbox 1249 2199 1405 2253; x_wconf 91' lang='lat' dir='ltr'>enim</span> <span class='ocrx_word' id='word_1_182' title='bbox 1439 2199 1490 2254; x_wconf 89' lang='lat' dir='ltr'>si</span> <span class='ocrx_word' id='word_1_183' title='bbox 1521 2197 1671 2254; x_wconf 89' lang='lat' dir='ltr'>alius</span> <span class='ocrx_word' id='word_1_184' title='bbox 1702 2199 1952 2270; x_wconf 82' lang='lat' dir='ltr'>perfecte</span> 
     </span>
    </p>
   </div>
   <div class='ocr_carea' id='block_1_25' title="bbox 299 2284 1949 2357">
    <p class='ocr_par' dir='ltr' id='par_1_25' title="bbox 299 2284 1949 2357">
     <span class='ocr_line' id='line_1_25' title="bbox 299 2284 1949 2357; baseline -0.001 -15"><span class='ocrx_word' id='word_1_185' title='bbox 299 2295 422 2342; x_wconf 78' lang='lat' dir='ltr'>non</span> <span class='ocrx_word' id='word_1_186' title='bbox 452 2290 644 2357; x_wconf 80' lang='lat' dir='ltr'>potest</span> <span class='ocrx_word' id='word_1_187' title='bbox 663 2286 734 2341; x_wconf 86' lang='lat' dir='ltr'>ad</span> <span class='ocrx_word' id='word_1_188' title='bbox 762 2284 1273 2342; x_wconf 74' lang='lat' dir='ltr'>Christianismum</span> <span class='ocrx_word' id='word_1_189' title='bbox 1297 2305 1330 2341; x_wconf 91' lang='lat' dir='ltr'>a</span> <span class='ocrx_word' id='word_1_190' title='bbox 1347 2286 1658 2342; x_wconf 87' lang='lat' dir='ltr'>Judaismo</span> <span class='ocrx_word' id='word_1_191' title='bbox 1679 2286 1949 2356; x_wconf 88' lang='lat' dir='ltr'>transire,</span> 
     </span>
    </p>
   </div>
   <div class='ocr_carea' id='block_1_26' title="bbox 296 2374 1949 2446">
    <p class='ocr_par' dir='ltr' id='par_1_26' title="bbox 296 2374 1949 2446">
     <span class='ocr_line' id='line_1_26' title="bbox 296 2374 1949 2446; baseline 0 -16"><span class='ocrx_word' id='word_1_192' title='bbox 296 2375 524 2430; x_wconf 85' lang='lat' dir='ltr'>idcirco</span> <span class='ocrx_word' id='word_1_193' title='bbox 553 2379 613 2429; x_wconf 92' lang='lat' dir='ltr'>tu</span> <span class='ocrx_word' id='word_1_194' title='bbox 644 2375 934 2446; x_wconf 81' lang='lat' dir='ltr'>perfectus</span> <span class='ocrx_word' id='word_1_195' title='bbox 965 2391 1028 2430; x_wconf 89' lang='lat' dir='ltr'>cs</span> <span class='ocrx_word' id='word_1_196' title='bbox 1057 2374 1466 2430; x_wconf 85' lang='lat' dir='ltr'>Christianus:</span> <span class='ocrx_word' id='word_1_197' title='bbox 1497 2375 1597 2431; x_wconf 89' lang='lat' dir='ltr'>sed</span> <span class='ocrx_word' id='word_1_198' title='bbox 1627 2375 1675 2431; x_wconf 89' lang='lat' dir='ltr'>si</span> <span class='ocrx_word' id='word_1_199' title='bbox 1706 2380 1760 2430; x_wconf 88' lang='lat' dir='ltr'>te</span> <span class='ocrx_word' id='word_1_200' title='bbox 1817 2391 1949 2446; x_wconf 90' lang='lat' dir='ltr'>pro-</span> 
     </span>
    </p>
   </div>
   <div class='ocr_carea' id='block_1_27' title="bbox 296 2463 1952 2536">
    <p class='ocr_par' dir='ltr' id='par_1_27' title="bbox 296 2463 1952 2536">
     <span class='ocr_line' id='line_1_27' title="bbox 296 2463 1952 2536; baseline 0.001 -18"><span class='ocrx_word' id='word_1_201' title='bbox 296 2464 432 2535; x_wconf 86' lang='lat' dir='ltr'>pria</span> <span class='ocrx_word' id='word_1_202' title='bbox 456 2463 810 2518; x_wconf 82' lang='lat' dir='ltr'>conscientia</span> <span class='ocrx_word' id='word_1_203' title='bbox 841 2479 956 2518; x_wconf 86' lang='lat' dir='ltr'>non</span> <span class='ocrx_word' id='word_1_204' title='bbox 990 2464 1302 2530; x_wconf 85' lang='lat' dir='ltr'>remordet,</span> <span class='ocrx_word' id='word_1_205' title='bbox 1333 2463 1516 2518; x_wconf 85' lang='lat' dir='ltr'>habes</span> <span class='ocrx_word' id='word_1_206' title='bbox 1548 2464 1607 2517; x_wconf 93' lang='lat' dir='ltr'>in</span> <span class='ocrx_word' id='word_1_207' title='bbox 1639 2463 1952 2536; x_wconf 87' lang='lat' dir='ltr'>temetipso</span> 
     </span>
    </p>
   </div>
   <div class='ocr_carea' id='block_1_28' title="bbox 297 2551 1954 2624">
    <p class='ocr_par' dir='ltr' id='par_1_28' title="bbox 297 2551 1954 2624">
     <span class='ocr_line' id='line_1_28' title="bbox 297 2551 1954 2624; baseline 0.001 -18"><span class='ocrx_word' id='word_1_208' title='bbox 297 2552 548 2624; x_wconf 80' lang='lat' dir='ltr'>gloriam</span> <span class='ocrx_word' id='word_1_209' title='bbox 577 2556 634 2606; x_wconf 90' lang='lat' dir='ltr'>et</span> <span class='ocrx_word' id='word_1_210' title='bbox 653 2568 768 2607; x_wconf 90' lang='lat' dir='ltr'>non</span> <span class='ocrx_word' id='word_1_211' title='bbox 789 2551 847 2606; x_wconf 91' lang='lat' dir='ltr'>in</span> <span class='ocrx_word' id='word_1_212' title='bbox 871 2551 1074 2608; x_wconf 87' lang='lat' dir='ltr'>altero.</span> <span class='ocrx_word' id='word_1_213' title='bbox 1099 2551 1332 2608; x_wconf 83' lang='lat' dir='ltr'>Athleta</span> <span class='ocrx_word' id='word_1_214' title='bbox 1360 2569 1478 2607; x_wconf 90' lang='lat' dir='ltr'>non</span> <span class='ocrx_word' id='word_1_215' title='bbox 1502 2551 1631 2607; x_wconf 92' lang='lat' dir='ltr'>ideo</span> <span class='ocrx_word' id='word_1_216' title='bbox 1655 2552 1821 2608; x_wconf 90' lang='lat' dir='ltr'>fortis</span> <span class='ocrx_word' id='word_1_217' title='bbox 1843 2558 1954 2620; x_wconf 88' lang='lat' dir='ltr'>est,</span> 
     </span>
    </p>
   </div>
   <div class='ocr_carea' id='block_1_29' title="bbox 298 2640 1955 2713">
    <p class='ocr_par' dir='ltr' id='par_1_29' title="bbox 298 2640 1955 2713">
     <span class='ocr_line' id='line_1_29' title="bbox 298 2640 1955 2713; baseline 0.001 -17"><span class='ocrx_word' id='word_1_218' title='bbox 298 2641 442 2713; x_wconf 82' lang='lat' dir='ltr'>quia</span> <span class='ocrx_word' id='word_1_219' title='bbox 455 2640 592 2695; x_wconf 81' lang='lat' dir='ltr'>vicit</span> <span class='ocrx_word' id='word_1_220' title='bbox 612 2640 938 2709; x_wconf 77' lang='lat' dir='ltr'>infirmum,</span> <span class='ocrx_word' id='word_1_221' title='bbox 961 2644 1019 2695; x_wconf 91' lang='lat' dir='ltr'>et</span> <span class='ocrx_word' id='word_1_222' title='bbox 1039 2640 1320 2712; x_wconf 90' lang='lat' dir='ltr'>languida</span> <span class='ocrx_word' id='word_1_223' title='bbox 1347 2641 1666 2698; x_wconf 85' lang='lat' dir='ltr'>adversarii</span> <span class='ocrx_word' id='word_1_224' title='bbox 1691 2643 1955 2698; x_wconf 86' lang='lat' dir='ltr'>membra</span> 
     </span>
    </p>
   </div>
   <div class='ocr_carea' id='block_1_30' title="bbox 298 2729 1950 2803">
    <p class='ocr_par' dir='ltr' id='par_1_30' title="bbox 298 2729 1950 2803">
     <span class='ocr_line' id='line_1_30' title="bbox 298 2729 1950 2803; baseline 0 -17"><span class='ocrx_word' id='word_1_225' title='bbox 298 2730 600 2802; x_wconf 71' lang='lat' dir='ltr'>superavit</span> <span class='ocrx_word' id='word_1_226' title='bbox 623 2747 637 2785; x_wconf 92' lang='lat'>:</span> <span class='ocrx_word' id='word_1_227' title='bbox 671 2730 770 2784; x_wconf 88' lang='lat' dir='ltr'>sed</span> <span class='ocrx_word' id='word_1_228' title='bbox 794 2729 842 2784; x_wconf 89' lang='lat' dir='ltr'>si</span> <span class='ocrx_word' id='word_1_229' title='bbox 865 2729 1145 2784; x_wconf 90' lang='lat' dir='ltr'>robustus</span> <span class='ocrx_word' id='word_1_230' title='bbox 1167 2735 1274 2795; x_wconf 90' lang='lat' dir='ltr'>est,</span> <span class='ocrx_word' id='word_1_231' title='bbox 1298 2737 1359 2785; x_wconf 91' lang='lat' dir='ltr'>et</span> <span class='ocrx_word' id='word_1_232' title='bbox 1381 2730 1438 2784; x_wconf 91' lang='lat' dir='ltr'>in</span> <span class='ocrx_word' id='word_1_233' title='bbox 1461 2747 1570 2785; x_wconf 87' lang='lat' dir='ltr'>sua</span> <span class='ocrx_word' id='word_1_234' title='bbox 1587 2730 1950 2803; x_wconf 86' lang='lat' dir='ltr'>fortitudine,</span> 
     </span>
    </p>
   </div>
   <div class='ocr_carea' id='block_1_31' title="bbox 298 2817 1948 2891">
    <p class='ocr_par' dir='ltr' id='par_1_31' title="bbox 298 2817 1948 2891">
     <span class='ocr_line' id='line_1_31' title="bbox 298 2817 1948 2891; baseline 0 -17"><span class='ocrx_word' id='word_1_235' title='bbox 298 2835 418 2874; x_wconf 83' lang='lat' dir='ltr'>non</span> <span class='ocrx_word' id='word_1_236' title='bbox 449 2819 508 2873; x_wconf 90' lang='lat' dir='ltr'>in</span> <span class='ocrx_word' id='word_1_237' title='bbox 539 2817 879 2873; x_wconf 82' lang='lat' dir='ltr'>infirmitate</span> <span class='ocrx_word' id='word_1_238' title='bbox 909 2818 1147 2874; x_wconf 90' lang='lat' dir='ltr'>alterius</span> <span class='ocrx_word' id='word_1_239' title='bbox 1194 2819 1496 2891; x_wconf 88' lang='lat' dir='ltr'>gloriatur.</span> <span class='ocrx_word' id='word_1_240' title='bbox 1562 2819 1713 2876; x_wconf 72' lang='lat'>528</span> <span class='ocrx_word' id='word_1_241' title='bbox 1775 2820 1948 2875; x_wconf 90' lang='lat' dir='ltr'>Intel-</span> 
     </span>
    </p>
   </div>
   <div class='ocr_carea' id='block_1_32' title="bbox 298 2906 1953 2982">
    <p class='ocr_par' dir='ltr' id='par_1_32' title="bbox 298 2906 1953 2982">
     <span class='ocr_line' id='line_1_32' title="bbox 298 2906 1953 2982; baseline 0.002 -21"><span class='ocrx_word' id='word_1_242' title='bbox 298 2906 404 2980; x_wconf 87' lang='lat' dir='ltr'>ligi</span> <span class='ocrx_word' id='word_1_243' title='bbox 433 2912 626 2979; x_wconf 86' lang='lat' dir='ltr'>potest</span> <span class='ocrx_word' id='word_1_244' title='bbox 655 2911 712 2962; x_wconf 92' lang='lat' dir='ltr'>et</span> <span class='ocrx_word' id='word_1_245' title='bbox 740 2907 944 2962; x_wconf 89' lang='lat' dir='ltr'>aliter:</span> <span class='ocrx_word' id='word_1_246' title='bbox 978 2907 1087 2974; x_wconf 89' lang='lat' dir='ltr'>Qui</span> <span class='ocrx_word' id='word_1_247' title='bbox 1119 2907 1534 2967; x_wconf 89' lang='lat' dir='ltr'>conscientiam</span> <span class='ocrx_word' id='word_1_248' title='bbox 1585 2909 1762 2964; x_wconf 89' lang='lat' dir='ltr'>habet</span> <span class='ocrx_word' id='word_1_249' title='bbox 1814 2925 1953 2982; x_wconf 90' lang='lat' dir='ltr'>ope-</span> 
     </span>
    </p>
   </div>
   <div class='ocr_carea' id='block_1_33' title="bbox 301 2996 1953 3069">
    <p class='ocr_par' dir='ltr' id='par_1_33' title="bbox 301 2996 1953 3069">
     <span class='ocr_line' id='line_1_33' title="bbox 301 2996 1953 3069; baseline 0.001 -18"><span class='ocrx_word' id='word_1_250' title='bbox 301 2997 384 3051; x_wconf 89' lang='lat' dir='ltr'>ris</span> <span class='ocrx_word' id='word_1_251' title='bbox 415 2997 573 3066; x_wconf 83' lang='lat' dir='ltr'>boei,</span> <span class='ocrx_word' id='word_1_252' title='bbox 605 3001 663 3052; x_wconf 93' lang='lat' dir='ltr'>et</span> <span class='ocrx_word' id='word_1_253' title='bbox 693 2996 952 3068; x_wconf 88' lang='lat' dir='ltr'>seipsum</span> <span class='ocrx_word' id='word_1_254' title='bbox 984 2997 1383 3067; x_wconf 85' lang='lat' dir='ltr'>considerans,</span> <span class='ocrx_word' id='word_1_255' title='bbox 1417 3014 1565 3069; x_wconf 90' lang='lat' dir='ltr'>opus</span> <span class='ocrx_word' id='word_1_256' title='bbox 1605 3015 1779 3053; x_wconf 89' lang='lat' dir='ltr'>suum</span> <span class='ocrx_word' id='word_1_257' title='bbox 1839 3015 1953 3054; x_wconf 89' lang='lat' dir='ltr'>non</span> 
     </span>
    </p>
   </div>
   <div class='ocr_carea' id='block_1_34' title="bbox 299 3076 1952 3158">
    <p class='ocr_par' dir='ltr' id='par_1_34' title="bbox 299 3076 1952 3158">
     <span class='ocr_line' id='line_1_34' title="bbox 299 3076 1952 3158; baseline -0.001 -16"><span class='ocrx_word' id='word_1_258' title='bbox 299 3085 696 3157; x_wconf 82' lang='lat' dir='ltr'>reprehendit,</span> <span class='ocrx_word' id='word_1_259' title='bbox 727 3076 844 3141; x_wconf 86' lang='lat' dir='ltr'>non</span> <span class='ocrx_word' id='word_1_260' title='bbox 871 3086 1044 3142; x_wconf 88' lang='lat' dir='ltr'>debet</span> <span class='ocrx_word' id='word_1_261' title='bbox 1073 3086 1144 3141; x_wconf 89' lang='lat' dir='ltr'>de</span> <span class='ocrx_word' id='word_1_262' title='bbox 1165 3085 1276 3141; x_wconf 89' lang='lat' dir='ltr'>hoc</span> <span class='ocrx_word' id='word_1_263' title='bbox 1305 3087 1460 3158; x_wconf 88' lang='lat' dir='ltr'>apud</span> <span class='ocrx_word' id='word_1_264' title='bbox 1487 3085 1667 3140; x_wconf 91' lang='lat' dir='ltr'>alium</span> <span class='ocrx_word' id='word_1_265' title='bbox 1695 3085 1952 3158; x_wconf 86' lang='lat' dir='ltr'>gloriari,</span> 
     </span>
    </p>
   </div>
   <div class='ocr_carea' id='block_1_35' title="bbox 2071 509 3720 584">
    <p class='ocr_par' dir='ltr' id='par_1_35' title="bbox 2071 509 3720 584">
     <span class='ocr_line' id='line_1_35' title="bbox 2071 509 3720 584; baseline 0.007 -22"><span class='ocrx_word' id='word_1_266' title='bbox 2071 512 2203 563; x_wconf 86' lang='lat' dir='ltr'>ante</span> <span class='ocrx_word' id='word_1_267' title='bbox 2239 509 2495 566; x_wconf 87' lang='lat' dir='ltr'>tribunal</span> <span class='ocrx_word' id='word_1_268' title='bbox 2555 511 2769 567; x_wconf 88' lang='lat' dir='ltr'>Christi</span> <span class='ocrx_word' id='word_1_269' title='bbox 2825 513 3181 582; x_wconf 83' lang='lat' dir='ltr'>venerimus,</span> <span class='ocrx_word' id='word_1_270' title='bbox 3242 531 3358 571; x_wconf 88' lang='lat' dir='ltr'>non</span> <span class='ocrx_word' id='word_1_271' title='bbox 3413 515 3542 584; x_wconf 87' lang='lat' dir='ltr'>Job,</span> <span class='ocrx_word' id='word_1_272' title='bbox 3603 533 3720 576; x_wconf 86' lang='lat' dir='ltr'>non</span> 
     </span>
    </p>
   </div>
   <div class='ocr_carea' id='block_1_36' title="bbox 2068 597 3723 678">
    <p class='ocr_par' dir='ltr' id='par_1_36' title="bbox 2068 597 3723 678">
     <span class='ocr_line' id='line_1_36' title="bbox 2068 597 3723 678; baseline 0.007 -27"><span class='ocrx_word' id='word_1_273' title='bbox 2068 597 2290 669; x_wconf 85' lang='lat' dir='ltr'>Daniel,</span> <span class='ocrx_word' id='word_1_274' title='bbox 2368 615 2472 654; x_wconf 91' lang='lat' dir='ltr'>nec</span> <span class='ocrx_word' id='word_1_275' title='bbox 2547 600 2665 656; x_wconf 93' lang='lat' dir='ltr'>Noe</span> <span class='ocrx_word' id='word_1_276' title='bbox 2731 617 2934 674; x_wconf 90' lang='lat' dir='ltr'>rogare</span> <span class='ocrx_word' id='word_1_277' title='bbox 3001 618 3171 673; x_wconf 90' lang='lat' dir='ltr'>posse</span> <span class='ocrx_word' id='word_1_278' title='bbox 3235 620 3338 675; x_wconf 89' lang='lat' dir='ltr'>pro</span> <span class='ocrx_word' id='word_1_279' title='bbox 3421 607 3723 678; x_wconf 82' lang='lat' dir='ltr'>quoquam</span> 
     </span>
    </p>
   </div>
   <div class='ocr_carea' id='block_1_37' title="bbox 2069 687 3726 767">
    <p class='ocr_par' dir='ltr' id='par_1_37' title="bbox 2069 687 3726 767">
     <span class='ocr_line' id='line_1_37' title="bbox 2069 687 3726 767; baseline 0.006 -25"><span class='ocrx_word' id='word_1_280' title='bbox 2069 687 2278 757; x_wconf 71' lang='lat' dir='ltr'>(Etcch.</span> <span class='ocrx_word' id='word_1_281' title='bbox 2313 704 2430 758; x_wconf 80' lang='lat' dir='ltr'>x1v,</span> <span class='ocrx_word' id='word_1_282' title='bbox 2465 689 2575 759; x_wconf 81' lang='grc'>14),</span> <span class='ocrx_word' id='word_1_283' title='bbox 2608 690 2709 746; x_wconf 90' lang='lat' dir='ltr'>sed</span> <span class='ocrx_word' id='word_1_284' title='bbox 2743 707 3227 764; x_wconf 87' lang='lat' dir='ltr'>unumquemque</span> <span class='ocrx_word' id='word_1_285' title='bbox 3269 697 3501 766; x_wconf 87' lang='lat' dir='ltr'>portare</span> <span class='ocrx_word' id='word_1_286' title='bbox 3530 711 3677 767; x_wconf 85' lang='lat' dir='ltr'>Opus</span> <span class='ocrx_word' id='word_1_287' title='bbox 3703 693 3726 730; x_wconf 81' lang='grc'>²</span> 
     </span>
    </p>
   </div>
   <div class='ocr_carea' id='block_1_38' title="bbox 2068 792 2265 831">
    <p class='ocr_par' dir='ltr' id='par_1_38' title="bbox 2068 792 2265 831">
     <span class='ocr_line' id='line_1_38' title="bbox 2068 792 2265 831; baseline 0 -1"><span class='ocrx_word' id='word_1_288' title='bbox 2068 792 2265 831; x_wconf 89' lang='lat' dir='ltr'>suum.</span> 
     </span>
    </p>
   </div>
   <div class='ocr_carea' id='block_1_39' title="bbox 2139 864 3719 942">
    <p class='ocr_par' dir='ltr' id='par_1_39' title="bbox 2139 864 3719 942">
     <span class='ocr_line' id='line_1_39' title="bbox 2139 864 3719 942; baseline 0.006 -24"><span class='ocrx_word' id='word_1_289' title='bbox 2139 864 2323 935; x_wconf 91' lang='lat' dir='ltr'>(Vers.</span> <span class='ocrx_word' id='word_1_290' title='bbox 2355 867 2432 937; x_wconf 84' lang='lat'>6.)</span> <span class='ocrx_word' id='word_1_291' title='bbox 2466 890 2494 917; x_wconf 84' lang='lat'><strong>«</strong></span> <span class='ocrx_word' id='word_1_292' title='bbox 2525 869 2928 924; x_wconf 88' lang='lat' dir='ltr'>Communicet</span> <span class='ocrx_word' id='word_1_293' title='bbox 2957 874 3152 926; x_wconf 88' lang='lat' dir='ltr'>autem</span> <span class='ocrx_word' id='word_1_294' title='bbox 3211 871 3262 925; x_wconf 90' lang='lat' dir='ltr'>is</span> <span class='ocrx_word' id='word_1_295' title='bbox 3312 871 3412 942; x_wconf 91' lang='lat' dir='ltr'>qui</span> <span class='ocrx_word' id='word_1_296' title='bbox 3468 869 3719 930; x_wconf 86' lang='lat' dir='ltr'>catechi-</span> 
     </span>
    </p>
   </div>
   <div class='ocr_carea' id='block_1_40' title="bbox 2067 953 3725 1029">
    <p class='ocr_par' dir='ltr' id='par_1_40' title="bbox 2067 953 3725 1029">
     <span class='ocr_line' id='line_1_40' title="bbox 2067 953 3725 1029; baseline 0.007 -23"><span class='ocrx_word' id='word_1_297' title='bbox 2067 957 2232 1008; x_wconf 88' lang='lat' dir='ltr'>zatur</span> <span class='ocrx_word' id='word_1_298' title='bbox 2267 955 2532 1023; x_wconf 89' lang='lat' dir='ltr'>verbum,</span> <span class='ocrx_word' id='word_1_299' title='bbox 2575 956 2625 1011; x_wconf 92' lang='lat' dir='ltr'>ei</span> <span class='ocrx_word' id='word_1_300' title='bbox 2687 958 2786 1029; x_wconf 90' lang='lat' dir='ltr'>qui</span> <span class='ocrx_word' id='word_1_301' title='bbox 2845 974 2907 1013; x_wconf 89' lang='lat' dir='ltr'>se</span> <span class='ocrx_word' id='word_1_302' title='bbox 2953 958 3270 1016; x_wconf 88' lang='lat' dir='ltr'>catechizat</span> <span class='ocrx_word' id='word_1_303' title='bbox 3326 959 3386 1014; x_wconf 93' lang='lat' dir='ltr'>in</span> <span class='ocrx_word' id='word_1_304' title='bbox 3448 953 3725 1017; x_wconf 87' lang='lat' dir='ltr'>omnibus</span> 
     </span>
    </p>
   </div>
   <div class='ocr_carea' id='block_1_41' title="bbox 2067 1040 3719 1121">
    <p class='ocr_par' dir='ltr' id='par_1_41' title="bbox 2067 1040 3719 1121">
     <span class='ocr_line' id='line_1_41' title="bbox 2067 1040 3719 1121; baseline 0.007 -27"><span class='ocrx_word' id='word_1_305' title='bbox 2067 1040 2256 1096; x_wconf 89' lang='lat' dir='ltr'>bonis.</span> <span class='ocrx_word' id='word_1_306' title='bbox 2303 1065 2322 1090; x_wconf 82' lang='grc' dir='ltr'>ιι</span> <span class='ocrx_word' id='word_1_307' title='bbox 2388 1043 2641 1100; x_wconf 89' lang='lat' dir='ltr'>Marcion</span> <span class='ocrx_word' id='word_1_308' title='bbox 2697 1045 2854 1100; x_wconf 91' lang='lat' dir='ltr'>hunc</span> <span class='ocrx_word' id='word_1_309' title='bbox 2912 1045 3109 1102; x_wconf 89' lang='lat' dir='ltr'>locum</span> <span class='ocrx_word' id='word_1_310' title='bbox 3165 1047 3247 1103; x_wconf 88' lang='lat' dir='ltr'>ita</span> <span class='ocrx_word' id='word_1_311' title='bbox 3305 1047 3719 1121; x_wconf 85' lang='lat' dir='ltr'>interpretatus</span> 
     </span>
    </p>
   </div>
   <div class='ocr_carea' id='block_1_42' title="bbox 2067 1133 3721 1203">
    <p class='ocr_par' dir='ltr' id='par_1_42' title="bbox 2067 1133 3721 1203">
     <span class='ocr_line' id='line_1_42' title="bbox 2067 1133 3721 1203; baseline 0.007 -19"><span class='ocrx_word' id='word_1_312' title='bbox 2067 1134 2176 1196; x_wconf 88' lang='lat' dir='ltr'>est,</span> <span class='ocrx_word' id='word_1_313' title='bbox 2229 1135 2293 1185; x_wconf 90' lang='lat' dir='ltr'>ut</span> <span class='ocrx_word' id='word_1_314' title='bbox 2350 1136 2580 1203; x_wconf 88' lang='lat' dir='ltr'>putaret</span> <span class='ocrx_word' id='word_1_315' title='bbox 2638 1133 2858 1202; x_wconf 81' lang='lat' dir='ltr'>fideles,</span> <span class='ocrx_word' id='word_1_316' title='bbox 2919 1140 2976 1190; x_wconf 92' lang='lat' dir='ltr'>et</span> <span class='ocrx_word' id='word_1_317' title='bbox 3032 1135 3485 1194; x_wconf 87' lang='lat' dir='ltr'>catechumenos</span> <span class='ocrx_word' id='word_1_318' title='bbox 3540 1137 3721 1196; x_wconf 87' lang='lat' dir='ltr'>simul</span> 
     </span>
    </p>
   </div>
   <div class='ocr_carea' id='block_1_43' title="bbox 2067 1220 3722 1294">
    <p class='ocr_par' dir='ltr' id='par_1_43' title="bbox 2067 1220 3722 1294">
     <span class='ocr_line' id='line_1_43' title="bbox 2067 1220 3722 1294; baseline 0.007 -21"><span class='ocrx_word' id='word_1_319' title='bbox 2067 1235 2230 1274; x_wconf 89' lang='lat' dir='ltr'>orare</span> <span class='ocrx_word' id='word_1_320' title='bbox 2261 1220 2488 1290; x_wconf 91' lang='lat' dir='ltr'>debere,</span> <span class='ocrx_word' id='word_1_321' title='bbox 2521 1225 2578 1276; x_wconf 89' lang='lat' dir='ltr'>ct</span> <span class='ocrx_word' id='word_1_322' title='bbox 2608 1222 2957 1294; x_wconf 88' lang='lat' dir='ltr'>magistrum</span> <span class='ocrx_word' id='word_1_323' title='bbox 2989 1225 3423 1282; x_wconf 89' lang='lat' dir='ltr'>communicare</span> <span class='ocrx_word' id='word_1_324' title='bbox 3478 1227 3538 1281; x_wconf 91' lang='lat' dir='ltr'>in</span> <span class='ocrx_word' id='word_1_325' title='bbox 3591 1229 3722 1284; x_wconf 81' lang='lat' dir='ltr'>ora-</span> 
     </span>
    </p>
   </div>
   <div class='ocr_carea' id='block_1_44' title="bbox 2066 1307 3720 1389">
    <p class='ocr_par' dir='ltr' id='par_1_44' title="bbox 2066 1307 3720 1389">
     <span class='ocr_line' id='line_1_44' title="bbox 2066 1307 3720 1389; baseline 0.007 -28"><span class='ocrx_word' id='word_1_326' title='bbox 2066 1307 2222 1363; x_wconf 89' lang='lat' dir='ltr'>tione</span> <span class='ocrx_word' id='word_1_327' title='bbox 2252 1307 2596 1381; x_wconf 88' lang='lat' dir='ltr'>discipulis:</span> <span class='ocrx_word' id='word_1_328' title='bbox 2627 1310 2725 1366; x_wconf 89' lang='lat' dir='ltr'>illo</span> <span class='ocrx_word' id='word_1_329' title='bbox 2757 1311 2843 1366; x_wconf 87' lang='lat' dir='ltr'>vel</span> <span class='ocrx_word' id='word_1_330' title='bbox 2876 1313 3128 1370; x_wconf 84' lang='lat' dir='ltr'>maxime</span> <span class='ocrx_word' id='word_1_331' title='bbox 3159 1313 3368 1386; x_wconf 89' lang='lat' dir='ltr'>elatus,</span> <span class='ocrx_word' id='word_1_332' title='bbox 3421 1316 3578 1389; x_wconf 89' lang='lat' dir='ltr'>quod</span> <span class='ocrx_word' id='word_1_333' title='bbox 3637 1332 3720 1372; x_wconf 91' lang='lat' dir='ltr'>sc-</span> 
     </span>
    </p>
   </div>
   <div class='ocr_carea' id='block_1_45' title="bbox 2067 1399 3712 1474">
    <p class='ocr_par' dir='ltr' id='par_1_45' title="bbox 2067 1399 3712 1474">
     <span class='ocr_line' id='line_1_45' title="bbox 2067 1399 3712 1474; baseline 0.007 -24"><span class='ocrx_word' id='word_1_334' title='bbox 2067 1402 2300 1466; x_wconf 90' lang='lat' dir='ltr'>quatur,</span> <span class='ocrx_word' id='word_1_335' title='bbox 2333 1399 2392 1452; x_wconf 90' lang='lat' dir='ltr'>in</span> <span class='ocrx_word' id='word_1_336' title='bbox 2420 1400 2671 1454; x_wconf 87' lang='lat' dir='ltr'>omnibus</span> <span class='ocrx_word' id='word_1_337' title='bbox 2702 1401 2873 1456; x_wconf 85' lang='lat' dir='ltr'>bonis.</span> <span class='ocrx_word' id='word_1_338' title='bbox 2907 1401 3051 1456; x_wconf 89' lang='lat' dir='ltr'>Cum</span> <span class='ocrx_word' id='word_1_339' title='bbox 3087 1403 3290 1474; x_wconf 90' lang='lat' dir='ltr'>utique</span> <span class='ocrx_word' id='word_1_340' title='bbox 3349 1403 3398 1460; x_wconf 91' lang='lat' dir='ltr'>si</span> <span class='ocrx_word' id='word_1_341' title='bbox 3453 1405 3523 1460; x_wconf 93' lang='lat' dir='ltr'>de</span> <span class='ocrx_word' id='word_1_342' title='bbox 3579 1421 3712 1460; x_wconf 84' lang='lat' dir='ltr'>ora-</span> 
     </span>
    </p>
   </div>
   <div class='ocr_carea' id='block_1_46' title="bbox 2064 1484 3717 1566">
    <p class='ocr_par' dir='ltr' id='par_1_46' title="bbox 2064 1484 3717 1566">
     <span class='ocr_line' id='line_1_46' title="bbox 2064 1484 3717 1566; baseline 0.006 -28"><span class='ocrx_word' id='word_1_343' title='bbox 2064 1484 2221 1540; x_wconf 90' lang='lat' dir='ltr'>tione</span> <span class='ocrx_word' id='word_1_344' title='bbox 2251 1502 2441 1541; x_wconf 88' lang='lat' dir='ltr'>sermo</span> <span class='ocrx_word' id='word_1_345' title='bbox 2482 1487 2712 1554; x_wconf 81' lang='lat' dir='ltr'>fuisset,</span> <span class='ocrx_word' id='word_1_346' title='bbox 2746 1506 2858 1544; x_wconf 91' lang='lat' dir='ltr'>non</span> <span class='ocrx_word' id='word_1_347' title='bbox 2905 1489 3172 1546; x_wconf 86' lang='lat' dir='ltr'>debuerit</span> <span class='ocrx_word' id='word_1_348' title='bbox 3225 1491 3276 1546; x_wconf 92' lang='lat' dir='ltr'>ei</span> <span class='ocrx_word' id='word_1_349' title='bbox 3324 1493 3559 1566; x_wconf 75' lang='lat' dir='ltr'>praecipi</span> <span class='ocrx_word' id='word_1_350' title='bbox 3616 1492 3717 1566; x_wconf 88' lang='lat' dir='ltr'>qui</span> 
     </span>
    </p>
   </div>
   <div class='ocr_carea' id='block_1_47' title="bbox 2065 1573 3718 1649">
    <p class='ocr_par' dir='ltr' id='par_1_47' title="bbox 2065 1573 3718 1649">
     <span class='ocr_line' id='line_1_47' title="bbox 2065 1573 3718 1649; baseline 0.005 -22"><span class='ocrx_word' id='word_1_351' title='bbox 2065 1573 2477 1643; x_wconf 77' lang='lat' dir='ltr'>catcchizat-ur,</span> <span class='ocrx_word' id='word_1_352' title='bbox 2535 1577 2634 1631; x_wconf 90' lang='lat' dir='ltr'>sed</span> <span class='ocrx_word' id='word_1_353' title='bbox 2690 1576 2743 1632; x_wconf 92' lang='lat' dir='ltr'>ei</span> <span class='ocrx_word' id='word_1_354' title='bbox 2798 1578 2898 1649; x_wconf 89' lang='lat' dir='ltr'>qui</span> <span class='ocrx_word' id='word_1_355' title='bbox 2955 1594 3017 1634; x_wconf 91' lang='lat' dir='ltr'>se</span> <span class='ocrx_word' id='word_1_356' title='bbox 3061 1579 3379 1635; x_wconf 87' lang='lat' dir='ltr'>catechizat</span> <span class='ocrx_word' id='word_1_357' title='bbox 3407 1579 3451 1649; x_wconf 83' lang='grc'>⁸,</span> <span class='ocrx_word' id='word_1_358' title='bbox 3508 1581 3568 1635; x_wconf 89' lang='lat' dir='ltr'>id</span> <span class='ocrx_word' id='word_1_359' title='bbox 3626 1584 3718 1636; x_wconf 89' lang='lat' dir='ltr'>est</span> 
     </span>
    </p>
   </div>
   <div class='ocr_carea' id='block_1_48' title="bbox 2065 1662 3715 1739">
    <p class='ocr_par' dir='ltr' id='par_1_48' title="bbox 2065 1662 3715 1739">
     <span class='ocr_line' id='line_1_48' title="bbox 2065 1662 3715 1739; baseline 0.007 -24"><span class='ocrx_word' id='word_1_360' title='bbox 2065 1677 2180 1716; x_wconf 89' lang='lat' dir='ltr'>non</span> <span class='ocrx_word' id='word_1_361' title='bbox 2212 1662 2520 1736; x_wconf 89' lang='lat' dir='ltr'>discipulo,</span> <span class='ocrx_word' id='word_1_362' title='bbox 2554 1667 2655 1720; x_wconf 91' lang='lat' dir='ltr'>sed</span> <span class='ocrx_word' id='word_1_363' title='bbox 2689 1667 2990 1739; x_wconf 87' lang='lat' dir='ltr'>magistro.</span> <span class='ocrx_word' id='word_1_364' title='bbox 3024 1667 3239 1724; x_wconf 91' lang='lat' dir='ltr'>Deinde</span> <span class='ocrx_word' id='word_1_365' title='bbox 3276 1668 3452 1725; x_wconf 88' lang='lat' dir='ltr'>etiam</span> <span class='ocrx_word' id='word_1_366' title='bbox 3510 1673 3715 1728; x_wconf 65' lang='lat' dir='ltr'>caetera</span> 
     </span>
    </p>
   </div>
   <div class='ocr_carea' id='block_1_49' title="bbox 2065 1757 3716 1829">
    <p class='ocr_par' dir='ltr' id='par_1_49' title="bbox 2065 1757 3716 1829">
     <span class='ocr_line' id='line_1_49' title="bbox 2065 1757 3716 1829; baseline 0.006 -24"><span class='ocrx_word' id='word_1_367' title='bbox 2065 1765 2191 1821; x_wconf 66' lang='lat' dir='ltr'>qua:</span> <span class='ocrx_word' id='word_1_368' title='bbox 2223 1757 2570 1824; x_wconf 90' lang='lat' dir='ltr'>sequuntur,</span> <span class='ocrx_word' id='word_1_369' title='bbox 2617 1770 2750 1809; x_wconf 90' lang='lat' dir='ltr'>cum</span> <span class='ocrx_word' id='word_1_370' title='bbox 2809 1757 2938 1825; x_wconf 85' lang='lat' dir='ltr'>ejus</span> <span class='ocrx_word' id='word_1_371' title='bbox 2993 1758 3355 1829; x_wconf 86' lang='lat' dir='ltr'>expositione</span> <span class='ocrx_word' id='word_1_372' title='bbox 3412 1775 3529 1814; x_wconf 89' lang='lat' dir='ltr'>non</span> <span class='ocrx_word' id='word_1_373' title='bbox 3579 1775 3716 1814; x_wconf 91' lang='lat' dir='ltr'>con-</span> 
     </span>
    </p>
   </div>
   <div class='ocr_carea' id='block_1_50' title="bbox 2061 1842 3715 1920">
    <p class='ocr_par' dir='ltr' id='par_1_50' title="bbox 2061 1842 3715 1920">
     <span class='ocr_line' id='line_1_50' title="bbox 2061 1842 3715 1920; baseline 0.006 -27"><span class='ocrx_word' id='word_1_374' title='bbox 2061 1854 2209 1910; x_wconf 88' lang='lat' dir='ltr'>gruu</span> <span class='ocrx_word' id='word_1_375' title='bbox 2219 1845 2281 1895; x_wconf 93' lang='lat' dir='ltr'>nt</span> <span class='ocrx_word' id='word_1_376' title='bbox 2304 1858 2317 1894; x_wconf 94' lang='lat'>:</span> <span class='ocrx_word' id='word_1_377' title='bbox 2344 1842 2476 1909; x_wconf 63' lang='lat' dir='ltr'>Quae</span> <span class='ocrx_word' id='word_1_378' title='bbox 2494 1845 2848 1898; x_wconf 77' lang='lat' dir='ltr'>seminaverit</span> <span class='ocrx_word' id='word_1_379' title='bbox 2867 1844 3043 1916; x_wconf 86' lang='lat' dir='ltr'>homo,</span> <span class='ocrx_word' id='word_1_380' title='bbox 3068 1847 3187 1904; x_wconf 49' lang='lat' dir='ltr'>hac</span> <span class='ocrx_word' id='word_1_381' title='bbox 3206 1851 3258 1902; x_wconf 90' lang='lat' dir='ltr'>et</span> <span class='ocrx_word' id='word_1_382' title='bbox 3277 1851 3442 1903; x_wconf 85' lang='lat' dir='ltr'>metet</span> <span class='ocrx_word' id='word_1_383' title='bbox 3462 1847 3715 1920; x_wconf 77' lang='lat' dir='ltr'>(Vers.8).</span> 
     </span>
    </p>
   </div>
   <div class='ocr_carea' id='block_1_51' title="bbox 2062 1929 3716 2004">
    <p class='ocr_par' dir='ltr' id='par_1_51' title="bbox 2062 1929 3716 2004">
     <span class='ocr_line' id='line_1_51' title="bbox 2062 1929 3716 2004; baseline 0.005 -22"><span class='ocrx_word' id='word_1_384' title='bbox 2062 1929 2166 1984; x_wconf 85' lang='lat' dir='ltr'>Et:</span> <span class='ocrx_word' id='word_1_385' title='bbox 2203 1929 2419 1984; x_wconf 86' lang='lat' dir='ltr'>Bonnm</span> <span class='ocrx_word' id='word_1_386' title='bbox 2449 1935 2637 1986; x_wconf 84' lang='lat' dir='ltr'>autem</span> <span class='ocrx_word' id='word_1_387' title='bbox 2690 1935 2971 2002; x_wconf 74' lang='lat' dir='ltr'>facientes,</span> <span class='ocrx_word' id='word_1_388' title='bbox 3006 1950 3110 1990; x_wconf 86' lang='lat' dir='ltr'>non</span> <span class='ocrx_word' id='word_1_389' title='bbox 3165 1935 3521 2004; x_wconf 85' lang='lat' dir='ltr'>deﬁciamus:</span> <span class='ocrx_word' id='word_1_390' title='bbox 3579 1943 3716 1991; x_wconf 85' lang='lat' dir='ltr'>tem-</span> 
     </span>
    </p>
   </div>
   <div class='ocr_carea' id='block_1_52' title="bbox 2055 2021 3711 2094">
    <p class='ocr_par' dir='ltr' id='par_1_52' title="bbox 2055 2021 3711 2094">
     <span class='ocr_line' id='line_1_52' title="bbox 2055 2021 3711 2094; baseline 0.005 -23"><span class='ocrx_word' id='word_1_391' title='bbox 2055 2033 2191 2089; x_wconf 85' lang='lat' dir='ltr'>pore</span> <span class='ocrx_word' id='word_1_392' title='bbox 2219 2021 2363 2073; x_wconf 88' lang='lat' dir='ltr'>enim</span> <span class='ocrx_word' id='word_1_393' title='bbox 2392 2035 2490 2074; x_wconf 89' lang='lat' dir='ltr'>suo</span> <span class='ocrx_word' id='word_1_394' title='bbox 2538 2025 2814 2090; x_wconf 79' lang='lat' dir='ltr'>metemus,</span> <span class='ocrx_word' id='word_1_395' title='bbox 2864 2037 2973 2076; x_wconf 88' lang='lat' dir='ltr'>non</span> <span class='ocrx_word' id='word_1_396' title='bbox 3030 2021 3337 2093; x_wconf 81' lang='lat' dir='ltr'>deﬁcientes</span> <span class='ocrx_word' id='word_1_397' title='bbox 3399 2024 3580 2094; x_wconf 77' lang='lat' dir='ltr'>(Vers.</span> <span class='ocrx_word' id='word_1_398' title='bbox 3629 2025 3711 2093; x_wconf 85' lang='lat'>9).</span> 
     </span>
    </p>
   </div>
   <div class='ocr_carea' id='block_1_53' title="bbox 2063 2106 3715 2185">
    <p class='ocr_par' dir='ltr' id='par_1_53' title="bbox 2063 2106 3715 2185">
     <span class='ocr_line' id='line_1_53' title="bbox 2063 2106 3715 2185; baseline 0.004 -24"><span class='ocrx_word' id='word_1_399' title='bbox 2063 2106 2215 2162; x_wconf 70' lang='lat'>524</span> <span class='ocrx_word' id='word_1_400' title='bbox 2238 2106 2458 2162; x_wconf 90' lang='lat' dir='ltr'>Sensus</span> <span class='ocrx_word' id='word_1_401' title='bbox 2483 2107 2678 2180; x_wconf 89' lang='lat' dir='ltr'>itaque</span> <span class='ocrx_word' id='word_1_402' title='bbox 2704 2109 2955 2164; x_wconf 87' lang='lat' dir='ltr'>isteest:</span> <span class='ocrx_word' id='word_1_403' title='bbox 3003 2110 3150 2174; x_wconf 88' lang='lat' dir='ltr'>Quia</span> <span class='ocrx_word' id='word_1_404' title='bbox 3207 2110 3478 2183; x_wconf 89' lang='lat' dir='ltr'>superius</span> <span class='ocrx_word' id='word_1_405' title='bbox 3537 2113 3715 2185; x_wconf 87' lang='lat' dir='ltr'>spiri-</span> 
     </span>
    </p>
   </div>
   <div class='ocr_carea' id='block_1_54' title="bbox 2059 2194 3712 2273">
    <p class='ocr_par' dir='ltr' id='par_1_54' title="bbox 2059 2194 3712 2273">
     <span class='ocr_line' id='line_1_54' title="bbox 2059 2194 3712 2273; baseline 0.004 -24"><span class='ocrx_word' id='word_1_406' title='bbox 2059 2194 2318 2250; x_wconf 90' lang='lat' dir='ltr'>tualibus</span> <span class='ocrx_word' id='word_1_407' title='bbox 2349 2202 2715 2268; x_wconf 68' lang='lat' dir='ltr'>praeceperat,</span> <span class='ocrx_word' id='word_1_408' title='bbox 2751 2199 2813 2252; x_wconf 76' lang='lat' dir='ltr'>at</span> <span class='ocrx_word' id='word_1_409' title='bbox 2841 2214 2940 2253; x_wconf 87' lang='lat' dir='ltr'>eos</span> <span class='ocrx_word' id='word_1_410' title='bbox 2990 2198 3089 2270; x_wconf 91' lang='lat' dir='ltr'>qui</span> <span class='ocrx_word' id='word_1_411' title='bbox 3146 2200 3532 2273; x_wconf 62' lang='lat' dir='ltr'>praeoccupati</span> <span class='ocrx_word' id='word_1_412' title='bbox 3589 2200 3712 2257; x_wconf 85' lang='lat' dir='ltr'>fue-</span> 
     </span>
    </p>
   </div>
   <div class='ocr_carea' id='block_1_55' title="bbox 2060 2283 3710 2360">
    <p class='ocr_par' dir='ltr' id='par_1_55' title="bbox 2060 2283 3710 2360">
     <span class='ocr_line' id='line_1_55' title="bbox 2060 2283 3710 2360; baseline 0.004 -22"><span class='ocrx_word' id='word_1_413' title='bbox 2060 2288 2193 2338; x_wconf 90' lang='lat' dir='ltr'>rant</span> <span class='ocrx_word' id='word_1_414' title='bbox 2221 2284 2278 2339; x_wconf 92' lang='lat' dir='ltr'>in</span> <span class='ocrx_word' id='word_1_415' title='bbox 2311 2283 2504 2356; x_wconf 88' lang='lat' dir='ltr'>aliquo</span> <span class='ocrx_word' id='word_1_416' title='bbox 2534 2285 2764 2357; x_wconf 90' lang='lat' dir='ltr'>delicto,</span> <span class='ocrx_word' id='word_1_417' title='bbox 2798 2287 3157 2344; x_wconf 86' lang='lat' dir='ltr'>instruerent</span> <span class='ocrx_word' id='word_1_418' title='bbox 3189 2289 3247 2344; x_wconf 91' lang='lat' dir='ltr'>in</span> <span class='ocrx_word' id='word_1_419' title='bbox 3289 2289 3499 2360; x_wconf 87' lang='lat' dir='ltr'>spiritu</span> <span class='ocrx_word' id='word_1_420' title='bbox 3557 2289 3710 2345; x_wconf 86' lang='lat' dir='ltr'>Icni-</span> 
     </span>
    </p>
   </div>
   <div class='ocr_carea' id='block_1_56' title="bbox 2059 2373 3710 2451">
    <p class='ocr_par' dir='ltr' id='par_1_56' title="bbox 2059 2373 3710 2451">
     <span class='ocr_line' id='line_1_56' title="bbox 2059 2373 3710 2451; baseline 0.002 -21"><span class='ocrx_word' id='word_1_421' title='bbox 2059 2373 2218 2441; x_wconf 81' lang='lat' dir='ltr'>tatis,</span> <span class='ocrx_word' id='word_1_422' title='bbox 2253 2378 2311 2429; x_wconf 91' lang='lat' dir='ltr'>et</span> <span class='ocrx_word' id='word_1_423' title='bbox 2343 2373 2488 2429; x_wconf 87' lang='lat' dir='ltr'>alter</span> <span class='ocrx_word' id='word_1_424' title='bbox 2513 2374 2757 2432; x_wconf 90' lang='lat' dir='ltr'>alterius</span> <span class='ocrx_word' id='word_1_425' title='bbox 2788 2393 2964 2432; x_wconf 88' lang='lat' dir='ltr'>onera</span> <span class='ocrx_word' id='word_1_426' title='bbox 3010 2382 3327 2450; x_wconf 86' lang='lat' dir='ltr'>portarent,</span> <span class='ocrx_word' id='word_1_427' title='bbox 3385 2378 3710 2451; x_wconf 86' lang='lat' dir='ltr'>adimplen—</span> 
     </span>
    </p>
   </div>
   <div class='ocr_carea' id='block_1_57' title="bbox 2062 2461 3711 2540">
    <p class='ocr_par' dir='ltr' id='par_1_57' title="bbox 2062 2461 3711 2540">
     <span class='ocr_line' id='line_1_57' title="bbox 2062 2461 3711 2540; baseline 0.004 -23"><span class='ocrx_word' id='word_1_428' title='bbox 2062 2469 2147 2518; x_wconf 91' lang='lat' dir='ltr'>tcs</span> <span class='ocrx_word' id='word_1_429' title='bbox 2177 2461 2362 2534; x_wconf 84' lang='lat' dir='ltr'>legem</span> <span class='ocrx_word' id='word_1_430' title='bbox 2389 2463 2600 2520; x_wconf 86' lang='lat' dir='ltr'>Christi</span> <span class='ocrx_word' id='word_1_431' title='bbox 2627 2481 2639 2520; x_wconf 92' lang='lat'>:</span> <span class='ocrx_word' id='word_1_432' title='bbox 2675 2481 2832 2520; x_wconf 91' lang='lat' dir='ltr'>nunc</span> <span class='ocrx_word' id='word_1_433' title='bbox 2861 2467 3184 2522; x_wconf 90' lang='lat' dir='ltr'>econtrario</span> <span class='ocrx_word' id='word_1_434' title='bbox 3215 2467 3308 2523; x_wconf 89' lang='lat' dir='ltr'>his</span> <span class='ocrx_word' id='word_1_435' title='bbox 3359 2466 3460 2540; x_wconf 90' lang='lat' dir='ltr'>qui</span> <span class='ocrx_word' id='word_1_436' title='bbox 3518 2466 3711 2523; x_wconf 89' lang='lat' dir='ltr'>adhuc</span> 
     </span>
    </p>
   </div>
   <div class='ocr_carea' id='block_1_58' title="bbox 2063 2551 3715 2630">
    <p class='ocr_par' dir='ltr' id='par_1_58' title="bbox 2063 2551 3715 2630">
     <span class='ocr_line' id='line_1_58' title="bbox 2063 2551 3715 2630; baseline 0.005 -26"><span class='ocrx_word' id='word_1_437' title='bbox 2063 2551 2494 2620; x_wconf 89' lang='lat' dir='ltr'>imbecilliores,</span> <span class='ocrx_word' id='word_1_438' title='bbox 2527 2559 2584 2608; x_wconf 91' lang='lat' dir='ltr'>et</span> <span class='ocrx_word' id='word_1_439' title='bbox 2614 2553 2907 2625; x_wconf 88' lang='lat' dir='ltr'>discipuli,</span> <span class='ocrx_word' id='word_1_440' title='bbox 2940 2559 2998 2612; x_wconf 92' lang='lat' dir='ltr'>et</span> <span class='ocrx_word' id='word_1_441' title='bbox 3027 2555 3294 2613; x_wconf 88' lang='lat' dir='ltr'>carnales</span> <span class='ocrx_word' id='word_1_442' title='bbox 3326 2560 3510 2629; x_wconf 89' lang='lat' dir='ltr'>erant,</span> <span class='ocrx_word' id='word_1_443' title='bbox 3571 2566 3715 2630; x_wconf 69' lang='lat' dir='ltr'>prae-</span> 
     </span>
    </p>
   </div>
   <div class='ocr_carea' id='block_1_59' title="bbox 2061 2641 3720 2718">
    <p class='ocr_par' dir='ltr' id='par_1_59' title="bbox 2061 2641 3720 2718">
     <span class='ocr_line' id='line_1_59' title="bbox 2061 2641 3720 2718; baseline 0.003 -22"><span class='ocrx_word' id='word_1_444' title='bbox 2061 2641 2222 2712; x_wconf 84' lang='lat' dir='ltr'>cipit,</span> <span class='ocrx_word' id='word_1_445' title='bbox 2284 2645 2348 2696; x_wconf 91' lang='lat' dir='ltr'>ut</span> <span class='ocrx_word' id='word_1_446' title='bbox 2409 2643 2702 2714; x_wconf 91' lang='lat' dir='ltr'>quomodo</span> <span class='ocrx_word' id='word_1_447' title='bbox 2775 2643 2887 2715; x_wconf 89' lang='lat' dir='ltr'>ipsi</span> <span class='ocrx_word' id='word_1_448' title='bbox 2945 2660 2979 2699; x_wconf 91' lang='lat' dir='ltr'>a</span> <span class='ocrx_word' id='word_1_449' title='bbox 3038 2643 3339 2717; x_wconf 87' lang='lat' dir='ltr'>magistris</span> <span class='ocrx_word' id='word_1_450' title='bbox 3391 2644 3720 2718; x_wconf 86' lang='lat' dir='ltr'>spiritualia</span> 
     </span>
    </p>
   </div>
   <div class='ocr_carea' id='block_1_60' title="bbox 2063 2730 3717 2804">
    <p class='ocr_par' dir='ltr' id='par_1_60' title="bbox 2063 2730 3717 2804">
     <span class='ocr_line' id='line_1_60' title="bbox 2063 2730 3717 2804; baseline 0.004 -22"><span class='ocrx_word' id='word_1_451' title='bbox 2063 2733 2292 2784; x_wconf 89' lang='lat' dir='ltr'>metunt</span> <span class='ocrx_word' id='word_1_452' title='bbox 2320 2747 2332 2785; x_wconf 94' lang='lat'>:</span> <span class='ocrx_word' id='word_1_453' title='bbox 2366 2730 2448 2785; x_wconf 91' lang='lat' dir='ltr'>sic</span> <span class='ocrx_word' id='word_1_454' title='bbox 2481 2731 2781 2802; x_wconf 85' lang='lat' dir='ltr'>magistris</span> <span class='ocrx_word' id='word_1_455' title='bbox 2810 2731 3068 2787; x_wconf 86' lang='lat' dir='ltr'>carnalia</span> <span class='ocrx_word' id='word_1_456' title='bbox 3097 2733 3432 2804; x_wconf 68' lang='lat' dir='ltr'>praebcant:</span> <span class='ocrx_word' id='word_1_457' title='bbox 3478 2733 3574 2804; x_wconf 90' lang='lat' dir='ltr'>qui</span> <span class='ocrx_word' id='word_1_458' title='bbox 3631 2738 3717 2789; x_wconf 91' lang='lat' dir='ltr'>to-</span> 
     </span>
    </p>
   </div>
   <div class='ocr_carea' id='block_1_61' title="bbox 2065 2818 3712 2892">
    <p class='ocr_par' dir='ltr' id='par_1_61' title="bbox 2065 2818 3712 2892">
     <span class='ocr_line' id='line_1_61' title="bbox 2065 2818 3712 2892; baseline 0.002 -20"><span class='ocrx_word' id='word_1_459' title='bbox 2065 2820 2152 2872; x_wconf 90' lang='lat' dir='ltr'>tos</span> <span class='ocrx_word' id='word_1_460' title='bbox 2183 2832 2244 2872; x_wconf 89' lang='lat' dir='ltr'>se</span> <span class='ocrx_word' id='word_1_461' title='bbox 2275 2818 2482 2872; x_wconf 83' lang='lat' dir='ltr'>divinae</span> <span class='ocrx_word' id='word_1_462' title='bbox 2525 2819 2844 2874; x_wconf 90' lang='lat' dir='ltr'>eruditioni</span> <span class='ocrx_word' id='word_1_463' title='bbox 2892 2824 2948 2874; x_wconf 89' lang='lat' dir='ltr'>et</span> <span class='ocrx_word' id='word_1_464' title='bbox 2978 2819 3173 2876; x_wconf 91' lang='lat' dir='ltr'>studio</span> <span class='ocrx_word' id='word_1_465' title='bbox 3205 2821 3526 2892; x_wconf 84' lang='lat' dir='ltr'>tradentes,</span> <span class='ocrx_word' id='word_1_466' title='bbox 3583 2821 3712 2876; x_wconf 62' lang='lat' dir='ltr'>vita</span> 
     </span>
    </p>
   </div>
   <div class='ocr_carea' id='block_1_62' title="bbox 2064 2905 3713 2981">
    <p class='ocr_par' dir='ltr' id='par_1_62' title="bbox 2064 2905 3713 2981">
     <span class='ocr_line' id='line_1_62' title="bbox 2064 2905 3713 2981; baseline 0.002 -20"><span class='ocrx_word' id='word_1_467' title='bbox 2064 2905 2242 2976; x_wconf 87' lang='lat' dir='ltr'>hujus</span> <span class='ocrx_word' id='word_1_468' title='bbox 2275 2908 2622 2962; x_wconf 87' lang='lat' dir='ltr'>necessariis</span> <span class='ocrx_word' id='word_1_469' title='bbox 2649 2907 2989 2980; x_wconf 88' lang='lat' dir='ltr'>indigeant;</span> <span class='ocrx_word' id='word_1_470' title='bbox 3023 2913 3081 2964; x_wconf 93' lang='lat' dir='ltr'>et</span> <span class='ocrx_word' id='word_1_471' title='bbox 3114 2910 3214 2964; x_wconf 84' lang='lat' dir='ltr'>fiat</span> <span class='ocrx_word' id='word_1_472' title='bbox 3242 2908 3384 2965; x_wconf 84' lang='lat' dir='ltr'>illud</span> <span class='ocrx_word' id='word_1_473' title='bbox 3429 2909 3584 2981; x_wconf 86' lang='lat' dir='ltr'>quod</span> <span class='ocrx_word' id='word_1_474' title='bbox 3640 2908 3713 2964; x_wconf 89' lang='lat' dir='ltr'>de</span> 
     </span>
    </p>
   </div>
   <div class='ocr_carea' id='block_1_63' title="bbox 2066 2995 3712 3066">
    <p class='ocr_par' dir='ltr' id='par_1_63' title="bbox 2066 2995 3712 3066">
     <span class='ocr_line' id='line_1_63' title="bbox 2066 2995 3712 3066; baseline 0.004 -19"><span class='ocrx_word' id='word_1_475' title='bbox 2066 3010 2277 3049; x_wconf 88' lang='lat' dir='ltr'>manna</span> <span class='ocrx_word' id='word_1_476' title='bbox 2311 2995 2596 3066; x_wconf 90' lang='lat' dir='ltr'>scriptum</span> <span class='ocrx_word' id='word_1_477' title='bbox 2628 3000 2750 3050; x_wconf 90' lang='lat' dir='ltr'>est:</span> <span class='ocrx_word' id='word_1_478' title='bbox 2788 2997 2893 3064; x_wconf 90' lang='lat' dir='ltr'>Qui</span> <span class='ocrx_word' id='word_1_479' title='bbox 2920 2998 3178 3065; x_wconf 87' lang='lat' dir='ltr'>multum,</span> <span class='ocrx_word' id='word_1_480' title='bbox 3208 3013 3317 3052; x_wconf 86' lang='lat' dir='ltr'>non</span> <span class='ocrx_word' id='word_1_481' title='bbox 3373 2997 3712 3053; x_wconf 82' lang='lat' dir='ltr'>abundavit:</span> 
     </span>
    </p>
   </div>
   <div class='ocr_carea' id='block_1_64' title="bbox 2067 3083 3713 3157">
    <p class='ocr_par' dir='ltr' id='par_1_64' title="bbox 2067 3083 3713 3157">
     <span class='ocr_line' id='line_1_64' title="bbox 2067 3083 3713 3157; baseline 0.002 -20"><span class='ocrx_word' id='word_1_482' title='bbox 2067 3090 2118 3138; x_wconf 84' lang='lat' dir='ltr'>et</span> <span class='ocrx_word' id='word_1_483' title='bbox 2154 3085 2249 3152; x_wconf 86' lang='lat' dir='ltr'>qui</span> <span class='ocrx_word' id='word_1_484' title='bbox 2301 3083 2591 3154; x_wconf 86' lang='lat' dir='ltr'>modicum,</span> <span class='ocrx_word' id='word_1_485' title='bbox 2649 3098 2760 3138; x_wconf 82' lang='lat' dir='ltr'>non</span> <span class='ocrx_word' id='word_1_486' title='bbox 2814 3086 3118 3140; x_wconf 83' lang='lat' dir='ltr'>minoravit</span> <span class='ocrx_word' id='word_1_487' title='bbox 3175 3085 3367 3156; x_wconf 74' lang='lat' dir='ltr'>(Exod.</span> <span class='ocrx_word' id='word_1_488' title='bbox 3429 3102 3543 3154; x_wconf 75' lang='lat' dir='ltr'>xvr,</span> <span class='ocrx_word' id='word_1_489' title='bbox 3601 3086 3713 3157; x_wconf 78' lang='grc'>18).</span> 
     </span>
    </p>
   </div>
   <div class='ocr_carea' id='block_1_65' title="bbox 299 3160 3716 3247">
    <p class='ocr_par' dir='ltr' id='par_1_65' title="bbox 299 3160 3716 3247">
     <span class='ocr_line' id='line_1_65' title="bbox 299 3160 3716 3247; baseline -0 -17"><span class='ocrx_word' id='word_1_490' title='bbox 299 3179 359 3230; x_wconf 85' lang='lat' dir='ltr'>et</span> <span class='ocrx_word' id='word_1_491' title='bbox 390 3173 624 3230; x_wconf 85' lang='lat' dir='ltr'>laudem</span> <span class='ocrx_word' id='word_1_492' title='bbox 649 3191 821 3229; x_wconf 85' lang='lat' dir='ltr'>suam</span> <span class='ocrx_word' id='word_1_493' title='bbox 879 3175 1033 3230; x_wconf 88' lang='lat' dir='ltr'>foras</span> <span class='ocrx_word' id='word_1_494' title='bbox 1091 3175 1353 3241; x_wconf 87' lang='lat' dir='ltr'>fundere,</span> <span class='ocrx_word' id='word_1_495' title='bbox 1409 3179 1467 3230; x_wconf 93' lang='lat' dir='ltr'>ct</span> <span class='ocrx_word' id='word_1_496' title='bbox 1524 3175 1956 3231; x_wconf 89' lang='lat' dir='ltr'>communicare</span> <span class='ocrx_word' id='word_1_497' title='bbox 1987 3160 2028 3225; x_wconf 88' lang='lat' dir='ltr'>C</span> <span class='ocrx_word' id='word_1_498' title='bbox 2069 3175 2227 3226; x_wconf 87' lang='lat' dir='ltr'>Bona</span> <span class='ocrx_word' id='word_1_499' title='bbox 2257 3175 2451 3227; x_wconf 89' lang='lat' dir='ltr'>autem</span> <span class='ocrx_word' id='word_1_500' title='bbox 2482 3171 2540 3226; x_wconf 89' lang='lat' dir='ltr'>in</span> <span class='ocrx_word' id='word_1_501' title='bbox 2572 3173 2840 3244; x_wconf 71' lang='lat' dir='ltr'>praesenti</span> <span class='ocrx_word' id='word_1_502' title='bbox 2871 3172 2995 3229; x_wconf 92' lang='lat' dir='ltr'>loco</span> <span class='ocrx_word' id='word_1_503' title='bbox 3029 3174 3202 3245; x_wconf 82' lang='lat' dir='ltr'>juxta</span> <span class='ocrx_word' id='word_1_504' title='bbox 3257 3173 3413 3247; x_wconf 88' lang='lat' dir='ltr'>vulgi</span> <span class='ocrx_word' id='word_1_505' title='bbox 3471 3190 3716 3230; x_wconf 88' lang='lat' dir='ltr'>consue-</span> 
     </span>
    </p>
   </div>
   <div class='ocr_carea' id='block_1_66' title="bbox 299 3263 1953 3335">
    <p class='ocr_par' dir='ltr' id='par_1_66' title="bbox 299 3263 1953 3335">
     <span class='ocr_line' id='line_1_66' title="bbox 299 3263 1953 3335; baseline 0.001 -17"><span class='ocrx_word' id='word_1_506' title='bbox 299 3264 715 3328; x_wconf 29' lang='lat' dir='ltr'>cum&#39;cunctis,</span> <span class='ocrx_word' id='word_1_507' title='bbox 747 3267 805 3318; x_wconf 91' lang='lat' dir='ltr'>et</span> <span class='ocrx_word' id='word_1_508' title='bbox 834 3263 1238 3319; x_wconf 83' lang='lat' dir='ltr'>cx-hominum</span> <span class='ocrx_word' id='word_1_509' title='bbox 1281 3279 1536 3335; x_wconf 65' lang='lat' dir='ltr'>quaerere</span> <span class='ocrx_word' id='word_1_510' title='bbox 1592 3263 1786 3318; x_wconf 87' lang='lat' dir='ltr'>favore</span> <span class='ocrx_word' id='word_1_511' title='bbox 1827 3265 1953 3334; x_wconf 88' lang='lat' dir='ltr'>jac-</span> 
     </span>
    </p>
   </div>
   <div class='ocr_carea' id='block_1_67' title="bbox 301 3349 1956 3424">
    <p class='ocr_par' dir='ltr' id='par_1_67' title="bbox 301 3349 1956 3424">
     <span class='ocr_line' id='line_1_67' title="bbox 301 3349 1956 3424; baseline 0.001 -18"><span class='ocrx_word' id='word_1_512' title='bbox 301 3352 621 3407; x_wconf 81' lang='lat' dir='ltr'>ctaatiam:</span> <span class='ocrx_word' id='word_1_513' title='bbox 680 3353 781 3408; x_wconf 86' lang='lat' dir='ltr'>sed</span> <span class='ocrx_word' id='word_1_514' title='bbox 813 3351 874 3406; x_wconf 90' lang='lat' dir='ltr'>in</span> <span class='ocrx_word' id='word_1_515' title='bbox 917 3349 1240 3424; x_wconf 85' lang='lat' dir='ltr'>semetipso</span> <span class='ocrx_word' id='word_1_516' title='bbox 1298 3351 1511 3407; x_wconf 86' lang='lat' dir='ltr'>habeat</span> <span class='ocrx_word' id='word_1_517' title='bbox 1570 3351 1840 3424; x_wconf 89' lang='lat' dir='ltr'>gloriam,</span> <span class='ocrx_word' id='word_1_518' title='bbox 1901 3357 1956 3408; x_wconf 89' lang='lat' dir='ltr'>et</span> 
     </span>
    </p>
   </div>
   <div class='ocr_carea' id='block_1_68' title="bbox 301 3439 1954 3511">
    <p class='ocr_par' dir='ltr' id='par_1_68' title="bbox 301 3439 1954 3511">
     <span class='ocr_line' id='line_1_68' title="bbox 301 3439 1954 3511; baseline 0.001 -16"><span class='ocrx_word' id='word_1_519' title='bbox 301 3439 496 3496; x_wconf 81' lang='lat' dir='ltr'>dicat:</span> <span class='ocrx_word' id='word_1_520' title='bbox 528 3441 663 3496; x_wconf 70' lang='lat' dir='ltr'>Mihi</span> <span class='ocrx_word' id='word_1_521' title='bbox 689 3448 866 3496; x_wconf 84' lang='lat' dir='ltr'>autem</span> <span class='ocrx_word' id='word_1_522' title='bbox 897 3441 1038 3496; x_wconf 81' lang='lat' dir='ltr'>absit</span> <span class='ocrx_word' id='word_1_523' title='bbox 1064 3441 1319 3511; x_wconf 86' lang='lat' dir='ltr'>gloriari,</span> <span class='ocrx_word' id='word_1_524' title='bbox 1338 3443 1465 3496; x_wconf 82' lang='lat' dir='ltr'>nisi</span> <span class='ocrx_word' id='word_1_525' title='bbox 1523 3443 1581 3496; x_wconf 87' lang='lat' dir='ltr'>in</span> <span class='ocrx_word' id='word_1_526' title='bbox 1635 3457 1796 3496; x_wconf 82' lang='lat' dir='ltr'>cruce</span> <span class='ocrx_word' id='word_1_527' title='bbox 1849 3442 1954 3497; x_wconf 88' lang='lat' dir='ltr'>Do-</span> 
     </span>
    </p>
   </div>
   <div class='ocr_carea' id='block_1_69' title="bbox 300 3528 1956 3602">
    <p class='ocr_par' dir='ltr' id='par_1_69' title="bbox 300 3528 1956 3602">
     <span class='ocr_line' id='line_1_69' title="bbox 300 3528 1956 3602; baseline 0.001 -18"><span class='ocrx_word' id='word_1_528' title='bbox 300 3530 448 3584; x_wconf 81' lang='lat' dir='ltr'>mini</span> <span class='ocrx_word' id='word_1_529' title='bbox 475 3538 649 3585; x_wconf 73' lang='lat' dir='ltr'>nostri</span> <span class='ocrx_word' id='word_1_530' title='bbox 704 3531 834 3585; x_wconf 79' lang='lat' dir='ltr'>Jesu</span> <span class='ocrx_word' id='word_1_531' title='bbox 891 3528 1113 3597; x_wconf 80' lang='lat' dir='ltr'>Christi,</span> <span class='ocrx_word' id='word_1_532' title='bbox 1171 3546 1268 3602; x_wconf 84' lang='lat' dir='ltr'>per</span> <span class='ocrx_word' id='word_1_533' title='bbox 1318 3546 1477 3601; x_wconf 87' lang='lat' dir='ltr'>quem</span> <span class='ocrx_word' id='word_1_534' title='bbox 1524 3529 1666 3585; x_wconf 86' lang='lat' dir='ltr'>mihi</span> <span class='ocrx_word' id='word_1_535' title='bbox 1719 3531 1956 3586; x_wconf 87' lang='lat' dir='ltr'>mundus</span> 
     </span>
    </p>
   </div>
   <div class='ocr_carea' id='block_1_70' title="bbox 300 3617 1953 3691">
    <p class='ocr_par' dir='ltr' id='par_1_70' title="bbox 300 3617 1953 3691">
     <span class='ocr_line' id='line_1_70' title="bbox 300 3617 1953 3691; baseline 0.001 -18"><span class='ocrx_word' id='word_1_536' title='bbox 300 3618 604 3688; x_wconf 68' lang='lat' dir='ltr'>cruciﬁxus</span> <span class='ocrx_word' id='word_1_537' title='bbox 633 3627 735 3685; x_wconf 85' lang='lat' dir='ltr'>est,</span> <span class='ocrx_word' id='word_1_538' title='bbox 767 3623 819 3674; x_wconf 87' lang='lat' dir='ltr'>et</span> <span class='ocrx_word' id='word_1_539' title='bbox 843 3634 940 3690; x_wconf 85' lang='lat' dir='ltr'>ego</span> <span class='ocrx_word' id='word_1_540' title='bbox 967 3619 1171 3674; x_wconf 87' lang='lat' dir='ltr'>mundo</span> <span class='ocrx_word' id='word_1_541' title='bbox 1202 3623 1360 3687; x_wconf 87' lang='lat' dir='ltr'>(vers.</span> <span class='ocrx_word' id='word_1_542' title='bbox 1390 3619 1498 3691; x_wconf 85' lang='grc'>14).</span> <span class='ocrx_word' id='word_1_543' title='bbox 1540 3618 1645 3684; x_wconf 90' lang='lat' dir='ltr'>Qui</span> <span class='ocrx_word' id='word_1_544' title='bbox 1705 3617 1953 3691; x_wconf 85' lang='lat' dir='ltr'>gloriam</span> 
     </span>
    </p>
   </div>
   <div class='ocr_carea' id='block_1_71' title="bbox 301 3706 1952 3779">
    <p class='ocr_par' dir='ltr' id='par_1_71' title="bbox 301 3706 1952 3779">
     <span class='ocr_line' id='line_1_71' title="bbox 301 3706 1952 3779; baseline 0 -17"><span class='ocrx_word' id='word_1_545' title='bbox 301 3706 515 3778; x_wconf 70' lang='lat' dir='ltr'>quaerit</span> <span class='ocrx_word' id='word_1_546' title='bbox 541 3707 612 3762; x_wconf 83' lang='lat' dir='ltr'>ab</span> <span class='ocrx_word' id='word_1_547' title='bbox 643 3706 845 3777; x_wconf 84' lang='lat' dir='ltr'>altero,</span> <span class='ocrx_word' id='word_1_548' title='bbox 869 3707 1011 3762; x_wconf 87' lang='lat' dir='ltr'>huic</span> <span class='ocrx_word' id='word_1_549' title='bbox 1039 3723 1144 3763; x_wconf 88' lang='lat' dir='ltr'>nec</span> <span class='ocrx_word' id='word_1_550' title='bbox 1175 3708 1436 3763; x_wconf 88' lang='lat' dir='ltr'>mundus</span> <span class='ocrx_word' id='word_1_551' title='bbox 1477 3707 1786 3763; x_wconf 83' lang='lat' dir='ltr'>crucifixus</span> <span class='ocrx_word' id='word_1_552' title='bbox 1844 3712 1952 3779; x_wconf 85' lang='lat' dir='ltr'>est,</span> 
     </span>
    </p>
   </div>
   <div class='ocr_carea' id='block_1_72' title="bbox 301 3795 1952 3869">
    <p class='ocr_par' dir='ltr' id='par_1_72' title="bbox 301 3795 1952 3869">
     <span class='ocr_line' id='line_1_72' title="bbox 301 3795 1952 3869; baseline 0.001 -19"><span class='ocrx_word' id='word_1_553' title='bbox 301 3811 413 3852; x_wconf 87' lang='lat' dir='ltr'>nec</span> <span class='ocrx_word' id='word_1_554' title='bbox 434 3796 747 3852; x_wconf 83' lang='lat' dir='ltr'>cruciﬁxus</span> <span class='ocrx_word' id='word_1_555' title='bbox 769 3801 860 3852; x_wconf 88' lang='lat' dir='ltr'>est</span> <span class='ocrx_word' id='word_1_556' title='bbox 886 3797 1012 3868; x_wconf 89' lang='lat' dir='ltr'>ipse</span> <span class='ocrx_word' id='word_1_557' title='bbox 1035 3813 1168 3852; x_wconf 91' lang='lat' dir='ltr'>cum</span> <span class='ocrx_word' id='word_1_558' title='bbox 1202 3795 1452 3851; x_wconf 86' lang='lat' dir='ltr'>Christo.</span> <span class='ocrx_word' id='word_1_559' title='bbox 1478 3795 1698 3868; x_wconf 79' lang='lat' dir='ltr'>Recipit</span> <span class='ocrx_word' id='word_1_560' title='bbox 1718 3796 1952 3869; x_wconf 91' lang='lat' dir='ltr'>quippe,</span> 
     </span>
    </p>
   </div>
   <div class='ocr_carea' id='block_1_73' title="bbox 300 3884 1880 3957">
    <p class='ocr_par' dir='ltr' id='par_1_73' title="bbox 300 3884 1880 3957">
     <span class='ocr_line' id='line_1_73' title="bbox 300 3884 1880 3957; baseline 0.001 -18"><span class='ocrx_word' id='word_1_561' title='bbox 300 3885 463 3957; x_wconf 86' lang='lat' dir='ltr'>quod</span> <span class='ocrx_word' id='word_1_562' title='bbox 495 3887 794 3957; x_wconf 74' lang='lat' dir='ltr'>quaerebat</span> <span class='ocrx_word' id='word_1_563' title='bbox 823 3886 895 3940; x_wconf 87' lang='lat' dir='ltr'>ab</span> <span class='ocrx_word' id='word_1_564' title='bbox 925 3884 1288 3951; x_wconf 85' lang='lat' dir='ltr'>hominibus,</span> <span class='ocrx_word' id='word_1_565' title='bbox 1331 3885 1657 3941; x_wconf 84' lang='lat' dir='ltr'>mercedem</span> <span class='ocrx_word' id='word_1_566' title='bbox 1691 3902 1880 3941; x_wconf 84' lang='lat' dir='ltr'>suam.</span> 
     </span>
    </p>
   </div>
   <div class='ocr_carea' id='block_1_74' title="bbox 375 3972 1955 4046">
    <p class='ocr_par' dir='ltr' id='par_1_74' title="bbox 375 3972 1955 4046">
     <span class='ocr_line' id='line_1_74' title="bbox 375 3972 1955 4046; baseline 0.002 -21"><span class='ocrx_word' id='word_1_567' title='bbox 375 3972 568 4043; x_wconf 81' lang='lat' dir='ltr'>(Vere.</span> <span class='ocrx_word' id='word_1_568' title='bbox 599 3975 651 4028; x_wconf 88' lang='grc'>5.</span> <span class='ocrx_word' id='word_1_569' title='bbox 690 3976 710 4041; x_wconf 90' lang='grc'>)</span> <span class='ocrx_word' id='word_1_570' title='bbox 741 3973 1220 4046; x_wconf 79' lang='lat' dir='ltr'>«Unusquisque</span> <span class='ocrx_word' id='word_1_571' title='bbox 1252 3974 1408 4030; x_wconf 90' lang='lat' dir='ltr'>enim</span> <span class='ocrx_word' id='word_1_572' title='bbox 1430 3991 1579 4030; x_wconf 89' lang='lat' dir='ltr'>onus</span> <span class='ocrx_word' id='word_1_573' title='bbox 1611 3990 1785 4030; x_wconf 92' lang='lat' dir='ltr'>suum</span> <span class='ocrx_word' id='word_1_574' title='bbox 1820 3991 1955 4046; x_wconf 89' lang='lat' dir='ltr'>por-</span> 
     </span>
    </p>
   </div>
   <div class='ocr_carea' id='block_1_75' title="bbox 298 4061 1952 4134">
    <p class='ocr_par' dir='ltr' id='par_1_75' title="bbox 298 4061 1952 4134">
     <span class='ocr_line' id='line_1_75' title="bbox 298 4061 1952 4134; baseline -0.001 -16"><span class='ocrx_word' id='word_1_575' title='bbox 298 4062 476 4118; x_wconf 82' lang='lat' dir='ltr'>tabit.</span> <span class='ocrx_word' id='word_1_576' title='bbox 513 4085 541 4112; x_wconf 83' lang='lat'>»</span> <span class='ocrx_word' id='word_1_577' title='bbox 573 4061 815 4119; x_wconf 81' lang='lat' dir='ltr'>Videtur</span> <span class='ocrx_word' id='word_1_578' title='bbox 843 4062 1256 4134; x_wconf 82' lang='lat' dir='ltr'>superioribus</span> <span class='ocrx_word' id='word_1_579' title='bbox 1312 4063 1620 4132; x_wconf 87' lang='lat' dir='ltr'>contraire,</span> <span class='ocrx_word' id='word_1_580' title='bbox 1673 4064 1774 4118; x_wconf 89' lang='lat' dir='ltr'>ubi</span> <span class='ocrx_word' id='word_1_581' title='bbox 1828 4062 1952 4118; x_wconf 89' lang='lat' dir='ltr'>ait:</span> 
     </span>
    </p>
   </div>
   <div class='ocr_carea' id='block_1_76' title="bbox 296 4151 1956 4223">
    <p class='ocr_par' dir='ltr' id='par_1_76' title="bbox 296 4151 1956 4223">
     <span class='ocr_line' id='line_1_76' title="bbox 296 4151 1956 4223; baseline -0.001 -16"><span class='ocrx_word' id='word_1_582' title='bbox 296 4152 457 4207; x_wconf 80' lang='lat' dir='ltr'>Atter</span> <span class='ocrx_word' id='word_1_583' title='bbox 511 4153 746 4208; x_wconf 77' lang='lat' dir='ltr'>alterius</span> <span class='ocrx_word' id='word_1_584' title='bbox 830 4167 999 4207; x_wconf 88' lang='lat' dir='ltr'>onera</span> <span class='ocrx_word' id='word_1_585' title='bbox 1047 4160 1261 4223; x_wconf 81' lang='lat' dir='ltr'>portate</span> <span class='ocrx_word' id='word_1_586' title='bbox 1315 4153 1487 4220; x_wconf 79' lang='lat' dir='ltr'>(Vers.</span> <span class='ocrx_word' id='word_1_587' title='bbox 1547 4153 1630 4220; x_wconf 85' lang='lat'>2):</span> <span class='ocrx_word' id='word_1_588' title='bbox 1693 4152 1743 4207; x_wconf 91' lang='lat' dir='ltr'>si</span> <span class='ocrx_word' id='word_1_589' title='bbox 1799 4151 1956 4208; x_wconf 93' lang='lat' dir='ltr'>enim</span> 
     </span>
    </p>
   </div>
   <div class='ocr_carea' id='block_1_77' title="bbox 298 4239 1954 4313">
    <p class='ocr_par' dir='ltr' id='par_1_77' title="bbox 298 4239 1954 4313">
     <span class='ocr_line' id='line_1_77' title="bbox 298 4239 1954 4313; baseline -0.002 -17"><span class='ocrx_word' id='word_1_590' title='bbox 298 4255 458 4296; x_wconf 88' lang='lat' dir='ltr'>onus</span> <span class='ocrx_word' id='word_1_591' title='bbox 491 4257 672 4296; x_wconf 83' lang='lat' dir='ltr'>suum</span> <span class='ocrx_word' id='word_1_592' title='bbox 708 4241 1118 4313; x_wconf 84' lang='lat' dir='ltr'>unusquisque</span> <span class='ocrx_word' id='word_1_593' title='bbox 1177 4239 1450 4313; x_wconf 88' lang='lat' dir='ltr'>portabit,</span> <span class='ocrx_word' id='word_1_594' title='bbox 1512 4239 1660 4296; x_wconf 89' lang='lat' dir='ltr'>alter</span> <span class='ocrx_word' id='word_1_595' title='bbox 1718 4239 1954 4296; x_wconf 87' lang='lat' dir='ltr'>alterius</span> 
     </span>
    </p>
   </div>
   <div class='ocr_carea' id='block_1_78' title="bbox 299 4329 1956 4402">
    <p class='ocr_par' dir='ltr' id='par_1_78' title="bbox 299 4329 1956 4402">
     <span class='ocr_line' id='line_1_78' title="bbox 299 4329 1956 4402; baseline 0 -18"><span class='ocrx_word' id='word_1_596' title='bbox 299 4344 494 4384; x_wconf 87' lang='lat' dir='ltr'>onera</span> <span class='ocrx_word' id='word_1_597' title='bbox 515 4335 746 4401; x_wconf 85' lang='lat' dir='ltr'>portare</span> <span class='ocrx_word' id='word_1_598' title='bbox 773 4347 888 4385; x_wconf 85' lang='lat' dir='ltr'>non</span> <span class='ocrx_word' id='word_1_599' title='bbox 939 4330 1173 4402; x_wconf 89' lang='lat' dir='ltr'>poterit.</span> <span class='ocrx_word' id='word_1_600' title='bbox 1229 4329 1340 4385; x_wconf 88' lang='lat' dir='ltr'>Sed</span> <span class='ocrx_word' id='word_1_601' title='bbox 1398 4329 1739 4397; x_wconf 89' lang='lat' dir='ltr'>videndum,</span> <span class='ocrx_word' id='word_1_602' title='bbox 1799 4329 1956 4400; x_wconf 91' lang='lat' dir='ltr'>quod</span> 
     </span>
    </p>
   </div>
   <div class='ocr_carea' id='block_1_79' title="bbox 297 4417 1960 4491">
    <p class='ocr_par' dir='ltr' id='par_1_79' title="bbox 297 4417 1960 4491">
     <span class='ocr_line' id='line_1_79' title="bbox 297 4417 1960 4491; baseline -0.003 -16"><span class='ocrx_word' id='word_1_603' title='bbox 297 4417 387 4475; x_wconf 83' lang='lat' dir='ltr'>ibi</span> <span class='ocrx_word' id='word_1_604' title='bbox 421 4419 758 4490; x_wconf 69' lang='lat' dir='ltr'>praeceperit</span> <span class='ocrx_word' id='word_1_605' title='bbox 797 4423 864 4474; x_wconf 91' lang='lat' dir='ltr'>ut</span> <span class='ocrx_word' id='word_1_606' title='bbox 893 4423 1198 4491; x_wconf 84' lang='lat' dir='ltr'>peccantes</span> <span class='ocrx_word' id='word_1_607' title='bbox 1254 4417 1314 4472; x_wconf 91' lang='lat' dir='ltr'>in</span> <span class='ocrx_word' id='word_1_608' title='bbox 1373 4417 1481 4472; x_wconf 90' lang='lat' dir='ltr'>hac</span> <span class='ocrx_word' id='word_1_609' title='bbox 1537 4417 1654 4472; x_wconf 90' lang='lat' dir='ltr'>vita</span> <span class='ocrx_word' id='word_1_610' title='bbox 1710 4434 1817 4473; x_wconf 88' lang='lat' dir='ltr'>nos</span> <span class='ocrx_word' id='word_1_611' title='bbox 1875 4417 1960 4471; x_wconf 85' lang='lat' dir='ltr'>in-</span> 
     </span>
    </p>
   </div>
   <div class='ocr_carea' id='block_1_80' title="bbox 296 4504 2034 4590">
    <p class='ocr_par' dir='ltr' id='par_1_80' title="bbox 296 4504 2034 4590">
     <span class='ocr_line' id='line_1_80' title="bbox 296 4504 2034 4590; baseline -0.002 -28"><span class='ocrx_word' id='word_1_612' title='bbox 296 4509 490 4562; x_wconf 81' lang='lat' dir='ltr'>vicem</span> <span class='ocrx_word' id='word_1_613' title='bbox 526 4509 950 4574; x_wconf 86' lang='lat' dir='ltr'>sustcntemus,</span> <span class='ocrx_word' id='word_1_614' title='bbox 989 4506 1132 4562; x_wconf 89' lang='lat' dir='ltr'>etin</span> <span class='ocrx_word' id='word_1_615' title='bbox 1164 4505 1435 4577; x_wconf 63' lang='lat' dir='ltr'>presenti</span> <span class='ocrx_word' id='word_1_616' title='bbox 1475 4505 1686 4561; x_wconf 74' lang='lat' dir='ltr'>saeculo</span> <span class='ocrx_word' id='word_1_617' title='bbox 1745 4504 1957 4560; x_wconf 88' lang='lat' dir='ltr'>alteru-</span> <span class='ocrx_word' id='word_1_618' title='bbox 1988 4527 2034 4590; x_wconf 73' lang='grc' dir='ltr'>Ι)</span> 
     </span>
    </p>
   </div>
   <div class='ocr_carea' id='block_1_81' title="bbox 300 4593 1963 4651">
    <p class='ocr_par' dir='ltr' id='par_1_81' title="bbox 300 4593 1963 4651">
     <span class='ocr_line' id='line_1_81' title="bbox 300 4593 1963 4651; baseline -0.001 -1"><span class='ocrx_word' id='word_1_619' title='bbox 300 4601 464 4651; x_wconf 87' lang='lat' dir='ltr'>trum</span> <span class='ocrx_word' id='word_1_620' title='bbox 497 4594 712 4651; x_wconf 69' lang='lat' dir='ltr'>auxilio</span> <span class='ocrx_word' id='word_1_621' title='bbox 741 4596 931 4651; x_wconf 91' lang='lat' dir='ltr'>simus</span> <span class='ocrx_word' id='word_1_622' title='bbox 963 4613 976 4651; x_wconf 92' lang='lat'>:</span> <span class='ocrx_word' id='word_1_623' title='bbox 1011 4595 1104 4650; x_wconf 92' lang='lat' dir='ltr'>hic</span> <span class='ocrx_word' id='word_1_624' title='bbox 1141 4599 1335 4651; x_wconf 89' lang='lat' dir='ltr'>autem</span> <span class='ocrx_word' id='word_1_625' title='bbox 1396 4593 1466 4648; x_wconf 89' lang='lat' dir='ltr'>de</span> <span class='ocrx_word' id='word_1_626' title='bbox 1528 4593 1754 4648; x_wconf 88' lang='lat' dir='ltr'>Domini</span> <span class='ocrx_word' id='word_1_627' title='bbox 1809 4595 1963 4649; x_wconf 87' lang='lat' dir='ltr'>dicat</span> 
     </span>
    </p>
   </div>
   <div class='ocr_carea' id='block_1_82' title="bbox 302 4682 1962 4757">
    <p class='ocr_par' dir='ltr' id='par_1_82' title="bbox 302 4682 1962 4757">
     <span class='ocr_line' id='line_1_82' title="bbox 302 4682 1962 4757; baseline -0.002 -17"><span class='ocrx_word' id='word_1_628' title='bbox 302 4685 418 4757; x_wconf 77' lang='grc' dir='ltr'>[Αἰ.</span> <span class='ocrx_word' id='word_1_629' title='bbox 451 4684 698 4755; x_wconf 80' lang='lat' dir='ltr'>dicebat]</span> <span class='ocrx_word' id='word_1_630' title='bbox 730 4685 788 4740; x_wconf 90' lang='lat' dir='ltr'>in</span> <span class='ocrx_word' id='word_1_631' title='bbox 815 4701 922 4740; x_wconf 89' lang='lat' dir='ltr'>nos</span> <span class='ocrx_word' id='word_1_632' title='bbox 943 4683 1188 4755; x_wconf 89' lang='lat' dir='ltr'>judicio,</span> <span class='ocrx_word' id='word_1_633' title='bbox 1223 4683 1378 4756; x_wconf 87' lang='lat' dir='ltr'>quod</span> <span class='ocrx_word' id='word_1_634' title='bbox 1427 4699 1542 4738; x_wconf 91' lang='lat' dir='ltr'>non</span> <span class='ocrx_word' id='word_1_635' title='bbox 1603 4699 1671 4738; x_wconf 80' lang='lat' dir='ltr'>ex</span> <span class='ocrx_word' id='word_1_636' title='bbox 1721 4682 1962 4738; x_wconf 89' lang='lat' dir='ltr'>alterius</span> 
     </span>
    </p>
   </div>
   <div class='ocr_carea' id='block_1_83' title="bbox 304 4771 1966 4845">
    <p class='ocr_par' dir='ltr' id='par_1_83' title="bbox 304 4771 1966 4845">
     <span class='ocr_line' id='line_1_83' title="bbox 304 4771 1966 4845; baseline -0.002 -16"><span class='ocrx_word' id='word_1_637' title='bbox 304 4777 545 4844; x_wconf 86' lang='lat' dir='ltr'>peccato</span> <span class='ocrx_word' id='word_1_638' title='bbox 600 4777 656 4827; x_wconf 91' lang='lat' dir='ltr'>et</span> <span class='ocrx_word' id='word_1_639' title='bbox 720 4772 1154 4845; x_wconf 88' lang='lat' dir='ltr'>comparatione</span> <span class='ocrx_word' id='word_1_640' title='bbox 1238 4771 1578 4840; x_wconf 87' lang='lat' dir='ltr'>deterioris;</span> <span class='ocrx_word' id='word_1_641' title='bbox 1641 4772 1742 4828; x_wconf 89' lang='lat' dir='ltr'>sed</span> <span class='ocrx_word' id='word_1_642' title='bbox 1794 4773 1966 4842; x_wconf 83' lang='lat' dir='ltr'>juxta</span> 
     </span>
    </p>
   </div>
   <div class='ocr_carea' id='block_1_84' title="bbox 305 4860 1962 4935">
    <p class='ocr_par' dir='ltr' id='par_1_84' title="bbox 305 4860 1962 4935">
     <span class='ocr_line' id='line_1_84' title="bbox 305 4860 1962 4935; baseline -0.002 -17"><span class='ocrx_word' id='word_1_643' title='bbox 305 4867 580 4918; x_wconf 83' lang='lat' dir='ltr'>nostrum</span> <span class='ocrx_word' id='word_1_644' title='bbox 613 4879 783 4935; x_wconf 86' lang='lat' dir='ltr'>opus,</span> <span class='ocrx_word' id='word_1_645' title='bbox 817 4866 918 4918; x_wconf 90' lang='lat' dir='ltr'>aut</span> <span class='ocrx_word' id='word_1_646' title='bbox 963 4866 1296 4934; x_wconf 89' lang='lat' dir='ltr'>peccatores</span> <span class='ocrx_word' id='word_1_647' title='bbox 1354 4861 1426 4917; x_wconf 85' lang='lat' dir='ltr'>ab</span> <span class='ocrx_word' id='word_1_648' title='bbox 1485 4863 1550 4916; x_wconf 88' lang='lat' dir='ltr'>co</span> <span class='ocrx_word' id='word_1_649' title='bbox 1601 4860 1962 4932; x_wconf 87' lang='lat' dir='ltr'>judiccmur,</span> 
     </span>
    </p>
   </div>
   <div class='ocr_carea' id='block_1_85' title="bbox 307 4951 1964 5024">
    <p class='ocr_par' dir='ltr' id='par_1_85' title="bbox 307 4951 1964 5024">
     <span class='ocr_line' id='line_1_85' title="bbox 307 4951 1964 5024; baseline -0.002 -17"><span class='ocrx_word' id='word_1_650' title='bbox 307 4957 415 5007; x_wconf 87' lang='lat' dir='ltr'>aut</span> <span class='ocrx_word' id='word_1_651' title='bbox 444 4952 654 5019; x_wconf 88' lang='lat' dir='ltr'>sancti,</span> <span class='ocrx_word' id='word_1_652' title='bbox 683 4951 997 5024; x_wconf 88' lang='lat' dir='ltr'>recipiente</span> <span class='ocrx_word' id='word_1_653' title='bbox 1028 4967 1381 5024; x_wconf 89' lang='lat' dir='ltr'>unoquoque</span> <span class='ocrx_word' id='word_1_654' title='bbox 1431 4951 1756 5005; x_wconf 89' lang='lat' dir='ltr'>secundum</span> <span class='ocrx_word' id='word_1_655' title='bbox 1815 4965 1964 5021; x_wconf 89' lang='lat' dir='ltr'>opus</span> 
     </span>
    </p>
   </div>
   <div class='ocr_carea' id='block_1_86' title="bbox 306 5038 1963 5112">
    <p class='ocr_par' dir='ltr' id='par_1_86' title="bbox 306 5038 1963 5112">
     <span class='ocr_line' id='line_1_86' title="bbox 306 5038 1963 5112; baseline -0.002 -16"><span class='ocrx_word' id='word_1_656' title='bbox 306 5055 508 5096; x_wconf 83' lang='lat' dir='ltr'>suum.</span> <span class='ocrx_word' id='word_1_657' title='bbox 543 5039 799 5098; x_wconf 86' lang='lat' dir='ltr'>Dbscure</span> <span class='ocrx_word' id='word_1_658' title='bbox 830 5040 964 5096; x_wconf 89' lang='lat' dir='ltr'>licet</span> <span class='ocrx_word' id='word_1_659' title='bbox 997 5042 1272 5096; x_wconf 85' lang='lat' dir='ltr'>docemur</span> <span class='ocrx_word' id='word_1_660' title='bbox 1297 5055 1398 5112; x_wconf 92' lang='lat' dir='ltr'>per</span> <span class='ocrx_word' id='word_1_661' title='bbox 1437 5039 1588 5094; x_wconf 89' lang='lat' dir='ltr'>hanc</span> <span class='ocrx_word' id='word_1_662' title='bbox 1645 5038 1963 5094; x_wconf 85' lang='lat' dir='ltr'>sententio-</span> 
     </span>
    </p>
   </div>
   <div class='ocr_carea' id='block_1_87' title="bbox 305 5128 1966 5202">
    <p class='ocr_par' dir='ltr' id='par_1_87' title="bbox 305 5128 1966 5202">
     <span class='ocr_line' id='line_1_87' title="bbox 305 5128 1966 5202; baseline -0.001 -18"><span class='ocrx_word' id='word_1_663' title='bbox 305 5128 452 5195; x_wconf 87' lang='lat' dir='ltr'>lam,</span> <span class='ocrx_word' id='word_1_664' title='bbox 485 5146 700 5186; x_wconf 90' lang='lat' dir='ltr'>novum</span> <span class='ocrx_word' id='word_1_665' title='bbox 732 5131 946 5202; x_wconf 86' lang='lat' dir='ltr'>dogma</span> <span class='ocrx_word' id='word_1_666' title='bbox 1004 5129 1160 5201; x_wconf 89' lang='lat' dir='ltr'>quod</span> <span class='ocrx_word' id='word_1_667' title='bbox 1220 5128 1450 5184; x_wconf 86' lang='lat' dir='ltr'>latitat:</span> <span class='ocrx_word' id='word_1_668' title='bbox 1510 5129 1662 5196; x_wconf 28' lang='lat' dir='ltr'>dum,</span> <span class='ocrx_word' id='word_1_669' title='bbox 1707 5128 1765 5182; x_wconf 90' lang='lat' dir='ltr'>in</span> <span class='ocrx_word' id='word_1_670' title='bbox 1825 5144 1966 5200; x_wconf 67' lang='lat' dir='ltr'>prae-</span> 
     </span>
    </p>
   </div>
   <div class='ocr_carea' id='block_1_88' title="bbox 305 5215 1968 5286">
    <p class='ocr_par' dir='ltr' id='par_1_88' title="bbox 305 5215 1968 5286">
     <span class='ocr_line' id='line_1_88' title="bbox 305 5215 1968 5286; baseline -0.002 -13"><span class='ocrx_word' id='word_1_671' title='bbox 305 5217 462 5273; x_wconf 79' lang='lat' dir='ltr'>senti</span> <span class='ocrx_word' id='word_1_672' title='bbox 489 5217 701 5274; x_wconf 68' lang='lat' dir='ltr'>seculo</span> <span class='ocrx_word' id='word_1_673' title='bbox 730 5233 960 5286; x_wconf 84' lang='lat' dir='ltr'>sumus,</span> <span class='ocrx_word' id='word_1_674' title='bbox 994 5219 1116 5275; x_wconf 82' lang='lat' dir='ltr'>sive</span> <span class='ocrx_word' id='word_1_675' title='bbox 1153 5217 1545 5283; x_wconf 87' lang='lat' dir='ltr'>orationibus,</span> <span class='ocrx_word' id='word_1_676' title='bbox 1606 5217 1725 5272; x_wconf 84' lang='lat' dir='ltr'>sive</span> <span class='ocrx_word' id='word_1_677' title='bbox 1783 5215 1968 5272; x_wconf 90' lang='lat' dir='ltr'>consi-</span> 
     </span>
    </p>
   </div>
   <div class='ocr_carea' id='block_1_89' title="bbox 388 5393 1968 5459">
    <p class='ocr_par' dir='ltr' id='par_1_89' title="bbox 388 5393 1968 5459">
     <span class='ocr_line' id='line_1_89' title="bbox 388 5393 1968 5459; baseline -0.001 -9"><span class='ocrx_word' id='word_1_678' title='bbox 388 5399 403 5432; x_wconf 84' lang='grc'><strong><em>¹</em></strong></span> <span class='ocrx_word' id='word_1_679' title='bbox 441 5395 739 5452; x_wconf 89' lang='lat' dir='ltr'>Contrario</span> <span class='ocrx_word' id='word_1_680' title='bbox 767 5412 944 5452; x_wconf 85' lang='lat' dir='ltr'>sensu</span> <span class='ocrx_word' id='word_1_681' title='bbox 971 5411 1127 5452; x_wconf 86' lang='lat' dir='ltr'>unus</span> <span class='ocrx_word' id='word_1_682' title='bbox 1155 5395 1403 5452; x_wconf 88' lang='lat' dir='ltr'>Palatin.</span> <span class='ocrx_word' id='word_1_683' title='bbox 1439 5411 1574 5459; x_wconf 91' lang='lat' dir='ltr'>ms.,</span> <span class='ocrx_word' id='word_1_684' title='bbox 1620 5393 1685 5448; x_wconf 86' lang='lat' dir='ltr'>de</span> <span class='ocrx_word' id='word_1_685' title='bbox 1739 5393 1968 5449; x_wconf 78' lang='lat' dir='ltr'>alterius</span> 
     </span>
    </p>
   </div>
   <div class='ocr_carea' id='block_1_90' title="bbox 306 5468 1965 5611">
    <p class='ocr_par' dir='ltr' id='par_1_90' title="bbox 306 5468 1965 5611">
     <span class='ocr_line' id='line_1_90' title="bbox 306 5468 1965 5611; baseline -0.002 -17"><span class='ocrx_word' id='word_1_686' title='bbox 306 5468 796 5611; x_wconf 44' lang='lat' dir='ltr'>ﬁrrggpgnimus</span> <span class='ocrx_word' id='word_1_687' title='bbox 818 5539 889 5594; x_wconf 90' lang='lat' dir='ltr'>ad</span> <span class='ocrx_word' id='word_1_688' title='bbox 922 5555 1063 5611; x_wconf 83' lang='lat' dir='ltr'>mss.</span> <span class='ocrx_word' id='word_1_689' title='bbox 1099 5538 1294 5606; x_wconf 83' lang='lat' dir='ltr'>ﬁdem,</span> <span class='ocrx_word' id='word_1_690' title='bbox 1349 5535 1705 5592; x_wconf 90' lang='lat' dir='ltr'>concinniori</span> <span class='ocrx_word' id='word_1_691' title='bbox 1762 5534 1965 5607; x_wconf 87' lang='lat' dir='ltr'>utique</span> 
     </span>
    </p>
   </div>
   <div class='ocr_carea' id='block_1_91' title="bbox 302 5609 1636 5684">
    <p class='ocr_par' dir='ltr' id='par_1_91' title="bbox 302 5609 1636 5684">
     <span class='ocr_line' id='line_1_91' title="bbox 302 5609 1636 5684; baseline -0.004 -15"><span class='ocrx_word' id='word_1_692' title='bbox 302 5609 699 5684; x_wconf 56' lang='lat' dir='ltr'>sensu,&#39;opus,</span> <span class='ocrx_word' id='word_1_693' title='bbox 733 5627 836 5684; x_wconf 90' lang='lat' dir='ltr'>pro</span> <span class='ocrx_word' id='word_1_694' title='bbox 868 5627 982 5682; x_wconf 90' lang='lat' dir='ltr'>quo</span> <span class='ocrx_word' id='word_1_695' title='bbox 1013 5609 1230 5666; x_wconf 87' lang='lat' dir='ltr'>lectum</span> <span class='ocrx_word' id='word_1_696' title='bbox 1263 5614 1452 5675; x_wconf 89' lang='lat' dir='ltr'>antea,</span> <span class='ocrx_word' id='word_1_697' title='bbox 1483 5623 1636 5665; x_wconf 88' lang='lat' dir='ltr'>onus.</span> 
     </span>
    </p>
   </div>
   <div class='ocr_carea' id='block_1_92' title="bbox 594 5735 1116 5804">
    <p class='ocr_par' dir='ltr' id='par_1_92' title="bbox 594 5735 1116 5804">
     <span class='ocr_line' id='line_1_92' title="bbox 594 5735 1116 5804; baseline 0 -2"><span class='ocrx_word' id='word_1_698' title='bbox 594 5738 858 5803; x_wconf 71' lang='lat' dir='ltr'>PATBOL.</span> <span class='ocrx_word' id='word_1_699' title='bbox 903 5735 1116 5804; x_wconf 81' lang='lat' dir='ltr'><strong>XXVI.</strong></span> 
     </span>
    </p>
   </div>
   <div class='ocr_carea' id='block_1_93' title="bbox 2064 3261 3720 3332">
    <p class='ocr_par' dir='ltr' id='par_1_93' title="bbox 2064 3261 3720 3332">
     <span class='ocr_line' id='line_1_93' title="bbox 2064 3261 3720 3332; baseline 0.003 -19"><span class='ocrx_word' id='word_1_700' title='bbox 2064 3261 2329 3314; x_wconf 91' lang='lat' dir='ltr'>tudinem</span> <span class='ocrx_word' id='word_1_701' title='bbox 2364 3276 2702 3332; x_wconf 88' lang='lat' dir='ltr'>moremque</span> <span class='ocrx_word' id='word_1_702' title='bbox 2732 3277 3128 3329; x_wconf 88' lang='lat' dir='ltr'>communem,</span> <span class='ocrx_word' id='word_1_703' title='bbox 3169 3261 3384 3318; x_wconf 90' lang='lat' dir='ltr'>victum</span> <span class='ocrx_word' id='word_1_704' title='bbox 3440 3267 3497 3319; x_wconf 91' lang='lat' dir='ltr'>et</span> <span class='ocrx_word' id='word_1_705' title='bbox 3551 3264 3720 3319; x_wconf 83' lang='lat' dir='ltr'>vesti-</span> 
     </span>
    </p>
   </div>
   <div class='ocr_carea' id='block_1_94' title="bbox 2066 3350 3714 3420">
    <p class='ocr_par' dir='ltr' id='par_1_94' title="bbox 2066 3350 3714 3420">
     <span class='ocr_line' id='line_1_94' title="bbox 2066 3350 3714 3420; baseline 0.002 -18"><span class='ocrx_word' id='word_1_706' title='bbox 2066 3353 2212 3415; x_wconf 90' lang='lat' dir='ltr'>tum,</span> <span class='ocrx_word' id='word_1_707' title='bbox 2247 3355 2302 3404; x_wconf 91' lang='lat' dir='ltr'>et</span> <span class='ocrx_word' id='word_1_708' title='bbox 2333 3354 2539 3404; x_wconf 71' lang='lat' dir='ltr'>caetera</span> <span class='ocrx_word' id='word_1_709' title='bbox 2560 3366 2688 3420; x_wconf 66' lang='lat' dir='ltr'>quae</span> <span class='ocrx_word' id='word_1_710' title='bbox 2711 3350 2978 3406; x_wconf 90' lang='lat' dir='ltr'>homines</span> <span class='ocrx_word' id='word_1_711' title='bbox 3008 3351 3160 3408; x_wconf 84' lang='lat' dir='ltr'>inter</span> <span class='ocrx_word' id='word_1_712' title='bbox 3182 3351 3337 3407; x_wconf 90' lang='lat' dir='ltr'>bona</span> <span class='ocrx_word' id='word_1_713' title='bbox 3381 3356 3714 3418; x_wconf 89' lang='lat' dir='ltr'>numerant,</span> 
     </span>
    </p>
   </div>
   <div class='ocr_carea' id='block_1_95' title="bbox 2065 3436 3715 3511">
    <p class='ocr_par' dir='ltr' id='par_1_95' title="bbox 2065 3436 3715 3511">
     <span class='ocr_line' id='line_1_95' title="bbox 2065 3436 3715 3511; baseline 0.002 -20"><span class='ocrx_word' id='word_1_714' title='bbox 2065 3436 2394 3509; x_wconf 85' lang='lat' dir='ltr'>appellavit.</span> <span class='ocrx_word' id='word_1_715' title='bbox 2431 3439 2688 3494; x_wconf 79' lang='lat' dir='ltr'>(labentes</span> <span class='ocrx_word' id='word_1_716' title='bbox 2719 3442 2868 3495; x_wconf 90' lang='lat' dir='ltr'>enim</span> <span class='ocrx_word' id='word_1_717' title='bbox 2924 3443 3128 3495; x_wconf 85' lang='lat' dir='ltr'>victum</span> <span class='ocrx_word' id='word_1_718' title='bbox 3184 3450 3235 3496; x_wconf 84' lang='lat' dir='ltr'>et</span> <span class='ocrx_word' id='word_1_719' title='bbox 3290 3442 3570 3511; x_wconf 85' lang='lat' dir='ltr'>vestitum,</span> <span class='ocrx_word' id='word_1_720' title='bbox 3629 3439 3715 3496; x_wconf 85' lang='lat' dir='ltr'>his</span> 
     </span>
    </p>
   </div>
   <div class='ocr_carea' id='block_1_96' title="bbox 2063 3520 3736 3600">
    <p class='ocr_par' dir='ltr' id='par_1_96' title="bbox 2063 3520 3736 3600">
     <span class='ocr_line' id='line_1_96' title="bbox 2063 3520 3736 3600; baseline 0.004 -21"><span class='ocrx_word' id='word_1_721' title='bbox 2063 3528 2303 3580; x_wconf 83' lang='lat' dir='ltr'>contenti</span> <span class='ocrx_word' id='word_1_722' title='bbox 2329 3543 2518 3582; x_wconf 87' lang='lat' dir='ltr'>sumus</span> <span class='ocrx_word' id='word_1_723' title='bbox 2544 3530 2593 3599; x_wconf 90' lang='grc' dir='ltr'>(ι</span> <span class='ocrx_word' id='word_1_724' title='bbox 2623 3529 2754 3583; x_wconf 86' lang='lat' dir='ltr'>Tim.</span> <span class='ocrx_word' id='word_1_725' title='bbox 2786 3546 2862 3599; x_wconf 75' lang='lat' dir='ltr'>vx,</span> <span class='ocrx_word' id='word_1_726' title='bbox 2893 3530 2970 3600; x_wconf 94' lang='lat'>8).</span> <span class='ocrx_word' id='word_1_727' title='bbox 3019 3529 3132 3584; x_wconf 91' lang='lat' dir='ltr'>Nec</span> <span class='ocrx_word' id='word_1_728' title='bbox 3190 3529 3407 3585; x_wconf 91' lang='lat' dir='ltr'>mirum</span> <span class='ocrx_word' id='word_1_729' title='bbox 3463 3529 3513 3585; x_wconf 89' lang='lat' dir='ltr'>si</span> <span class='ocrx_word' id='word_1_730' title='bbox 3565 3520 3736 3585; x_wconf 23' lang='lat' dir='ltr'>I’au-I</span> 
     </span>
    </p>
   </div>
   <div class='ocr_carea' id='block_1_97' title="bbox 2064 3613 3717 3692">
    <p class='ocr_par' dir='ltr' id='par_1_97' title="bbox 2064 3613 3717 3692">
     <span class='ocr_line' id='line_1_97' title="bbox 2064 3613 3717 3692; baseline 0.003 -23"><span class='ocrx_word' id='word_1_731' title='bbox 2064 3613 2158 3670; x_wconf 90' lang='lat' dir='ltr'>lus</span> <span class='ocrx_word' id='word_1_732' title='bbox 2188 3631 2255 3670; x_wconf 89' lang='lat' dir='ltr'>ea</span> <span class='ocrx_word' id='word_1_733' title='bbox 2286 3632 2409 3687; x_wconf 66' lang='lat' dir='ltr'>quae</span> <span class='ocrx_word' id='word_1_734' title='bbox 2442 3621 2608 3672; x_wconf 90' lang='lat' dir='ltr'>erant</span> <span class='ocrx_word' id='word_1_735' title='bbox 2638 3618 2861 3690; x_wconf 86' lang='lat' dir='ltr'>corpori</span> <span class='ocrx_word' id='word_1_736' title='bbox 2896 3618 3221 3673; x_wconf 82' lang='lat' dir='ltr'>necessaria</span> <span class='ocrx_word' id='word_1_737' title='bbox 3269 3618 3404 3674; x_wconf 93' lang='lat' dir='ltr'>boni</span> <span class='ocrx_word' id='word_1_738' title='bbox 3463 3616 3717 3692; x_wconf 89' lang='lat' dir='ltr'>appella-</span> 
     </span>
    </p>
   </div>
   <div class='ocr_carea' id='block_1_98' title="bbox 2062 3702 3718 3775">
    <p class='ocr_par' dir='ltr' id='par_1_98' title="bbox 2062 3702 3718 3775">
     <span class='ocr_line' id='line_1_98' title="bbox 2062 3702 3718 3775; baseline 0.004 -19"><span class='ocrx_word' id='word_1_739' title='bbox 2062 3702 2221 3757; x_wconf 90' lang='lat' dir='ltr'>tione</span> <span class='ocrx_word' id='word_1_740' title='bbox 2250 3703 2537 3775; x_wconf 85' lang='lat' dir='ltr'>signavit:</span> <span class='ocrx_word' id='word_1_741' title='bbox 2565 3720 2700 3758; x_wconf 90' lang='lat' dir='ltr'>cum</span> <span class='ocrx_word' id='word_1_742' title='bbox 2732 3705 2909 3760; x_wconf 89' lang='lat' dir='ltr'>etiam</span> <span class='ocrx_word' id='word_1_743' title='bbox 2939 3704 3202 3761; x_wconf 86' lang='lat' dir='ltr'>Salvator</span> <span class='ocrx_word' id='word_1_744' title='bbox 3241 3711 3438 3762; x_wconf 90' lang='lat' dir='ltr'>noster</span> <span class='ocrx_word' id='word_1_745' title='bbox 3486 3707 3558 3762; x_wconf 89' lang='lat' dir='ltr'>ad</span> <span class='ocrx_word' id='word_1_746' title='bbox 3619 3722 3718 3763; x_wconf 90' lang='lat' dir='ltr'>eos</span> 
     </span>
    </p>
   </div>
   <div class='ocr_carea' id='block_1_99' title="bbox 2065 3791 3718 3864">
    <p class='ocr_par' dir='ltr' id='par_1_99' title="bbox 2065 3791 3718 3864">
     <span class='ocr_line' id='line_1_99' title="bbox 2065 3791 3718 3864; baseline 0.005 -20"><span class='ocrx_word' id='word_1_747' title='bbox 2065 3791 2165 3862; x_wconf 90' lang='lat' dir='ltr'>qui</span> <span class='ocrx_word' id='word_1_748' title='bbox 2197 3792 2446 3846; x_wconf 90' lang='lat' dir='ltr'>necdum</span> <span class='ocrx_word' id='word_1_749' title='bbox 2479 3793 2548 3846; x_wconf 90' lang='lat' dir='ltr'>ad</span> <span class='ocrx_word' id='word_1_750' title='bbox 2582 3793 2864 3848; x_wconf 90' lang='lat' dir='ltr'>virtutum</span> <span class='ocrx_word' id='word_1_751' title='bbox 2894 3793 3127 3850; x_wconf 90' lang='lat' dir='ltr'>culmen</span> <span class='ocrx_word' id='word_1_752' title='bbox 3158 3797 3561 3864; x_wconf 89' lang='lat' dir='ltr'>ascenderant,</span> <span class='ocrx_word' id='word_1_753' title='bbox 3617 3797 3718 3852; x_wconf 90' lang='lat' dir='ltr'>sed</span> 
     </span>
    </p>
   </div>
   <div class='ocr_carea' id='block_1_100' title="bbox 2065 3880 3720 3956">
    <p class='ocr_par' dir='ltr' id='par_1_100' title="bbox 2065 3880 3720 3956">
     <span class='ocr_line' id='line_1_100' title="bbox 2065 3880 3720 3956; baseline 0.004 -22"><span class='ocrx_word' id='word_1_754' title='bbox 2065 3881 2258 3935; x_wconf 90' lang='lat' dir='ltr'>adhuc</span> <span class='ocrx_word' id='word_1_755' title='bbox 2288 3880 2572 3936; x_wconf 89' lang='lat' dir='ltr'>humilius</span> <span class='ocrx_word' id='word_1_756' title='bbox 2603 3882 2972 3950; x_wconf 89' lang='lat' dir='ltr'>incedebant,</span> <span class='ocrx_word' id='word_1_757' title='bbox 3003 3887 3062 3938; x_wconf 91' lang='lat' dir='ltr'>et</span> <span class='ocrx_word' id='word_1_758' title='bbox 3090 3883 3203 3940; x_wconf 91' lang='lat' dir='ltr'>sibi</span> <span class='ocrx_word' id='word_1_759' title='bbox 3235 3885 3370 3940; x_wconf 87' lang='lat' dir='ltr'>addi</span> <span class='ocrx_word' id='word_1_760' title='bbox 3398 3885 3720 3956; x_wconf 89' lang='lat' dir='ltr'>poscebant</span> 
     </span>
    </p>
   </div>
   <div class='ocr_carea' id='block_1_101' title="bbox 2067 3968 3717 4044">
    <p class='ocr_par' dir='ltr' id='par_1_101' title="bbox 2067 3968 3717 4044">
     <span class='ocr_line' id='line_1_101' title="bbox 2067 3968 3717 4044; baseline 0.004 -22"><span class='ocrx_word' id='word_1_761' title='bbox 2067 3968 2263 4040; x_wconf 85' lang='lat' dir='ltr'>fidem,</span> <span class='ocrx_word' id='word_1_762' title='bbox 2295 3969 2537 4025; x_wconf 82' lang='lat' dir='ltr'>dixerit:</span> <span class='ocrx_word' id='word_1_763' title='bbox 2573 3970 2634 4025; x_wconf 85' lang='lat' dir='ltr'>Si</span> <span class='ocrx_word' id='word_1_764' title='bbox 2661 3986 2794 4044; x_wconf 87' lang='lat' dir='ltr'>ergo</span> <span class='ocrx_word' id='word_1_765' title='bbox 2848 3989 2942 4028; x_wconf 88' lang='lat' dir='ltr'>vos</span> <span class='ocrx_word' id='word_1_766' title='bbox 2993 3989 3116 4027; x_wconf 90' lang='lat' dir='ltr'>cum</span> <span class='ocrx_word' id='word_1_767' title='bbox 3172 3973 3311 4028; x_wconf 88' lang='lat' dir='ltr'>mali</span> <span class='ocrx_word' id='word_1_768' title='bbox 3362 3975 3504 4038; x_wconf 88' lang='lat' dir='ltr'>sitis,</span> <span class='ocrx_word' id='word_1_769' title='bbox 3563 3975 3717 4028; x_wconf 83' lang='lat' dir='ltr'>scitis</span> 
     </span>
    </p>
   </div>
   <div class='ocr_carea' id='block_1_102' title="bbox 2065 4058 3719 4132">
    <p class='ocr_par' dir='ltr' id='par_1_102' title="bbox 2065 4058 3719 4132">
     <span class='ocr_line' id='line_1_102' title="bbox 2065 4058 3719 4132; baseline 0.003 -20"><span class='ocrx_word' id='word_1_770' title='bbox 2065 4059 2205 4113; x_wconf 89' lang='lat' dir='ltr'>bona</span> <span class='ocrx_word' id='word_1_771' title='bbox 2235 4058 2365 4113; x_wconf 86' lang='lat' dir='ltr'>data</span> <span class='ocrx_word' id='word_1_772' title='bbox 2393 4058 2524 4113; x_wconf 85' lang='lat' dir='ltr'>dare</span> <span class='ocrx_word' id='word_1_773' title='bbox 2576 4060 2710 4128; x_wconf 83' lang='lat' dir='ltr'>ﬁliis</span> <span class='ocrx_word' id='word_1_774' title='bbox 2765 4063 3000 4116; x_wconf 75' lang='lat' dir='ltr'>vestris:</span> <span class='ocrx_word' id='word_1_775' title='bbox 3059 4066 3260 4131; x_wconf 88' lang='lat' dir='ltr'>quanto</span> <span class='ocrx_word' id='word_1_776' title='bbox 3318 4064 3492 4132; x_wconf 87' lang='lat' dir='ltr'>magis</span> <span class='ocrx_word' id='word_1_777' title='bbox 3548 4063 3719 4117; x_wconf 79' lang='lat' dir='ltr'>Pater</span> 
     </span>
    </p>
   </div>
   <div class='ocr_carea' id='block_1_103' title="bbox 2064 4147 3713 4220">
    <p class='ocr_par' dir='ltr' id='par_1_103' title="bbox 2064 4147 3713 4220">
     <span class='ocr_line' id='line_1_103' title="bbox 2064 4147 3713 4220; baseline 0.002 -20"><span class='ocrx_word' id='word_1_778' title='bbox 2064 4150 2240 4201; x_wconf 85' lang='lat' dir='ltr'>vester</span> <span class='ocrx_word' id='word_1_779' title='bbox 2267 4147 2496 4211; x_wconf 74' lang='lat' dir='ltr'>ccclesiis</span> <span class='ocrx_word' id='word_1_780' title='bbox 2524 4147 2676 4203; x_wconf 86' lang='lat' dir='ltr'>dabit</span> <span class='ocrx_word' id='word_1_781' title='bbox 2707 4148 2850 4203; x_wconf 89' lang='lat' dir='ltr'>bona</span> <span class='ocrx_word' id='word_1_782' title='bbox 2873 4150 3183 4220; x_wconf 83' lang='lat' dir='ltr'>petentibus</span> <span class='ocrx_word' id='word_1_783' title='bbox 3237 4165 3292 4205; x_wconf 92' lang='lat' dir='ltr'>se</span> <span class='ocrx_word' id='word_1_784' title='bbox 3346 4151 3551 4218; x_wconf 77' lang='lat' dir='ltr'>(Matth.</span> <span class='ocrx_word' id='word_1_785' title='bbox 3613 4167 3713 4220; x_wconf 84' lang='lat' dir='ltr'>vn,</span> 
     </span>
    </p>
   </div>
   <div class='ocr_carea' id='block_1_104' title="bbox 2067 4234 3717 4311">
    <p class='ocr_par' dir='ltr' id='par_1_104' title="bbox 2067 4234 3717 4311">
     <span class='ocr_line' id='line_1_104' title="bbox 2067 4234 3717 4311; baseline 0.004 -23"><span class='ocrx_word' id='word_1_786' title='bbox 2067 4234 2192 4306; x_wconf 80' lang='lat' dir='ltr'>li)!</span> <span class='ocrx_word' id='word_1_787' title='bbox 2254 4235 2369 4307; x_wconf 88' lang='lat' dir='ltr'>Ego</span> <span class='ocrx_word' id='word_1_788' title='bbox 2429 4240 2566 4306; x_wconf 87' lang='lat' dir='ltr'>puto</span> <span class='ocrx_word' id='word_1_789' title='bbox 2624 4239 2682 4290; x_wconf 88' lang='lat' dir='ltr'>et</span> <span class='ocrx_word' id='word_1_790' title='bbox 2735 4237 2862 4301; x_wconf 82' lang='lat' dir='ltr'>Job,</span> <span class='ocrx_word' id='word_1_791' title='bbox 2922 4252 3056 4292; x_wconf 91' lang='lat' dir='ltr'>cum</span> <span class='ocrx_word' id='word_1_792' title='bbox 3113 4237 3186 4292; x_wconf 91' lang='lat' dir='ltr'>ad</span> <span class='ocrx_word' id='word_1_793' title='bbox 3247 4255 3504 4306; x_wconf 84' lang='lat' dir='ltr'>uxorem,</span> <span class='ocrx_word' id='word_1_794' title='bbox 3548 4239 3717 4311; x_wconf 89' lang='lat' dir='ltr'>quasi</span> 
     </span>
    </p>
   </div>
   <div class='ocr_carea' id='block_1_105' title="bbox 2068 4323 3720 4398">
    <p class='ocr_par' dir='ltr' id='par_1_105' title="bbox 2068 4323 3720 4398">
     <span class='ocr_line' id='line_1_105' title="bbox 2068 4323 3720 4398; baseline 0.004 -21"><span class='ocrx_word' id='word_1_795' title='bbox 2068 4339 2246 4378; x_wconf 89' lang='lat' dir='ltr'>unam</span> <span class='ocrx_word' id='word_1_796' title='bbox 2278 4324 2781 4395; x_wconf 89' lang='lat' dir='ltr'>deinsipientibus</span> <span class='ocrx_word' id='word_1_797' title='bbox 2813 4323 3160 4381; x_wconf 90' lang='lat' dir='ltr'>mulieribus</span> <span class='ocrx_word' id='word_1_798' title='bbox 3218 4325 3575 4398; x_wconf 88' lang='lat' dir='ltr'>loqueretur,</span> <span class='ocrx_word' id='word_1_799' title='bbox 3633 4344 3720 4383; x_wconf 90' lang='lat' dir='ltr'>re-</span> 
     </span>
    </p>
   </div>
   <div class='ocr_carea' id='block_1_106' title="bbox 2067 4413 3720 4487">
    <p class='ocr_par' dir='ltr' id='par_1_106' title="bbox 2067 4413 3720 4487">
     <span class='ocr_line' id='line_1_106' title="bbox 2067 4413 3720 4487; baseline 0.003 -20"><span class='ocrx_word' id='word_1_800' title='bbox 2067 4416 2268 4483; x_wconf 86' lang='lat' dir='ltr'>spectu</span> <span class='ocrx_word' id='word_1_801' title='bbox 2290 4413 2437 4482; x_wconf 89' lang='lat' dir='ltr'>ejus,</span> <span class='ocrx_word' id='word_1_802' title='bbox 2459 4428 2586 4483; x_wconf 76' lang='lat' dir='ltr'>quae</span> <span class='ocrx_word' id='word_1_803' title='bbox 2610 4413 2692 4468; x_wconf 91' lang='lat' dir='ltr'>ita</span> <span class='ocrx_word' id='word_1_804' title='bbox 2712 4413 2972 4485; x_wconf 87' lang='lat' dir='ltr'>putabat,</span> <span class='ocrx_word' id='word_1_805' title='bbox 2988 4415 3057 4470; x_wconf 94' lang='lat' dir='ltr'>de</span> <span class='ocrx_word' id='word_1_806' title='bbox 3079 4416 3478 4487; x_wconf 87' lang='lat' dir='ltr'>corporalibus</span> <span class='ocrx_word' id='word_1_807' title='bbox 3501 4415 3720 4472; x_wconf 88' lang='lat' dir='ltr'>divitiis</span> 
     </span>
    </p>
   </div>
   <div class='ocr_carea' id='block_1_107' title="bbox 2065 4499 3718 4577">
    <p class='ocr_par' dir='ltr' id='par_1_107' title="bbox 2065 4499 3718 4577">
     <span class='ocr_line' id='line_1_107' title="bbox 2065 4499 3718 4577; baseline 0.004 -23"><span class='ocrx_word' id='word_1_808' title='bbox 2065 4499 2322 4556; x_wconf 89' lang='lat' dir='ltr'>locutum</span> <span class='ocrx_word' id='word_1_809' title='bbox 2355 4519 2368 4555; x_wconf 93' lang='lat'>:</span> <span class='ocrx_word' id='word_1_810' title='bbox 2402 4500 2464 4555; x_wconf 88' lang='lat' dir='ltr'>Si</span> <span class='ocrx_word' id='word_1_811' title='bbox 2480 4501 2618 4557; x_wconf 82' lang='lat' dir='ltr'>bona</span> <span class='ocrx_word' id='word_1_812' title='bbox 2647 4504 2957 4573; x_wconf 85' lang='lat' dir='ltr'>accepimus</span> <span class='ocrx_word' id='word_1_813' title='bbox 2984 4504 3053 4559; x_wconf 81' lang='lat' dir='ltr'>de</span> <span class='ocrx_word' id='word_1_814' title='bbox 3079 4521 3250 4561; x_wconf 88' lang='lat' dir='ltr'>manu</span> <span class='ocrx_word' id='word_1_815' title='bbox 3265 4505 3492 4561; x_wconf 85' lang='lat' dir='ltr'>Domini</span> <span class='ocrx_word' id='word_1_816' title='bbox 3524 4507 3718 4577; x_wconf 81' lang='lat' dir='ltr'>(Jobn,</span> 
     </span>
    </p>
   </div>
   <div class='ocr_carea' id='block_1_108' title="bbox 2074 4589 3718 4664">
    <p class='ocr_par' dir='ltr' id='par_1_108' title="bbox 2074 4589 3718 4664">
     <span class='ocr_line' id='line_1_108' title="bbox 2074 4589 3718 4664; baseline 0.003 -20"><span class='ocrx_word' id='word_1_817' title='bbox 2074 4589 2160 4662; x_wconf 87' lang='grc'>10)</span> <span class='ocrx_word' id='word_1_818' title='bbox 2189 4607 2201 4644; x_wconf 94' lang='lat'>:</span> <span class='ocrx_word' id='word_1_819' title='bbox 2235 4597 2292 4645; x_wconf 91' lang='lat' dir='ltr'>et</span> <span class='ocrx_word' id='word_1_820' title='bbox 2311 4605 2542 4645; x_wconf 87' lang='lat' dir='ltr'>rursum</span> <span class='ocrx_word' id='word_1_821' title='bbox 2577 4591 2646 4645; x_wconf 89' lang='lat' dir='ltr'>de</span> <span class='ocrx_word' id='word_1_822' title='bbox 2677 4592 2966 4662; x_wconf 87' lang='lat' dir='ltr'>angustiis</span> <span class='ocrx_word' id='word_1_823' title='bbox 3005 4597 3061 4646; x_wconf 84' lang='lat' dir='ltr'>et</span> <span class='ocrx_word' id='word_1_824' title='bbox 3092 4599 3404 4664; x_wconf 84' lang='lat' dir='ltr'>prcssuris,</span> <span class='ocrx_word' id='word_1_825' title='bbox 3446 4598 3502 4649; x_wconf 91' lang='lat' dir='ltr'>et</span> <span class='ocrx_word' id='word_1_826' title='bbox 3530 4597 3718 4649; x_wconf 88' lang='lat' dir='ltr'>tenta-</span> 
     </span>
    </p>
   </div>
   <div class='ocr_carea' id='block_1_109' title="bbox 2070 4679 3719 4751">
    <p class='ocr_par' dir='ltr' id='par_1_109' title="bbox 2070 4679 3719 4751">
     <span class='ocr_line' id='line_1_109' title="bbox 2070 4679 3719 4751; baseline 0.002 -17"><span class='ocrx_word' id='word_1_827' title='bbox 2070 4679 2247 4747; x_wconf 91' lang='lat' dir='ltr'>tione,</span> <span class='ocrx_word' id='word_1_828' title='bbox 2281 4695 2408 4751; x_wconf 70' lang='lat' dir='ltr'>quae</span> <span class='ocrx_word' id='word_1_829' title='bbox 2438 4679 2738 4735; x_wconf 87' lang='lat' dir='ltr'>victoriam</span> <span class='ocrx_word' id='word_1_830' title='bbox 2771 4681 3055 4738; x_wconf 79' lang='lat' dir='ltr'>afferant:</span> <span class='ocrx_word' id='word_1_831' title='bbox 3117 4682 3296 4750; x_wconf 85' lang='lat' dir='ltr'>Quare</span> <span class='ocrx_word' id='word_1_832' title='bbox 3338 4683 3554 4738; x_wconf 85' lang='lat' dir='ltr'>malum</span> <span class='ocrx_word' id='word_1_833' title='bbox 3607 4698 3719 4737; x_wconf 85' lang='lat' dir='ltr'>non</span> 
     </span>
    </p>
   </div>
   <div class='ocr_carea' id='block_1_110' title="bbox 2070 4767 3720 4841">
    <p class='ocr_par' dir='ltr' id='par_1_110' title="bbox 2070 4767 3720 4841">
     <span class='ocr_line' id='line_1_110' title="bbox 2070 4767 3720 4841; baseline 0.002 -20"><span class='ocrx_word' id='word_1_834' title='bbox 2070 4771 2435 4823; x_wconf 85' lang='lat' dir='ltr'>sustineam-us</span> <span class='ocrx_word' id='word_1_835' title='bbox 2483 4767 2724 4838; x_wconf 86' lang='lat' dir='ltr'>(Ibid.)?</span> <span class='ocrx_word' id='word_1_836' title='bbox 2781 4769 2924 4824; x_wconf 89' lang='lat' dir='ltr'>Cum</span> <span class='ocrx_word' id='word_1_837' title='bbox 2990 4769 3193 4841; x_wconf 88' lang='lat' dir='ltr'>utique</span> <span class='ocrx_word' id='word_1_838' title='bbox 3245 4770 3400 4825; x_wconf 89' lang='lat' dir='ltr'>mala</span> <span class='ocrx_word' id='word_1_839' title='bbox 3455 4773 3514 4824; x_wconf 88' lang='lat' dir='ltr'>et</span> <span class='ocrx_word' id='word_1_840' title='bbox 3565 4769 3720 4826; x_wconf 87' lang='lat' dir='ltr'>bona</span> 
     </span>
    </p>
   </div>
   <div class='ocr_carea' id='block_1_111' title="bbox 2071 4855 3716 4931">
    <p class='ocr_par' dir='ltr' id='par_1_111' title="bbox 2071 4855 3716 4931">
     <span class='ocr_line' id='line_1_111' title="bbox 2071 4855 3716 4931; baseline 0.003 -21"><span class='ocrx_word' id='word_1_841' title='bbox 2071 4872 2186 4910; x_wconf 88' lang='lat' dir='ltr'>non</span> <span class='ocrx_word' id='word_1_842' title='bbox 2218 4856 2276 4910; x_wconf 89' lang='lat' dir='ltr'>in</span> <span class='ocrx_word' id='word_1_843' title='bbox 2307 4855 2526 4912; x_wconf 89' lang='lat' dir='ltr'>divitiis</span> <span class='ocrx_word' id='word_1_844' title='bbox 2556 4861 2612 4912; x_wconf 91' lang='lat' dir='ltr'>ct</span> <span class='ocrx_word' id='word_1_845' title='bbox 2642 4859 2955 4928; x_wconf 77' lang='lat' dir='ltr'>pressaris,</span> <span class='ocrx_word' id='word_1_846' title='bbox 2989 4859 3089 4914; x_wconf 91' lang='lat' dir='ltr'>sed</span> <span class='ocrx_word' id='word_1_847' title='bbox 3121 4859 3179 4913; x_wconf 91' lang='lat' dir='ltr'>in</span> <span class='ocrx_word' id='word_1_848' title='bbox 3239 4858 3556 4914; x_wconf 89' lang='lat' dir='ltr'>virtutibus</span> <span class='ocrx_word' id='word_1_849' title='bbox 3615 4875 3716 4931; x_wconf 90' lang='lat' dir='ltr'>po-</span> 
     </span>
    </p>
   </div>
   <div class='ocr_carea' id='block_1_112' title="bbox 2071 4944 3725 5020">
    <p class='ocr_par' dir='ltr' id='par_1_112' title="bbox 2071 4944 3725 5020">
     <span class='ocr_line' id='line_1_112' title="bbox 2071 4944 3725 5020; baseline 0.003 -23"><span class='ocrx_word' id='word_1_850' title='bbox 2071 4947 2288 4999; x_wconf 89' lang='lat' dir='ltr'>nantur</span> <span class='ocrx_word' id='word_1_851' title='bbox 2313 4949 2370 4999; x_wconf 91' lang='lat' dir='ltr'>et</span> <span class='ocrx_word' id='word_1_852' title='bbox 2398 4944 2575 5012; x_wconf 88' lang='lat' dir='ltr'>vitiis,</span> <span class='ocrx_word' id='word_1_853' title='bbox 2600 4950 2664 4999; x_wconf 88' lang='lat' dir='ltr'>ut</span> <span class='ocrx_word' id='word_1_854' title='bbox 2683 4945 2889 5016; x_wconf 91' lang='lat' dir='ltr'>justus</span> <span class='ocrx_word' id='word_1_855' title='bbox 2915 4945 3174 5018; x_wconf 90' lang='lat' dir='ltr'>loquitur</span> <span class='ocrx_word' id='word_1_856' title='bbox 3201 4946 3260 5002; x_wconf 90' lang='lat' dir='ltr'>in</span> <span class='ocrx_word' id='word_1_857' title='bbox 3294 4946 3521 5018; x_wconf 90' lang='lat' dir='ltr'>psalmo</span> <span class='ocrx_word' id='word_1_858' title='bbox 3547 4964 3560 5002; x_wconf 94' lang='lat'>:</span> <span class='ocrx_word' id='word_1_859' title='bbox 3582 4949 3725 5020; x_wconf 85' lang='lat' dir='ltr'>Quis</span> 
     </span>
    </p>
   </div>
   <div class='ocr_carea' id='block_1_113' title="bbox 2071 5031 3722 5106">
    <p class='ocr_par' dir='ltr' id='par_1_113' title="bbox 2071 5031 3722 5106">
     <span class='ocr_line' id='line_1_113' title="bbox 2071 5031 3722 5106; baseline 0.002 -20"><span class='ocrx_word' id='word_1_860' title='bbox 2071 5035 2148 5086; x_wconf 86' lang='lat' dir='ltr'>est</span> <span class='ocrx_word' id='word_1_861' title='bbox 2179 5031 2334 5087; x_wconf 88' lang='lat' dir='ltr'>homo</span> <span class='ocrx_word' id='word_1_862' title='bbox 2359 5034 2456 5104; x_wconf 89' lang='lat' dir='ltr'>qui</span> <span class='ocrx_word' id='word_1_863' title='bbox 2501 5035 2617 5088; x_wconf 87' lang='lat' dir='ltr'>vult</span> <span class='ocrx_word' id='word_1_864' title='bbox 2642 5035 2838 5102; x_wconf 86' lang='lat' dir='ltr'>vitam,</span> <span class='ocrx_word' id='word_1_865' title='bbox 2888 5037 3043 5106; x_wconf 86' lang='lat' dir='ltr'>cupit</span> <span class='ocrx_word' id='word_1_866' title='bbox 3094 5035 3279 5091; x_wconf 85' lang='lat' dir='ltr'>videre</span> <span class='ocrx_word' id='word_1_867' title='bbox 3335 5035 3449 5091; x_wconf 85' lang='lat' dir='ltr'>dies</span> <span class='ocrx_word' id='word_1_868' title='bbox 3510 5035 3722 5093; x_wconf 83' lang='lat' dir='ltr'>bonos?</span> 
     </span>
    </p>
   </div>
   <div class='ocr_carea' id='block_1_114' title="bbox 2071 5120 3721 5192">
    <p class='ocr_par' dir='ltr' id='par_1_114' title="bbox 2071 5120 3721 5192">
     <span class='ocr_line' id='line_1_114' title="bbox 2071 5120 3721 5192; baseline 0.004 -17"><span class='ocrx_word' id='word_1_869' title='bbox 2071 5120 2307 5176; x_wconf 88' lang='lat' dir='ltr'>Prohibe</span> <span class='ocrx_word' id='word_1_870' title='bbox 2339 5120 2592 5192; x_wconf 85' lang='lat' dir='ltr'>linguam</span> <span class='ocrx_word' id='word_1_871' title='bbox 2629 5125 2780 5177; x_wconf 88' lang='lat' dir='ltr'>tuam</span> <span class='ocrx_word' id='word_1_872' title='bbox 2809 5139 2843 5177; x_wconf 89' lang='lat' dir='ltr'>a</span> <span class='ocrx_word' id='word_1_873' title='bbox 2897 5124 3064 5188; x_wconf 87' lang='lat' dir='ltr'>malo,</span> <span class='ocrx_word' id='word_1_874' title='bbox 3098 5134 3149 5180; x_wconf 87' lang='lat' dir='ltr'>et</span> <span class='ocrx_word' id='word_1_875' title='bbox 3206 5124 3356 5180; x_wconf 90' lang='lat' dir='ltr'>labia</span> <span class='ocrx_word' id='word_1_876' title='bbox 3388 5133 3484 5180; x_wconf 86' lang='lat' dir='ltr'>tua</span> <span class='ocrx_word' id='word_1_877' title='bbox 3513 5142 3584 5182; x_wconf 88' lang='lat' dir='ltr'>ne</span> <span class='ocrx_word' id='word_1_878' title='bbox 3639 5127 3721 5183; x_wconf 87' lang='lat' dir='ltr'>lo-</span> 
     </span>
    </p>
   </div>
   <div class='ocr_carea' id='block_1_115' title="bbox 2072 5209 3722 5286">
    <p class='ocr_par' dir='ltr' id='par_1_115' title="bbox 2072 5209 3722 5286">
     <span class='ocr_line' id='line_1_115' title="bbox 2072 5209 3722 5286; baseline 0.003 -21"><span class='ocrx_word' id='word_1_879' title='bbox 2072 5219 2314 5281; x_wconf 85' lang='lat' dir='ltr'>quantur</span> <span class='ocrx_word' id='word_1_880' title='bbox 2361 5209 2548 5266; x_wconf 89' lang='lat' dir='ltr'>dolum</span> <span class='ocrx_word' id='word_1_881' title='bbox 2568 5212 2607 5265; x_wconf 75' lang='grc'>⁴.</span> <span class='ocrx_word' id='word_1_882' title='bbox 2668 5211 2903 5267; x_wconf 85' lang='lat' dir='ltr'>Declina</span> <span class='ocrx_word' id='word_1_883' title='bbox 2958 5229 2993 5268; x_wconf 89' lang='lat' dir='ltr'>a</span> <span class='ocrx_word' id='word_1_884' title='bbox 3047 5213 3214 5282; x_wconf 90' lang='lat' dir='ltr'>malo,</span> <span class='ocrx_word' id='word_1_885' title='bbox 3273 5222 3325 5270; x_wconf 85' lang='lat' dir='ltr'>et</span> <span class='ocrx_word' id='word_1_886' title='bbox 3376 5217 3467 5286; x_wconf 84' lang='lat' dir='ltr'>fac</span> <span class='ocrx_word' id='word_1_887' title='bbox 3523 5215 3722 5272; x_wconf 87' lang='lat' dir='ltr'>bonum</span> 
     </span>
    </p>
   </div>
   <div class='ocr_carea' id='block_1_116' title="bbox 2143 5388 3720 5460">
    <p class='ocr_par' dir='ltr' id='par_1_116' title="bbox 2143 5388 3720 5460">
     <span class='ocr_line' id='line_1_116' title="bbox 2143 5388 3720 5460; baseline 0.004 -15"><span class='ocrx_word' id='word_1_888' title='bbox 2143 5391 2165 5423; x_wconf 82' lang='grc'><strong>⁸</strong></span> <span class='ocrx_word' id='word_1_889' title='bbox 2195 5389 2316 5460; x_wconf 90' lang='lat' dir='ltr'>Hic,</span> <span class='ocrx_word' id='word_1_890' title='bbox 2348 5406 2424 5456; x_wconf 89' lang='lat' dir='ltr'>se,</span> <span class='ocrx_word' id='word_1_891' title='bbox 2456 5388 2722 5445; x_wconf 89' lang='lat' dir='ltr'>voculam</span> <span class='ocrx_word' id='word_1_892' title='bbox 2753 5389 2998 5446; x_wconf 90' lang='lat' dir='ltr'>Palatin.</span> <span class='ocrx_word' id='word_1_893' title='bbox 3032 5395 3089 5447; x_wconf 92' lang='lat' dir='ltr'>et</span> <span class='ocrx_word' id='word_1_894' title='bbox 3135 5392 3376 5449; x_wconf 88' lang='lat' dir='ltr'>Cistcrc.</span> <span class='ocrx_word' id='word_1_895' title='bbox 3432 5411 3573 5451; x_wconf 88' lang='lat' dir='ltr'>mss.</span> <span class='ocrx_word' id='word_1_896' title='bbox 3630 5399 3720 5451; x_wconf 81' lang='lat' dir='ltr'>ta-</span> 
     </span>
    </p>
   </div>
   <div class='ocr_carea' id='block_1_117' title="bbox 2074 5461 2770 5528">
    <p class='ocr_par' dir='ltr' id='par_1_117' title="bbox 2074 5461 2770 5528">
     <span class='ocr_line' id='line_1_117' title="bbox 2074 5461 2770 5528; baseline -0.003 -12"><span class='ocrx_word' id='word_1_897' title='bbox 2074 5466 2222 5528; x_wconf 87' lang='lat' dir='ltr'>cent,</span> <span class='ocrx_word' id='word_1_898' title='bbox 2259 5461 2504 5517; x_wconf 89' lang='lat' dir='ltr'>fortasse</span> <span class='ocrx_word' id='word_1_899' title='bbox 2535 5461 2770 5516; x_wconf 90' lang='lat' dir='ltr'>rectius.</span> 
     </span>
    </p>
   </div>
   <div class='ocr_carea' id='block_1_118' title="bbox 2143 5533 3540 5609">
    <p class='ocr_par' dir='ltr' id='par_1_118' title="bbox 2143 5533 3540 5609">
     <span class='ocr_line' id='line_1_118' title="bbox 2143 5533 3540 5609; baseline 0.004 -21"><span class='ocrx_word' id='word_1_900' title='bbox 2143 5534 2165 5568; x_wconf 80' lang='grc'><strong>⁴</strong></span> <span class='ocrx_word' id='word_1_901' title='bbox 2198 5533 2376 5588; x_wconf 88' lang='lat' dir='ltr'>[idem</span> <span class='ocrx_word' id='word_1_902' title='bbox 2404 5549 2570 5606; x_wconf 89' lang='lat' dir='ltr'>mss.,</span> <span class='ocrx_word' id='word_1_903' title='bbox 2602 5535 2650 5589; x_wconf 90' lang='lat' dir='ltr'>et</span> <span class='ocrx_word' id='word_1_904' title='bbox 2680 5547 2738 5590; x_wconf 90' lang='lat' dir='ltr'>os</span> <span class='ocrx_word' id='word_1_905' title='bbox 2765 5536 2924 5590; x_wconf 88' lang='lat' dir='ltr'>tuum</span> <span class='ocrx_word' id='word_1_906' title='bbox 2950 5550 3020 5590; x_wconf 86' lang='lat' dir='ltr'>ne</span> <span class='ocrx_word' id='word_1_907' title='bbox 3052 5535 3309 5609; x_wconf 84' lang='lat' dir='ltr'>loquatur</span> <span class='ocrx_word' id='word_1_908' title='bbox 3335 5537 3540 5594; x_wconf 87' lang='lat' dir='ltr'>dolum.</span> 
     </span>
    </p>
   </div>
   <div class='ocr_carea' id='block_1_119' title="bbox 3364 5734 3437 5796">
    <p class='ocr_par' dir='ltr' id='par_1_119' title="bbox 3364 5734 3437 5796">
     <span class='ocr_line' id='line_1_119' title="bbox 3364 5734 3437 5796; baseline 0.027 -2"><span class='ocrx_word' id='word_1_909' title='bbox 3364 5734 3437 5796; x_wconf 76' lang='grc'>15</span> 
     </span>
    </p>
   </div>
  </div>
