4144 6202
367 258 484 317 459

1611 255 1676 314 S.
1723 253 2034 315 EUSEBII
2079 254 2525 316 HIERONYMI

3655 251 3784 314 460.

368 389 542 462 (Psal.
577 401 774 452 χχχιιι,
808 385 875 440 13
915 416 980 426 -
1037 388 1145 457 15).
1209 385 1443 458 Proprie
1500 385 1720 442 malum
1778 384 2010 458 dicitur,
2039 385 2232 453 AQui
2298 387 2486 460 legem
2551 385 2862 443 carnaliter
2924 385 3216 458 intelligit,
3284 384 3772 458 repromissiones

368 478 524 550 quod
553 475 860 531 vitandum
893 478 1012 530 est:
1047 475 1266 530 bonum
1298 475 1452 546 quod
1487 475 1672 530 facere
1706 475 2009 530 debemus.

368 566 536 622 Dives
566 580 800 636 quoque
829 562 925 618 ille
953 563 1012 617 in
1042 563 1374 632 Evangelio,
1407 563 1508 634 qui
1569 562 1707 617 mali
1769 567 1826 616 et
1878 560 2014 617 boni

370 654 677 710 scientiam
736 670 851 708 non
938 651 1207 723 habebat,
1266 656 1418 707 recte
1501 668 1775 724 agrorum
1845 653 2014 706 uber-

367 747 547 800 tatem
596 743 750 798 bona
806 741 1220 808 arbitrabatur,
1278 740 1514 796 dicens:
1574 741 1794 807 Anima,
1853 739 2017 795 habes

371 834 511 888 bona
527 832 707 902 posita
741 832 799 885 in
832 846 1005 886 annos
1058 829 1311 886 multos:
1360 831 1589 900 quiesce,
1639 829 1873 897 comede,
1934 829 2014 882 bi-

372 922 453 990 be,
483 925 533 978 et
565 921 756 979 laetare
786 921 936 992 (Luc.
968 937 1068 986 x11,
1106 921 1213 992 19).
1249 921 1317 975 Et
1346 918 1497 975 alius
1527 919 1624 991 qui
1666 919 1899 989 jacebat
1957 918 2016 972 in

369 1026 649 1082 purpura,
682 1013 739 1064 et
767 1009 990 1088 deliciis
1019 1009 1318 1075 afﬂuebat,
1378 1009 1541 1063 audit
1589 1008 1742 1079 apud
1803 1007 2017 1062 inferos

372 1103 430 1154 et
454 1098 748 1154 Abraham
775 1115 786 1153 :
823 1100 1085 1170 Recepisti
1115 1098 1256 1154 bona
1288 1099 1349 1152 in
1378 1100 1490 1153 vita
1547 1105 1643 1152 tua
1700 1097 1849 1168 (Luc.
1873 1105 1876 1110 '
1901 1113 2016 1166 xvx,

371 1188 486 1260 25).
518 1186 667 1242 Illud
699 1203 930 1259 quoque
962 1186 1382 1242 attendendum
1433 1186 1580 1242 525
1639 1202 1710 1240 ne
1762 1187 1907 1240 forte
1963 1189 2020 1240 et

370 1276 481 1333 hoc
510 1277 699 1350 possit
726 1275 994 1349 intelligi,
1027 1276 1152 1331 dari
1183 1275 1488 1347 discipulis
1529 1275 1896 1342 mandatum,
1957 1277 2020 1329 ut

372 1365 455 1421 eis
487 1365 585 1436 qui
616 1381 678 1422 se
707 1365 1030 1432 instruunt,
1061 1365 1303 1420 verbum
1339 1363 1793 1430 communicent,
1852 1363 2016 1418 obse-

373 1457 648 1526 quantur,
682 1455 920 1522 dociles,
948 1454 1262 1524 facilesque
1322 1469 1383 1508 se
1441 1453 1754 1523 praebeant.
1814 1451 1875 1505 In
1926 1451 2019 1506 his

372 1549 568 1600 tamen
603 1561 730 1616 quae
762 1544 914 1598 bona
943 1547 1104 1613 sunt,
1138 1558 1262 1612 quae
1294 1541 1644 1612 spiritualia,
1674 1545 1729 1596 et
1760 1557 1873 1595 nou
1905 1539 2019 1594 bae-

375 1633 576 1701 retica,
605 1631 694 1687 vel
721 1631 966 1687 Judaica
996 1631 1280 1702 pravitate
1311 1646 1600 1701 perversa.

2123 493 2356 547 quoque
2385 475 2667 541 carnales,
2694 480 2902 546 etquae
2932 475 2993 530 in
3044 474 3314 547 praesenti
3374 474 3583 530 szeculo
3643 491 3770 530 cor-

2125 569 2500 635 rumpuntur,
2532 568 2849 636 exspectat.
2883 563 2990 630 Qui
3022 569 3218 619 autem
3249 564 3402 619 526
3447 562 3772 634 spiritualis

2125 654 2356 709 auditor
2385 657 2491 723 est,
2527 653 2778 709 seminat
2807 654 2864 708 in
2897 652 3130 724 spiritu,
3163 657 3219 707 et
3249 653 3320 707 de
3351 651 3562 724 spiritu
3594 655 3774 708 metet

2123 741 2299 797 vitam
2330 742 2768 814 sempiternam.
2800 740 2987 796 Simul
3019 745 3291 796 notemus
3321 740 3611 796 sermouis
3643 757 3774 796 con-

2127 831 2514 902 sequentiam,
2545 835 2601 886 et
2620 847 2748 886 earn
2779 847 2914 886 cum
2932 829 3334 901 superioribus
3364 828 3772 901 copulemus‘:

2127 920 2424 975 hominem
2454 920 2645 975 vocari
2676 919 2736 974 in
2766 920 2975 991 spiritu
3008 918 3420 989 seminantem,
3453 917 3553 990 qui
3589 935 3778 989 quan-

2128 1009 2200 1063 do
2267 1008 2505 1080 cmperit
2590 1009 2769 1063 vitam
2830 1013 3044 1062 metere
3102 1007 3542 1078 sempiternam,
3600 1007 3774 1062 homo

2127 1097 2374 1151 fortasse
2404 1113 2532 1151 esse
2562 1096 2813 1151 desistit.
2847 1096 3162 1152 Cassianus
3193 1097 3233 1163 ²,
3295 1095 3393 1167 qui
3452 1095 3774 1168 putativam

2129 1169 2343 1239 Christi
2387 1201 2620 1239 carnem
2677 1183 3074 1252 introducens,
3125 1200 3357 1240 omnem
3420 1184 3781 1257 conjunctioe

2129 1289 2264 1328 nem
2295 1272 2541 1328 masculi
2575 1273 2646 1328 ad
2679 1273 2954 1328 feminam
3009 1273 3378 1328 immundam
3436 1273 3776 1345 arbitratur,

2129 1361 2556 1417 Encratitarum
2617 1360 2702 1416 vel
2785 1361 3137 1417 accerrimus
3189 1360 3624 1429 haeresiarches,
3677 1360 3780 1416 tali

2131 1450 2440 1505 adversum
2471 1466 2576 1505 nos
2624 1450 2733 1505 sub
2765 1450 3067 1506 occasione
3097 1449 3399 1521 praesentis
3457 1449 3780 1527 testimonii

2131 1555 2275 1594 usus
2305 1543 2392 1594 est
2422 1542 2804 1610 argumento:
2849 1538 2909 1593 Si
2969 1539 3101 1610 quis
3161 1538 3413 1594 seminat
3467 1538 3527 1594 in
3583 1555 3777 1609 carne,

2131 1628 2200 1682 de
2232 1643 2404 1683 carne
2462 1632 2642 1682 metet
2701 1628 3175 1699 corruptionem:
3235 1629 3296 1682 in
3353 1644 3527 1684 carne
3583 1632 3778 1684 autem

445 1721 632 1791 (Vers.
663 1720 742 1790 8.)
775 1742 803 1768 «
839 1718 1029 1775 Nolite
1079 1735 1292 1785 errare,
1329 1723 1476 1773 Deus
1535 1735 1650 1773 non
1710 1717 2015 1772 irridetur:
2053 1754 2099 1818 Β
2132 1715 2401 1786 seminat,
2435 1717 2535 1787 qui
2560 1716 3079 1788 mulierijungitur
3106 1735 3118 1773 :
3151 1733 3287 1789 ergo
3319 1721 3376 1773 et
3404 1717 3455 1773 is
3477 1717 3578 1789 qui
3606 1733 3782 1773 uxore

376 1826 500 1880 qua:
557 1808 714 1863 enim
772 1806 1149 1863 seminaverit
1200 1807 1396 1872 homo,
1457 1807 1579 1862 haec
1633 1811 1690 1862 et
1743 1812 1940 1862 metet.
1994 1828 2022 1854 »

372 1897 701 1953 Prmvidens
743 1896 974 1969 spiritu,
1031 1913 1130 1952 eos
1184 1896 1284 1968 qui
1343 1897 1643 1964 docentur,
1701 1900 1757 1952 et
1813 1896 2028 1950 debent

375 1985 675 2058 magistris
707 1988 982 2057 sumptus
1010 1991 1068 2041 et
1096 1986 1225 2040 vitae
1285 1983 1614 2040 necessaria
1669 1984 2023 2048 ministrare,

386 2091 557 2148 posse
613 2075 920 2130 ostendere
985 2078 1408 2146 paupertatem,
1470 2078 1525 2127 et
1580 2072 1819 2128 dicere:
1879 2074 2030 2143 Ager

383 2181 551 2221 meus
580 2163 690 2219 hoc
747 2180 900 2219 anno
953 2163 1108 2218 aruit
1160 2163 1461 2218 siccitate:
1522 2161 1750 2217 vineam
1808 2161 2031 2233 grando

382 2252 687 2309 contrivit:
724 2252 988 2309 redditus
1022 2251 1120 2323 qui
1149 2268 1277 2307 esse
1334 2255 1648 2323 potuerunt
1705 2251 1810 2319 [Αἰ.
1871 2255 2032 2322 pote-

381 2340 561 2415 runt],
594 2340 816 2396 tributa
873 2345 1238 2412 rapuerunt:
1301 2357 1415 2395 non
1475 2339 1659 2395 habeo
1717 2339 1872 2394 unde
1927 2337 2031 2392 tri-

381 2431 560 2486 buam
594 2430 748 2502 quod
771 2429 1034 2500 jubetur,
1085 2428 1332 2500 adjecit:
1395 2429 1570 2483 Nolite
1615 2443 1832 2497 errare,
1892 2428 2034 2482 Deus

381 2534 494 2576 non
521 2519 818 2575 irredetur.
850 2517 989 2585 Scit,
1019 2517 1232 2588 inquit,
1265 2517 1440 2572 corda
1469 2521 1682 2580 vestra,
1715 2533 1830 2570 non
1864 2515 2035 2587 igno-

380 2613 472 2677 rat
499 2607 823 2663 facultates.
857 2606 1162 2662 Excusatio
1192 2605 1525 2661 verisimilis
1584 2605 1879 2660 hominem
1940 2619 2037 2676 po-

381 2701 496 2753 test
526 2701 823 2768 utcunque
853 2695 1100 2768 placare,
1150 2694 1336 2749 Deum
1395 2711 1508 2750 non
1570 2697 1763 2765 potest
1817 2691 2034 2748 fallere.

380 2786 452 2841 Et
481 2785 660 2842 simul
692 2784 1033 2841 cohortatur
1080 2784 1151 2840 ad
1208 2784 1265 2838 id
1325 2784 1480 2855 quod
1537 2786 1890 2854 praeceptum
1948 2785 2038 2838 est

383 2875 801 2941 exhibendum,
845 2891 1045 2930 semen
1104 2873 1438 2942 nominans,
1501 2889 1571 2928 ne
1627 2876 1792 2943 putet
1845 2871 2037 2942 perdi-

381 2969 530 3031 tum,
591 2965 746 3036 quod
808 2963 1196 3036 multiplicato
1269 2968 1467 3018 tenore
1527 2966 1868 3033 recepturus
1927 2965 2035 3016 est.

382 3055 469 3108 Ad
501 3053 835 3110 Corinthios
866 3069 1096 3126 quoque
1125 3051 1408 3108 rationem
1444 3051 1561 3107 dati
1594 3055 1650 3106 et
1683 3050 1925 3122 accepti,
1958 3050 2036 3105 si-

2135 1805 2341 1872 utitur,
2373 1809 2430 1860 et
2461 1806 2712 1860 seminat
2741 1805 2800 1860 in
2833 1823 3006 1862 carne
3037 1807 3184 1877 ejus,
3243 1806 3316 1862 de
3373 1823 3544 1863 carne
3601 1807 3786 1864 metet

2135 1893 2589 1964 corruptionem.
2670 1895 3139 1966 Respondebitur
3205 1895 3277 1964 ei,
3345 1896 3604 1968 primum
3664 1913 3783 1952 non

2137 1981 2353 2037 dixisse
2410 1981 2676 2052 Paulum,
2730 1984 2830 2054 qui
2861 1985 3116 2040 seminat
3171 1986 3230 2040 in
3262 2001 3482 2054 carne;
3541 1985 3664 2055 sed,
3723 1987 3786 2042 in

2139 2087 2308 2128 Carne
2337 2088 2457 2126 sua.
2491 2071 2672 2126 Nemo
2697 2076 2891 2128 autem
2924 2090 3122 2129 secum
3184 2074 3308 2146 ipse
3338 2075 3693 2141 concumbit,
3741 2078 3800 2132 et

2141 2160 2197 2214 in
2241 2177 2352 2214 sua
2399 2176 2570 2215 carne
2601 2161 2872 2216 seminat.
2932 2162 3149 2217 Deinde
3208 2167 3273 2218 ut
3327 2163 3794 2220 observationem

2142 2248 2292 2303 hanc
2324 2265 2499 2319 quam
2533 2250 2962 2318 annotavimus,
2997 2253 3054 2305 in
3084 2267 3253 2307 carne
3305 2268 3428 2323 sua,
3483 2269 3552 2307 ex
3608 2252 3795 2308 abun-

2143 2337 2305 2392 danti
2337 2337 2387 2392 ei
2414 2339 2824 2406 concedamus,
2858 2339 3194 2394 addendum
3239 2344 3328 2395 est
3385 2357 3485 2396 eos
3545 2357 3800 2412 quoque,

2145 2425 2245 2496 qui
2277 2427 2585 2482 comedunt
2632 2431 2690 2482 et
2732 2427 2959 2495 bibant,
2995 2432 3052 2483 et
3107 2429 3403 2485 dormiant
3457 2434 3516 2485 et
3571 2429 3794 2501 aliquid

2144 2515 2363 2569 faciant
2391 2515 2464 2569 ob
2497 2515 2866 2588 refrigerium
2918 2519 3200 2588 corporis,
3263 2518 3424 2588 juxta
3480 2517 3646 2573 illum
3706 2534 3810 2574 se—

2147 2602 2369 2658 minare
2399 2604 2457 2657 in
2490 2620 2682 2671 carne,
2713 2609 2771 2659 et
2809 2605 2878 2660 de
2939 2621 3007 2660 ea
3067 2610 3284 2662 metero
3343 2608 3796 2680 corruptionem.

2146 2691 2308 2756 Quod
2342 2693 2389 2747 si
2422 2693 2492 2747 ad
2524 2692 2632 2748 hoc
2663 2693 3013 2766 confugerit,
3046 2699 3112 2750 ut
3142 2694 3298 2751 dicat
3343 2712 3442 2752 eos
3499 2695 3622 2764 qui,
3684 2696 3803 2752 sive

2147 2779 2372 2846 bibant,
2396 2781 2514 2836 sive
2547 2782 2924 2850 manducent,
2959 2784 3079 2838 sive
3109 2784 3422 2852 dormiant,
3469 2785 3530 2840 in
3561 2785 3801 2842 nomine

2146 2871 2341 2924 tamen
2375 2869 2605 2924 Domini
2664 2871 2863 2926 omnia
2919 2888 3053 2927 cum
3113 2874 3336 2929 ratione
3393 2874 3702 2946 perficiant
3758 2875 3806 2948 (I

2148 2957 2267 3013 Cor.
2300 2976 2356 3026 x,
2388 2960 2502 3032 31),
2536 2976 2652 3014 non
2685 2960 2744 3014 in
2803 2977 2976 3016 carne
3029 2961 3339 3031 seminare,
3399 2964 3500 3018 sed
3552 2963 3611 3018 in
3673 2964 3799 3036 spi-

2147 3047 2265 3102 ritu
2292 3065 2305 3116 ;
2339 3055 2394 3103 et
2425 3065 2530 3103 nos
2560 3047 2610 3104 ei
2641 3048 2916 3104 similiter
2946 3052 3452 3123 respondebimus,
3511 3068 3610 3108 eos
3651 3068 3798 3125 quo-

385 3139 511 3196 mili
537 3141 736 3196 docuit
764 3142 1065 3214 exemplo:
1100 3143 1206 3209 Qui
1241 3156 1417 3210 parce
1447 3142 1711 3206 seminat,
1764 3155 1932 3210 parce
1985 3141 2036 3194 et
2067 3119 2109 3187 C
2149 3151 2261 3207 que
2292 3136 2392 3208 qui
2423 3137 2522 3192 Dei
2555 3137 2806 3209 primam
2865 3140 3218 3194 sententiam
3271 3144 3596 3212 sequantur
3661 3157 3797 3197 cum

383 3238 587 3286 metet:
627 3239 679 3285 et
733 3233 828 3301 qui
872 3233 1107 3286 seminat
1155 3232 1212 3284 in
1273 3228 1663 3297 benedictione,
1722 3228 1786 3283 de
1819 3229 2035 3284 benedi-

383 3320 560 3375 ctione
590 3323 640 3374 et
667 3324 846 3375 metet.
883 3321 1257 3390 Unusquisque
1285 3319 1428 3373 sicut
1484 3320 1822 3389 prepositum
1871 3317 2036 3372 habet

382 3409 443 3463 in
470 3407 646 3474 corde,
678 3426 794 3463 non
817 3424 886 3463 ea:
922 3409 1175 3474 tristitia,
1237 3415 1334 3461 aut
1385 3408 1744 3461 necessitate:
1801 3407 2036 3460 hilarem

382 3498 534 3551 enim
562 3496 806 3552 datorem
833 3495 1017 3565 diligit
1052 3496 1188 3551 Deus
1219 3495 1299 3565 (ΙΙ
1351 3493 1470 3548 Cor.
1506 3511 1580 3563 Ix,
1611 3496 1665 3564 6,
1696 3493 1773 3562 7).

456 3584 641 3654 (Vers.
676 3586 752 3654 8.)
785 3608 810 3634 ‹‹
847 3583 1132 3650 Quoniam
1165 3583 1266 3655 qui
1296 3583 1549 3639 seminat
1597 3582 1654 3636 in
1677 3597 1849 3636 carne
1904 3599 2032 3650 sua,

386 3673 456 3727 de
486 3688 658 3728 carne
687 3677 745 3728 et
773 3676 950 3728 metet
1001 3673 1454 3744 corruptionem.
1515 3670 1622 3734 Qui
1683 3674 1877 3726 autem
1943 3687 2034 3726 se-

384 3760 572 3816 minat
629 3761 688 3816 in
747 3761 978 3834 spiritu,
1039 3762 1109 3817 de
1167 3761 1376 3832 spiritu
1435 3764 1612 3815 metet
1658 3759 1838 3815 vitam
1869 3763 2030 3815 aeter-

385 3867 542 3906 nam.
577 3872 606 3900 »
637 3849 820 3906 Omne
851 3850 1004 3922 quod
1035 3849 1353 3922 loquimur,
1381 3848 1632 3920 agimus,
1681 3848 2030 3920 cogitamus,

384 3941 441 3994 in
473 3939 704 3996 duobus
736 3939 1063 3996 seminatur
1104 3937 1280 4011 agris,
1340 3954 1512 3993 carne
1570 3942 1626 3992 et
1682 3936 1913 4008 spiritu.
1971 3936 2032 3992 Si

382 4030 536 4084 bona
565 4033 724 4096 sunt,
755 4045 882 4100 quae
914 4028 985 4084 de
1016 4045 1216 4099 manu,
1257 4043 1374 4097 ore,
1428 4025 1597 4081 corde
1656 4028 2028 4096 promuntur,

382 4117 671 4174 seminata
727 4118 785 4172 in
844 4117 1101 4196 spiritu,_
1134 4116 1264 4172 vitae
1313 4121 1537 4171 mternae
1597 4113 1886 4168 fructibus
1943 4131 2029 4168 re-

381 4206 747 4262 dundabunt.
810 4207 870 4262 Si
958 4205 1133 4277 mala,
1193 4206 1265 4261 ab
1326 4220 1465 4277 agro
1525 4202 1713 4258 carnis
1771 4207 2027 4275 excepta,

379 4293 766 4366 corruptionis
816 4295 984 4351 nobis
1043 4299 1295 4366 segetem
1350 4291 1746 4366 pullulabunt.
1808 4289 2027 4347 Aliter:

451 4418 466 4450 ¹
500 4416 684 4489 Aliter
712 4435 778 4474 ac
807 4420 1002 4474 verius
1032 4419 1298 4489 fortasse,
1353 4417 1597 4473 Palatin.
1659 4433 1793 4482 ms.,
1846 4417 2030 4472 Simul

2148 3225 2368 3280 ratione
2425 3225 2738 3281 facientes:
2805 3226 3036 3283 Crescite
3088 3237 3139 3283 et
3192 3229 3668 3300 multiplicamini,
3745 3233 3801 3286 et

2147 3316 2344 3385 replete
2383 3317 2589 3369 terram
2618 3319 2773 3384 (Gen.
2832 3316 3015 3386 1,22),
3094 3332 3208 3372 non
3286 3317 3345 3371 in
3422 3333 3616 3386 carne,
3695 3317 3801 3373 sed

2145 3403 2204 3456 in
2237 3402 2447 3474 spiritu
2479 3404 2788 3460 seminare.
2822 3403 3209 3477 Syllogismus
3231 3406 3428 3478 itaque
3449 3407 3579 3478 ejus
3611 3405 3800 3462 futilis

2145 3497 2202 3545 et
2232 3492 2506 3558 caducus,
2554 3492 2913 3564 scphismate
2965 3493 3223 3564 primum
3281 3495 3498 3567 decipit
3553 3495 3798 3552 audien-

2144 3585 2282 3634 tem.
2316 3583 2598 3635 Caaterum
2631 3580 2943 3653 diligenter
2963 3583 3285 3655 inspectus,
3308 3583 3475 3639 facile
3503 3583 3785 3642 solvitur:

2142 3668 2340 3739 Neque
2370 3669 2525 3724 enim
2549 3685 2868 3740 possumus
2899 3671 3108 3739 dicere,
3139 3672 3458 3744 Abraham,
3519 3673 3679 3728 Isaac
3737 3677 3798 3729 et

2140 3757 2341 3826 Jacob,
2374 3762 2432 3812 et
2459 3757 2604 3813 alios
2635 3763 2868 3815 sanctos
2897 3760 3072 3831 viros,
3106 3761 3205 3833 qui
3229 3761 3302 3817 de
3336 3762 3794 3836 repromissione

2142 3846 2261 3900 nati
2319 3851 2459 3901 sunt
2514 3847 2706 3919 (Hebr,
2738 3865 2816 3916 χι,
2876 3849 2954 3919 9),
3011 3849 3206 3921 ipsum
3266 3867 3500 3923 quoque
3558 3850 3793 3918 Domini

2143 3951 2579 4007 praecursorem,
2616 3937 2761 3993 527
2825 3938 2965 4009 quia
3017 3937 3078 3993 in
3137 3955 3310 3995 carne
3347 3944 3522 3996 natus
3578 3945 3688 4007 est,
3722 3939 3795 3996 de

2141 4025 2530 4096 corruptionis
2595 4027 2859 4097 germine
2943 4026 3288 4099 pullulasse,
3355 4027 3498 4084 illud
3577 4029 3797 4102 pariter

2140 4113 2591 4179 observandum,
2625 4116 2782 4186 quod
2815 4114 2915 4188 qui
2974 4116 3226 4172 seminat
3281 4116 3342 4172 in
3399 4133 3594 4182 carne,
3653 4133 3791 4174 cum

2140 4200 2536 4257 additamento
2567 4219 2684 4257 suae
2712 4204 2906 4259 carnis
2951 4205 3226 4275 ponitur:
3283 4205 3384 4277 qui
3443 4210 3643 4262 autem
3699 4221 3795 4262 se-

2139 4288 2323 4344 minat
2355 4289 2412 4344 in
2445 4291 2675 4362 spiritu,
2711 4308 2826 4347 non
2854 4291 3068 4348 dicitur
3107 4294 3168 4349 in
3199 4295 3413 4366 spiritu
3471 4311 3579 4351 suo
3599 4295 3641 4365 ³,
3691 4294 3796 4352 sed

2138 4413 2406 4490 fecimus,
2468 4416 2891 4490 reponendum,
2925 4416 3222 4490 Cassianus
3257 4463 3270 4484 ,
3322 4419 3593 4474 omnium
3651 4420 3797 4490 quot

377 4488 655 4544 notandus
683 4489 811 4545 ordo
837 4493 1123 4559 sermonis,
1159 4499 1214 4546 et
1263 4485 1386 4545 cum
1445 4490 1823 4560 superioribus
1875 4504 2032 4557 copu-
2061 4488 2108 4552 D
2142 4485 2418 4560 vidimus,
2449 4485 2890 4560 codicummss.
2933 4488 2993 4542 in
3023 4488 3132 4545 hac
3161 4489 3408 4546 lectione
3467 4485 3796 4546 consensus

379 4560 597 4628 landus,
631 4561 771 4631 quod
801 4562 956 4617 homo
989 4565 1211 4617 vocatur
1240 4563 1301 4615 in
1328 4561 1528 4624 spiritu
1568 4562 1867 4625 seminans,
1901 4561 2032 4630 quia

377 4632 605 4704 quando
622 4635 860 4704 coeperit,
883 4640 994 4688 etc.

449 4706 471 4738 ³
502 4701 737 4776 Vulgati
768 4701 1050 4760 hactenus
1079 4703 1234 4776 libri,
1270 4704 1577 4776 Tatiunum,
1611 4701 1704 4776 hic
1731 4717 1838 4776 pro
1893 4701 2026 4755 Cas-

376 4776 534 4831 siano
564 4773 924 4832 obtrudunt:
987 4776 1130 4847 quin
1161 4774 1532 4847 Martianaeus
1563 4773 1842 4847 refragari
1891 4788 2025 4826 suo-

379 4863 509 4901 rum
542 4847 873 4904 auctoritati
910 4843 1332 4918 exemplarium
1391 4861 1504 4899 non
1565 4843 1876 4909 dubitabit,
1916 4848 2025 4896 im-

377 4934 589 5040 pressae
650 4919 913 4975 lectionis
970 4917 1304 4991 praejudicio
1370 4918 1667 4986 deceptus,
1753 4920 1809 4968 et
1891 4930 2024 4968 cum

402 4989 599 5040 audati
631 4992 702 5040 ab
734 5008 800 5040 eo
831 4991 1058 5040 codices
1089 4987 1489 5040 Cluniacensis
1520 5003 1586 5040 ac
1617 4986 1830 5040 Regius
1887 4985 2024 5039 Cas-

402 4989 599 5042 audati
631 4992 702 5045 ab
734 5008 800 5046 eo
831 4985 1058 5046 codices
1083 4985 1489 5044 Cluniacensis
1516 4985 1586 5040 ac
1617 4986 1830 5054 Regius
1887 4985 2024 5039 Cas-

377 5059 610 5132 sianum
644 5063 1017 5132 praeferrent:
1051 5062 1240 5131 Error,
1277 5058 1484 5132 inquit,
1531 5057 1638 5132 hic
1669 5061 1759 5132 est
1806 5058 2023 5132 exscri-

376 5129 608 5200 plorum
644 5128 942 5200 'veterum,
1003 5128 1234 5203 quibus
1277 5128 1468 5203 notior
1522 5130 1631 5203 fuit
1688 5128 2021 5203 Cassianus,

375 5199 553 5271 quam
627 5199 934 5258 Tatianus.
988 5199 1109 5258 Iino
1159 5208 1282 5258 erat
1338 5200 1732 5273 colligendum
1789 5199 2023 5273 penitus

373 5270 718 5329 econtrario.
750 5275 943 5330 Julius
976 5276 1132 5329 enim
1163 5270 1579 5330 Cassianus'ex
1635 5270 1857 5326 nefaria
1909 5270 2020 5324 Va-

373 5341 832 5417 lcntinianorum
865 5345 1108 5401 colluvne
1138 5347 1319 5401 ferme
1351 5343 1604 5417 ignotior
1638 5342 1882 5417 Tatiano
1912 5346 2018 5409 est,

375 5431 629 5496 cumque
661 5416 926 5496 absolute
955 5417 1051 5472 hic
1081 5415 1465 5496 gieronym'us
1513 5415 1836 5496 Encratitas
1882 5429 2020 5494 per-

371 5486 645 5560 stringat,
680 5488 1056 5560 notissimum
1087 5486 1338 5560 Tatiani,
1394 5489 1522 5558 ejus
1580 5489 1759 5560 secta}
1807 5486 2020 5555 princi-

371 5558 463 5632 pis
495 5555 707 5616 nomen
739 5559 990 5632 proclive
1017 5557 1350 5632 fuitsciolis
1390 5555 1858 5632 amanuensibus
1915 5572 2019 5632 pro

372 5626 634 5694 Cassiano
664 5626 950 5709 perquam
980 5629 1160 5689 simili
1193 5627 1578 5687 comminisci.
1611 5627 1679 5686 Et
1714 5641 1870 5696 vero,
1917 5626 2015 5692 'uti

2142 4558 2473 4633 persuadet.
2510 4558 2638 4628 Ipse
2667 4558 2840 4633 etiam
2874 4565 3200 4633 contextus,
3249 4567 3308 4617 et
3359 4577 3537 4633 quam
3585 4561 3795 4618 Hiero-

2137 4644 2357 4702 nymus
2383 4629 2710 4700 impugnat,
2752 4631 2879 4701 ejus
2912 4631 3126 4686 evincit
3155 4629 3442 4688 hazreseos
3493 4633 3739 4688 historia
3772 4651 3789 4702 ;

2137 4700 2237 4771 qui
2268 4699 2423 4754 enim
2452 4699 2762 4771 putalivam
2782 4699 3001 4758 Christi
3027 4719 3245 4759 carnem
3278 4704 3610 4771 introduxit,
3666 4699 3788 4760 sive

2137 4770 2237 4842 qui
2277 4770 2504 4847 primus
2561 4773 2908 4847 ementitum
2960 4776 3210 4847 Domino
3264 4791 3477 4847 corpus
3533 4770 3784 4847 affinxit,

2135 4859 2251 4918 non
2325 4842 2808 4918 Tatianusktsed
2881 4843 3076 4918 Julius
3151 4842 3469 4903 Cassianus
3508 4847 3638 4914 fuit,
3684 4842 3787 4918 qui

2136 4914 2277 4968 adeo
2311 4913 2523 4968 dicitur
2549 4915 2606 4968 S.
2638 4913 2918 4970 Clementi
2939 4915 3349 4973 Alexandrino.
3378 4918 3480 4973 lib.
3515 4935 3576 4974 ιιι
3635 4913 3786 4974 Stro-

2134 4989 2494 5062 mettum,_rﬁq
2518 4980 2793 5053 ’δοκήσεως
2842 4985 3086 5060 ἒξὰρχων
3141 4989 3460 5044 Docetarum
3507 4992 3787 5062 princeps.

2134 5056 2278 5119 Quin
2312 5056 2626 5133 etlibr_um,
2659 5073 2726 5133 ei;
2756 5074 2870 5133 quo
2901 5056 3162 5133 subnexa
3192 5056 3538 5133 argumenta
3587 5056 3788 5116 lliero-

2135 5143 2350 5204 nymus
2376 5127 2858 5204 copfutathaCile
2888 5127 3321 5204 existimoieuin
3348 5133 3571 5204 ipsum,
3605 5147 3785 5202 quem

2135 5198 2305 5252 modo
2338 5198 2610 5254 laudatus
2639 5198 2904 5255 Clemens
2925 5203 3235 5258 Alexandr.
3269 5221 3303 5259 a
3332 5198 3784 5260 Cassiano—me-

2134 5273 2322 5348 morat
2351 5269 2742 5348 lucubratum,
2777 5271 2852 5348 ab
2877 5287 3061 5344 eoque
3091 5274 3463 5346 inscriptum,
3509 5272 3634 5348 περί
3694 5273 3786 5348 ἑγ-

2131 5337 2378 5415 κρᾳῖςίας
2411 5337 2942 5415 ᾔ-πξρί-εύνὸυχίας.

2201 5412 2222 5443 ³
2251 5411 2687 5489 U_nus'Pala_ti_n.
2713 5411 2850 5480 ms.,
2895 5431 3005 5489 non
3033 5415 3268 5489 dicitur,
3289 5417 3350 5470 in
3404 5419 3628 5489 spiritu,
3688 5415 3784 5475 sed

2127 5461 2463 5561 δίγηρὶὲἆιὲἧ
2488 5461 3003 5561 ;,',2;;21;;"aa}a{g
3033 5461 3504 5561 Βέὰὲῗὲῖἱιιόἓξ
3527 5461 3647 5548 ’νὶΕῆ
3688 5461 3779 5550 ’ἷᾶ

2125 5570 2225 5611 suo
2253 5557 2563 5630 quoppiam,
2597 5571 2721 5632 pro,
2752 5559 3057 5632 quippiam.
