4144 6202
339 288 452 359 ’46!

1003 293 1519 359 COMMENTAR.
1567 297 1645 356 IN
1693 296 1934 356 EPIST.
1982 293 2084 354 AD
2130 295 2411 355 GALAT.
2459 297 2608 357 LIB.
2658 297 2760 372 III,
2809 298 2981 362 CAP.
3029 299 3135 361 VI.

3636 297 3752 364 462

340 428 686 502 simpliciter
733 428 794 484 i-n
853 428 1084 501 spiritu.
1130 429 1255 492 Qui
1301 429 1459 484 enim
1509 429 1660 485 bona
1716 427 1986 496 seminat,
2017 428 2290 499 Ajustos
2338 431 2394 483 et
2451 427 2702 499 injustos
2751 430 2959 500 (Matth.
3002 449 3056 485 v.
3090 431 3199 503 45).
3258 432 3409 488 Fons
3467 434 3749 490 bonitatis

339 535 456 576 non
484 518 547 574 in
580 535 686 574 suo
718 517 1044 590 quidpiam,
1078 518 1177 574 sed
1209 517 1269 573 in
1311 517 1409 574 Dei
1456 518 1665 590 spiritu
1718 517 1990 583 seminat,

339 609 410 664 de
440 625 558 680 quo
590 612 646 664 et
674 607 853 663 vitam
884 611 972 662 est
1003 623 1306 663 messurus
1335 611 1633 663 mternam.

409 695 595 767 (Vers.
626 696 708 767 9.)
750 717 778 745 «
811 695 1036 751 Bonum
1087 700 1282 751 autem
1331 695 1629 765 facientes,
1684 712 1797 750 non
1849 695 1990 751 defi-

337 783 603 840 ciamus:
639 789 902 856 tempore
949 783 1102 839 enim
1155 802 1262 840 suo
1315 790 1631 852 metemus,
1693 802 1809 840 non
1843 784 1992 839 defi-

337 874 575 930 cientes.
605 897 626 922 ι»
654 873 1003 928 Cohortatur
1021 890 1118 928 eos
1142 874 1212 928 ad
1237 874 1501 929 studium
1527 873 1987 946 perseverantiae,

336 964 436 1034 qui
467 963 527 1018 in
559 962 668 1018 hac
695 961 815 1018 vita
845 963 1173 1018 mercedem
1208 962 1342 1017 boni
1391 963 1583 1035 operis
1632 965 1991 1035 exspectant,

335 1051 666 1107 nescientes
710 1051 850 1122 quia
906 1051 1060 1107 sicut
1114 1050 1172 1106 in
1232 1050 1454 1106 semine
1513 1051 1670 1107 aliud
1723 1050 1989 1120 sationis,

335 1139 503 1196 aliud
533 1140 742 1196 messis
770 1143 860 1195 est
901 1144 1174 1211 tempus:
1227 1140 1313 1195 sic
1359 1144 1415 1195 et
1459 1139 1518 1194 in
1553 1139 1823 1212 praesenti
1851 1139 1990 1206 vita,

336 1230 661 1284 sementem
691 1243 818 1282 esse
859 1242 1036 1299 opera
1081 1227 1231 1298 (quae
1280 1226 1367 1282 vel
1416 1227 1474 1281 in
1527 1227 1760 1299 spiritu,
1809 1227 1896 1282 vel
1932 1227 1991 1281 in

333 1331 514 1372 carne
543 1315 874 1385 metantur),
908 1330 1162 1372 messem
1208 1332 1342 1371 vero
1383 1316 1647 1371 futurum
1673 1316 1990 1387 judicium,

332 1409 392 1460 et
420 1404 834 1476 proqualitate
862 1403 950 1460 vel
989 1403 1324 1459 diversitate
1374 1405 1677 1468 sementis.
1733 1404 1993 1460 diversas

333 1510 442 1550 nos
473 1493 657 1549 facere
688 1508 1007 1562 messuras,
1042 1492 1427 1548 centesimum
1446 1497 1499 1548 et
1533 1493 1992 1572 sexagesimum,

333 1586 394 1638 et
421 1581 781 1638 tricesimum
817 1582 1095 1649 fructum,
1121 1598 1300 1654 quam
1325 1586 1584 1652 segetem
1607 1598 1778 1638 nemo
1802 1586 1994 1653 potest

333 1675 552 1728 metere
573 1670 870 1728 deﬁciens.
897 1672 1002 1740 Qui
1031 1672 1178 1726 enim
1198 1673 1626 1743 perseveraverit
1655 1687 1820 1742 usque
1845 1673 1906 1727 in
1926 1670 1990 1740 ﬁ-

330 1777 481 1830 nem,
538 1759 628 1815 hic
678 1761 862 1816 salvus
917 1762 1028 1816 erit
1082 1761 1306 1832 (Matth.
1350 1777 1406 1828 x,
1437 1761 1549 1831 22).
1605 1761 1766 1816 Sicut
1819 1764 1875 1816 et
1929 1760 1987 1814 in

329 1804 618 1905 alio,loco
677 1848 1042 1921 praecipitur:
1083 1804 1239 1904 ΧΙῑλςιο
1295 1804 1408 1904 non
1459 1804 1715 1920 deﬁciens
1771 1848 1898 1920 (Isa.
1931 1864 1986 1913 v,
2020 1804 2066 1869 Β

326 1938 445 2008 27).
479 1937 657 2002 Quale
687 1942 775 1993 est
803 1941 1024 2004 autem,
1057 1945 1121 1992 ut
1150 1954 1285 1993 cum
1338 1942 1675 2011 peccatores
1727 1937 1988 2010 quotidie

327 2026 392 2081 in
424 2024 594 2082 malis
622 2026 898 2098 operibus
942 2031 1286 2098 augeantur,
1341 2043 1449 2083 nos
1497 2024 1556 2081 in
1610 2026 1762 2082 bono
1811 2041 1985 2098 opere

333 2113 633 2171 lassemur
651 2114 679 2169 ?

409 2203 595 2275 (Vers.
631 2204 741 2275 10.)
775 2227 802 2254 ‹‹
844 2204 988 2277 Ergo
1027 2205 1168 2260 dum
1211 2209 1445 2275 tempus
1489 2204 1795 2276 habemus,
1847 2220 1985 2276 ope-

333 2309 539 2350 remur
583 2293 802 2349 bonum
863 2294 933 2349 ad
988 2309 1212 2364 omnes,
1246 2293 1498 2348 maxime
1545 2297 1740 2348 autem
1786 2293 1858 2348 ad
1889 2293 1986 2348 do-

333 2381 614 2438 mesticos
669 2383 822 2438 ﬁdei.
861 2405 882 2432 ι
944 2383 1201 2454 Tempus
1249 2382 1552 2452 sementis,
1609 2387 1674 2438 ut
1703 2382 1982 2448 diximus,

332 2476 571 2544 tempus
597 2476 686 2528 est
730 2487 1010 2544 praesens,
1041 2476 1098 2527 et
1143 2471 1259 2526 vita
1310 2488 1488 2543 quam
1542 2469 1858 2527 currimus.
1921 2475 1984 2526 )n

334 2561 447 2616 hac
505 2560 638 2616 licet
693 2561 864 2617 nobis
922 2560 1074 2633 quod
1132 2559 1402 2616 volumus
1459 2560 1787 2627 seminare;
1850 2575 1984 2615 cum

332 2649 451 2705 ista
504 2649 621 2705 vita
675 2649 995 2716 transierit,
1057 2650 1333 2720 operandi
1391 2655 1626 2721 tempus
1702 2649 1981 2705 aufertur.

335 2736 503 2793 Unde
551 2742 607 2793 et
651 2737 912 2794 Salvator
968 2737 1086 2793 ait:
1145 2736 1464 2809 Operamini
1511 2738 1642 2793 dum
1696 2737 1809 2793 dies
1865 2741 1983 2792 est:

332 2825 515 2882 veniet
567 2843 700 2892 nox,
781 2827 993 2897 quando
1055 2828 1178 2898 jam
1248 2827 1438 2882 nullus
1512 2828 1713 2899 poterit
1767 2828 1987 2898 operari

334 2917 514 2986 (Joan.
580 2933 655 2986 1x,
716 2917 794 2988 4.)
850 2919 1024 2971 Ortus
1077 2920 1166 2971 est
1223 2915 1394 2970 nobis
1449 2915 1550 2970 Dei
1626 2932 1840 2982 sermo,
1899 2913 1984 2970 sol

336 3020 533 3072 verus,
565 3009 622 3060 et
681 3008 1040 3076 congregatae
1097 3008 1236 3060 sunt
1295 3003 1489 3060 bestiae
1549 3005 1884 3060 recedentes
1927 3004 1986 3058 in

337 3092 558 3149 cubilia
611 3111 756 3149 sua:
817 3093 1202 3165 procedamus
1260 3096 1326 3148 ut
1386 3092 1653 3148 homines
1713 3093 1783 3148 ad
1842 3108 1988 3163 opus

2101 515 2375 572 omnibus
2407 522 2582 589 patet.
2616 518 2829 574 Servus
2879 521 2936 573 et
2982 517 3147 590 liber,
3209 519 3468 593 plebeius
3515 528 3570 578 et
3628 541 3746 592 rex,

2101 605 2261 660 dives
2309 611 2363 661 et
2416 623 2655 678 pauper,
2689 624 2757 662 ex
2787 624 2852 662 eo
2900 607 3169 664 similiter
3215 609 3442 667 bibunt.
3486 613 3750 670 Lucerna

2100 710 2235 750 cum
2292 711 2537 751 accensa
2605 696 2780 751 fuerit
2838 696 2895 751 in
2973 697 3169 765 domo,
3248 699 3524 755 omnibus
3594 701 3749 759 lucet

2102 782 2420 856 aequaliter.
2455 785 2617 848 Quod
2650 785 2700 841 si
2750 785 2807 840 in
2863 791 3105 842 cunctos
3151 785 3550 843 indifferenter
3597 789 3743 846 libe-

2102 870 2352 926 ralitatis
2383 873 2546 928 frena
2577 873 2867 941 laxantur,
2902 879 3120 945 quanto
3160 875 3348 947 magis
3381 875 3439 930 in
3471 875 3749 932 domesti-

2103 976 2201 1015 cos
2235 960 2387 1032 ﬁdei,
2421 962 2564 1016 etin
2615 962 2999 1030 Christianos,
3053 963 3155 1034 qui
3209 963 3481 1020 eumdem
3530 964 3749 1021 habent

2103 1048 2351 1116 Patrem,
2383 1050 2629 1122 ejusque
2661 1051 2926 1124 magistri
2964 1050 3350 1124 appellatione
3396 1053 3746 1110 censentur!

2101 1137 2342 1192 Videtur
2373 1143 2568 1194 autem
2604 1139 2747 1194 mihi
2777 1140 2940 1196 locus
2961 1139 3083 1217 iste
3126 1157 3299 1212 posse
3327 1145 3384 1197 et
3431 1143 3749 1215 superiori-

2103 1224 2213 1280 bus
2248 1225 2554 1295 cohaerere,
2599 1231 2663 1281 ut
2713 1228 3067 1284 domesticos
3101 1228 3256 1294 fidei,
3289 1229 3600 1303 magistros
3643 1249 3746 1287 no-

2103 1313 2306 1382 minet,
2341 1314 2556 1385 quibus
2598 1333 2776 1387 supra
2825 1317 3024 1373 omnia
3066 1334 3191 1389 quae
3240 1323 3522 1390 putantur
3572 1321 3746 1390 bona,

2106 1401 2175 1456 ab
2206 1403 2575 1460 auditoribus
2603 1404 2727 1460 suis
2752 1406 3013 1475 jusserat
3042 1407 3385 1463 ministrari.
3436 1409 3614 1464 Breve
3661 1413 3753 1466 est

2101 1490 2228 1545 vitae
2261 1491 2435 1548 istius
2481 1491 2858 1549 curriculum.
2912 1494 3028 1550 Hoc
3072 1495 3265 1567 ipsum
3311 1498 3467 1568 quod
3515 1496 3748 1570 loquor,

2102 1580 2257 1650 quod
2289 1579 2462 1648 dicto,
2513 1583 2668 1653 quod
2728 1583 2992 1649 scribo‘,
3051 1585 3204 1656 quod
3264 1586 3530 1652 emendo,
3589 1587 3745 1658 quod

2101 1667 2313 1742 relego,
2373 1671 2444 1725 de
2502 1675 2760 1743 tempore
2815 1688 2943 1728 meo
3003 1672 3147 1729 mihi
3207 1679 3309 1730 aut
3358 1673 3586 1743 crescit,
3646 1679 3751 1732 aut

2103 1757 2344 1830 deperit.
2377 1759 2563 1825 Titus,
2596 1759 2754 1815 ﬁlius
2802 1760 3170 1833 Vespasiani,
3203 1762 3302 1835 qui
3348 1762 3408 1818 in
3461 1763 3747 1821 ultionem

2096 1845 2385 1904 Dominici
2444 1849 2771 1921 sanguinis,
2831 1850 3128 1906 subversis
3177 1851 3573 1924 Jerosolymis,
3635 1853 3746 1909 Ro-

2098 1952 2253 1991 mam
2313 1937 2496 1992 victor
2552 1938 2855 2011 ingressus
2912 1943 3019 2005 est,
3079 1943 3252 1996 tantae
3309 1940 3523 1996 dicitur
3566 1941 3749 2000 fuisse

2096 2024 2396 2093 bonitatis,
2461 2031 2527 2081 ut
2587 2044 2721 2082 cum
2781 2028 3035 2098 quadam
3098 2033 3266 2084 nocte
3313 2045 3442 2084 sero
3483 2029 3505 2064 ²
3557 2045 3747 2085 recor-

2094 2113 2351 2180 daretur,
2385 2113 2444 2169 in
2475 2131 2660 2181 cmna,
2691 2116 2844 2186 quod
2880 2115 3025 2170 nihil
3057 2115 3194 2172 boni
3217 2115 3310 2171 die
3349 2115 3452 2172 illa
3490 2117 3745 2184 fecisset,

2093 2201 2304 2258 dixerit
2335 2203 2540 2258 amicis
2571 2221 2583 2259 :
2620 2204 2796 2259 Hodie
2827 2205 2981 2260 diem
3016 2205 3261 2276 perdidi.
3294 2205 3410 2261 Nos
3467 2210 3747 2277 putamus

2095 2307 2212 2346 non
2243 2291 2428 2364 perire
2460 2293 2628 2348 nobis
2657 2292 2883 2363 horam,
2917 2294 3096 2362 diem,
3131 2297 3448 2361 momenta,
3484 2299 3742 2366 tempus,

2095 2385 2313 2448 (states,
2347 2397 2480 2436 cum
2517 2381 2771 2437 otiosum
2817 2383 3063 2438 verbum
3114 2381 3432 2454 loquimur,
3475 2400 3580 2456 pro
3629 2400 3744 2456 quo

2095 2469 2380 2525 reddituri
2410 2487 2618 2526 sumus
2661 2471 2946 2528 rationem
2999 2473 3059 2527 in
3119 2471 3211 2528 die
3261 2472 3475 2543 judicii
3524 2473 3742 2544 (Matth.

2095 2575 2194 2628 χιι,
2227 2558 2366 2628 36)?
2411 2560 2572 2624 Quod
2621 2562 2671 2618 si
2702 2562 2811 2617 hoc
2842 2560 2937 2616 ille
2992 2562 3118 2616 sine
3166 2562 3334 2634 Lege,
3379 2560 3507 2617 sine
3554 2561 3746 2617 Evan-

2093 2645 2264 2718 gelio,
2326 2648 2451 2703 sine
2497 2647 2831 2720 Salvatoris,
2885 2654 2943 2704 et
2993 2649 3392 2722 apostolorum
3444 2650 3743 2718 doctrinae,

2094 2736 2439 2792 naturaliter
2468 2741 2523 2792 et
2551 2737 2717 2805 dixit,
2746 2744 2802 2794 et
2833 2739 3004 2794 fecit:
3053 2739 3193 2810 quid
3247 2756 3354 2797 nos
3403 2744 3630 2812 oportet
3659 2741 3743 2795 fa-

2093 2841 2240 2880 cere.
2274 2825 2332 2880 in
2364 2843 2616 2898 quorum
2665 2827 3213 2883 condemnationem
3264 2827 3441 2884 habet
3488 2833 3545 2883 et
3588 2829 3744 2884 Juno

2097 2913 2374 2982 univiras,
2410 2919 2466 2969 et
2495 2916 2671 2971 Vesta
2701 2915 2976 2988 virgines,
3010 2920 3066 2971 et
3095 2915 3210 2970 alia
3237 2915 3394 2971 idola
3441 2916 3742 2971 continen-

2094 3008 2182 3058 tes
2202 3003 2230 3057 ?
2259 3003 2468 3059 Beatus
2497 3004 2754 3060 Joannes
2785 3004 3142 3075 evangelista
3171 3021 3308 3061 cum
3356 3004 3568 3076 Ephesi
3619 3021 3742 3060 mo-

2097 3097 2323 3148 raretur
2382 3108 2568 3164 usque
2623 3094 2694 3147 ad
2755 3092 3026 3148 ultimam
3083 3091 3233 3149 529
3289 3097 3647 3150 senectutem
3696 3095 3741 3161 ³,

338 3186 629 3251 nostrum,
662 3186 719 3238 et
750 3198 936 3254 usque
966 3181 1037 3237 ad
1077 3197 1377 3252 vesperam
1432 3181 1786 3248 laboremus,
1839 3181 1986 3236 sicut
2017 3170 2059 3236 C
2099 3185 2154 3235 et
2211 3181 2302 3235 vix
2358 3180 2512 3236 inter
2568 3181 2987 3254 discipulorum
3041 3198 3254 3237 manus
3311 3182 3381 3237 ad
3434 3180 3743 3239 ecclesiam

334 3271 584 3343 mystice
611 3275 883 3327 cantatur
910 3271 968 3325 in
1001 3269 1265 3342 psalmo:
1321 3272 1568 3326 Posuisti
1617 3273 1883 3336 tenebras,
1937 3275 1986 3325 et

334 3363 486 3431 facta
529 3363 609 3415 est
655 3376 786 3416 nox.
837 3362 894 3415 In
943 3360 1064 3431 ipsa
1103 3360 1524 3431 pertransibunt
1573 3359 1760 3417 bestiae
1807 3361 1985 3426 silvae,

336 3451 509 3506 catuli
539 3450 758 3505 leonum
802 3451 1106 3519 rugientes,
1156 3457 1219 3504 ut
1265 3451 1510 3520 rapiant,
1558 3453 1609 3504 et
1656 3453 1907 3520 quaerant
1952 3465 1988 3503 a

336 3538 444 3593 Deo
493 3553 673 3593 escam
699 3537 826 3592 sibi.
862 3538 1022 3593 Ortus
1067 3545 1144 3593 est
1198 3538 1298 3604 sat,
1331 3540 1383 3592 et
1435 3542 1781 3610 congregatae
1837 3542 1983 3604 sunt,

333 3628 389 3682 et
419 3629 485 3682 in
513 3627 786 3683 cubilibus
815 3627 934 3682 suis
959 3626 1320 3682 dormierunt.
1365 3626 1684 3696 Egredietur
1731 3626 1888 3683 homo
1917 3627 1987 3682 ad

336 3731 474 3787 Opus
528 3732 708 3782 suum,
767 3720 818 3771 et
871 3716 940 3771 ad
1014 3716 1384 3787 operationem
1453 3732 1608 3770 suam
1679 3732 1848 3787 usque
1918 3716 1988 3770 ad

336 3821 624 3876 vesperam
699 3805 868 3877 (Psat.
929 3821 1047 3871 cm,
1107 3805 1360 3875 20—23).
1433 3803 1558 3859 Sive
1616 3810 1985 3877 aegrotamus,

337 3893 464 3949 sive
497 3894 622 3948 sani
653 3909 884 3962 sumus,
918 3892 1194 3957 humiles,
1245 3893 1334 3948 vel
1367 3897 1650 3965 potentes,
1682 3909 1992 3965 pauperes,

339 3982 574 4048 divites,
607 3981 913 4055 ignobiles,
966 3981 1256 4048 honorati,
1307 3980 1654 4048 esurientes,
1691 3981 1840 4038 528
1871 3982 1990 4038 sive

334 4075 663 4137 vescentes,
695 4071 970 4128 omniain
993 4072 1230 4127 nomine
1283 4069 1515 4126 Domini
1547 4087 1675 4125 cum
1711 4070 1991 4143 patientia

338 4165 399 4216 et
427 4160 863 4233 aequanimitate
921 4160 1207 4216 faciamus
1262 4161 1312 4232 (l
1335 4159 1455 4217 Cor.
1488 4178 1543 4228 x,
1601 4160 1712 4231 31),
1772 4164 1830 4215 et
1879 4159 1990 4213 im-

337 4248 598 4324 plebitur
626 4249 686 4305 in
719 4249 888 4306 nobis
935 4249 1078 4304 illud
1126 4249 1282 4322 quod
1338 4249 1622 4321 scriptum
1671 4253 1800 4304 est:
1850 4249 1990 4303 Dili-

335 4335 589 4411 gentibus
640 4347 824 4396 autem
883 4340 1193 4406 Dominum,
1252 4340 1440 4394 omnia
1495 4346 1856 4410 cooperantur
1934 4340 1993 4392 in

337 4428 547 4484 bonum
577 4428 746 4498 (Rom.
779 4445 900 4494 VIII,
930 4429 1042 4499 28).
1077 4427 1168 4483 Ira
1195 4426 1324 4498 ipsa
1353 4431 1409 4482 et
1458 4425 1661 4497 libido,
1722 4431 1780 4482 et
1835 4427 1991 4497 inju-

2095 3269 2439 3337 deferretur,
2470 3285 2573 3325 nec
2605 3274 2804 3342 posset
2831 3271 2889 3324 in
2921 3270 3090 3342 plura
3139 3287 3340 3326 vocem
3385 3271 3564 3327 verba
3610 3287 3744 3328 con-

2095 3363 2303 3430 texere,
2337 3358 2504 3413 nihil-
2543 3358 2702 3414 aliud
2735 3375 2836 3430 per
2892 3359 3156 3432 singulas
3213 3359 3435 3416 solebat
3484 3360 3740 3431 proferre

2095 3447 2385 3517 collectas,
2444 3448 2555 3503 nisi
2611 3449 2756 3505 hoc:
2818 3447 3027 3514 Filioli,
3085 3448 3308 3521 diligite
3365 3448 3735 3506 alterutrum.

2092 3536 2350 3592 Tandem
2413 3536 2683 3609 discipuli
2741 3541 2799 3593 et
2854 3539 3061 3593 fratres
3117 3538 3213 3608 qui
3272 3538 3534 3604 aderant,
3567 3538 3738 3594 taedio

2095 3625 2305 3696 affecti,
2339 3627 2489 3697 quod
2535 3627 2738 3682 eadem
2798 3643 3028 3698 semper
3077 3627 3373 3695 audirent,
3432 3627 3741 3683 dixerunt:

2095 3715 2393 3786 Magister,
2442 3731 2623 3785 quare
2681 3732 2912 3788 semper
2968 3716 3076 3771 hoc
3133 3714 3436 3788 loqueris?
3490 3715 3596 3780 Qui
3653 3732 3745 3771 re-

2096 3803 2332 3874 spondit
2372 3803 2612 3876 dignam
2677 3804 2903 3860 Joanne
2953 3807 3341 3861 sententiam:
3395 3804 3541 3870 Quia
3593 3821 3743 3877 prte-

2097 3896 2327 3963 ceptum
2359 3891 2589 3950 Domini
2618 3898 2729 3959 est,
2761 3899 2817 3950 et
2848 3894 2895 3949 si
2937 3893 3129 3950 solum
3181 3894 3298 3961 liat,
3359 3893 3596 3949 sufficit.
3629 3893 3747 3948 Hoc

2097 3985 2334 4052 propter
2394 3997 2647 4052 prmsens
2697 3983 2962 4054 Apostoli
3016 3982 3400 4042 mandatum:
3453 3983 3754 4051 Operemur

2099 4071 2301 4125 bonum
2355 4071 2429 4125 ad
2475 4087 2695 4127 omnes:
2767 4074 3014 4128 maxime
3058 4075 3245 4127 autem
3301 4071 3379 4126 ad
3436 4071 3750 4127 domesticos

2098 4158 2248 4229 ﬁdei.

2169 4247 2354 4316 (Vers.
2393 4245 2503 4316 11.)
2533 4271 2559 4297 ‹‹
2591 4248 2795 4304 Videte
2825 4248 3101 4320 qualibus
3153 4247 3365 4305 litteris
3419 4248 3630 4322 scripsi
3663 4266 3763 4306 vo-

2100 4335 2190 4391 bis
2223 4353 2350 4391 mea
2382 4353 2581 4391 manu.
2619 4359 2646 4383 »
2681 4337 2747 4390 Hi
2780 4337 2879 4408 qui
2926 4336 3269 4392 circumcidi
3321 4337 3556 4394 Galatas
3602 4337 3757 4395 vole-

2102 4425 2261 4489 bant,
2312 4424 2838 4480 disseminaverant
2894 4425 3009 4482 alia
3069 4425 3314 4482 Paulum
3371 4429 3580 4497 facere,
3640 4427 3755 4484 alia

337 4516 430 4570 ria
459 4532 588 4587 qua
638 4517 927 4574 desiderat
975 4515 1276 4579 ultionem,
1338 4515 1386 4570 si
1437 4532 1529 4570 me
1587 4516 1909 4572 refrenem:
1942 4516 1991 4572 si
2025 4537 2070 4602 ι)
2104 4512 2434 4584 praedicare,
2493 4519 2551 4569 et
2606 4531 2713 4569 suo
2761 4531 2933 4586 opere
2991 4516 3342 4573 destruere‘
3400 4533 3751 4585 sermonem,

337 4609 578 4677 propter
606 4605 790 4661 Deum
824 4610 1084 4662 taceam:
1118 4605 1165 4660 si
1220 4619 1321 4677 per
1359 4602 1622 4677 singulos
1652 4603 1990 4660 commotio-

342 4692 438 4748 uis
471 4691 720 4760 aculeos,
770 4697 828 4748 et
884 4692 1176 4748 incentiva
1231 4691 1523 4758 vitiorum,
1587 4690 1684 4746 Dei
1743 4691 1994 4763 desuper

341 4796 439 4837 me
467 4781 715 4838 videntis
765 4781 1051 4850 recorder,
1103 4782 1256 4836 ﬁunt
1307 4779 1448 4835 mihi
1505 4779 1733 4836 occasio
1784 4778 1992 4834 trium-

339 4869 617 4940 phorum.
652 4871 732 4927 Ne
760 4869 1030 4926 dicamus
1077 4869 1137 4924 in
1188 4869 1530 4942 largiendo:
1586 4866 1686 4924 llle
1731 4876 1814 4924 est
1847 4868 1992 4923 ami-

340 4972 469 5024 cus,
503 4957 659 5014 hunc
706 4959 940 5015 nescio:
991 4957 1087 5014 hic
1135 4959 1306 5014 debet
1357 4958 1638 5030 accipere,
1696 4957 1807 5014 iste
1856 4974 1992 5013 con-

339 5046 547 5102 temni.
580 5046 886 5103 Imitemur
916 5048 1143 5103 Patrem
1170 5052 1457 5115 nostrum,
1483 5046 1582 5118 qui
1613 5045 1794 5102 solem
1818 5063 1993 5102 suum

340 5133 480 5192 oriri
513 5135 652 5191 facit
678 5153 856 5208 super
912 5137 1096 5192 bonos
1125 5141 1183 5193 et
1240 5134 1447 5206 malos,
1502 5140 1559 5191 et
1612 5134 1763 5207 pluit
1818 5151 1996 5207 super

355 5254 362 5256 ”
417 5262 433 5293 ¹
469 5261 624 5316 Idem
660 5277 794 5330 ms.,
829 5262 976 5332 quod
1029 5261 1305 5331 scribitur,
1366 5259 1506 5330 quod
1558 5259 1800 5325 emendo,
1851 5259 1997 5330 quod

338 5331 391 5387 le
431 5347 483 5386 ο.
836 5331 853 5332 ί

347 5439 360 5458 -,
392 5348 436 5436 g’
465 5402 695 5490 Vocem,
726 5421 862 5472 sero,
891 5419 1042 5490 mss.
1071 5403 1254 5490 nostri
1304 5419 1419 5490 non
1468 5407 1817 5490 agnoscunt.
1871 5406 1996 5457 Mox

339 5490 576 5548 quoque
595 5474 820 5549 legunt,
854 5476 1060 5540 Amici,
1101 5475 1258 5530 hodie
1285 5474 1434 5530 diem
1458 5473 1697 5545 perdidi.

344 5617 358 5624 _
411 5547 434 5582 ³
457 5552 702 5624 _An_num_
731 5547 961 5624 scilicet
976 5546 1198 5624 _ageba_t_
1209 5545 1659 5624 nonagesimum
1691 5547 1992 5624 quartum,

330 5617 510 5696 juxta
539 5619 848 5694 Epiphanii
881 5615 1137 5676 ratio'nes
1163 5617 1264 5674 lib.
1297 5634 1337 5691 1,
1369 5615 1496 5694 cap.
1551 5618 1636 5674 12.
1686 5615 1892 5673 Confer
1939 5620 1996 5673 et

2103 4601 2256 4672 quod
2289 4601 2387 4673 qui
2419 4601 2605 4674 legem
2639 4608 2926 4660 assereret
2960 4605 3259 4674 abolitam,
3309 4605 3431 4678 ipse
3461 4605 3755 4660 invenire-

2101 4696 2200 4746 tur
2226 4690 2286 4746 in
2317 4689 2462 4764 lege.
2526 4693 2681 4747 lianc
2739 4693 3095 4765 opinionem,
3159 4694 3299 4765 quia
3355 4711 3470 4750 non
3523 4698 3751 4766 poterat

2105 4779 2319 4834 Paulus
2349 4782 2504 4852 apud
2537 4798 2738 4838 omnes
2771 4799 3026 4854 presens
3057 4783 3182 4854 ipse
3229 4784 3562 4839 subvertere
3592 4785 3754 4854 (pro-

2103 4867 2415 4923 hibebatur
2443 4870 2659 4942 quippe
2689 4869 2960 4937 vinculis,
2991 4887 3118 4942 quae
3151 4873 3222 4927 ob
3271 4871 3482 4927 Christi
3536 4875 3751 4943 marty-

2105 4956 2259 5011 rium
2291 4959 2664 5028 sustinebat),
2698 4960 2958 5030 seipsum
2978 4977 3080 5032 per
3109 4960 3331 5016 litteras
3359 4964 3755 5031 repraesentat.

2103 5044 2172 5099 Et
2204 5063 2275 5101 ne
2306 5046 2504 5118 aliqua
2537 5048 2850 5120 suppositae
2891 5049 3160 5120 Epistolis
3207 5047 3461 5121 suscipio
3492 5066 3759 5106 nascere-

2103 5138 2220 5202 tur,
2258 5136 2328 5190 ab
2359 5135 2468 5192 hoc
2513 5135 2637 5191 loco
2671 5153 2858 5208 usque
2889 5138 2961 5192 ad
3007 5137 3207 5204 finem,
3266 5155 3445 5194 manu
3493 5155 3602 5194 sua
3630 5139 3756 5211 ipse

2105 5263 2386 5335 nostrum_
2422 5260 2839 5335 Hieronymum
2904 5262 3006 5317 lib.
3029 5262 3177 5335 __deg
3214 5264 3354 5319 Viris
3419 5262 3755 5335 Itlustribus,

2105 5347 2230 5404 cap.
2262 5331 2316 5384 9.
2353 5330 2528 5386 Paulo
2561 5330 2692 5404 post
2743 5349 2886 5388 mss.
2943 5333 3221 5404 suffragio
3270 5335 3657 5404 restituimus,
3689 5330 3757 5391 in

2099 5401 2272 5528 plaga
2297 5418 2476 5459 vocem
2505 5401 2673 5458 verba
2717 5408 3024 5471 contexere,
3061 5401 3163 5477 pro
3211 5421 3326 5477 quo
3374 5411 3516 5474 erat,
3560 5401 3757 5463 vocum

2106 5489 2198 5529 ver
2234 5491 2287 5530 a.
2319 5481 2430 5530 etc.
3145 5485 3153 5494 ’

2174 5546 2196 5580 ⁴
2226 5544 2511 5602 Rescribit
2530 5545 2842 5617 Victorius,
2864 5555 2916 5607 et
2936 5564 3100 5606 suum
3121 5563 3281 5624 opere
3298 5547 3600 5623 destruere,
3635 5552 3747 5613 etc.
