4144 6202
374 289 492 349 863

1624 290 1690 350 S.
1736 288 2048 352 EUSEBII
2093 285 2538 349 HIERONYMI

3665 286 3784 350 ιθι

375 419 737 494 perscripsit,
789 420 1104 477 o'stendens
1153 419 1450 492 superiora
1505 421 1578 476 ab
1621 419 1735 477 alio
1765 426 2018 477 exarata.
2051 424 2106 488 Α
2135 420 2395 477 sciamus
2429 421 2647 476 factum
2678 418 2780 475 Dei
2811 434 2941 475 esse
2971 434 3320 475 sermonem.
3345 417 3611 476 Grandes
3640 423 3785 476 Paus

379 510 541 577 Quod
569 513 766 566 autem
796 508 908 565 sub
939 509 1175 565 nomine
1222 509 1351 579 ejus
1399 526 1432 564 a
1478 509 1642 566 falsis
1686 509 2023 567 doctoribus

375 597 648 670 Epistolas
704 597 1093 667 mitterentur,
1151 598 1222 652 ad
1271 596 1823 654 Thessalonicenses
1879 615 2020 670 quo-

379 701 492 760 que
552 687 916 742 demonstrat
984 687 1284 743 scribens:
1345 692 1615 758 Rogamus
1671 690 1855 743 autem
1911 704 2022 756 vos,

375 775 598 849 fratres,
627 791 726 847 per
771 774 1065 832 adventum
1121 775 1350 831 Domini
1397 778 1573 831 nostri
1616 777 1743 833 Jesu
1797 776 2022 842 Christi,

379 863 431 921 et
452 863 660 922 φιοείνὼ
685 865 1118 937 congregationis
1145 866 1202 920 in
1246 867 1444 936 ipsum,
1496 867 1556 919 ut
1609 881 1721 921 non
1777 867 1880 921 cito
1907 881 2023 920 mo-

378 954 621 1010 veamini
659 969 696 1008 α
740 956 914 1009 vestro
955 969 1136 1024 sensu,
1178 968 1277 1009 nec
1325 955 1664 1023 terreamim‘,
1711 969 1884 1024 neque
1925 970 2026 1025 per

376 1040 656 1114 spiritum,
683 1057 854 1115 neque
881 1058 978 1114 per
1003 1057 1332 1109 sermonem,
1378 1058 1552 1113 neque
1573 1059 1678 1114 per
1723 1043 2026 1114 Epistolam

378 1138 642 1203 tanquam
668 1147 766 1204 per
791 1146 888 1188 nos
929 1134 1175 1203 missam,
1208 1133 1368 1203 quasi
1397 1132 1558 1187 instet
1605 1133 1727 1188 dies
1781 1133 2023 1197 Domini,

377 1222 600 1294 nequis
654 1236 743 1277 vos
796 1221 1018 1277 seducat
1067 1221 1185 1276 ullo
1242 1219 1397 1276 modo
1456 1221 1528 1292 (II
1559 1221 1734 1276 Thess.
1770 1237 1830 1291 ιι,
1893 1221 2022 1291 1-3).

379 1309 450 1365 Et
479 1315 545 1365 ut
571 1313 752 1366 totam
784 1308 1091 1382 epistolam
1123 1325 1300 1381 quam
1350 1309 1640 1375 mittebat,
1692 1309 2026 1380 suspicione

378 1401 610 1455 erueret
638 1397 930 1469 falsitatis,
964 1413 1144 1454 manu
1196 1414 1304 1453 sua
1362 1399 1421 1452 in
1480 1397 1596 1453 ﬁne
1652 1398 2023 1470 subscripsit,

379 1485 614 1544 dicens:
647 1487 920 1544 Salutatio
948 1501 1072 1544 mea
1099 1503 1270 1541 manu
1297 1487 1482 1558 Pauli,
1512 1487 1652 1556 quod
1679 1495 1760 1542 est
1803 1488 2026 1556 signum

379 1575 440 1631 in
467 1578 620 1632 omni
673 1577 941 1648 epistola:
1005 1576 1083 1631 ita
1109 1576 1284 1630 scribo
1316 1577 1372 1629 1:
1433 1573 1624 1631 Gratia
1676 1576 1899 1631 Domini
1925 1589 2024 1630 no-

377 1666 484 1720 stri
533 1667 660 1722 Iesu
709 1665 910 1720 Christi
937 1679 1058 1719 cum
1115 1665 1368 1720 omnibus
1423 1667 1573 1720 vobis
1629 1666 1698 1735 (II
1729 1665 1901 1720 Thess.
1939 1681 2024 1731 III,

380 1755 467 1819 17,
501 1754 610 1825 18).
643 1753 731 1807 Ad
760 1753 1133 1810 Colossenses
1164 1753 1337 1808 etiam
1390 1767 1538 1824 quas
1587 1753 1902 1810 dictaverat
1930 1753 2024 1808 lit-

377 1846 553 1912 teras,
602 1857 780 1897 manu
842 1857 952 1898 sua
1006 1841 1277 1897 similiter
1319 1842 1693 1898 subnotavit:
1755 1833 2025 1898 Salutatio

376 1945 503 1986 mea
525 1944 699 1986 manu
725 1930 937 1986 Pauli:
971 1931 1224 1987 Memores
1271 1940 1435 2008 estote
1483 1933 1828 1987 vinculorum
1877 1947 2025 1987 meo-

376 2035 503 2076 rum
532 2019 753 2093 (Coloss.
787 2037 863 2086 1v,
897 2020 1007 2093 18).
1069 2021 1138 2075 Et
1193 2020 1531 2092 ubicunque
1588 2020 1811 2077 sciebat
1847 2019 2026 2076 falsos

377 2110 583 2167 adesse
611 2110 898 2178 doctores,
927 2109 1028 2180 qui
1059 2113 1298 2180 possent
1325 2125 1430 2181 per
1456 2109 1720 2181 Apostoli
1768 2109 2025 2165 auctori-

376 2201 558 2254 tatem
590 2211 738 2255 nova
779 2198 1058 2269 dogmata
1107 2197 1417 2262 seminare,
1476 2197 1784 2270 epistolam
1845 2215 2023 2254 manu

374 2286 614 2360 propria
660 2285 1084 2342 subscribebat.
1135 2286 1400 2357 Denique
1457 2290 1514 2340 et
1569 2287 1642 2342 ad
1698 2287 2026 2343 Corinthios

378 2376 660 2441 scribens,
693 2375 753 2430 in
784 2373 1000 2446 quibus
1049 2379 1216 2431 erant
1267 2374 1588 2431 schismata
1643 2379 1700 2431 et
1751 2375 2020 2444 haereses,

379 2479 734 2536 unoquoque
764 2460 920 2520 530
951 2463 1358 2534 dicenteiEgo
1403 2480 1527 2518 sum
1585 2465 1769 2532 Pauli,
1827 2473 1878 2519 et
1931 2479 2024 2535 ego

378 2552 599 2625 Apollo,
631 2568 729 2622 ego
757 2556 954 2608 autem
1005 2551 1192 2623 Cephw
1241 2554 1289 2621 (I
1324 2555 1448 2608 Cor.
1482 2571 1521 2619 ι,
1557 2553 1669 2623 12),
1711 2551 2022 2624 epistolam

379 2656 550 2698 suam
627 2641 729 2698 tali
781 2641 1158 2697 aunotatione
1223 2641 1511 2714 signavit:
1571 2642 1846 2698 Salutatio
1903 2658 2025 2698 mea

378 2741 549 2786 manu
577 2731 787 2787 Pauli:
821 2731 887 2787 8i
941 2732 1065 2802 quis
1117 2746 1230 2787 non
1279 2739 1427 2786 amat
1486 2732 1775 2786 Dominum
1841 2733 2025 2787 Iesum

378 2819 678 2888 Christum,
734 2819 1027 2875 anathema
1080 2820 1178 2886 sit,
1238 2819 1574 2875 maranatha
1629 2824 1682 2890 (1
1737 2820 1857 2877 Cor.
1906 2837 2021 2888 xvr,

373 2911 467 2979 21,
497 2910 611 2979 22),
643 2912 702 2965 et
729 2899 954 2965 caetera.
992 2907 1228 2980 Propter
1269 2908 1376 2964 hoc
1436 2909 1615 2982 igitur
1670 2908 1868 2965 volens
1898 2926 2023 2966 om-

375 3011 512 3054 nem
552 2996 918 3054 occasionem
950 2995 1114 3053 falsis
1143 2997 1369 3052 auferre
1412 2998 1766 3069 doctoribus,
1817 2999 1919 3070 qui
1968 3002 2025 3054 et

376 3085 614 3144 Galatas
653 3102 688 3141 a
741 3085 980 3142 veritate
1025 3084 1323 3159 Evangelii
1381 3087 1787 3158 depravarant,
1845 3088 2023 3143 ﬁnem

2130 509 2224 565 lus
2253 509 2477 565 litteras
2507 525 2621 564 non
2653 508 2844 564 solum
2875 512 3016 563 tunc
3046 509 3115 563 ad
3151 507 3412 575 Galatas,
3444 509 3548 564 sed
3605 509 3782 565 etiam

2130 598 2303 654 hodie
2335 598 2540 653 scribit
2569 598 2640 652 ad
2698 603 2963 668 cunctos,
3016 601 3072 652 et
3127 596 3395 668 quamvis
3445 596 3607 668 parvi
3659 598 3783 654 sint

2131 687 2322 758 apices
2353 687 2568 758 quibus
2598 687 2725 757 ejus
2757 685 3012 758 epistola:
3072 685 3548 756 conscribuntur,
3579 691 3780 742 tamen

2132 792 2355 848 magnae
2387 780 2527 831 sunt
2553 775 2779 841 litterae,
2839 774 2980 848 quia
3009 775 3067 830 in
3122 774 3335 831 litteris
3394 789 3646 847 magnus
3697 777 3786 831 est

2133 878 2361 920 sensus.

2202 953 2389 1022 (Vers.
2423 953 2533 1025 12.)
2571 976 2592 1002 α
2625 952 2967 1025 Quicunque
2995 952 3198 1007 volunt
3241 951 3469 1024 placere
3500 951 3560 1007 in
3591 969 3808 1028 carne,

2133 1042 2190 1095 hi
2225 1046 2442 1113 cogunt
2470 1058 2573 1097 vos
2606 1041 2984 1096 circumcidi:
3009 1045 3240 1096 tantum
3270 1041 3549 1097 utcrucis
3568 1041 3781 1097 Christi

2134 1129 2597 1200 persecutionem
2630 1146 2746 1184 non
2774 1131 2795 1163 ³
2843 1129 3161 1201 patiantur.
3194 1151 3224 1178 ››
3275 1129 3562 1200 Superius
3592 1133 3785 1185 caten-

2133 1217 2221 1272 dit
2249 1234 2318 1273 ex
2347 1234 2461 1290 quo
2489 1217 2614 1274 loco
2645 1235 2754 1273 sua
2783 1217 3198 1289 subscripserit
3225 1234 3408 1273 manu
3460 1218 3624 1289 (vers.
3659 1219 3782 1290 11):

2134 1324 2290 1363 nunc
2329 1307 2470 1379 quid
2531 1307 2850 1379 scripserit,
2911 1306 3171 1378 replicat.
3231 1306 3406 1363 Caius
3461 1309 3673 1376 Caesar,
3727 1312 3787 1364 et

2133 1395 2484 1452 Octavianus
2513 1400 2836 1468 Augustus,
2871 1399 2927 1451 et
2973 1395 3245 1451 Tiberius
3303 1412 3614 1453 successor
3666 1403 3786 1453 Au-

2134 1485 2313 1557 gusti,
2345 1485 2502 1556 leges
2533 1484 3067 1556 promulgaverant,
3092 1491 3157 1540 ut
3180 1485 3368 1540 Judei
3401 1485 3500 1558 qui
3531 1490 3698 1543 erant
3722 1487 3784 1544 in

2133 1575 2253 1627 toto
2286 1573 2531 1628 Romani
2572 1572 2804 1645 imperii
2863 1573 3002 1628 orbe
3058 1573 3330 1646 dispersi,
3377 1575 3614 1647 proprio
3669 1576 3785 1631 ritu

2132 1660 2408 1730 viverent,
2443 1667 2498 1717 et
2555 1661 2760 1734 patriis
2789 1662 3153 1719 caeremoniis
3217 1663 3594 1719 deservirent.
3648 1663 3784 1728 Quid

2135 1765 2364 1822 cunque
2417 1751 2562 1806 531
2631 1750 2811 1822 igitur
2881 1750 3267 1807 circumcisus
3321 1755 3463 1820 erat,
3523 1751 3660 1808 licet
3724 1753 3786 1808 in

2057 1796 2104 1861 Β
2374 1796 2690 1894 mvcre-der:
2747 1796 2848 1910 “qu
2859 1796 2997 1894 avsi-3
3005 1796 3564 1896 uduzsuvs‘babebaur.
3571 1796 3786 1913 augeo:

2132 1927 2310 1982 tibus.
2345 1927 2450 1994 Qui
2484 1943 2618 1982 vero
2653 1928 2873 1999 absque
2905 1928 3353 1985 circumcisione
3383 1946 3447 1986 se
3495 1946 3609 1986 non
3658 1945 3787 1987 esse

2133 2016 2402 2071 Judaeum
2430 2016 2714 2088 praeputio
2737 2017 3101 2088 przeferebat,
3127 2018 3632 2089 persecutionibus
3663 2025 3785 2076 tam

2133 2104 2461 2176 gentilium,
2496 2121 2670 2176 quam
2703 2104 3060 2174 Judaeorum,
3095 2107 3272 2162 ﬁebat
3311 2107 3615 2163 obnoxius.
3667 2107 3786 2165 Has

2133 2193 2316 2265 igitur
2344 2193 2778 2265 persecutiones
2808 2194 2867 2248 bi
2902 2194 3003 2266 qui
3047 2194 3282 2251 Galatas
3330 2196 3786 2269 depravaverant

2135 2281 2426 2338 declinare
2484 2282 2805 2354 cupientes,
2865 2283 3369 2341 circumcisionem
3426 2301 3530 2358 pro
3585 2286 3786 2342 defen-

2133 2370 2297 2426 sione
2328 2370 2638 2443 discipulis
2671 2371 3106 2444 persuadebant
3134 2389 3314 2444 quam
3349 2390 3505 2429 nunc
3533 2377 3784 2446 Aposto~

2133 2458 2227 2514 lus
2260 2460 2675 2516 conﬁdentiam
2701 2460 2759 2515 in
2791 2477 2966 2516 carne
2995 2466 3184 2526 vocat,
3218 2463 3375 2534 quod
3405 2462 3632 2519 scilicet
3664 2469 3783 2520 tam

2133 2549 2405 2620 εθηιίδυε
2436 2551 2494 2620 [Α
2509 2548 2547 2604 ιο
2580 2550 2948 2621 gentilibus],
2973 2567 3119 2622 quos
3141 2551 3648 2624 timebant,'quam
3679 2551 3784 2609 Ju;

2133 2637 2294 2700 desis,
2331 2639 2431 2709 qui
2453 2638 2723 2694 volebant
2747 2638 2995 2711 placere,
3029 2640 3538 2698 circumcisionem
3561 2642 3621 2698 in
3653 2629 3787 2714 per-

2133 2727 2432 2783 secutione
2461 2732 2871 2801 proponerent.
2917 2727 3064 2783 Nam
3118 2746 3222 2785 nec
3270 2730 3458 2785 Judaei
3510 2729 3785 2803 persequi

2132 2819 2230 2870 eos
2262 2820 2547 2886 poterant,
2581 2832 2684 2871 nec
2715 2816 2983 2888 gentiles,
3035 2832 3184 2888 quos
3225 2817 3504 2874 videbant
3549 2820 3658 2888 [Αἰ.
3686 2835 3784 2875 vo-

2133 2903 2350 2975 lebant]
2382 2909 2439 2960 et
2469 2905 2793 2977 proselytos
2823 2904 3258 2978 circumcidere,
3311 2912 3367 2963 et
3421 2907 3583 2979 ipsos
3613 2907 3784 2980 Legis

2133 2998 2421 3065 praecepta
2448 3010 2698 3050 servare.
3760 3015 3762 3017 '

2203 3083 2390 3154 (Vers.
2426 3084 2536 3153 13.)
2569 3107 2595 3134 «
2629 3084 2828 3156 Neque
2857 3085 3015 3139 enim
3060 3084 3160 3155 qui
3210 3083 3538 3140 circumcisi
3571 3088 3711 3141 sunt
3739 3087 3779 3158 ⁸,

375 3172 634 3246 epistolis
673 3189 888 3230 manus
943 3191 1060 3230 suat
1118 3175 1493 3230 adnotatione
1548 3175 1876 3248 complevit,
1935 3175 2020 3234 di-
2053 3161 2096 3227 C
2133 3171 2193 3226 hi
2221 3171 2407 3245 legem
2427 3172 2784 3238 custodiunt,
2821 3173 2924 3229 sed
2948 3172 3153 3229 volunt
3180 3190 3282 3229 vos
3324 3173 3684 3246 circumcidi,
3718 3179 3784 3230 ut

377 3276 552 3319 cens:
617 3260 792 3320 Videte
845 3263 1100 3335 qualibus
1156 3264 1356 3318 litteris
1405 3265 1604 3335 scripsi
1650 3266 1799 3320 vobis
1829 3282 1850 3326 ,·
1908 3283 2021 3322 non

377 3351 534 3424 quod
567 3353 819 3425 grandes
846 3351 1050 3407 litterae
1083 3351 1299 3406 fuerint
1329 3351 1459 3422 (hoc
1491 3353 1706 3425 quippe
1737 3354 1797 3409 in
1826 3355 2022 3411 Graeco

376 3444 549 3497 sonat
575 3436 881 3511 πηλίκοις),
931 3440 1032 3495 sed
1064 3438 1219 3510 quod
1252 3457 1370 3495 sua:
1426 3457 1638 3496 manus
1695 3448 1893 3498 essent
1937 3446 2022 3499 eis

376 3535 518 3585 nota
544 3528 808 3600 vestigia,
843 3534 908 3583 ut
943 3529 1085 3583 dum
1133 3527 1459 3584 litterarum
1505 3529 1696 3600 apices
1745 3547 2022 3602 recogno-

377 3621 571 3685 scuut,
604 3618 800 3688 ipsum
830 3633 893 3672 se
941 3621 1214 3690 putarent
1267 3617 1482 3683 videre,
1538 3619 1635 3688 qui
1685 3619 2018 3691 scripserat.

374 3707 440 3762 In
471 3705 580 3762 hoc
610 3705 735 3762 loco
763 3705 850 3761 vir
888 3705 1152 3778 apprime
1183 3706 1400 3761 nostris
1431 3706 1791 3778 temporibus
1823 3710 2019 3764 erudi-

371 3800 468 3851 tus
497 3795 539 3866 ³,
572 3794 751 3852 miror
789 3795 1083 3867 quomodo
1132 3810 1252 3849 rem
1303 3793 1610 3850 ridiculam
1658 3794 1890 3852 locutus
1920 3799 2017 3854 sit.

369 3885 610 3952 Paulus,
641 3883 855 3957 inquit,
906 3883 1184 3939 Hebraeus
1231 3887 1374 3949 erat,
1425 3889 1482 3938 et
1531 3883 1758 3940 Graecas
1789 3885 2016 3944 litteras

369 3975 680 4032 nesciebat.
717 3975 784 4030 Et
809 3973 947 4046 quia
977 3971 1299 4030 necessitas
1347 3973 1672 4044 expetebat,
1726 3979 1791 4029 ut
1837 3992 2016 4032 manu

367 4077 476 4121 sua
505 4064 814 4138 epistolam
847 4061 1264 4128 subscriberet,
1297 4066 1494 4118 contra
1528 4064 2013 4120 consuetudinem

367 4171 574 4211 curvos
599 4154 865 4210 tramites
911 4151 1259 4221 litterarum,
1319 4151 1412 4205 vix
1464 4151 1695 4223 magnis
1751 4153 2015 4224 apicibus

365 4243 766 4314 exprimebat:
797 4242 975 4298 etiam
1004 4240 1064 4296 in
1095 4239 1203 4296 hoc
1243 4256 1362 4295 suae
1394 4241 1468 4295 ad
1519 4239 1754 4296 Galatas
1802 4241 2016 4297 indicia

365 4331 670 4388 cbaritatis
700 4331 1034 4399 ostendens,
1064 4331 1216 4401 quod
1250 4332 1485 4402 propter
1527 4329 1657 4385 illos
1689 4331 1746 4385 id
1780 4347 2013 4403 quoque

367 4420 526 4493 quod
558 4436 672 4475 non
728 4424 975 4492 poterat,
1035 4419 1222 4474 facere
1289 4423 1619 4475 conaretur.
1680 4420 2013 4476 Grandibus

362 4525 500 4583 ergo
531 4508 746 4566 Paulus
775 4508 986 4564 litteris
1015 4506 1251 4578 scripsit
1278 4507 1608 4579 epistolam,
1632 4510 1772 4581 quia
1802 4525 2013 4578 sensus
2041 4533 2088 4597 D

361 4603 486 4655 erat
514 4598 756 4672 grandis
787 4598 844 4656 in
887 4597 1119 4662 litteris,
1170 4599 1228 4651 et
1283 4597 1494 4669 spiritu
1549 4598 1649 4654 Dei
1706 4598 1836 4666 vivi,
1895 4615 2010 4654 non

362 4693 712 4757 atramento,
776 4703 882 4744 nec
940 4687 1163 4743 calamo
1227 4686 1413 4742 fuerat
1475 4691 1768 4743 exaratus.
1847 4688 2009 4751 Quod

362 4783 557 4835 autem
587 4777 884 4851 apposuit,
913 4791 1038 4831 mea
1064 4792 1256 4843 manu,
1299 4791 1474 4846 opera
1521 4774 1920 4847 intelligamus
1949 4776 2008 4831 in

362 4866 655 4923 manibus.
689 4869 873 4933 Quam
905 4866 978 4922 ob
1010 4881 1248 4921 causam
1280 4864 1481 4919 crebro
1522 4868 1579 4919 et
1608 4863 1667 4918 in
1712 4863 2010 4936 prophetis

361 4955 670 5012 scribitur:
705 4956 889 5011 Sermo
926 4956 1025 5011 Dei
1079 4956 1176 5026 qui
1210 4957 1389 5026 factus
1444 4961 1526 5008 est
1581 4955 1642 5008 in
1699 4969 1868 5008 manu
1921 4956 2006 5010 Je-

358 5045 552 5100 νείκεον
581 5044 800 5115 (Jerem.
851 5059 1069 5113 xxxvn,
1112 5044 1190 5116 2),
1243 5043 1362 5099 sive
1409 5043 1592 5113 Aggzi
1639 5042 1792 5113 (Agg.
1846 5044 1897 5109 1,
1927 5044 2004 5115 3),

2132 3260 2192 3316 in
2215 3278 2388 3318 carne
2416 3267 2608 3318 vestra
2636 3261 2978 3334 glorientur.
3018 3285 3046 3312 »
3077 3266 3321 3335 Propter
3350 3261 3780 3334 inﬁrmitatem,

2131 3349 2344 3422 inquit,
2377 3351 2588 3419 carnis,
2638 3350 2728 3406 lex
2771 3350 3002 3423 impleri
3059 3368 3176 3407 non
3235 3355 3444 3423 potest.
3505 3351 3670 3408 Unde
3727 3357 3785 3410 et

2130 3439 2316 3494 Judaei
2375 3444 2660 3511 praecepta
2715 3439 2906 3511 magis
2964 3438 3272 3496 hominum
3331 3444 3388 3496 et
3459 3441 3778 3512 doctrinas,

2132 3544 2309 3599 quam
2342 3528 2438 3583 Dei
2471 3528 2748 3584 mandata
2776 3528 3135 3597 custodiunt,
3184 3545 3376 3602 neque
3416 3530 3778 3601 corporalem

2130 3617 2405 3672 facientes
2442 3615 2651 3689 legem,
2711 3617 3080 3688 impossibile
3129 3616 3348 3689 quippe
3406 3622 3531 3673 est:
3589 3621 3782 3690 neque

2129 3704 2516 3776 spiritualem,
2549 3721 2726 3777 quam
2759 3722 2873 3761 non
2912 3704 3270 3778 intelligunt.
3323 3705 3484 3762 Unde
3531 3706 3641 3763 hoc
3691 3711 3782 3764 est

2129 3811 2301 3851 omne
2330 3797 2486 3866 quod
2519 3794 2777 3862 student,
2825 3795 2979 3867 quod
3029 3800 3230 3866 agunt,
3277 3796 3430 3867 quod
3483 3797 3777 3864 nituntur,

2127 3887 2192 3937 ut
2221 3883 2372 3955 apud
2403 3883 2638 3938 Judieos
2669 3883 2740 3938 de
2767 3886 2970 3938 vestrae
3018 3881 3211 3938 carnis
3261 3882 3481 3954 injuria
3527 3881 3779 3955 glorien-

2125 3977 2242 4041 tur,
2274 3976 2330 4028 et
2352 3973 2624 4044 jactitent
2651 3988 2759 4027 suo
2791 3975 2993 4044 gentes
3015 3971 3350 4044 magisterio
3371 3971 3772 4028 circumcisus.

2125 4061 2242 4117 Hoc
2273 4066 2469 4117 autem
2499 4065 2687 4116 totum
2721 4059 2960 4125 faciunt,
3009 4064 3077 4115 ut
3130 4059 3350 4116 Judasis
3398 4061 3685 4134 placeant,
3717 4065 3776 4117 et

2123 4156 2463 4223 expugnatae
2485 4150 2631 4223 legis
2656 4150 2877 4206 invidia
2897 4150 3295 4222 conquiescat.

2195 4239 2380 4310 (Vers.
2416 4240 2528 4310 14.)
2565 4259 2586 4289 «
2618 4239 2760 4294 Mihi
2807 4243 3004 4294 autem
3053 4238 3209 4295 absit
3255 4239 3514 4312 gloriari,
3566 4239 3679 4296 nisi
3713 4241 3773 4296 in

2122 4345 2291 4384 cruce
2321 4328 2553 4383 Domini
2604 4327 2788 4384 nostri
2817 4328 2956 4384 Jesu
3010 4327 3246 4395 Christi,
3279 4345 3382 4400 per
3421 4343 3598 4400 quem
3629 4328 3775 4384 mihi

2122 4418 2381 4473 mundus
2411 4418 2722 4473 cruciﬁxus
2751 4421 2860 4485 est,
2896 4421 2954 4472 et
2993 4433 3097 4489 ego
3130 4417 3371 4473 mundo.
3411 4439 3438 4466 »
3467 4417 3639 4474 Solus
3670 4434 3773 4490 po-

2120 4509 2235 4562 test
2261 4506 2319 4560 in
2361 4521 2529 4561 cruce
2559 4505 2773 4560 Christi
2806 4505 3061 4578 gloriari,
3095 4505 3196 4578 qui
3228 4504 3383 4561 tollit
3411 4521 3563 4576 eam,
3595 4511 3652 4563 et
3681 4510 3774 4562 se-

2123 4593 2323 4666 quitur
2362 4593 2718 4650 Salvatorem
2744 4595 2894 4663 (Luc.
2929 4612 3005 4661 ix,
3037 4595 3152 4666 23),
3185 4594 3284 4667 qui
3316 4595 3602 4651 cruciﬁxit
3649 4612 3776 4652 car-

2125 4701 2254 4740 nem
2282 4701 2452 4740 suam
2484 4700 2618 4739 cum
2650 4683 2806 4739 vitiis
2837 4689 2896 4739 et
2941 4683 3431 4755 concupiscentiis
3475 4684 3676 4755 (Galat.
3711 4701 3767 4756 v,

2117 4775 2228 4846 24),
2265 4773 2364 4846 qui
2397 4777 2665 4829 mortuus
2696 4777 2784 4829 est
2815 4774 3055 4843 mundo,
3089 4778 3145 4828 et
3176 4790 3290 4828 non
3336 4773 3772 4846 contemplatur

2118 4878 2184 4918 ea
2215 4879 2340 4934 quze
2361 4862 2652 4927 videntur,
2686 4862 2783 4917 sed
2821 4879 2947 4933 quae
2982 4877 3098 4916 non
3128 4861 3400 4917 videntur
3435 4863 3504 4934 (II
3529 4865 3651 4920 Cor.
3686 4877 3764 4931 Iv,

2119 4953 2204 5019 18)
2237 4969 2249 5007 :
2282 4950 2486 5007 videns
2541 4951 2828 5006 mundum
2860 4950 3223 5016 cruciﬁxum,
3255 4955 3312 5005 et
3360 4955 3766 5006 transeuntem

2119 5041 2365 5111 ﬁguram
2424 5041 2551 5110 ejus
2611 5040 2658 5111 (Ι
2687 5039 2805 5095 Cor.
2838 5055 2941 5110 vn,
2985 5040 3096 5109 31).
3147 5038 3522 5111 Cruciﬁgitur
3567 5044 3765 5095 autem

356 5136 423 5187 ut
451 5147 555 5204 per
577 5132 729 5188 hanc
760 5149 993 5205 quoque
1024 5131 1474 5188 similitudinem
1519 5131 1580 5186 in
1614 5147 1792 5187 manu
1843 5130 2005 5186 Pauli
2105 5129 2269 5199 justo
2301 5130 2562 5184 mundus
2591 5127 2708 5199 ille,
2750 5127 2820 5184 de
2867 5144 2980 5200 quo
3029 5126 3292 5184 Salvator
3321 5127 3437 5184 ait:
3489 5128 3598 5200 Ego
3653 5127 3769 5184 vici

429 5331 446 5364 ¹
469 5327 728 5385 .Pslatin.
763 5343 899 5396 ms.,
930 5330 1017 5384 ita
1043 5329 1338 5384 subscribo.

427 5402 450 5436 ³
478 5402 826 5472 Quanquam
873 5400 980 5456 hoc
1036 5401 1219 5472 ferme
1267 5399 1720 5472 Cbrysostomus
1768 5403 2002 5470 sentiat,

358 5475 514 5546 quod
535 5469 770 5528 Hieron.
804 5472 1134 5544 impugnat,
1162 5469 1330 5526 illum
1360 5469 1556 5526 tamen
1589 5470 1684 5525 hic
1714 5472 2000 5542 denotari,

354 5550 739 5696 nofl‘yeugtgndi
769 5612 1142 5698 particulam,
1174 5628 1354 5688 quam
1400 5616 1598 5672 tamen
1654 5616 1711 5673 et
1768 5614 2001 5675 Graecus

2113 5326 2320 5400 probat
2349 5329 2563 5400 textus,
2595 5324 2780 5381 nostri
2801 5324 2913 5400 hic
2932 5324 3203 5400 ignorant
3225 5341 3370 5400 mss.
3529 5394 3540 5400 _
3632 5396 3641 5400 _
3744 5392 3746 5395 ι

2182 5398 2204 5430 ⁴
2234 5395 2425 5454 Nostri
2485 5413 2655 5466 mss.,
2711 5398 2809 5467 qui
2862 5394 3374 5467 circumciduntur,-
3419 5394 3650 5467 variant
3703 5397 3765 5452 et

2109 5472 2306 5542 Graeca
2363 5465 2735 5542 exemplaria,
2808 5484 3058 5542 quorum
3115 5466 3227 5523 alia
3282 5465 3763 5542 περιτεμνόμενοι,

2111 5540 2225 5598 alia
2253 5552 2467 5614 περιτετ
2477 5559 2550 5612 μη
2562 5539 2714 5612 μὲνοι
2745 5539 3078 5613 praeferunt.
