4144 6202
355 432 476 502 ωε

1001 431 1518 498 COMMENTAR.
1565 436 1642 498 IN
1687 434 1934 498 EPIST.
1985 437 2088 498 AD
2133 436 2416 498 GALAT.
2461 432 2612 498 LIB.
2657 433 2762 510 IlI,
2809 433 2980 498 CAP.
3026 433 3130 498 VI.

3653 432 3776 496 486

355 567 636 634 mundum
664 567 842 640 (Joan.
885 584 1001 634 xvx,
1042 568 1152 638 33).
1200 568 1304 624 Et:
1360 568 1540 624 Nolite
1581 568 1821 640 diligere
1848 584 2013 623 mun-
2042 569 2098 635 Α
2125 569 2411 641 praeputio
2443 568 2736 626 custodire
2763 567 3028 625 Gentilis.
3061 568 3187 624 Non
3218 559 3372 641 quod
3406 567 3565 626 aliud
3598 562 3770 641 juxta

355 661 490 726 dum
520 660 565 728 (ι
593 660 753 715 Joan.
791 674 852 724 Il,
890 658 1002 724 15).
1037 657 1140 712 Et:
1172 657 1290 712 Non
1339 659 1626 727 accepistis
1672 659 1931 730 spiritum
1982 675 2012 712 e
2123 658 2515 714 substantiam
2547 658 2658 714 sit:
2694 659 2793 714 sed
2827 658 2980 730 quod
3004 659 3173 729 juxta
3202 649 3444 730 gloriam
3471 657 3550 714 sit
3575 653 3766 715 diveré

355 748 559 818 mundo
596 750 646 818 (ι
679 747 800 802 Cor.
855 764 916 812 ιι,
966 746 1073 817 12).
1121 745 1221 808 Cui
1252 747 1564 802 crucifixus
1615 751 1703 803 est
1729 748 2008 812 mundus,

353 839 492 896 huic
544 837 806 894 mundus
854 840 912 892 et
972 839 1242 892 mortuus
1298 841 1426 892 est:
1479 841 1536 892 et
1575 837 1698 907 jam
1751 837 1801 892 ei
1851 838 2012 892 venit

357 927 564 991 mundi
597 924 1058 989 consummatio,
1086 929 1142 980 et
1162 924 1377 998 dignus
1399 926 1640 982 eflectus
1670 942 1813 982 novo
1843 925 2006 994 caalo,

359 1022 416 1086 et
447 1033 598 1073 nova
624 1019 782 1072 terra
811 1013 995 1085 (Apoc.
1027 1031 1144 1081 XXI,
1198 1016 1274 1086 1),
1323 1019 1381 1070 et
1426 1015 1581 1071 Novo
1612 1017 2008 1082 Testamento,

356 1092 520 1174 canit
565 1103 860 1164 canticum
891 1119 1135 1169 novum,
1171 1107 1232 1160 et
1281 1104 1490 1176 accipit
1539 1121 1749 1160 nomen
1796 1121 2008 1160 novum

352 1195 646 1267 scriptum
675 1193 826 1254 532
859 1192 919 1248 in
979 1189 1223 1259 calculo,
1260 1193 1416 1264 quod
1474 1209 1647 1248 nemo
1707 1193 1866 1248 novit
1895 1193 2008 1249 nisi

353 1284 460 1356 qui
492 1281 778 1354 acceperit
807 1280 973 1336 illud.
1008 1280 1298 1345 Quaeritur
1326 1282 1618 1352 quomodo
1668 1299 1824 1337 nunc
1860 1281 2006 1344 Pau-

354 1371 453 1436 lus
483 1373 680 1428 dicat:
713 1369 862 1426 Mihi
905 1374 1092 1426 autem
1118 1371 1263 1426 absit
1289 1371 1543 1440 gloriari,
1591 1372 1708 1425 nisi
1756 1373 1817 1426 in
1852 1387 2011 1427 cruce

351 1461 586 1524 Domini
603 1467 775 1519 nostri
796 1460 926 1515 Jesu
945 1459 1148 1515 Christi
1199 1475 1332 1513 cum
1362 1459 1421 1512 in
1458 1457 1573 1514 alio
1621 1459 1746 1514 loco
1777 1459 1848 1514 de
1877 1458 2008 1514 aliis

351 1549 662 1624 glorietur,
697 1551 764 1603 ut
795 1546 874 1604 ibi
897 1547 981 1603 ait
1003 1549 1020 1582 ¹
1051 1563 1062 1603 :
1095 1549 1202 1602 Per
1247 1554 1483 1602 vestram
1527 1547 1793 1617 gloriam,
1843 1565 2009 1619 quam

350 1639 520 1698 habeo
559 1638 617 1692 in
653 1635 831 1692 Crista
887 1635 1088 1707 Jesu(l
1141 1639 1267 1692 Cor.
1316 1652 1408 1703 xv,
1470 1637 1581 1704 31).
1634 1637 1702 1691 Et
1747 1635 2002 1692 iterum:

253 1721 260 1728 ’
352 1727 618 1784 Libenter
643 1725 927 1797 gloriabor
963 1726 1024 1780 in
1075 1725 1491 1795 inﬁrmitatibus
1531 1727 1689 1792 meis,
1742 1729 1803 1780 ut
1851 1725 2007 1780 inha-

354 1817 487 1886 bitet
514 1818 576 1876 in
621 1831 706 1872 me
754 1815 928 1874 virtus
954 1814 1156 1870 Christi
1180 1814 1252 1884 (II
1279 1814 1400 1869 Cor.
1427 1831 1532 1868 χιι.
1577 1814 1653 1885 9).
1703 1814 1772 1870 Et
1802 1814 1860 1868 in
1893 1814 2006 1869 alio

349 1903 479 1968 loco
502 1923 521 1958 :
552 1906 767 1962 Bonum
794 1911 974 1961 autem
1005 1903 1148 1959 mihi
1194 1907 1269 1958 est
1317 1905 1498 1974 magis
1543 1905 1687 1958 mori
1743 1919 1916 1975 quam
1947 1907 2008 1958 ut

350 1994 600 2067 gloriam
628 2008 810 2048 meam
860 1993 981 2063 quis
1025 1996 1258 2050 evacuet
1306 1992 1350 2063 (I
1397 1991 1518 2048 Cor.
1563 2010 1638 2059 ιχ,
1677 1994 1786 2064 15),
1820 1997 1878 2048 et
1904 2009 2006 2047 cae-

352 2086 483 2140 tera
516 2099 642 2154 qua)
668 2081 728 2136 in
761 2081 919 2138 hunc
947 2081 1189 2139 modum
1221 2080 1441 2153 scripta
1471 2085 1628 2138 sunt.
1674 2081 1785 2138 Sed
1817 2081 2005 2138 scien-

354 2171 502 2228 dum
533 2170 690 2242 quod
722 2171 916 2226 omnis
947 2169 1046 2225 illa
1094 2169 1363 2242 gloriatio
1406 2170 1477 2225 ad
1529 2185 1762 2226 crucem
1801 2170 2004 2236 relata,

352 2258 547 2331 gloria
575 2257 764 2315 crucis
796 2259 916 2314 sit:
946 2263 1003 2314 et
1050 2259 1333 2330 quidquid
1381 2258 1623 2330 dignum
1672 2259 1731 2314 in
1773 2259 2004 2314 virtuti-

355 2347 477 2416 bus
508 2352 889 2420 perpetretur,
922 2347 1032 2405 hoc
1063 2348 1188 2404 fieri
1218 2348 1292 2405 ob
1321 2348 1551 2404 Domini
1578 2348 1930 2420 passionem.

431 2436 600 2507 (Vere
649 2438 761 2500 15.)
817 2460 838 2486 α
890 2441 1090 2508 Neque
1138 2437 1296 2492 enim
1354 2435 1727 2492 circumcisio
1783 2435 2007 2508 aliquid

351 2531 464 2592 est,
498 2542 685 2597 neque
715 2525 1092 2598 prmputium,
1123 2525 1224 2582 sed
1275 2543 1422 2582 nova
1469 2529 1756 2582 creatura.
1795 2548 1822 2574 »
1855 2527 2006 2591 Quo-

354 2615 533 2672 modo
563 2612 753 2672 ﬁdelis
779 2617 834 2669 et
881 2613 1157 2680 infidelis,
1207 2630 1341 2670 cum
1392 2631 1546 2670 unus
1595 2615 1671 2671 sit
1718 2631 1820 2687 per
1867 2615 2006 2670 sub-

355 2703 658 2768 stantiam,
690 2703 749 2757 in
777 2703 926 2758 duos
959 2702 1238 2760 dividitur
1258 2704 1428 2774 juxta
1475 2703 1873 2776 intelligentiae
1915 2704 2008 2758 di-

352 2792 714 2862 versitatem,
774 2791 1048 2863 Apostolo
1114 2791 1378 2848 dicente:
1469 2794 1856 2864 Exspatiantes
1918 2809 2009 2848 vos

354 2886 594 2938 veterem
623 2881 897 2936 hominem
943 2897 1070 2936 cum
1116 2881 1365 2952 operibus
1421 2883 1556 2954 ejus,
1616 2887 1668 2936 et
1725 2881 2009 2937 induentes

357 2987 562 3026 novum
617 2971 715 3040 qui
738 2971 1035 3024 renovatur
1081 2970 1140 3024 in
1197 2971 1562 3039 cognitionem
1611 2972 1779 3042 juxta
1809 2972 2008 3041 imagi-

356 3077 489 3116 nem
534 3059 810 3116 Creatoris
861 3058 1084 3127 (Coloss.
1126 3075 1209 3125 ιιι,
1259 3059 1315 3128 9,
1366 3059 1488 3128 10):
1542 3059 1624 3114 sic
1665 3063 1721 3115 et
1749 3059 2008 3115 mundus

359 3165 498 3204 cum
527 3148 852 3204 secundum
906 3147 1298 3203 substantiam
1351 3165 1505 3203 unus
1553 3147 1648 3216 sit,
1683 3149 2009 3203 secundum

345 3227 603 3296 sensum
627 3237 779 3292 alius
810 3239 987 3307 atque
1010 3235 1160 3290 alius
1183 3235 1452 3290 efﬁcitur.
1489 3237 1800 3304 Peccatori,
1834 3253 2004 3291 mun-

2038 1940 2086 2004 B

2122 763 2274 803 sum.
2302 749 2513 819 Oportet
2541 749 2689 803 enim
2733 749 2972 803 mortale
3001 747 3100 803 hoc
3156 741 3390 803 induere
3444 737 3834 804 immortali”:—

2119 841 2306 904 tatem,
2340 846 2391 893 et
2445 841 2821 909 corruptivum
2875 839 2976 894 hoc
3031 839 3451 910 incorruptione
3506 839 3696 894 vestiri
3722 839 3772 911 (ι

2122 926 2244 982 Cor.
2278 944 2369 994 xv,
2393 926 2659 998 53).Huic
2690 927 2830 998 quid
2864 927 3062 982 simile
3091 930 3147 983 et
3177 929 3383 983 beatus
3411 925 3768 999 evangelista

2118 1016 2378 1071 Joannes
2401 1015 2660 1071 sentiens
2691 1019 2779 1070 est
2814 1014 3047 1071 locutus
3072 1032 3085 1072 :
3121 1016 3463 1086 Charissimi,
3491 1032 3644 1071 nunc
3670 1017 3771 1072 Dei

2119 1105 2228 1175 ﬁlii
2255 1121 2463 1172 sumus,
2497 1108 2551 1159 et
2578 1104 2809 1160 necdum
2838 1106 3258 1174 manifestatum
3285 1110 3365 1160 est
3391 1103 3528 1176 quid
3580 1104 3770 1176 futuri

2117 1195 2309 1250 simus.
2342 1193 2555 1248 Scimus
2586 1195 2725 1264 quia
2753 1196 2808 1249 si
2851 1192 3281 1267 manifestatum
3324 1185 3516 1264 fuerit,
3547 1194 3766 1250 similes

2118 1285 2170 1338 ei
2188 1286 2395 1338 erimus
2422 1285 2554 1354 quia
2573 1283 2883 1339 videbimus
2902 1299 3028 1339 eum
3063 1283 3205 1338 sicut
3253 1285 3371 1354 ipse
3415 1286 3496 1338 est
3526 1283 3578 1355 (Ι
3600 1284 3763 1340 Joan.

2120 1389 2204 1440 ιιι,
2237 1373 2312 1444 2).
2347 1372 2493 1438 Quia
2521 1389 2658 1445 ergo
2709 1372 2954 1428 necdum
3005 1371 3446 1428 manifestatum
3491 1372 3597 1441 [AL
3639 1387 3768 1428 ma-

2118 1460 2422 1531 nifestum]
2477 1465 2567 1517 est
2623 1460 2765 1516 illud
2825 1477 3036 1532 corpus
3093 1450 3288 1534 gloriae
3341 1463 3481 1516 Jesu
3522 1459 3760 1528 Christi,

2118 1550 2272 1622 quod
2306 1555 2363 1606 et
2389 1551 2634 1622 vestigia
2656 1549 2951 1606 clavorum
2973 1552 3106 1621 post
3125 1548 3641 1605 ressurrectionem
3664 1547 3766 1603 ha-

2119 1639 2246 1694 buit
2275 1640 2453 1711 (Joan.
2486 1657 2581 1708 xx,
2630 1640 2745 1710 27),
2796 1642 2854 1695 et
2902 1631 3128 1695 clausis
3159 1637 3364 1709 januis
3409 1641 3498 1694 est
3532 1636 3763 1710 ingres-

2119 1744 2250 1784 sum
2283 1729 2450 1798 (Ibid.
2482 1728 2575 1801 26)
2602 1747 2619 1782 :
2652 1745 2758 1784 nos
2791 1727 2891 1800 qui
2932 1729 3058 1799 jam
3110 1719 3289 1782 nunc
3319 1726 3378 1782 in
3408 1717 3764 1798 baptismate

2117 1815 2344 1872 Christo
2375 1817 2937 1882 conresurreximus,
2970 1817 3030 1871 in
3076 1831 3290 1872 novum
3340 1815 3526 1871 renati
3571 1813 3764 1871 homi-

2117 1922 2250 1961 nem
2281 1907 2504 1976 (Cotoss.
2538 1920 2624 1972 ιιι,
2660 1907 2768 1977 12),
2802 1921 2907 1961 nec
2956 1903 3412 1972 circumcisioni,
3465 1919 3571 1959 nec
3611 1919 3765 1976 pras-

2116 1993 2278 2065 putio
2302 1995 2664 2050 serviamus:
2699 1994 2799 2049 sed
2831 1993 2985 2063 quod
3009 1991 3189 2047 futuri
3212 2007 3440 2061 sumus,
3455 1991 3583 2062 jam
3605 2006 3762 2046 nunc

2115 2099 2222 2138 nos
2251 2098 2379 2138 esse
2400 2073 2740 2139 credamus.

2189 2171 2374 2243 (Vere.
2427 2174 2537 2240 16.)
2584 2194 2613 2222 «
2670 2173 2740 2228 Et
2781 2172 3119 2244 quicunque
3168 2170 3318 2226 hanc
3368 2169 3628 2243 regulam
3675 2185 3762 2225 se-

2117 2265 2402 2332 quuntur,
2437 2279 2547 2334 pax
2579 2278 2757 2334 super
2785 2260 2938 2332 illos,
2964 2265 3022 2316 et
3052 2259 3472 2327 misericordia,
3504 2263 3561 2315 et
3584 2274 3764 2331 super

2120 2349 2293 2405 Israel
2345 2351 2468 2406 Dei.
2522 2373 2549 2401 ››
2595 2351 2680 2406 Ad
2727 2367 2996 2407 normam
3046 2349 3244 2406 omnia
3291 2347 3669 2421 diriguntur:
3703 2351 3761 2404 et

2117 2443 2317 2495 utrum
2349 2456 2526 2511 prava
2546 2444 2771 2497 rectave
2793 2440 2933 2509 sint,
2967 2456 3100 2496 cum
3119 2437 3322 2512 regula
3350 2437 3618 2511 apposita
3637 2438 3762 2493 fue-

2118 2529 2214 2597 rit,
2247 2534 2595 2602 arguuntur.
2630 2531 2714 2585 Ita
2743 2532 2800 2585 et
2823 2528 3089 2585 doctrina
3135 2528 3232 2585 Dei
3282 2517 3547 2599 quedam
3593 2525 3766 2600 quasi

2119 2635 2326 2674 norma
2357 2617 2647 2674 sermonis
2671 2622 2780 2690 est,
2812 2635 2939 2690 quae
2970 2618 3126 2674 inter
3142 2618 3308 2688 justa
3330 2616 3562 2688 judicat
3590 2619 3647 2672 et
3675 2615 3767 2671 in-

2110 2707 2275 2778 justa
2302 2725 2315 2763 :
2347 2723 2525 2779 quam
2558 2707 2660 2779 qni
2692 2711 2930 2764 secutus
2961 2706 3155 2777 fuerit,
3190 2704 3430 2762 habebit
3468 2721 3672 2777 pacem
3701 2704 3763 2759 in

2119 2796 2437 2868 semetipso
2459 2813 2585 2868 quas
2607 2799 2845 2868 superat
2864 2811 3098 2853 omnem
3121 2810 3363 2851 sensum
3377 2793 3655 2871 (Philipp.
3682 2809 3760 2858 ιν,

2116 2887 2217 2958 7);
2263 2889 2319 2940 et
2367 2890 2499 2956 post
2559 2901 2783 2956 pacem,
2853 2883 3315 2940 misericordiam
3381 2870 3517 2953 quasi
3565 2879 3766 2952 praeci-

2119 2991 2235 3046 pua
2265 2981 2351 3029 est
2379 2973 2436 3028 in
2470 2973 2571 3029 Dei
2624 2972 2821 3029 Israel.
2872 2972 2972 3028 Dei
3022 2989 3156 3028 vero
3210 2968 3385 3026 Israel
3433 2968 3626 3026 dictus
3655 2970 3764 3034 est,

2120 3064 2190 3118 ad
2225 3062 2660 3118 distinctionem
2691 3063 2820 3132 ejus
2863 3061 2964 3132 qui
2995 3059 3096 3116 Dei
3127 3056 3306 3115 Israel
3337 3074 3466 3114 esse
3497 3055 3764 3113 cessavit.

2119 3153 2335 3208 Dicunt
2361 3151 2519 3207 enim
2551 3167 2612 3206 se
2639 3167 2768 3206 esse
2787 3150 3044 3216 Judaeos,
3071 3151 3129 3203 et
3149 3164 3262 3203 non
3290 3150 3428 3202 sunt
3451 3163 3464 3214 ;
3486 3145 3587 3202 sed
3610 3161 3770 3202 men-

2118 3240 2366 3311 tiuntur,
2400 3251 2534 3294 cam
2568 3239 2685 3294 sint
2731 3239 2802 3294 de
2853 3253 3148 3310 synagoga
3194 3236 3420 3292 Satanae
3480 3234 3663 3312 (Apoc.
3697 3231 3763 3300 ιι,

358 3327 475 3383 dus
505 3330 673 3382 vetus
703 3330 826 3381 est:
890 3330 1091 3380 sancto
1143 3341 1346 3379 novus.
1406 3327 1548 3379 Cum
1606 3324 1762 3379 enim
1807 3329 2008 3381 sancto
2039 3307 2081 3373 (ἶ
2119 3330 2198 3401 9.)
2224 3307 2617 3394 Necmireris,
2642 3328 2691 3383 si
2712 3328 2783 3383 ad
2807 3307 3197 3383 imitationem
3220 3307 3544 3396 spiritualis
3566 3321 3766 3390 Israel,

357 3415 620 3470 mundus
671 3413 846 3469 fuerit
881 3414 1218 3480 crucifixus,
1251 3428 1623 3485 nequaquam
1674 3418 1762 3469 est
1808 3415 1857 3469 ei
1900 3415 2009 3470 cir-

357 3503 643 3560 cumcisio
674 3508 730 3559 et
757 3501 1109 3574 praeputium
1146 3519 1159 3556 :
1193 3519 1309 3557 non
1340 3502 1602 3573 Judaeus,
1647 3519 1835 3574 neque
1861 3507 2009 3559 Gen-

2122 3418 2375 3475 carnalis
2405 3417 2484 3474 sit
2516 3416 2714 3485 Israel,
2747 3415 2848 3490 qui
2890 3431 2997 3471 nec
3027 3431 3230 3488 pacem
3273 3413 3487 3469 habeat
3516 3428 3622 3468 nec
3653 3411 3768 3467 mi-

2121 3505 2546 3574 sericordiam;
2602 3506 2672 3560 de
2720 3521 2833 3577 quo
2881 3509 2937 3560 et
2985 3505 3057 3559 ad
3088 3501 3417 3559 Corinthios
3449 3500 3764 3558 scribitur:

355 3591 525 3648 tilis:
559 3593 659 3648 sed
693 3609 840 3647 nova
888 3595 1178 3657 creatura,
1228 3592 1288 3646 in
1338 3608 1514 3663 quam
1561 3593 2013 3665 transﬁguratur
2125 3596 2321 3652 Videte
2376 3596 2549 3651 Israel
2597 3593 2892 3650 secundum
2958 3609 3178 3648 carnem
3237 3594 3286 3658 (I
3351 3590 3470 3646 Cor.
3538 3607 3594 3660 x,
3655 3587 3766 3660 18),

355 3699 573 3754 corpus
602 3680 954 3737 humilitatis
987 3684 1222 3746 nostris,
1257 3682 1555 3736 conforme
1585 3682 1845 3752 corporis
1887 3682 2010 3753 glo-

360 3771 461 3827 ria
493 3770 703 3827 Christi
735 3769 1008 3842 (Philipp.
1046 3787 1132 3837 ιιι,
1166 3771 1258 3838 21)
1286 3787 1304 3823 :
1331 3769 1542 3825 Vetera
1573 3769 1792 3842 quippe
1819 3773 2008 3826 trans-

360 3859 581 3927 ierunt,
629 3875 758 3914 ecce
811 3858 963 3913 facta
1023 3861 1162 3913 sunt
1209 3858 1407 3913 omnia
1456 3875 1604 3914 nova
1649 3859 1722 3931 (II
1776 3859 1895 3915 Cor.
1953 3877 2010 3926 ν,

362 3948 479 4018 17).
512 3948 580 4002 Et
604 3948 895 4018 quomodo
926 3945 1042 4002 alia
1090 3950 1180 4001 est
1223 3946 1412 4018 gloria
1463 3946 1628 4010 solis,
1693 3947 1806 4002 alia
1839 3947 2010 4016 lunae,

360 4036 484 4092 alia
513 4035 810 4091 stellarum
837 4052 850 4090 :
888 4035 1061 4092 Stella
1109 4036 1310 4107 quippe
1339 4052 1374 4090 a
1404 4036 1561 4091 stella
1585 4036 1767 4107 differt
1807 4039 1864 4090 in
1896 4037 2011 4105 glo-

361 4127 490 4180 ria:
527 4126 606 4180 sic
624 4130 678 4180 et
727 4127 1081 4180 ressurrectio
1127 4132 1466 4181 mortuoram
1512 4125 1557 4196 (Ι
1609 4123 1727 4179 Cor.
1779 4142 1872 4193 xv,
1921 4126 2010 4194 41,

360 4215 477 4281 42).
510 4213 590 4269 De
605 4229 725 4285 qua
753 4217 809 4269 et
842 4211 1044 4268 Daniel
1075 4213 1201 4284 pari
1231 4229 1371 4268 voce
1405 4213 1738 4283 concordat,
1771 4213 2007 4269 dicens:

357 4304 606 4359 Pturimi
627 4297 1021 4359 dormientium
1061 4301 1128 4356 de
1180 4305 1346 4360 terrae
1386 4303 1617 4375 pulvere
1660 4309 1929 4372 surgent:
1955 4303 2013 4358 hi

359 4393 426 4448 in
455 4393 633 4447 vitam
660 4395 922 4448 ater-nam
955 4394 1007 4446 et
1037 4390 1096 4445 hi
1136 4392 1199 4445 in
1250 4392 1613 4462 approbrium
1655 4396 1703 4447 et
1733 4394 1792 4446 in
1821 4393 2014 4461 confu-

358 4482 579 4538 sionem
626 4489 900 4537 aeternam
961 4482 1134 4552 (Dan.
1184 4497 1286 4550 xu,
1339 4481 1435 4547 2);
1486 4485 1578 4536 et:
1640 4481 2014 4549 Inlettigentes

359 4569 654 4643 fulgebunt
677 4571 818 4624 sicut
847 4568 1104 4640 splendor
1151 4568 1490 4638 ﬁrmamenti
1536 4569 1695 4637 (Ibid.
1725 4570 1802 4642 3).
1845 4571 1913 4624 Et
1943 4570 2014 4625 de

2089 3707 2091 3709 ·
2122 3702 2255 3740 cum
2289 3685 2361 3740 ad
2390 3683 2779 3738 imitationem
2812 3698 3046 3754 quoque
3074 3681 3176 3736 Dei
3207 3683 3263 3735 et
3307 3678 3566 3745 Domini,
3598 3677 3770 3733 multi

2122 3774 2244 3830 sint
2273 3773 2375 3840 dii,
2423 3776 2480 3827 et
2523 3770 2692 3826 multi
2748 3770 2996 3836 domini,
3050 3770 3172 3826 sive
3217 3768 3278 3848 in
3327 3767 3494 3838 caelo,
3550 3767 3671 3823 sive
3708 3767 3768 3822 in

2121 3869 2276 3918 terra
2305 3863 2350 3932 (ι
2381 3861 2499 3917 Cor.
2529 3877 2652 3928 vm,
2683 3860 2759 3931 5).
2794 3859 3042 3915 Pulchre
3083 3864 3279 3914 autem
3324 3873 3441 3913 uno
3481 3870 3768 3923 sermone,

2122 3955 2187 4006 ut
2219 3949 2529 4023 epistolam
2554 3949 2728 4020 juxta
2775 3947 3138 4021 prOpositum
3187 3948 3598 4018 argumentum
3635 3942 3770 3997 ﬁni-

2122 4044 2228 4108 ret,
2279 4038 2454 4094 Israel
2507 4037 2606 4092 Dei
2652 4037 2913 4103 vocavit;
2968 4052 3084 4108 quo
3133 4033 3355 4090 scilicet
3399 4031 3592 4088 omnia
3642 4047 3770 4101 quas

2121 4145 2302 4201 supra
2332 4127 2488 4182 dicta
2518 4131 2679 4192 sunt,
2715 4142 2830 4180 non
2864 4127 3026 4180 extra
3059 4137 3336 4188 causam;
3371 4118 3472 4175 sed
3503 4133 3572 4173 ex
3592 4133 3772 4173 causa

2123 4218 2422 4289 disputata
2450 4216 2787 4270 doceantur.

2193 4305 2380 4376 (Vers.
2415 4305 2524 4374 17).
2546 4325 2573 4352 «
2596 4307 2674 4357 De
2704 4306 2910 4357 caetero
2934 4315 3104 4356 nemo
3125 4297 3273 4354 mihi
3304 4296 3591 4354 molestus
3611 4295 3706 4352 sit.
3740 4317 3770 4346 »

2122 4395 2249 4450 Non
2282 4391 2451 4464 quasi
2482 4390 2759 4446 defecerit
2791 4390 2848 4444 in
2881 4388 3138 4444 docendo
3170 4431 3182 4445 .
3237 4386 3337 4442 sed
3390 4381 3506 4456 qUo
3535 4388 3591 4440 et
3620 4383 3773 4457 agri-

2122 4482 2249 4538 cola
2278 4481 2436 4536 hunc
2466 4479 2680 4534 habeat
2710 4476 2970 4532 laborem
2993 4477 3036 4544 ³,
3069 4475 3118 4532 si
3166 4492 3293 4547 quae
3342 4474 3499 4532 584
3545 4472 3771 4546 planta-

2120 4570 2268 4628 verit
2295 4567 2551 4641 virgulta
2583 4567 2916 4634 siccentur;
2950 4569 3008 4621 et
3056 4569 3257 4636 pastor
3293 4561 3770 4626 sollicitudinem,

357 4659 580 4731 justis:
629 4658 785 4713 Multi
836 4661 980 4713 sicut
1037 4659 1216 4714 stella?
1261 4659 1322 4712 in
1372 4659 1762 4726 sempiternum
1803 4658 2010 4726 (Ibid)
2043 4678 2090 4742 Β
2123 4661 2173 4716 si
2205 4675 2414 4731 pecora
2441 4675 2566 4729 qua:
2617 4657 3071 4742 congregaverat
3124 4653 3410 4742 dissipata
3453 4647 3770 4742 lanientur.

363 4747 566 4819 Neque
595 4747 751 4803 enim
785 4746 843 4802 in
875 4746 997 4803 sole
1029 4751 1086 4802 et
1116 4747 1278 4816 luna,
1309 4747 1679 4802 ﬁrmamento
1712 4751 1768 4801 et
1806 4746 2009 4816 stellis,

363 4835 739 4892 circumcisio
771 4835 994 4907 aliquid
1025 4835 1195 4902 valet,
1230 4839 1331 4891 ant
1369 4835 1720 4907 praeputium
1747 4854 1760 4902 ;
1795 4835 1895 4890 sed
1925 4839 2016 4890 est

363 4943 522 4983 nova
569 4925 826 4981 conditio
873 4925 1000 4981 sine
1047 4924 1140 4980 his
1189 4924 1455 4996 partibus
1503 4941 1836 4997 corporum,
1887 4940 2013 4995 quae

363 5020 618 5087 possunt
665 5015 873 5070 secari.
926 5019 1008 5070 Ita
1058 5013 1238 5085 igitur
1284 5018 1341 5068 et
1393 5030 1519 5078 nos,
1571 5014 1671 5084 qui
1711 5012 2014 5085 diligimus

363 5104 574 5172 Deum,
605 5109 664 5159 et
694 5107 1021 5175 praeparata
1051 5108 1190 5158 sunt
1216 5102 1387 5157 nobis
1419 5120 1544 5174 quae
1567 5119 1672 5158 nec
1703 5101 1908 5158 oculus
1931 5102 2014 5155 vi-

365 5192 469 5259 dit,
490 5207 598 5248 nec
623 5191 785 5247 auris
811 5191 1057 5258 audivit,
1080 5208 1185 5248 nec
1217 5190 1276 5246 in
1308 5208 1407 5247 cor
1436 5191 1695 5247 hominis
1734 5192 2014 5248 ascende—

364 5285 503 5338 runt
529 5281 579 5352 (l
609 5281 732 5336 Cor.
770 5298 832 5351 ιι,
860 5280 940 5352 9),
972 5297 1102 5336 ουιιι
1162 5281 1232 5336 de
1277 5281 1431 5338 533
1481 5295 1721 5351 corpore
1777 5280 2013 5335 humili-

360 5371 504 5426 tatis
535 5369 940 5426 transformati
975 5368 1261 5424 fuerimus
1311 5369 1369 5424 in
1415 5383 1626 5440 corpus
1675 5367 1870 5440 gloriae
1901 5368 2015 5423 Do-

363 5459 668 5524 miniJesu
695 5458 911 5516 Christi
946 5457 1209 5530 (Philipp.
1241 5476 1322 5525 ιιι,
1345 5458 1459 5530 21),
1491 5457 1634 5512 illud
1665 5456 2014 5514 habebimus

361 5565 576 5621 corpus
602 5549 758 5622 quod
783 5563 886 5605 nec
909 5546 1152 5606 Judaeus
1182 5547 1368 5620 possit
1414 5546 1691 5614 incidere,
1743 5562 1847 5602 nec
1879 5562 2010 5602 cum

437 5694 460 5730 ι
490 5693 602 5748 Pro
631 5695 712 5748 ait
739 5692 937 5760 verbo,
971 5691 1129 5764 quod
1161 5707 1306 5747 mss.
1330 5692 1542 5764 nostri
1576 5706 1781 5746 omnes
1812 5689 2014 5764 prafe-

366 5768 532 5831 runt,
582 5768 755 5822 antea
799 5762 1105 5837 legebatur
1173 5763 1340 5835 quasi
1399 5762 1548 5822 sacri
1594 5768 1786 5820 textus
1837 5762 2015 5834 parti-

2124 4747 2333 4803 Melius
2364 4763 2500 4818 ergo
2550 4745 2608 4800 in
2660 4744 2852 4799 Graeco
2902 4741 3137 4814 legitur,
3196 4741 3270 4795 De
3323 4746 3517 4794 caetero
3561 4736 3772 4792 labores

2123 4837 2263 4892 mihi
2293 4851 2449 4891 nemo
2479 4833 2777 4901 exhibeat;
2829 4848 2900 4886 ne
2951 4845 3189 4885 rursum
3238 4826 3460 4883 scilicet
3502 4824 3562 4880 in
3604 4821 3772 4880 vobis

2123 4924 2534 4981 necessitatem
2557 4922 2805 4977 habeam
2838 4917 3161 4975 laborandi.
3213 4916 3490 4972 Laborem
3536 4915 3774 4986 praestat

2123 5013 2428 5086 magistro,
2463 5011 2563 5083 qui
2596 5009 2764 5066 aliter
2794 5014 2851 5064 et
2898 5007 3038 5063 vivit
3085 5010 3142 5062 et
3189 5003 3388 5071 sentit,
3437 5019 3614 5074 quam
3647 5018 3771 5058 ma-

2123 5102 2306 5176 gister
2353 5106 2407 5156 et
2457 5099 2656 5156 docuit
2705 5101 2763 5153 et
2808 5095 2960 5152 fecit.
3008 5097 3205 5150 Potest
3253 5096 3310 5149 et
3338 5090 3771 5148 contentionem

2123 5207 2346 5256 eorum,
2399 5189 2450 5245 si
2505 5187 2602 5259 qui
2655 5184 3052 5242 contradicere
3120 5182 3394 5253 deinceps
3459 5177 3770 5244 voluerint,

2124 5278 2458 5352 praevenire,
2511 5276 2665 5348 quod
2718 5274 2894 5329 etiam
2943 5273 3015 5328 ad
3067 5271 3400 5328 Corinthios
3428 5269 3488 5325 in
3528 5266 3772 5330 velando

2125 5367 2390 5423 mulieris
2421 5365 2631 5436 capite,
2665 5367 2722 5418 et
2752 5361 3000 5418 masculi
3042 5377 3158 5416 non
3187 5358 3431 5416 velando
3463 5359 3510 5430 (1
3537 5359 3659 5415 Cor.
3689 5373 3769 5423 ιιι,

2124 5456 2266 5527 4-7),
2301 5458 2433 5528 post
2489 5450 2676 5508 multa
2729 5451 3067 5523 complexus
3116 5453 3227 5518 est,
3287 5448 3523 5505 dicens:
3556 5446 3621 5504 Si
3648 5444 3773 5520 quis

2124 5554 2306 5602 autem
2336 5543 2554 5600 videtur
2603 5542 2972 5598 contentiosus
3018 5555 3151 5605 esse,
3199 5554 3298 5594 nos
3337 5537 3510 5594 talem
3539 5549 3773 5594 consue-

2125 5689 2275 5754 cula,
2309 5690 2408 5743 ita.

2194 5752 2350 5818 'Duo
2379 5773 2549 5826 mss.,
2583 5757 2728 5818 hunc
2753 5753 2947 5816 habeat
2974 5752 3234 5812 dolorem.

3859 605 3877 700 t

3847 705 3865 743 1
