4144 6202
321 404 436 468 46⁸1

1574 404 1638 466 S.
1684 404 1999 469 EUSEBII
2043 407 2486 472 HIEBONYMI

3613 400 3736 474 468

328 538 577 596 tudinem
603 553 714 594 non
747 535 1030 609 habemus,
1055 555 1228 611 neque
1254 538 1497 595 Ecclesia
1529 539 1623 595 Dei
1651 539 1806 610 (Ibid.
1845 540 1970 610 16):
2002 541 2057 606 Α
2087 547 2245 609 sunt,
2275 544 2868 616 comprehendantur.
2901 543 3115 602 Anima
3143 539 3298 602 enim
3331 542 3389 600 et
3417 558 3551 600 caro
3589 545 3730 602 sub-

327 628 437 684 hoc
469 631 576 693 est,
605 645 712 684 nos
744 627 999 683 diximus
1031 645 1157 700 quae
1209 628 1377 684 nobis
1425 629 1672 684 honesta
1698 629 1974 684 videban-

326 723 426 775 tur
456 723 510 774 et
532 719 739 790 justa;
773 717 822 771 si
854 716 986 789 quis
1017 723 1215 773 autem
1248 717 1450 774 nolens
1482 718 1850 790 acquiescere
1880 735 1975 773 ve-

327 807 514 872 ritati,
548 806 758 878 quaerit
785 807 926 877 quid
963 807 1332 878 respondeat,
1367 815 1421 862 et
1468 807 1684 878 quibus
1716 807 1976 862 nitantur

333 898 555 965 contra,
581 893 728 950 sciat
760 911 818 949 se
850 895 1228 966 responsione
1254 911 1367 950 non
1399 894 1668 966 dignum,
1702 891 1800 966 qui
1846 912 1977 950 ma-

334 985 425 1057 gis
457 983 808 1039 contendere
859 988 1097 1055 paratus
1145 989 1252 1049 est,
1305 1000 1482 1055 quam
1536 984 1749 1039 doceri.
1788 1007 1807 1032 ·
1862 988 1976 1056 Ego

335 1076 530 1130 autem
545 1071 821 1144 stigmata
837 1071 1066 1128 Domini
1082 1072 1108 1127 J
1121 1087 1222 1126 esu
1245 1071 1303 1127 in
1327 1088 1566 1144 corpore
1589 1089 1717 1128 meo
1735 1076 1920 1145 porto.
1950 1094 1977 1121 ››

333 1161 442 1228 Qui
474 1165 606 1233 post
637 1161 950 1216 adventum
975 1159 1187 1216 Christi
1221 1161 1277 1215 in
1310 1177 1480 1216 carne
1516 1161 1978 1231 circumciditur,

331 1266 446 1318 non
479 1253 672 1322 portat
701 1249 977 1320 stigmata
1008 1248 1236 1304 Domini
1265 1249 1403 1304 Jesu
1431 1267 1443 1316 ;
1497 1250 1598 1304 sed
1649 1249 1826 1306 habet
1855 1249 1978 1323 glo-

331 1338 476 1395 riam
509 1338 567 1394 in
601 1338 944 1394 confusione
969 1355 1077 1393 sua
1106 1339 1373 1410 (Philipp.
1414 1356 1497 1403 III,
1569 1338 1671 1411 19).
1709 1339 1816 1403 Qui
1848 1356 1978 1395 vero

331 1429 392 1484 in
415 1428 601 1502 plagis
631 1445 810 1501 supra
840 1428 1101 1496 modum,
1135 1427 1194 1482 in
1237 1428 1568 1483 carceribus
1621 1427 1976 1499 frequenter,

330 1522 421 1573 ter
447 1517 625 1590 virgis
657 1534 842 1573 caesus
873 1521 982 1584 est,
1017 1516 1196 1572 semel
1231 1516 1527 1589 lapidatus
1557 1521 1666 1588 est,
1691 1521 1746 1572 et
1777 1522 1983 1573 caetera

333 1623 459 1678 quae
489 1607 548 1660 in
582 1605 845 1678 catalogo
876 1606 1092 1678 scripta
1137 1609 1276 1660 sunt
1321 1605 1605 1677 gloriandi
1651 1607 1719 1674 (II
1749 1606 1868 1661 Cor.
1901 1624 1981 1675 x1,

332 1697 424 1768 23,
455 1696 738 1767 25seqq.),
766 1694 863 1749 hic
895 1695 1175 1767 stigmata
1204 1695 1435 1750 Domini
1463 1695 1605 1751 Jesu
1636 1695 1695 1750 in
1745 1711 1984 1767 corpore

334 1802 440 1840 suo
467 1788 677 1856 portat.
728 1784 895 1839 Forte
925 1788 983 1839 et
1013 1783 1062 1840 is
1111 1783 1210 1855 qui
1244 1789 1500 1839 macerat
1541 1801 1753 1857 corpus
1784 1801 1982 1840 suum.

334 1878 392 1930 et
423 1871 978 1945 subjicit'servituti,
1013 1888 1083 1927 ne
1115 1872 1245 1928 aliis
1278 1873 1598 1944 praedicans
1632 1874 1756 1945 ipse
1787 1890 1984 1946 repro-
2021 1912 2067 1976 B

336 1963 449 2018 bus
479 1961 809 2017 inveniatur
833 1963 876 2034 (l
907 1963 1027 2018 Cor.
1060 1979 1134 2028 IX,
1167 1962 1281 2033 27),
1319 1966 1514 2034 portat
1561 1961 1836 2034 stigmata
1875 1963 1986 2018 Do-

337 2051 484 2108 mini
511 2051 654 2108 Jesu
687 2051 747 2106 in
778 2067 1019 2123 corpore
1051 2068 1178 2107 suo.
1232 2051 1604 2106 Laetabantur
1651 2055 1707 2106 et
1745 2051 1989 2123 apostoli

340 2141 494 2213 quod
528 2140 688 2212 digni
721 2140 951 2195 fuerant
980 2157 1084 2213 pro
1116 2139 1353 2196 nomine
1383 2140 1521 2197 Jesu
1573 2140 1987 2197 contumeliam

338 2229 458 2302 pati
491 2230 626 2301 (Act,
661 2246 710 2296 v,
745 2231 819 2300 4).

408 2322 597 2388 (Vers.
652 2318 764 2389 18.)
823 2317 1014 2374 Gratia
1074 2319 1300 2374 Domini
1358 2321 1534 2375 nostri
1586 2321 1712 2376 Jesu
1758 2319 1987 2388 Christi,

337 2424 464 2464 cum
511 2407 717 2480 spiritu
762 2415 953 2478 vestro,
1001 2411 1226 2478 fratres,
1279 2410 1464 2463 Amen.
1513 2408 1640 2464 Non
1671 2408 1984 2476 dissensio,

339 2512 453 2554 non
487 2496 655 2568 Legis
686 2496 957 2566 servitus,
990 2512 1105 2551 non
1167 2495 1308 2561 rixa,
1368 2513 1482 2551 non
1538 2497 1825 2568 jurgium,
1885 2498 1986 2553 sed

338 2584 526 2659 gratia
559 2583 787 2641 Domini
815 2583 954 2639 Jesu
985 2583 1197 2640 Christi
1232 2583 1306 2640 sit
1337 2601 1472 2640 cum
1532 2586 1742 2656 spiritu
1773 2590 1986 2642 vestro.

337 2674 724 2747 Nequaquam
756 2689 890 2728 cum
925 2689 1120 2739 carne,
1153 2690 1526 2745 nequaquam
1580 2691 1714 2730 cum
1751 2674 1987 2742 anima;

338 2763 458 2820 sive
490 2762 630 2837 quia
660 2761 1002 2835 spirituales
1028 2761 1184 2828 facti,
1219 2779 1350 2818 caro
1401 2767 1459 2818 et
1504 2763 1702 2818 anima
1738 2779 1867 2820 esse
1900 2764 1993 2819 de-

340 2852 535 2920 sistis,
559 2851 678 2909 sive
701 2851 855 2923 quod
888 2851 945 2906 in
969 2850 1279 2924 principali
1301 2850 1477 2907 etiam
1501 2869 1587 2923 ea,
1614 2869 1740 2924 qua:
1767 2851 1993 2909 minora

409 2998 426 3032 ³
459 2995 618 3052 Idem
652 3011 821 3061 mss.,
853 2995 994 3067 quod
1021 2993 1244 3065 dicitur,
1278 3011 1381 3066 pro
1411 2995 1650 3051 docetur.

2079 630 2233 700 jecta
2263 634 2671 705 suntspiritui.
2699 640 2774 691 De
2806 652 2921 707 quo
2945 638 3002 690 et
3026 633 3401 690 Ecclesiastes
3431 633 3727 706 loquitur:

2086 720 2325 792 Spiritus
2353 728 2652 779 revertetur
2675 726 2749 780 ad
2803 741 2926 780 eum
2982 725 3078 795 qui
3130 723 3275 779 dedit
3331 724 3494 778 illum
3534 724 3730 794 (Eccle.

2086 826 2182 876 xu,
2215 812 2292 879 7).
2327 812 2392 866 Et
2421 812 2640 869 Paulus
2673 812 2732 868 in
2792 812 2905 869 alio
2963 813 3126 868 loco:
3159 816 3278 884 Ipse
3322 813 3549 883 spiritus
3579 815 3728 868 testi-

2085 900 2337 954 monium
2364 902 2609 972 perhibet
2636 903 2861 974 spiritui
2888 907 3073 957 nostro
3103 902 3278 973 (Rom.
3309 918 3430 972 vm,
3465 902 3574 972 16).
3600 901 3730 957 Haec

2087 993 2284 1044 autem
2316 990 2504 1061 gratia
2534 991 2764 1047 Domini
2794 991 2933 1048 Jesu
2965 1007 3080 1047 non
3129 1007 3262 1046 cum
3312 989 3590 1047 omnibus
3619 995 3729 1059 est,

2089 1078 2188 1132 sed
2221 1094 2352 1133 cum
2388 1079 2479 1134 his
2509 1080 2611 1151 qui
2634 1080 2842 1137 fratres
2865 1080 2936 1136 ab
2956 1077 3233 1151 Apostolo
3255 1083 3557 1135 merentur
3577 1080 3724 1138 585

2087 1165 2299 1234 vocari,
2335 1167 2541 1223 fratres
2595 1167 2818 1238 ﬁdeles,
2871 1168 3196 1240 fratresque
3242 1167 3531 1241 germani,
3579 1169 3731 1240 quod

2089 1271 2248 1310 AMEN
2273 1255 2516 1311 verbum
2549 1255 2843 1330 signiﬁcat.
2869 1257 3198 1313 Hebraeum.
3234 1260 3420 1312 Amen
3451 1256 3609 1311 enim
3641 1256 3737 1314 Se-

2091 1343 2400 1416 ptuaginta
2421 1343 2788 1417 interpretes,
2821 1347 2955 1416 ﬁat;
2987 1344 3223 1418 Aquila,
3243 1344 3656 1417 Symmachus,
3679 1349 3738 1402 et

2091 1430 2436 1498 Theodotio,
2456 1433 2709 1504 ﬁdeliter,
2743 1433 2884 1504 sive,
2910 1449 3050 1505 vere,
3083 1432 3444 1504 interpretati
3480 1437 3636 1489 sunt.
3669 1434 3738 1490 Et

2092 1522 2384 1591 quomodo
2432 1521 2490 1576 in
2543 1523 2721 1578 veteri
2772 1523 3147 1578 Testamento
3197 1523 3451 1593 quadam
3495 1522 3738 1593 jurandi

2093 1610 2514 1666 consuetudine
2544 1611 2697 1666 Deus
2745 1628 2852 1667 sua
2900 1611 3081 1667 verba
3126 1611 3463 1681 conﬁrmat;
3493 1611 3734 1668 dicens:

2096 1698 2220 1754 Vivo
2249 1714 2362 1770 ego,
2395 1699 2529 1755 dicit
2560 1701 2827 1758 Dominus
2879 1701 3061 1772 (Num.
3112 1717 3228 1769 xxv,
3275 1700 3412 1771 98):
3457 1716 3560 1772 per
3601 1716 3738 1756 san-

2093 1791 2216 1843 ctos
2245 1788 2773 1860 quoquejuratur:
2831 1790 2967 1845 Vivit
3014 1791 3204 1845 anima
3259 1797 3352 1844 tua
3383 1788 3589 1857 (Iudith
3637 1805 3739 1856 xu,

2097 1877 2150 1948 4)
2173 1894 2192 1938 ,·
2222 1877 2302 1932 ita
2331 1881 2389 1932 et
2419 1877 2682 1951 Salvator
2727 1883 2923 1934 noster
2967 1877 3026 1934 in
3075 1877 3391 1950 Evangelio
3411 1878 3633 1947 (Matth.
3681 1896 3737 1945 v,

2102 1967 2190 2032 18,
2223 1974 2273 2021 et
2299 1968 2527 2036 passim)
2577 1983 2677 2038 per
2729 1967 2971 2023 verbum
3030 1968 3186 2024 586
3214 1969 3418 2037 Amen,
3451 1983 3585 2022 vera
3613 1983 3744 2023 esse

2101 2071 2226 2126 quae
2257 2054 2541 2126 loquitur,
2600 2056 2874 2112 ostendit.
2926 2057 3085 2121 Quod
3139 2061 3336 2113 autem
3391 2059 3569 2112 Amen
3600 2072 3746 2112 con-

2101 2160 2341 2200 sensum
2375 2143 2668 2215 signiﬂcet
2700 2144 3014 2213 audientis,
3049 2150 3106 2201 et
3131 2145 3209 2201 sit
3251 2144 3619 2217 signaculum
3649 2161 3747 2200 ve-

2102 2232 2316 2298 ritatis,
2347 2233 2419 2288 ad
2452 2232 2778 2290 Corinthios
2810 2251 3042 2306 quoque
3071 2234 3263 2306 prima
3310 2250 3417 2290 nos
3466 2234 3652 2299 docet,
3685 2233 3746 2289 in

2103 2338 2220 2393 qua
2273 2321 2491 2378 Paulus
2541 2322 2658 2379 ait:
2719 2325 2993 2380 (laterum
3049 2324 3100 2378 si
3137 2322 3483 2380 benedixeris
3522 2324 3748 2393 spiritu,

2101 2412 2222 2481 quis
2252 2412 2465 2483 supplet
2497 2412 2675 2468 locum
2707 2411 2889 2467 idiotas
2905 2411 2932 2466 ?
2954 2411 3223 2481 Quomodo
3244 2410 3387 2467 dicet
3405 2428 3568 2468 amen
3584 2427 3748 2484 super

2104 2508 2201 2554 tua
2231 2499 2609 2556 benedictione
2631 2518 2650 2554 :
2683 2503 2946 2572 quoniam
2973 2501 3195 2573 quidem
3224 2501 3395 2556 nescit
3436 2499 3569 2573 quid
3595 2501 3749 2556 dicas

2102 2587 2150 2657 (I
2179 2587 2301 2643 Cor.
2336 2605 2445 2655 xxv,
2478 2589 2612 2661 16)?
2644 2589 2725 2644 Ex
2755 2606 2868 2662 quo
2913 2590 3172 2646 ostendit
3219 2605 3336 2645 non
3388 2605 3560 2662 posse
3601 2588 3750 2645 idio-

2101 2679 2198 2731 ten
2229 2678 2549 2749 repondere
2581 2693 2785 2734 verum
2833 2695 2962 2735 esse
3011 2678 3166 2750 quod
3225 2677 3462 2744 dicitur,
3513 2678 3627 2734 nisi
3659 2677 3747 2733 in-

2102 2763 2385 2820 tellexerit
2415 2766 2572 2837 quod
2607 2767 2914 2824 docetur‘.

342 3208 3002 3248 W

1046 3409 1170 3510 ε.
1257 3407 1934 3509 ΕΠΞΕΒῙῙ
2021 3408 3042 3512 HIERONYMI

1484 3632 2053 3694 STRIDONENSIS
2108 3634 2601 3695 PRESBYTER]

1276 3835 2834 3932 COMMENTARIORUM

552 4248 1856 4416 EPISTOLAM
1982 4250 2271 4412 AD
2405 4250 3531 4418 EPHESIOS

1709 4508 2406 4621 LIBRIVTRES.

1623 4858 2469 4950 PROLOGUS.

411 5189 753 5247 581-588
805 5189 864 5246 Si
915 5189 1240 5270 quidquam
1295 5194 1405 5260 est,
1447 5188 1628 5246 Paula
1675 5196 1730 5246 et
1780 5191 1988 5248 Eusto-
2023 5175 2064 5242 C
2105 5190 2253 5247 ratio
2286 5195 2480 5248 autem
2514 5192 2706 5248 omnis
2739 5196 2796 5248 et
2816 5209 3008 5250 sermo
3031 5193 3244 5249 divinis
3264 5192 3432 5250 libris
3452 5195 3753 5251 continea-

341 5277 562 5347 chium,
596 5279 751 5351 quod
781 5278 842 5333 in
873 5279 982 5334 hac
1011 5278 1128 5334 vita
1176 5279 1497 5351 sapientem
1547 5280 1736 5336 virum
1769 5285 1984 5348 teneat,

341 5372 398 5423 et
431 5367 584 5422 inter
616 5384 923 5440 pressurae
953 5372 1010 5422 et
1039 5369 1304 5425 turbines
1335 5369 1537 5424 mundi
1598 5386 1762 5442 aequo
1793 5371 1987 5426 animo

341 5453 577 5513 manere
623 5457 989 5528 persuadeat,
1029 5457 1082 5511 id
1118 5473 1246 5512 esse
1275 5457 1360 5512 vel
1411 5458 1668 5530 primum
1701 5475 1848 5528 reor,
1875 5475 1990 5514 me-

338 5544 683 5601 ditationem
715 5551 773 5600 et
802 5545 1111 5600 scientiam
1144 5545 1602 5616 Scripturarum.
1655 5553 1798 5605 Cum
1829 5547 1985 5602 enim

342 5650 375 5689 a
405 5634 630 5690 caeteris
661 5632 1065 5690 animantibus
1099 5632 1205 5687 hoc
1235 5632 1321 5686 vel
1355 5634 1605 5690 maxime
1626 5634 1986 5703 differamus,

339 5723 493 5796 quod
528 5723 810 5782 rationale
842 5721 1059 5788 animal
1093 5738 1304 5778 sumus
1335 5726 1392 5777 et
1423 5721 1577 5796 loqui
1624 5741 1941 5795 possumus
1971 5741 1984 5781 :

2097 5285 2212 5344 tur,
2247 5296 2352 5351 per
2383 5297 2532 5352 quos
2565 5285 2622 5336 et
2650 5281 2837 5336 Deum
2886 5281 3195 5349 discimus,
3243 5286 3300 5337 et
3348 5298 3531 5354 quare
3570 5283 3753 5340 creati

2099 5385 2310 5424 sumus
2340 5385 2456 5424 non
2491 5371 2874 5443 ignoramus:
2910 5370 3093 5428 miror
3120 5371 3407 5444 quosdam
3453 5371 3754 5430 exstitisse

2100 5458 2200 5528 qui
2254 5462 2356 5513 aut
2402 5459 2513 5531 ipsi
2562 5476 2624 5515 se
2674 5459 2896 5516 inertiae
2943 5465 3000 5515 et
3047 5477 3251 5517 somno
3299 5462 3528 5529 dantes,
3563 5461 3752 5519 nolint

2099 5564 2225 5618 quae
2258 5547 2536 5620 praeclara
2587 5553 2726 5604 sunt
2768 5548 3038 5605 discere:
3093 5554 3193 5605 aut
3241 5555 3502 5616 ceteros.
3547 5551 3650 5624 qui
3689 5552 3748 5608 id

2099 5635 2278 5692 studii
2311 5635 2547 5707 habent,
2581 5636 3094 5710 reprehendendos
3115 5642 3339 5712 putent.
3364 5638 3588 5707 Quibus
3609 5655 3745 5696 cum

2096 5726 2318 5800 possim
2351 5725 2676 5784 districtius
2707 5729 3081 5801 respondere,
3115 5732 3172 5786 et
3224 5729 3476 5787 breviter
3522 5745 3624 5787 eos
3653 5729 3742 5786 vel
