  <div class='ocr_page' id='page_1' title='image "/cluster/home/n/w/nwhite01/storage/ocr_20150623/26/hvd.32044052772472/242.png"; bbox 0 0 4144 6202; ppageno 0'>
   <div class='ocr_carea' id='block_1_1' title="bbox 373 433 496 501">
    <p class='ocr_par' dir='ltr' id='par_1_1' title="bbox 373 433 496 501">
     <span class='ocr_line' id='line_1_1' title="bbox 373 433 496 501; baseline 0.008 -2"><span class='ocrx_word' id='word_1_1' title='bbox 373 433 496 501; x_wconf 69' lang='grc'><strong>469</strong></span> 
     </span>
    </p>
   </div>
   <div class='ocr_carea' id='block_1_2' title="bbox 1100 441 3079 512">
    <p class='ocr_par' dir='ltr' id='par_1_2' title="bbox 1100 441 3079 512">
     <span class='ocr_line' id='line_1_2' title="bbox 1100 441 3079 512; baseline 0.001 -6"><span class='ocrx_word' id='word_1_2' title='bbox 1100 443 1619 511; x_wconf 81' lang='lat' dir='ltr'><strong>COMMENTAR.</strong></span> <span class='ocrx_word' id='word_1_3' title='bbox 1662 445 1742 508; x_wconf 84' lang='lat' dir='ltr'><strong>IN</strong></span> <span class='ocrx_word' id='word_1_4' title='bbox 1785 441 2032 508; x_wconf 84' lang='lat' dir='ltr'><strong>EPIST.</strong></span> <span class='ocrx_word' id='word_1_5' title='bbox 2082 441 2184 507; x_wconf 84' lang='lat' dir='ltr'><strong>AD</strong></span> <span class='ocrx_word' id='word_1_6' title='bbox 2227 441 2504 507; x_wconf 81' lang='lat' dir='ltr'><strong>EPHES.</strong></span> <span class='ocrx_word' id='word_1_7' title='bbox 2541 479 2618 493; x_wconf 90' lang='lat'><em>-</em></span> <span class='ocrx_word' id='word_1_8' title='bbox 2644 443 3079 512; x_wconf 85' lang='lat' dir='ltr'><strong>PROLOGUS.</strong></span> 
     </span>
    </p>
   </div>
   <div class='ocr_carea' id='block_1_3' title="bbox 3673 446 3796 509">
    <p class='ocr_par' dir='ltr' id='par_1_3' title="bbox 3673 446 3796 509">
     <span class='ocr_line' id='line_1_3' title="bbox 3673 446 3796 509; baseline 0 -1"><span class='ocrx_word' id='word_1_9' title='bbox 3673 446 3796 509; x_wconf 77' lang='grc'><strong>470</strong></span> 
     </span>
    </p>
   </div>
   <div class='ocr_carea' id='block_1_4' title="bbox 374 575 3788 655">
    <p class='ocr_par' dir='ltr' id='par_1_4' title="bbox 374 575 3788 655">
     <span class='ocr_line' id='line_1_4' title="bbox 374 575 3788 655; baseline 0.003 -21"><span class='ocrx_word' id='word_1_10' title='bbox 374 575 630 634; x_wconf 72' lang='grc' dir='ltr'><strong>οὶΐθηεοε</strong></span> <span class='ocrx_word' id='word_1_11' title='bbox 659 575 977 647; x_wconf 83' lang='lat' dir='ltr'><strong>dimittere,</strong></span> <span class='ocrx_word' id='word_1_12' title='bbox 1008 578 1098 636; x_wconf 86' lang='lat' dir='ltr'><strong>vel</strong></span> <span class='ocrx_word' id='word_1_13' title='bbox 1129 579 1410 653; x_wconf 81' lang='lat' dir='ltr'><strong>placatos,</strong></span> <span class='ocrx_word' id='word_1_14' title='bbox 1438 580 1624 636; x_wconf 88' lang='lat' dir='ltr'><strong>multo</strong></span> <span class='ocrx_word' id='word_1_15' title='bbox 1656 596 1784 636; x_wconf 89' lang='lat' dir='ltr'><strong>esse</strong></span> <span class='ocrx_word' id='word_1_16' title='bbox 1816 580 2025 636; x_wconf 90' lang='lat' dir='ltr'><strong>melius</strong></span> <span class='ocrx_word' id='word_1_17' title='bbox 2054 580 2108 644; x_wconf 83' lang='lat' dir='ltr'><strong>A</strong></span> <span class='ocrx_word' id='word_1_18' title='bbox 2137 598 2270 655; x_wconf 87' lang='lat' dir='ltr'><strong>gere</strong></span> <span class='ocrx_word' id='word_1_19' title='bbox 2327 581 2687 651; x_wconf 79' lang='lat' dir='ltr'><strong>saecularem,</strong></span> <span class='ocrx_word' id='word_1_20' title='bbox 2729 585 2785 638; x_wconf 87' lang='lat' dir='ltr'><strong>et</strong></span> <span class='ocrx_word' id='word_1_21' title='bbox 2849 599 2997 655; x_wconf 90' lang='lat' dir='ltr'><strong>pene</strong></span> <span class='ocrx_word' id='word_1_22' title='bbox 3053 583 3112 638; x_wconf 89' lang='lat' dir='ltr'><strong>in</strong></span> <span class='ocrx_word' id='word_1_23' title='bbox 3169 580 3584 643; x_wconf 77' lang='lat' dir='ltr'><strong>communibus</strong></span> <span class='ocrx_word' id='word_1_24' title='bbox 3641 579 3788 643; x_wconf 86' lang='lat' dir='ltr'><strong>locis</strong></span> 
     </span>
    </p>
   </div>
   <div class='ocr_carea' id='block_1_5' title="bbox 375 666 2033 743">
    <p class='ocr_par' dir='ltr' id='par_1_5' title="bbox 375 666 2033 743">
     <span class='ocr_line' id='line_1_5' title="bbox 375 666 2033 743; baseline 0.001 -22"><span class='ocrx_word' id='word_1_25' title='bbox 375 666 708 738; x_wconf 88' lang='lat' dir='ltr'><strong>Scripturas</strong></span> <span class='ocrx_word' id='word_1_26' title='bbox 755 667 965 740; x_wconf 86' lang='lat' dir='ltr'><strong>legere,</strong></span> <span class='ocrx_word' id='word_1_27' title='bbox 1007 687 1186 741; x_wconf 88' lang='lat' dir='ltr'><strong>quam</strong></span> <span class='ocrx_word' id='word_1_28' title='bbox 1231 670 1515 743; x_wconf 79' lang='lat' dir='ltr'><strong>augendis</strong></span> <span class='ocrx_word' id='word_1_29' title='bbox 1563 674 1619 726; x_wconf 93' lang='lat' dir='ltr'><strong>et</strong></span> <span class='ocrx_word' id='word_1_30' title='bbox 1657 669 2033 725; x_wconf 90' lang='lat' dir='ltr'><strong>cumulandis</strong></span> 
     </span>
    </p>
   </div>
   <div class='ocr_carea' id='block_1_6' title="bbox 377 759 2033 834">
    <p class='ocr_par' dir='ltr' id='par_1_6' title="bbox 377 759 2033 834">
     <span class='ocr_line' id='line_1_6' title="bbox 377 759 2033 834; baseline -0.001 -18"><span class='ocrx_word' id='word_1_31' title='bbox 377 759 590 832; x_wconf 90' lang='lat' dir='ltr'><strong>opibus</strong></span> <span class='ocrx_word' id='word_1_32' title='bbox 620 759 850 816; x_wconf 83' lang='lat' dir='ltr'><strong>inhiare</strong></span> <span class='ocrx_word' id='word_1_33' title='bbox 885 777 897 815; x_wconf 93' lang='lat'><strong>:</strong></span> <span class='ocrx_word' id='word_1_34' title='bbox 931 759 1072 817; x_wconf 92' lang='lat' dir='ltr'><strong>illud</strong></span> <span class='ocrx_word' id='word_1_35' title='bbox 1097 761 1470 834; x_wconf 89' lang='lat' dir='ltr'><strong>dicam,quod</strong></span> <span class='ocrx_word' id='word_1_36' title='bbox 1495 761 1581 818; x_wconf 85' lang='lat' dir='ltr'><strong>vel</strong></span> <span class='ocrx_word' id='word_1_37' title='bbox 1605 761 1758 833; x_wconf 89' lang='lat' dir='ltr'><strong>apud</strong></span> <span class='ocrx_word' id='word_1_38' title='bbox 1786 760 2033 832; x_wconf 89' lang='lat' dir='ltr'><strong>iniquis-</strong></span> 
     </span>
    </p>
   </div>
   <div class='ocr_carea' id='block_1_7' title="bbox 378 849 2030 922">
    <p class='ocr_par' dir='ltr' id='par_1_7' title="bbox 378 849 2030 922">
     <span class='ocr_line' id='line_1_7' title="bbox 378 849 2030 922; baseline -0.001 -17"><span class='ocrx_word' id='word_1_39' title='bbox 378 849 601 906; x_wconf 86' lang='lat' dir='ltr'><strong>simum</strong></span> <span class='ocrx_word' id='word_1_40' title='bbox 651 849 916 920; x_wconf 86' lang='lat' dir='ltr'><strong>judicem</strong></span> <span class='ocrx_word' id='word_1_41' title='bbox 985 849 1298 915; x_wconf 87' lang='lat' dir='ltr'><strong>obtineam,</strong></span> <span class='ocrx_word' id='word_1_42' title='bbox 1352 851 1580 922; x_wconf 81' lang='lat' dir='ltr'><strong>plaeere</strong></span> <span class='ocrx_word' id='word_1_43' title='bbox 1644 849 1788 905; x_wconf 90' lang='lat' dir='ltr'><strong>mihi</strong></span> <span class='ocrx_word' id='word_1_44' title='bbox 1847 849 2030 905; x_wconf 87' lang='lat' dir='ltr'><strong>otium</strong></span> 
     </span>
    </p>
   </div>
   <div class='ocr_carea' id='block_1_8' title="bbox 375 938 2031 1012">
    <p class='ocr_par' dir='ltr' id='par_1_8' title="bbox 375 938 2031 1012">
     <span class='ocr_line' id='line_1_8' title="bbox 375 938 2031 1012; baseline -0.002 -16"><span class='ocrx_word' id='word_1_45' title='bbox 375 955 598 1006; x_wconf 86' lang='lat' dir='ltr'><strong>meum,</strong></span> <span class='ocrx_word' id='word_1_46' title='bbox 633 943 690 994; x_wconf 89' lang='lat' dir='ltr'><strong>et</strong></span> <span class='ocrx_word' id='word_1_47' title='bbox 719 938 1098 995; x_wconf 82' lang='lat' dir='ltr'><strong>solitudinem</strong></span> <span class='ocrx_word' id='word_1_48' title='bbox 1130 939 1290 995; x_wconf 92' lang='lat' dir='ltr'><strong>omni</strong></span> <span class='ocrx_word' id='word_1_49' title='bbox 1343 939 1676 996; x_wconf 83' lang='lat' dir='ltr'><strong>celebritate</strong></span> <span class='ocrx_word' id='word_1_50' title='bbox 1712 939 2031 1012; x_wconf 89' lang='lat' dir='ltr'><strong>jucundio-</strong></span> 
     </span>
    </p>
   </div>
   <div class='ocr_carea' id='block_1_9' title="bbox 376 1027 2029 1102">
    <p class='ocr_par' dir='ltr' id='par_1_9' title="bbox 376 1027 2029 1102">
     <span class='ocr_line' id='line_1_9' title="bbox 376 1027 2029 1102; baseline -0.002 -16"><span class='ocrx_word' id='word_1_51' title='bbox 376 1045 501 1086; x_wconf 88' lang='lat' dir='ltr'><strong>rem</strong></span> <span class='ocrx_word' id='word_1_52' title='bbox 531 1027 735 1084; x_wconf 86' lang='lat' dir='ltr'><strong>videri.</strong></span> <span class='ocrx_word' id='word_1_53' title='bbox 769 1030 840 1084; x_wconf 89' lang='lat' dir='ltr'><strong>Et</strong></span> <span class='ocrx_word' id='word_1_54' title='bbox 872 1029 1166 1100; x_wconf 91' lang='lat' dir='ltr'><strong>quomodo</strong></span> <span class='ocrx_word' id='word_1_55' title='bbox 1197 1045 1301 1098; x_wconf 80' lang='lat' dir='ltr'><strong>ego</strong></span> <span class='ocrx_word' id='word_1_56' title='bbox 1350 1047 1464 1086; x_wconf 93' lang='lat' dir='ltr'><strong>non</strong></span> <span class='ocrx_word' id='word_1_57' title='bbox 1498 1030 1878 1102; x_wconf 82' lang='lat' dir='ltr'><strong>reprehendo,</strong></span> <span class='ocrx_word' id='word_1_58' title='bbox 1913 1045 2029 1083; x_wconf 90' lang='lat' dir='ltr'><strong>non</strong></span> 
     </span>
    </p>
   </div>
   <div class='ocr_carea' id='block_1_10' title="bbox 377 1117 2029 1190">
    <p class='ocr_par' dir='ltr' id='par_1_10' title="bbox 377 1117 2029 1190">
     <span class='ocr_line' id='line_1_10' title="bbox 377 1117 2029 1190; baseline -0.002 -15"><span class='ocrx_word' id='word_1_59' title='bbox 377 1119 600 1175; x_wconf 88' lang='lat' dir='ltr'><strong>damno</strong></span> <span class='ocrx_word' id='word_1_60' title='bbox 631 1118 784 1190; x_wconf 91' lang='lat' dir='ltr'><strong>quod</strong></span> <span class='ocrx_word' id='word_1_61' title='bbox 817 1117 1042 1174; x_wconf 79' lang='lat' dir='ltr'><strong>faciunt</strong></span> <span class='ocrx_word' id='word_1_62' title='bbox 1076 1137 1088 1174; x_wconf 92' lang='lat'>:</span> <span class='ocrx_word' id='word_1_63' title='bbox 1122 1118 1201 1174; x_wconf 88' lang='lat' dir='ltr'><strong>ita</strong></span> <span class='ocrx_word' id='word_1_64' title='bbox 1245 1117 1376 1174; x_wconf 90' lang='lat' dir='ltr'><strong>illos</strong></span> <span class='ocrx_word' id='word_1_65' title='bbox 1407 1119 1658 1190; x_wconf 83' lang='lat' dir='ltr'><strong>ineptias</strong></span> <span class='ocrx_word' id='word_1_66' title='bbox 1690 1135 1852 1174; x_wconf 86' lang='lat' dir='ltr'><strong>meas</strong></span> <span class='ocrx_word' id='word_1_67' title='bbox 1884 1117 2029 1174; x_wconf 91' lang='lat' dir='ltr'><strong>mihi</strong></span> 
     </span>
    </p>
   </div>
   <div class='ocr_carea' id='block_1_11' title="bbox 376 1208 2029 1281">
    <p class='ocr_par' dir='ltr' id='par_1_11' title="bbox 376 1208 2029 1281">
     <span class='ocr_line' id='line_1_11' title="bbox 376 1208 2029 1281; baseline -0.001 -17"><span class='ocrx_word' id='word_1_68' title='bbox 376 1208 593 1264; x_wconf 86' lang='lat' dir='ltr'><strong>debere</strong></span> <span class='ocrx_word' id='word_1_69' title='bbox 622 1208 954 1263; x_wconf 91' lang='lat' dir='ltr'><strong>concedere.</strong></span> <span class='ocrx_word' id='word_1_70' title='bbox 989 1212 1202 1263; x_wconf 88' lang='lat' dir='ltr'><strong>Parum</strong></span> <span class='ocrx_word' id='word_1_71' title='bbox 1257 1208 1539 1281; x_wconf 87' lang='lat' dir='ltr'><strong>eloquens</strong></span> <span class='ocrx_word' id='word_1_72' title='bbox 1587 1226 1740 1275; x_wconf 88' lang='lat' dir='ltr'><strong>sum,</strong></span> <span class='ocrx_word' id='word_1_73' title='bbox 1783 1208 1924 1280; x_wconf 92' lang='lat' dir='ltr'><strong>quid</strong></span> <span class='ocrx_word' id='word_1_74' title='bbox 1957 1208 2029 1263; x_wconf 87' lang='lat' dir='ltr'><strong>ad</strong></span> 
     </span>
    </p>
   </div>
   <div class='ocr_carea' id='block_1_12' title="bbox 375 1296 2029 1370">
    <p class='ocr_par' dir='ltr' id='par_1_12' title="bbox 375 1296 2029 1370">
     <span class='ocr_line' id='line_1_12' title="bbox 375 1296 2029 1370; baseline -0.001 -18"><span class='ocrx_word' id='word_1_75' title='bbox 375 1300 435 1353; x_wconf 88' lang='lat' dir='ltr'><strong>te</strong></span> <span class='ocrx_word' id='word_1_76' title='bbox 454 1297 484 1352; x_wconf 83' lang='lat'><strong>?</strong></span> <span class='ocrx_word' id='word_1_77' title='bbox 513 1296 877 1352; x_wconf 83' lang='lat' dir='ltr'><strong>disertiorem</strong></span> <span class='ocrx_word' id='word_1_78' title='bbox 908 1296 1054 1369; x_wconf 88' lang='lat' dir='ltr'><strong>lege.</strong></span> <span class='ocrx_word' id='word_1_79' title='bbox 1079 1297 1203 1353; x_wconf 91' lang='lat' dir='ltr'><strong>Non</strong></span> <span class='ocrx_word' id='word_1_80' title='bbox 1235 1297 1407 1370; x_wconf 85' lang='lat' dir='ltr'><strong>digne</strong></span> <span class='ocrx_word' id='word_1_81' title='bbox 1437 1297 1634 1354; x_wconf 70' lang='lat' dir='ltr'><strong>Graeca</strong></span> <span class='ocrx_word' id='word_1_82' title='bbox 1663 1298 1722 1352; x_wconf 91' lang='lat' dir='ltr'><strong>in</strong></span> <span class='ocrx_word' id='word_1_83' title='bbox 1754 1297 2029 1352; x_wconf 91' lang='lat' dir='ltr'><strong>Latinum</strong></span> 
     </span>
    </p>
   </div>
   <div class='ocr_carea' id='block_1_13' title="bbox 375 1385 2027 1459">
    <p class='ocr_par' dir='ltr' id='par_1_13' title="bbox 375 1385 2027 1459">
     <span class='ocr_line' id='line_1_13' title="bbox 375 1385 2027 1459; baseline 0.001 -19"><span class='ocrx_word' id='word_1_84' title='bbox 375 1386 663 1442; x_wconf 78' lang='lat' dir='ltr'><strong>transfero</strong></span> <span class='ocrx_word' id='word_1_85' title='bbox 715 1401 728 1439; x_wconf 89' lang='lat'><strong>:</strong></span> <span class='ocrx_word' id='word_1_86' title='bbox 784 1391 885 1441; x_wconf 89' lang='lat' dir='ltr'><strong>aut</strong></span> <span class='ocrx_word' id='word_1_87' title='bbox 928 1386 1156 1442; x_wconf 62' lang='lat' dir='ltr'><strong>Grecos</strong></span> <span class='ocrx_word' id='word_1_88' title='bbox 1204 1385 1331 1458; x_wconf 86' lang='lat' dir='ltr'><strong>lege</strong></span> <span class='ocrx_word' id='word_1_89' title='bbox 1383 1387 1456 1454; x_wconf 88' lang='lat' dir='ltr'><strong>(si</strong></span> <span class='ocrx_word' id='word_1_90' title='bbox 1508 1388 1771 1457; x_wconf 87' lang='lat' dir='ltr'><strong>ejusdem</strong></span> <span class='ocrx_word' id='word_1_91' title='bbox 1816 1386 2027 1459; x_wconf 59' lang='lat' dir='ltr'><strong>lingua</strong></span> 
     </span>
    </p>
   </div>
   <div class='ocr_carea' id='block_1_14' title="bbox 372 1474 2025 1546">
    <p class='ocr_par' dir='ltr' id='par_1_14' title="bbox 372 1474 2025 1546">
     <span class='ocr_line' id='line_1_14' title="bbox 372 1474 2025 1546; baseline -0.002 -14"><span class='ocrx_word' id='word_1_92' title='bbox 372 1474 560 1533; x_wconf 88' lang='lat' dir='ltr'><strong>babes</strong></span> <span class='ocrx_word' id='word_1_93' title='bbox 617 1475 989 1546; x_wconf 84' lang='lat' dir='ltr'><strong>scientiam):</strong></span> <span class='ocrx_word' id='word_1_94' title='bbox 1039 1480 1140 1530; x_wconf 91' lang='lat' dir='ltr'><strong>aut</strong></span> <span class='ocrx_word' id='word_1_95' title='bbox 1183 1476 1231 1531; x_wconf 91' lang='lat' dir='ltr'><strong>si</strong></span> <span class='ocrx_word' id='word_1_96' title='bbox 1281 1480 1446 1532; x_wconf 85' lang='lat' dir='ltr'><strong>tantu</strong></span> <span class='ocrx_word' id='word_1_97' title='bbox 1499 1477 1741 1532; x_wconf 89' lang='lat' dir='ltr'><strong>Latinus</strong></span> <span class='ocrx_word' id='word_1_98' title='bbox 1790 1492 1872 1543; x_wconf 88' lang='lat' dir='ltr'><strong>es,</strong></span> <span class='ocrx_word' id='word_1_99' title='bbox 1907 1474 2025 1531; x_wconf 92' lang='lat' dir='ltr'><strong>noli</strong></span> 
     </span>
    </p>
   </div>
   <div class='ocr_carea' id='block_1_15' title="bbox 374 1563 2026 1638">
    <p class='ocr_par' dir='ltr' id='par_1_15' title="bbox 374 1563 2026 1638">
     <span class='ocr_line' id='line_1_15' title="bbox 374 1563 2026 1638; baseline 0 -19"><span class='ocrx_word' id='word_1_100' title='bbox 374 1565 450 1620; x_wconf 90' lang='lat' dir='ltr'><strong>de</strong></span> <span class='ocrx_word' id='word_1_101' title='bbox 479 1563 734 1633; x_wconf 82' lang='lat' dir='ltr'><strong>gratuito</strong></span> <span class='ocrx_word' id='word_1_102' title='bbox 761 1579 1002 1620; x_wconf 89' lang='lat' dir='ltr'><strong>munere</strong></span> <span class='ocrx_word' id='word_1_103' title='bbox 1024 1565 1314 1635; x_wconf 88' lang='lat' dir='ltr'><strong>judicare,</strong></span> <span class='ocrx_word' id='word_1_104' title='bbox 1338 1570 1413 1632; x_wconf 91' lang='lat' dir='ltr'><strong>et,</strong></span> <span class='ocrx_word' id='word_1_105' title='bbox 1439 1569 1503 1620; x_wconf 89' lang='lat' dir='ltr'><strong>ut</strong></span> <span class='ocrx_word' id='word_1_106' title='bbox 1529 1565 1767 1638; x_wconf 88' lang='lat' dir='ltr'><strong>vulgare</strong></span> <span class='ocrx_word' id='word_1_107' title='bbox 1797 1581 2026 1636; x_wconf 85' lang='lat' dir='ltr'><strong>prover-</strong></span> 
     </span>
    </p>
   </div>
   <div class='ocr_carea' id='block_1_16' title="bbox 373 1653 2026 1726">
    <p class='ocr_par' dir='ltr' id='par_1_16' title="bbox 373 1653 2026 1726">
     <span class='ocr_line' id='line_1_16' title="bbox 373 1653 2026 1726; baseline -0.001 -16"><span class='ocrx_word' id='word_1_108' title='bbox 373 1653 538 1710; x_wconf 87' lang='lat' dir='ltr'><strong>bium</strong></span> <span class='ocrx_word' id='word_1_109' title='bbox 573 1658 662 1709; x_wconf 90' lang='lat' dir='ltr'><strong>est</strong></span> <span class='ocrx_word' id='word_1_110' title='bbox 692 1670 705 1707; x_wconf 77' lang='grc' dir='ltr'><strong>ε</strong></span> <span class='ocrx_word' id='word_1_111' title='bbox 740 1653 887 1726; x_wconf 88' lang='lat' dir='ltr'><strong>Equi</strong></span> <span class='ocrx_word' id='word_1_112' title='bbox 947 1654 1150 1710; x_wconf 86' lang='lat' dir='ltr'><strong>dentes</strong></span> <span class='ocrx_word' id='word_1_113' title='bbox 1181 1654 1467 1726; x_wconf 86' lang='lat' dir='ltr'><strong>inspicere</strong></span> <span class='ocrx_word' id='word_1_114' title='bbox 1499 1655 1718 1710; x_wconf 85' lang='lat' dir='ltr'><strong>donati.</strong></span> <span class='ocrx_word' id='word_1_115' title='bbox 1751 1653 2026 1725; x_wconf 87' lang='lat' dir='ltr'><strong>Nunquid</strong></span> 
     </span>
    </p>
   </div>
   <div class='ocr_carea' id='block_1_17' title="bbox 373 1742 2031 1814">
    <p class='ocr_par' dir='ltr' id='par_1_17' title="bbox 373 1742 2031 1814">
     <span class='ocr_line' id='line_1_17' title="bbox 373 1742 2031 1814; baseline -0.001 -16"><span class='ocrx_word' id='word_1_116' title='bbox 373 1747 434 1798; x_wconf 88' lang='lat' dir='ltr'><strong>te</strong></span> <span class='ocrx_word' id='word_1_117' title='bbox 462 1759 644 1798; x_wconf 89' lang='lat' dir='ltr'><strong>manu</strong></span> <span class='ocrx_word' id='word_1_118' title='bbox 677 1747 946 1799; x_wconf 91' lang='lat' dir='ltr'><strong>conserta</strong></span> <span class='ocrx_word' id='word_1_119' title='bbox 977 1743 1035 1798; x_wconf 91' lang='lat' dir='ltr'><strong>in</strong></span> <span class='ocrx_word' id='word_1_120' title='bbox 1055 1743 1160 1814; x_wconf 88' lang='lat' dir='ltr'><strong>jus</strong></span> <span class='ocrx_word' id='word_1_121' title='bbox 1175 1744 1508 1814; x_wconf 88' lang='lat' dir='ltr'><strong>traho,quia</strong></span> <span class='ocrx_word' id='word_1_122' title='bbox 1529 1748 1729 1799; x_wconf 89' lang='lat' dir='ltr'><strong>nostra</strong></span> <span class='ocrx_word' id='word_1_123' title='bbox 1754 1760 1868 1799; x_wconf 90' lang='lat' dir='ltr'><strong>non</strong></span> <span class='ocrx_word' id='word_1_124' title='bbox 1892 1742 2031 1799; x_wconf 84' lang='lat' dir='ltr'><strong>scri-</strong></span> 
     </span>
    </p>
   </div>
   <div class='ocr_carea' id='block_1_18' title="bbox 369 1830 2026 1906">
    <p class='ocr_par' dir='ltr' id='par_1_18' title="bbox 369 1830 2026 1906">
     <span class='ocr_line' id='line_1_18' title="bbox 369 1830 2026 1906; baseline -0.002 -17"><span class='ocrx_word' id='word_1_125' title='bbox 369 1831 482 1889; x_wconf 85' lang='lat' dir='ltr'><strong>bas</strong></span> <span class='ocrx_word' id='word_1_126' title='bbox 514 1832 720 1904; x_wconf 78' lang='lat' dir='ltr'><strong>[Forte.</strong></span> <span class='ocrx_word' id='word_1_127' title='bbox 751 1830 934 1904; x_wconf 87' lang='lat' dir='ltr'><strong>legas]</strong></span> <span class='ocrx_word' id='word_1_128' title='bbox 967 1831 995 1887; x_wconf 89' lang='lat'><strong><em>?</em></strong></span> <span class='ocrx_word' id='word_1_129' title='bbox 1027 1832 1118 1887; x_wconf 92' lang='lat' dir='ltr'><strong>Me</strong></span> <span class='ocrx_word' id='word_1_130' title='bbox 1140 1832 1463 1904; x_wconf 83' lang='lat' dir='ltr'><strong>imperitior</strong></span> <span class='ocrx_word' id='word_1_131' title='bbox 1493 1834 1741 1906; x_wconf 91' lang='lat' dir='ltr'><strong>quisque</strong></span> <span class='ocrx_word' id='word_1_132' title='bbox 1771 1836 2026 1888; x_wconf 87' lang='lat' dir='ltr'><strong>lecturus</strong></span> 
     </span>
    </p>
   </div>
   <div class='ocr_carea' id='block_1_19' title="bbox 373 1920 2105 2012">
    <p class='ocr_par' dir='ltr' id='par_1_19' title="bbox 373 1920 2105 2012">
     <span class='ocr_line' id='line_1_19' title="bbox 373 1920 2105 2012; baseline -0.002 -34"><span class='ocrx_word' id='word_1_133' title='bbox 373 1925 466 1978; x_wconf 87' lang='lat' dir='ltr'><strong>est</strong></span> <span class='ocrx_word' id='word_1_134' title='bbox 497 1938 510 1974; x_wconf 92' lang='lat'><strong>:</strong></span> <span class='ocrx_word' id='word_1_135' title='bbox 546 1925 649 1976; x_wconf 88' lang='lat' dir='ltr'><strong>tua</strong></span> <span class='ocrx_word' id='word_1_136' title='bbox 670 1920 914 1976; x_wconf 83' lang='lat' dir='ltr'><strong>forsitan</strong></span> <span class='ocrx_word' id='word_1_137' title='bbox 940 1920 1095 1976; x_wconf 91' lang='lat' dir='ltr'><strong>dicta</strong></span> <span class='ocrx_word' id='word_1_138' title='bbox 1116 1921 1164 1976; x_wconf 90' lang='lat' dir='ltr'><strong>si</strong></span> <span class='ocrx_word' id='word_1_139' title='bbox 1186 1921 1749 1994; x_wconf 89' lang='lat' dir='ltr'><strong>scripseris,Tullius</strong></span> <span class='ocrx_word' id='word_1_140' title='bbox 1779 1921 2028 1977; x_wconf 90' lang='lat' dir='ltr'><strong>admira—</strong></span> <span class='ocrx_word' id='word_1_141' title='bbox 2058 1948 2105 2012; x_wconf 80' lang='grc' dir='ltr'><strong>Β</strong></span> 
     </span>
    </p>
   </div>
   <div class='ocr_carea' id='block_1_20' title="bbox 371 2009 2026 2082">
    <p class='ocr_par' dir='ltr' id='par_1_20' title="bbox 371 2009 2026 2082">
     <span class='ocr_line' id='line_1_20' title="bbox 371 2009 2026 2082; baseline 0.001 -17"><span class='ocrx_word' id='word_1_142' title='bbox 371 2011 554 2066; x_wconf 89' lang='lat' dir='ltr'><strong>bitur.</strong></span> <span class='ocrx_word' id='word_1_143' title='bbox 578 2009 854 2082; x_wconf 88' lang='lat' dir='ltr'><strong>Nunquid</strong></span> <span class='ocrx_word' id='word_1_144' title='bbox 887 2014 990 2065; x_wconf 88' lang='lat' dir='ltr'><strong>aut</strong></span> <span class='ocrx_word' id='word_1_145' title='bbox 1016 2010 1412 2067; x_wconf 88' lang='lat' dir='ltr'><strong>Tertullianus</strong></span> <span class='ocrx_word' id='word_1_146' title='bbox 1441 2013 1682 2067; x_wconf 88' lang='lat' dir='ltr'><strong>beatum</strong></span> <span class='ocrx_word' id='word_1_147' title='bbox 1715 2018 2026 2082; x_wconf 82' lang='lat' dir='ltr'><strong>martyrem</strong></span> 
     </span>
    </p>
   </div>
   <div class='ocr_carea' id='block_1_21' title="bbox 369 2098 2026 2172">
    <p class='ocr_par' dir='ltr' id='par_1_21' title="bbox 369 2098 2026 2172">
     <span class='ocr_line' id='line_1_21' title="bbox 369 2098 2026 2172; baseline -0.001 -15"><span class='ocrx_word' id='word_1_148' title='bbox 369 2099 858 2172; x_wconf 86' lang='lat' dir='ltr'><strong>Cyprianum,aut</strong></span> <span class='ocrx_word' id='word_1_149' title='bbox 886 2098 1207 2172; x_wconf 83' lang='lat' dir='ltr'><strong>Cyprianus</strong></span> <span class='ocrx_word' id='word_1_150' title='bbox 1228 2100 1766 2165; x_wconf 88' lang='lat' dir='ltr'><strong>Lactantinum,aut</strong></span> <span class='ocrx_word' id='word_1_151' title='bbox 1788 2101 2026 2156; x_wconf 89' lang='lat' dir='ltr'><strong>Lactan-</strong></span> 
     </span>
    </p>
   </div>
   <div class='ocr_carea' id='block_1_22' title="bbox 364 2187 2027 2246">
    <p class='ocr_par' dir='ltr' id='par_1_22' title="bbox 364 2187 2027 2246">
     <span class='ocr_line' id='line_1_22' title="bbox 364 2187 2027 2246; baseline -0.001 -1"><span class='ocrx_word' id='word_1_152' title='bbox 364 2189 490 2246; x_wconf 84' lang='lat' dir='ltr'><strong>tius</strong></span> <span class='ocrx_word' id='word_1_153' title='bbox 511 2187 801 2244; x_wconf 87' lang='lat' dir='ltr'><strong>Hilarium</strong></span> <span class='ocrx_word' id='word_1_154' title='bbox 822 2188 1104 2244; x_wconf 84' lang='lat' dir='ltr'><strong>deterruit</strong></span> <span class='ocrx_word' id='word_1_155' title='bbox 1125 2206 1159 2244; x_wconf 89' lang='lat' dir='ltr'><strong>a</strong></span> <span class='ocrx_word' id='word_1_156' title='bbox 1189 2189 1493 2246; x_wconf 89' lang='lat' dir='ltr'><strong>scribendo</strong></span> <span class='ocrx_word' id='word_1_157' title='bbox 1516 2190 1544 2244; x_wconf 85' lang='lat'><strong>?</strong></span> <span class='ocrx_word' id='word_1_158' title='bbox 1567 2191 1751 2244; x_wconf 88' lang='lat' dir='ltr'><strong>Taceo</strong></span> <span class='ocrx_word' id='word_1_159' title='bbox 1774 2189 1844 2244; x_wconf 92' lang='lat' dir='ltr'><strong>de</strong></span> <span class='ocrx_word' id='word_1_160' title='bbox 1867 2193 2027 2244; x_wconf 58' lang='lat' dir='ltr'><strong>caete-</strong></span> 
     </span>
    </p>
   </div>
   <div class='ocr_carea' id='block_1_23' title="bbox 369 2275 2019 2351">
    <p class='ocr_par' dir='ltr' id='par_1_23' title="bbox 369 2275 2019 2351">
     <span class='ocr_line' id='line_1_23' title="bbox 369 2275 2019 2351; baseline 0 -18"><span class='ocrx_word' id='word_1_161' title='bbox 369 2278 459 2333; x_wconf 89' lang='lat' dir='ltr'><strong>ris</strong></span> <span class='ocrx_word' id='word_1_162' title='bbox 493 2275 1009 2348; x_wconf 88' lang='lat' dir='ltr'><strong>minutalibus,qui</strong></span> <span class='ocrx_word' id='word_1_163' title='bbox 1033 2293 1263 2332; x_wconf 91' lang='lat' dir='ltr'><strong>mecum</strong></span> <span class='ocrx_word' id='word_1_164' title='bbox 1291 2277 1351 2332; x_wconf 92' lang='lat' dir='ltr'><strong>in</strong></span> <span class='ocrx_word' id='word_1_165' title='bbox 1381 2277 1549 2334; x_wconf 90' lang='lat' dir='ltr'><strong>libris</strong></span> <span class='ocrx_word' id='word_1_166' title='bbox 1579 2278 1703 2334; x_wconf 88' lang='lat' dir='ltr'><strong>suis</strong></span> <span class='ocrx_word' id='word_1_167' title='bbox 1735 2278 2019 2351; x_wconf 89' lang='lat' dir='ltr'><strong>garriunt.</strong></span> 
     </span>
    </p>
   </div>
   <div class='ocr_carea' id='block_1_24' title="bbox 369 2365 2018 2438">
    <p class='ocr_par' dir='ltr' id='par_1_24' title="bbox 369 2365 2018 2438">
     <span class='ocr_line' id='line_1_24' title="bbox 369 2365 2018 2438; baseline -0.002 -15"><span class='ocrx_word' id='word_1_168' title='bbox 369 2365 502 2423; x_wconf 86' lang='lat' dir='ltr'><strong>Nisi</strong></span> <span class='ocrx_word' id='word_1_169' title='bbox 533 2369 590 2421; x_wconf 88' lang='lat' dir='ltr'><strong>et</strong></span> <span class='ocrx_word' id='word_1_170' title='bbox 616 2382 789 2436; x_wconf 88' lang='lat' dir='ltr'><strong>parva</strong></span> <span class='ocrx_word' id='word_1_171' title='bbox 819 2365 1054 2432; x_wconf 86' lang='lat' dir='ltr'><strong>fuerint,</strong></span> <span class='ocrx_word' id='word_1_172' title='bbox 1090 2382 1304 2438; x_wconf 88' lang='lat' dir='ltr'><strong>magna</strong></span> <span class='ocrx_word' id='word_1_173' title='bbox 1332 2366 1588 2423; x_wconf 87' lang='lat' dir='ltr'><strong>eminere</strong></span> <span class='ocrx_word' id='word_1_174' title='bbox 1617 2383 1733 2422; x_wconf 90' lang='lat' dir='ltr'><strong>non</strong></span> <span class='ocrx_word' id='word_1_175' title='bbox 1752 2370 2018 2438; x_wconf 90' lang='lat' dir='ltr'><strong>possunt.</strong></span> 
     </span>
    </p>
   </div>
   <div class='ocr_carea' id='block_1_25' title="bbox 367 2452 2024 2526">
    <p class='ocr_par' dir='ltr' id='par_1_25' title="bbox 367 2452 2024 2526">
     <span class='ocr_line' id='line_1_25' title="bbox 367 2452 2024 2526; baseline -0.001 -16"><span class='ocrx_word' id='word_1_176' title='bbox 367 2452 635 2510; x_wconf 88' lang='lat' dir='ltr'><strong>Primum</strong></span> <span class='ocrx_word' id='word_1_177' title='bbox 685 2470 800 2510; x_wconf 92' lang='lat' dir='ltr'><strong>non</strong></span> <span class='ocrx_word' id='word_1_178' title='bbox 849 2453 1084 2520; x_wconf 90' lang='lat' dir='ltr'><strong>dicitur,</strong></span> <span class='ocrx_word' id='word_1_179' title='bbox 1135 2453 1248 2509; x_wconf 90' lang='lat' dir='ltr'><strong>nisi</strong></span> <span class='ocrx_word' id='word_1_180' title='bbox 1301 2455 1626 2510; x_wconf 90' lang='lat' dir='ltr'><strong>secundum</strong></span> <span class='ocrx_word' id='word_1_181' title='bbox 1658 2458 1939 2526; x_wconf 89' lang='lat' dir='ltr'><strong>sequatur</strong></span> <span class='ocrx_word' id='word_1_182' title='bbox 1966 2458 2024 2509; x_wconf 86' lang='lat' dir='ltr'><strong>et</strong></span> 
     </span>
    </p>
   </div>
   <div class='ocr_carea' id='block_1_26' title="bbox 367 2541 2024 2615">
    <p class='ocr_par' dir='ltr' id='par_1_26' title="bbox 367 2541 2024 2615">
     <span class='ocr_line' id='line_1_26' title="bbox 367 2541 2024 2615; baseline -0.001 -16"><span class='ocrx_word' id='word_1_183' title='bbox 367 2541 635 2599; x_wconf 85' lang='lat' dir='ltr'><strong>tertium.</strong></span> <span class='ocrx_word' id='word_1_184' title='bbox 667 2543 753 2598; x_wconf 86' lang='lat' dir='ltr'><strong>Ad</strong></span> <span class='ocrx_word' id='word_1_185' title='bbox 784 2559 1019 2598; x_wconf 88' lang='lat' dir='ltr'><strong>summa</strong></span> <span class='ocrx_word' id='word_1_186' title='bbox 1048 2560 1163 2599; x_wconf 90' lang='lat' dir='ltr'><strong>non</strong></span> <span class='ocrx_word' id='word_1_187' title='bbox 1194 2543 1554 2612; x_wconf 85' lang='lat' dir='ltr'><strong>seandimus,</strong></span> <span class='ocrx_word' id='word_1_188' title='bbox 1578 2543 1691 2599; x_wconf 91' lang='lat' dir='ltr'><strong>nisi</strong></span> <span class='ocrx_word' id='word_1_189' title='bbox 1721 2561 1823 2615; x_wconf 89' lang='lat' dir='ltr'><strong>per</strong></span> <span class='ocrx_word' id='word_1_190' title='bbox 1846 2545 2024 2601; x_wconf 76' lang='lat'><strong>539-</strong></span> 
     </span>
    </p>
   </div>
   <div class='ocr_carea' id='block_1_27' title="bbox 370 2630 2021 2703">
    <p class='ocr_par' dir='ltr' id='par_1_27' title="bbox 370 2630 2021 2703">
     <span class='ocr_line' id='line_1_27' title="bbox 370 2630 2021 2703; baseline -0.002 -13"><span class='ocrx_word' id='word_1_191' title='bbox 370 2632 529 2690; x_wconf 69' lang='lat'><strong>540</strong></span> <span class='ocrx_word' id='word_1_192' title='bbox 558 2631 678 2686; x_wconf 87' lang='lat' dir='ltr'><strong>ima</strong></span> <span class='ocrx_word' id='word_1_193' title='bbox 709 2630 1068 2703; x_wconf 88' lang='lat' dir='ltr'><strong>gradiamur.</strong></span> <span class='ocrx_word' id='word_1_194' title='bbox 1122 2632 1513 2696; x_wconf 88' lang='lat' dir='ltr'><strong>Quamobrem</strong></span> <span class='ocrx_word' id='word_1_195' title='bbox 1590 2632 1831 2688; x_wconf 91' lang='lat' dir='ltr'><strong>obsecro</strong></span> <span class='ocrx_word' id='word_1_196' title='bbox 1897 2638 2021 2687; x_wconf 87' lang='lat' dir='ltr'><strong>tam</strong></span> 
     </span>
    </p>
   </div>
   <div class='ocr_carea' id='block_1_28' title="bbox 368 2720 2020 2793">
    <p class='ocr_par' dir='ltr' id='par_1_28' title="bbox 368 2720 2020 2793">
     <span class='ocr_line' id='line_1_28' title="bbox 368 2720 2020 2793; baseline 0.001 -17"><span class='ocrx_word' id='word_1_197' title='bbox 368 2736 473 2776; x_wconf 91' lang='lat' dir='ltr'><strong>vos</strong></span> <span class='ocrx_word' id='word_1_198' title='bbox 495 2736 625 2792; x_wconf 78' lang='lat' dir='ltr'><strong>quae</strong></span> <span class='ocrx_word' id='word_1_199' title='bbox 652 2720 712 2775; x_wconf 93' lang='lat' dir='ltr'><strong>in</strong></span> <span class='ocrx_word' id='word_1_200' title='bbox 735 2720 1176 2791; x_wconf 72' lang='lat' dir='ltr'><strong>praesentiarum</strong></span> <span class='ocrx_word' id='word_1_201' title='bbox 1208 2720 1559 2793; x_wconf 89' lang='lat' dir='ltr'><strong>estis,quam</strong></span> <span class='ocrx_word' id='word_1_202' title='bbox 1581 2725 1846 2776; x_wconf 90' lang='lat' dir='ltr'><strong>sanctam</strong></span> <span class='ocrx_word' id='word_1_203' title='bbox 1869 2721 2020 2777; x_wconf 64' lang='lat' dir='ltr'><strong>Maro</strong></span> 
     </span>
    </p>
   </div>
   <div class='ocr_carea' id='block_1_29' title="bbox 370 2808 2020 2881">
    <p class='ocr_par' dir='ltr' id='par_1_29' title="bbox 370 2808 2020 2881">
     <span class='ocr_line' id='line_1_29' title="bbox 370 2808 2020 2881; baseline 0.001 -16"><span class='ocrx_word' id='word_1_204' title='bbox 370 2809 603 2880; x_wconf 88' lang='lat' dir='ltr'><strong>cellam,</strong></span> <span class='ocrx_word' id='word_1_205' title='bbox 637 2808 878 2864; x_wconf 92' lang='lat' dir='ltr'><strong>unicum</strong></span> <span class='ocrx_word' id='word_1_206' title='bbox 911 2809 1215 2864; x_wconf 90' lang='lat' dir='ltr'><strong>viduitatis</strong></span> <span class='ocrx_word' id='word_1_207' title='bbox 1246 2809 1563 2881; x_wconf 86' lang='lat' dir='ltr'><strong>exemplar,</strong></span> <span class='ocrx_word' id='word_1_208' title='bbox 1599 2827 1671 2866; x_wconf 91' lang='lat' dir='ltr'><strong>ne</strong></span> <span class='ocrx_word' id='word_1_209' title='bbox 1703 2809 1871 2866; x_wconf 83' lang='lat' dir='ltr'><strong>facile</strong></span> <span class='ocrx_word' id='word_1_210' title='bbox 1897 2827 2020 2866; x_wconf 89' lang='lat' dir='ltr'><strong>ma-</strong></span> 
     </span>
    </p>
   </div>
   <div class='ocr_carea' id='block_1_30' title="bbox 365 2897 2024 2972">
    <p class='ocr_par' dir='ltr' id='par_1_30' title="bbox 365 2897 2024 2972">
     <span class='ocr_line' id='line_1_30' title="bbox 365 2897 2024 2972; baseline 0.001 -18"><span class='ocrx_word' id='word_1_211' title='bbox 365 2897 574 2954; x_wconf 88' lang='lat' dir='ltr'><strong>ledicis</strong></span> <span class='ocrx_word' id='word_1_212' title='bbox 609 2903 666 2954; x_wconf 91' lang='lat' dir='ltr'><strong>et</strong></span> <span class='ocrx_word' id='word_1_213' title='bbox 704 2898 917 2953; x_wconf 88' lang='lat' dir='ltr'><strong>invidis</strong></span> <span class='ocrx_word' id='word_1_214' title='bbox 977 2898 1262 2970; x_wconf 89' lang='lat' dir='ltr'><strong>opuscula</strong></span> <span class='ocrx_word' id='word_1_215' title='bbox 1319 2915 1448 2955; x_wconf 90' lang='lat' dir='ltr'><strong>mea</strong></span> <span class='ocrx_word' id='word_1_216' title='bbox 1504 2899 1752 2956; x_wconf 88' lang='lat' dir='ltr'><strong>tradatis</strong></span> <span class='ocrx_word' id='word_1_217' title='bbox 1787 2917 1799 2954; x_wconf 93' lang='lat'>:</span> <span class='ocrx_word' id='word_1_218' title='bbox 1833 2917 2024 2972; x_wconf 91' lang='lat' dir='ltr'><strong>neque</strong></span> 
     </span>
    </p>
   </div>
   <div class='ocr_carea' id='block_1_31' title="bbox 367 2985 2021 3060">
    <p class='ocr_par' dir='ltr' id='par_1_31' title="bbox 367 2985 2021 3060">
     <span class='ocr_line' id='line_1_31' title="bbox 367 2985 2021 3060; baseline 0.001 -17"><span class='ocrx_word' id='word_1_219' title='bbox 367 2985 522 3043; x_wconf 85' lang='lat' dir='ltr'><strong>detis</strong></span> <span class='ocrx_word' id='word_1_220' title='bbox 552 2991 818 3043; x_wconf 88' lang='lat' dir='ltr'><strong>sanctum</strong></span> <span class='ocrx_word' id='word_1_221' title='bbox 851 2987 1118 3053; x_wconf 87' lang='lat' dir='ltr'><strong>canibus,</strong></span> <span class='ocrx_word' id='word_1_222' title='bbox 1145 2991 1202 3043; x_wconf 88' lang='lat' dir='ltr'><strong>et</strong></span> <span class='ocrx_word' id='word_1_223' title='bbox 1229 2989 1580 3060; x_wconf 87' lang='lat' dir='ltr'><strong>margaritas</strong></span> <span class='ocrx_word' id='word_1_224' title='bbox 1611 2988 1859 3044; x_wconf 87' lang='lat' dir='ltr'><strong>mittatis</strong></span> <span class='ocrx_word' id='word_1_225' title='bbox 1889 2992 2021 3044; x_wconf 87' lang='lat' dir='ltr'><strong>ante</strong></span> 
     </span>
    </p>
   </div>
   <div class='ocr_carea' id='block_1_32' title="bbox 369 3076 2020 3150">
    <p class='ocr_par' dir='ltr' id='par_1_32' title="bbox 369 3076 2020 3150">
     <span class='ocr_line' id='line_1_32' title="bbox 369 3076 2020 3150; baseline 0.001 -19"><span class='ocrx_word' id='word_1_226' title='bbox 369 3091 578 3150; x_wconf 90' lang='lat' dir='ltr'><strong>porcos</strong></span> <span class='ocrx_word' id='word_1_227' title='bbox 630 3076 847 3147; x_wconf 83' lang='lat' dir='ltr'><strong>(Matth.</strong></span> <span class='ocrx_word' id='word_1_228' title='bbox 900 3093 1000 3145; x_wconf 87' lang='lat' dir='ltr'><strong>vn,</strong></span> <span class='ocrx_word' id='word_1_229' title='bbox 1054 3077 1131 3144; x_wconf 89' lang='lat'><strong>6).</strong></span> <span class='ocrx_word' id='word_1_230' title='bbox 1168 3076 1275 3142; x_wconf 90' lang='lat' dir='ltr'><strong>Qui</strong></span> <span class='ocrx_word' id='word_1_231' title='bbox 1307 3092 1441 3132; x_wconf 91' lang='lat' dir='ltr'><strong>cum</strong></span> <span class='ocrx_word' id='word_1_232' title='bbox 1474 3077 1627 3132; x_wconf 88' lang='lat' dir='ltr'><strong>bona</strong></span> <span class='ocrx_word' id='word_1_233' title='bbox 1654 3077 1873 3133; x_wconf 87' lang='lat' dir='ltr'><strong>imitari</strong></span> <span class='ocrx_word' id='word_1_234' title='bbox 1905 3095 2020 3133; x_wconf 93' lang='lat' dir='ltr'><strong>non</strong></span> 
     </span>
    </p>
   </div>
   <div class='ocr_carea' id='block_1_33' title="bbox 370 3164 2020 3238">
    <p class='ocr_par' dir='ltr' id='par_1_33' title="bbox 370 3164 2020 3238">
     <span class='ocr_line' id='line_1_33' title="bbox 370 3164 2020 3238; baseline 0 -18"><span class='ocrx_word' id='word_1_235' title='bbox 370 3169 608 3238; x_wconf 88' lang='lat' dir='ltr'><strong>queant,</strong></span> <span class='ocrx_word' id='word_1_236' title='bbox 632 3165 788 3237; x_wconf 90' lang='lat' dir='ltr'><strong>quod</strong></span> <span class='ocrx_word' id='word_1_237' title='bbox 821 3164 1013 3221; x_wconf 89' lang='lat' dir='ltr'><strong>solum</strong></span> <span class='ocrx_word' id='word_1_238' title='bbox 1042 3165 1229 3221; x_wconf 87' lang='lat' dir='ltr'><strong>facere</strong></span> <span class='ocrx_word' id='word_1_239' title='bbox 1255 3166 1791 3238; x_wconf 89' lang='lat' dir='ltr'><strong>possunt,invident</strong></span> <span class='ocrx_word' id='word_1_240' title='bbox 1822 3184 1834 3222; x_wconf 91' lang='lat'>:</span> <span class='ocrx_word' id='word_1_241' title='bbox 1873 3171 1929 3221; x_wconf 87' lang='lat' dir='ltr'><strong>et</strong></span> <span class='ocrx_word' id='word_1_242' title='bbox 1961 3166 2020 3221; x_wconf 87' lang='lat' dir='ltr'><strong>in</strong></span> 
     </span>
    </p>
   </div>
   <div class='ocr_carea' id='block_1_34' title="bbox 366 3253 2020 3326">
    <p class='ocr_par' dir='ltr' id='par_1_34' title="bbox 366 3253 2020 3326">
     <span class='ocr_line' id='line_1_34' title="bbox 366 3253 2020 3326; baseline 0 -15"><span class='ocrx_word' id='word_1_243' title='bbox 366 3272 434 3311; x_wconf 92' lang='lat' dir='ltr'><strong>eo</strong></span> <span class='ocrx_word' id='word_1_244' title='bbox 496 3271 558 3310; x_wconf 89' lang='lat' dir='ltr'><strong>se</strong></span> <span class='ocrx_word' id='word_1_245' title='bbox 614 3255 814 3310; x_wconf 90' lang='lat' dir='ltr'><strong>doctos</strong></span> <span class='ocrx_word' id='word_1_246' title='bbox 871 3253 1248 3326; x_wconf 86' lang='lat' dir='ltr'><strong>eruditosque</strong></span> <span class='ocrx_word' id='word_1_247' title='bbox 1294 3255 1676 3320; x_wconf 84' lang='lat' dir='ltr'><strong>arbitrantur,</strong></span> <span class='ocrx_word' id='word_1_248' title='bbox 1704 3256 1754 3310; x_wconf 91' lang='lat' dir='ltr'><strong>si</strong></span> <span class='ocrx_word' id='word_1_249' title='bbox 1786 3255 1857 3310; x_wconf 93' lang='lat' dir='ltr'><strong>de</strong></span> <span class='ocrx_word' id='word_1_250' title='bbox 1889 3255 2020 3311; x_wconf 90' lang='lat' dir='ltr'><strong>aliis</strong></span> 
     </span>
    </p>
   </div>
   <div class='ocr_carea' id='block_1_35' title="bbox 2143 674 3787 745">
    <p class='ocr_par' dir='ltr' id='par_1_35' title="bbox 2143 674 3787 745">
     <span class='ocr_line' id='line_1_35' title="bbox 2143 674 3787 745; baseline 0.003 -17"><span class='ocrx_word' id='word_1_251' title='bbox 2143 674 2540 745; x_wconf 86' lang='lat' dir='ltr'><strong>pompaticum</strong></span> <span class='ocrx_word' id='word_1_252' title='bbox 2587 674 2809 744; x_wconf 85' lang='lat' dir='ltr'><strong>jactare</strong></span> <span class='ocrx_word' id='word_1_253' title='bbox 2840 690 3169 730; x_wconf 90' lang='lat' dir='ltr'><strong>sermonem</strong></span> <span class='ocrx_word' id='word_1_254' title='bbox 3204 691 3216 730; x_wconf 91' lang='lat'><strong>:</strong></span> <span class='ocrx_word' id='word_1_255' title='bbox 3251 674 3410 730; x_wconf 90' lang='lat' dir='ltr'><strong>aliud</strong></span> <span class='ocrx_word' id='word_1_256' title='bbox 3454 675 3513 731; x_wconf 92' lang='lat' dir='ltr'><strong>in</strong></span> <span class='ocrx_word' id='word_1_257' title='bbox 3546 691 3787 733; x_wconf 90' lang='lat' dir='ltr'><strong>sensum</strong></span> 
     </span>
    </p>
   </div>
   <div class='ocr_carea' id='block_1_36' title="bbox 2143 762 3790 837">
    <p class='ocr_par' dir='ltr' id='par_1_36' title="bbox 2143 762 3790 837">
     <span class='ocr_line' id='line_1_36' title="bbox 2143 762 3790 837; baseline 0.001 -18"><span class='ocrx_word' id='word_1_258' title='bbox 2143 762 2435 835; x_wconf 70' lang='lat' dir='ltr'><strong>prophetas</strong></span> <span class='ocrx_word' id='word_1_259' title='bbox 2469 767 2525 817; x_wconf 92' lang='lat' dir='ltr'><strong>et</strong></span> <span class='ocrx_word' id='word_1_260' title='bbox 2554 763 2804 835; x_wconf 88' lang='lat' dir='ltr'><strong>apostoli</strong></span> <span class='ocrx_word' id='word_1_261' title='bbox 2846 762 3093 836; x_wconf 85' lang='lat' dir='ltr'><strong>ingredi,</strong></span> <span class='ocrx_word' id='word_1_262' title='bbox 3133 763 3454 837; x_wconf 84' lang='lat' dir='ltr'><strong>intelligere</strong></span> <span class='ocrx_word' id='word_1_263' title='bbox 3485 781 3590 820; x_wconf 92' lang='lat' dir='ltr'><strong>cur</strong></span> <span class='ocrx_word' id='word_1_264' title='bbox 3645 765 3790 821; x_wconf 52' lang='lat' dir='ltr'><strong>scri-‘</strong></span> 
     </span>
    </p>
   </div>
   <div class='ocr_carea' id='block_1_37' title="bbox 2142 852 3789 924">
    <p class='ocr_par' dir='ltr' id='par_1_37' title="bbox 2142 852 3789 924">
     <span class='ocr_line' id='line_1_37' title="bbox 2142 852 3789 924; baseline 0.001 -16"><span class='ocrx_word' id='word_1_265' title='bbox 2142 852 2384 924; x_wconf 89' lang='lat' dir='ltr'><strong>pserint,</strong></span> <span class='ocrx_word' id='word_1_266' title='bbox 2427 869 2543 923; x_wconf 88' lang='lat' dir='ltr'><strong>qua</strong></span> <span class='ocrx_word' id='word_1_267' title='bbox 2579 852 2931 907; x_wconf 87' lang='lat' dir='ltr'><strong>sententiam</strong></span> <span class='ocrx_word' id='word_1_268' title='bbox 2996 870 3165 908; x_wconf 87' lang='lat' dir='ltr'><strong>suam</strong></span> <span class='ocrx_word' id='word_1_269' title='bbox 3245 853 3468 909; x_wconf 90' lang='lat' dir='ltr'><strong>ratione</strong></span> <span class='ocrx_word' id='word_1_270' title='bbox 3521 853 3789 910; x_wconf 85' lang='lat' dir='ltr'><strong>firmave-</strong></span> 
     </span>
    </p>
   </div>
   <div class='ocr_carea' id='block_1_38' title="bbox 2142 941 3788 1015">
    <p class='ocr_par' dir='ltr' id='par_1_38' title="bbox 2142 941 3788 1015">
     <span class='ocr_line' id='line_1_38' title="bbox 2142 941 3788 1015; baseline 0.002 -20"><span class='ocrx_word' id='word_1_271' title='bbox 2142 941 2282 1008; x_wconf 89' lang='lat' dir='ltr'><strong>rint,</strong></span> <span class='ocrx_word' id='word_1_272' title='bbox 2345 941 2443 1012; x_wconf 89' lang='lat' dir='ltr'><strong>qui</strong></span> <span class='ocrx_word' id='word_1_273' title='bbox 2504 941 2757 996; x_wconf 89' lang='lat' dir='ltr'><strong>habeant</strong></span> <span class='ocrx_word' id='word_1_274' title='bbox 2814 942 2874 996; x_wconf 90' lang='lat' dir='ltr'><strong>in</strong></span> <span class='ocrx_word' id='word_1_275' title='bbox 2922 942 3117 998; x_wconf 89' lang='lat' dir='ltr'><strong>Veteri</strong></span> <span class='ocrx_word' id='word_1_276' title='bbox 3147 942 3293 1015; x_wconf 86' lang='lat' dir='ltr'><strong>Lege</strong></span> <span class='ocrx_word' id='word_1_277' title='bbox 3324 941 3626 1015; x_wconf 90' lang='lat' dir='ltr'><strong>proprium</strong></span> <span class='ocrx_word' id='word_1_278' title='bbox 3659 944 3788 998; x_wconf 92' lang='lat' dir='ltr'><strong>ldu-</strong></span> 
     </span>
    </p>
   </div>
   <div class='ocr_carea' id='block_1_39' title="bbox 2143 1030 3794 1105">
    <p class='ocr_par' dir='ltr' id='par_1_39' title="bbox 2143 1030 3794 1105">
     <span class='ocr_line' id='line_1_39' title="bbox 2143 1030 3794 1105; baseline 0.002 -21"><span class='ocrx_word' id='word_1_279' title='bbox 2143 1031 2292 1097; x_wconf 69' lang='lat' dir='ltr'><strong>mazi,</strong></span> <span class='ocrx_word' id='word_1_280' title='bbox 2326 1030 2612 1096; x_wconf 86' lang='lat' dir='ltr'><strong>Moabitae,</strong></span> <span class='ocrx_word' id='word_1_281' title='bbox 2648 1031 3016 1096; x_wconf 82' lang='lat' dir='ltr'><strong>Ammonitae,</strong></span> <span class='ocrx_word' id='word_1_282' title='bbox 3051 1031 3228 1102; x_wconf 85' lang='lat' dir='ltr'><strong>Tyrii,</strong></span> <span class='ocrx_word' id='word_1_283' title='bbox 3262 1031 3596 1102; x_wconf 90' lang='lat' dir='ltr'><strong>Philistiim,</strong></span> <span class='ocrx_word' id='word_1_284' title='bbox 3626 1032 3794 1105; x_wconf 68' lang='lat' dir='ltr'><strong>Egy-</strong></span> 
     </span>
    </p>
   </div>
   <div class='ocr_carea' id='block_1_40' title="bbox 2140 1118 3788 1191">
    <p class='ocr_par' dir='ltr' id='par_1_40' title="bbox 2140 1118 3788 1191">
     <span class='ocr_line' id='line_1_40' title="bbox 2140 1118 3788 1191; baseline 0.002 -19"><span class='ocrx_word' id='word_1_285' title='bbox 2140 1118 2266 1190; x_wconf 88' lang='lat' dir='ltr'><strong>ptii,</strong></span> <span class='ocrx_word' id='word_1_286' title='bbox 2299 1122 2354 1174; x_wconf 90' lang='lat' dir='ltr'><strong>et</strong></span> <span class='ocrx_word' id='word_1_287' title='bbox 2383 1119 2604 1191; x_wconf 84' lang='lat' dir='ltr'><strong>Assyrii</strong></span> <span class='ocrx_word' id='word_1_288' title='bbox 2637 1138 2650 1185; x_wconf 89' lang='lat'><strong>;</strong></span> <span class='ocrx_word' id='word_1_289' title='bbox 2694 1118 2832 1190; x_wconf 93' lang='lat' dir='ltr'><strong>quid</strong></span> <span class='ocrx_word' id='word_1_290' title='bbox 2867 1136 3100 1174; x_wconf 90' lang='lat' dir='ltr'><strong>rursum</strong></span> <span class='ocrx_word' id='word_1_291' title='bbox 3133 1121 3190 1174; x_wconf 91' lang='lat' dir='ltr'><strong>in</strong></span> <span class='ocrx_word' id='word_1_292' title='bbox 3227 1121 3383 1176; x_wconf 91' lang='lat' dir='ltr'><strong>Novo</strong></span> <span class='ocrx_word' id='word_1_293' title='bbox 3415 1121 3788 1177; x_wconf 88' lang='lat' dir='ltr'><strong>Testamento</strong></span> 
     </span>
    </p>
   </div>
   <div class='ocr_carea' id='block_1_41' title="bbox 2140 1208 3788 1282">
    <p class='ocr_par' dir='ltr' id='par_1_41' title="bbox 2140 1208 3788 1282">
     <span class='ocr_line' id='line_1_41' title="bbox 2140 1208 3788 1282; baseline 0.002 -20"><span class='ocrx_word' id='word_1_294' title='bbox 2140 1208 2403 1279; x_wconf 85' lang='lat' dir='ltr'><strong>Romani,</strong></span> <span class='ocrx_word' id='word_1_295' title='bbox 2446 1208 2750 1278; x_wconf 84' lang='lat' dir='ltr'><strong>Corinthii,</strong></span> <span class='ocrx_word' id='word_1_296' title='bbox 2817 1209 3052 1278; x_wconf 78' lang='lat' dir='ltr'><strong>Galatea,</strong></span> <span class='ocrx_word' id='word_1_297' title='bbox 3109 1209 3538 1282; x_wconf 90' lang='lat' dir='ltr'><strong>Philippenses,</strong></span> <span class='ocrx_word' id='word_1_298' title='bbox 3607 1209 3788 1265; x_wconf 91' lang='lat' dir='ltr'><strong>Thes-</strong></span> 
     </span>
    </p>
   </div>
   <div class='ocr_carea' id='block_1_42' title="bbox 2139 1296 3787 1371">
    <p class='ocr_par' dir='ltr' id='par_1_42' title="bbox 2139 1296 3787 1371">
     <span class='ocr_line' id='line_1_42' title="bbox 2139 1296 3787 1371; baseline 0.002 -20"><span class='ocrx_word' id='word_1_299' title='bbox 2139 1296 2581 1370; x_wconf 89' lang='lat' dir='ltr'><strong>salonicenses,</strong></span> <span class='ocrx_word' id='word_1_300' title='bbox 2642 1299 2911 1367; x_wconf 62' lang='lat' dir='ltr'><strong>Hebraei,</strong></span> <span class='ocrx_word' id='word_1_301' title='bbox 2979 1297 3402 1365; x_wconf 90' lang='lat' dir='ltr'><strong>Colossenses,</strong></span> <span class='ocrx_word' id='word_1_302' title='bbox 3470 1303 3528 1354; x_wconf 91' lang='lat' dir='ltr'><strong>et</strong></span> <span class='ocrx_word' id='word_1_303' title='bbox 3607 1316 3787 1371; x_wconf 87' lang='lat' dir='ltr'><strong>quam</strong></span> 
     </span>
    </p>
   </div>
   <div class='ocr_carea' id='block_1_43' title="bbox 2139 1387 3784 1459">
    <p class='ocr_par' dir='ltr' id='par_1_43' title="bbox 2139 1387 3784 1459">
     <span class='ocr_line' id='line_1_43' title="bbox 2139 1387 3784 1459; baseline 0.002 -19"><span class='ocrx_word' id='word_1_304' title='bbox 2139 1402 2295 1441; x_wconf 90' lang='lat' dir='ltr'><strong>nunc</strong></span> <span class='ocrx_word' id='word_1_305' title='bbox 2351 1388 2422 1442; x_wconf 90' lang='lat' dir='ltr'><strong>ad</strong></span> <span class='ocrx_word' id='word_1_306' title='bbox 2476 1387 2756 1458; x_wconf 85' lang='lat' dir='ltr'><strong>Ephesios</strong></span> <span class='ocrx_word' id='word_1_307' title='bbox 2812 1387 3133 1459; x_wconf 88' lang='lat' dir='ltr'><strong>Epistolam</strong></span> <span class='ocrx_word' id='word_1_308' title='bbox 3191 1387 3477 1445; x_wconf 90' lang='lat' dir='ltr'><strong>habemus</strong></span> <span class='ocrx_word' id='word_1_309' title='bbox 3529 1389 3590 1443; x_wconf 89' lang='lat' dir='ltr'><strong>in</strong></span> <span class='ocrx_word' id='word_1_310' title='bbox 3658 1405 3784 1444; x_wconf 86' lang='lat' dir='ltr'><strong>ma-</strong></span> 
     </span>
    </p>
   </div>
   <div class='ocr_carea' id='block_1_44' title="bbox 2138 1475 3788 1547">
    <p class='ocr_par' dir='ltr' id='par_1_44' title="bbox 2138 1475 3788 1547">
     <span class='ocr_line' id='line_1_44' title="bbox 2138 1475 3788 1547; baseline 0.002 -15"><span class='ocrx_word' id='word_1_311' title='bbox 2138 1475 2333 1532; x_wconf 91' lang='lat' dir='ltr'><strong>nibus.</strong></span> <span class='ocrx_word' id='word_1_312' title='bbox 2395 1477 2641 1534; x_wconf 90' lang='lat' dir='ltr'><strong>Necesse</strong></span> <span class='ocrx_word' id='word_1_313' title='bbox 2693 1481 2781 1532; x_wconf 90' lang='lat' dir='ltr'><strong>est</strong></span> <span class='ocrx_word' id='word_1_314' title='bbox 2837 1476 3013 1544; x_wconf 90' lang='lat' dir='ltr'><strong>enim,</strong></span> <span class='ocrx_word' id='word_1_315' title='bbox 3076 1480 3140 1532; x_wconf 89' lang='lat' dir='ltr'><strong>ut</strong></span> <span class='ocrx_word' id='word_1_316' title='bbox 3198 1477 3366 1547; x_wconf 83' lang='lat' dir='ltr'><strong>juxta</strong></span> <span class='ocrx_word' id='word_1_317' title='bbox 3421 1476 3788 1534; x_wconf 87' lang='lat' dir='ltr'><strong>diversitates</strong></span> 
     </span>
    </p>
   </div>
   <div class='ocr_carea' id='block_1_45' title="bbox 2137 1564 3786 1638">
    <p class='ocr_par' dir='ltr' id='par_1_45' title="bbox 2137 1564 3786 1638">
     <span class='ocr_line' id='line_1_45' title="bbox 2137 1564 3786 1638; baseline 0.001 -18"><span class='ocrx_word' id='word_1_318' title='bbox 2137 1564 2398 1621; x_wconf 91' lang='lat' dir='ltr'><strong>locorum</strong></span> <span class='ocrx_word' id='word_1_319' title='bbox 2439 1571 2497 1621; x_wconf 91' lang='lat' dir='ltr'><strong>et</strong></span> <span class='ocrx_word' id='word_1_320' title='bbox 2534 1571 2888 1638; x_wconf 90' lang='lat' dir='ltr'><strong>temporum,</strong></span> <span class='ocrx_word' id='word_1_321' title='bbox 2919 1569 2977 1622; x_wconf 86' lang='lat' dir='ltr'><strong>et</strong></span> <span class='ocrx_word' id='word_1_322' title='bbox 3015 1565 3344 1631; x_wconf 89' lang='lat' dir='ltr'><strong>hominum,</strong></span> <span class='ocrx_word' id='word_1_323' title='bbox 3387 1565 3605 1638; x_wconf 91' lang='lat' dir='ltr'><strong>quibus</strong></span> <span class='ocrx_word' id='word_1_324' title='bbox 3640 1567 3786 1622; x_wconf 89' lang='lat' dir='ltr'><strong>scri-</strong></span> 
     </span>
    </p>
   </div>
   <div class='ocr_carea' id='block_1_46' title="bbox 2139 1655 3780 1727">
    <p class='ocr_par' dir='ltr' id='par_1_46' title="bbox 2139 1655 3780 1727">
     <span class='ocr_line' id='line_1_46' title="bbox 2139 1655 3780 1727; baseline 0.002 -19"><span class='ocrx_word' id='word_1_325' title='bbox 2139 1658 2250 1725; x_wconf 83' lang='lat' dir='ltr'><strong>ptae</strong></span> <span class='ocrx_word' id='word_1_326' title='bbox 2308 1659 2502 1720; x_wconf 92' lang='lat' dir='ltr'><strong>sunt,</strong></span> <span class='ocrx_word' id='word_1_327' title='bbox 2571 1655 2829 1710; x_wconf 87' lang='lat' dir='ltr'><strong>diversas</strong></span> <span class='ocrx_word' id='word_1_328' title='bbox 2888 1659 2945 1710; x_wconf 92' lang='lat' dir='ltr'><strong>et</strong></span> <span class='ocrx_word' id='word_1_329' title='bbox 2999 1672 3207 1711; x_wconf 89' lang='lat' dir='ltr'><strong>causas</strong></span> <span class='ocrx_word' id='word_1_330' title='bbox 3245 1700 3260 1724; x_wconf 87' lang='lat'><strong>,</strong></span> <span class='ocrx_word' id='word_1_331' title='bbox 3318 1658 3375 1710; x_wconf 91' lang='lat' dir='ltr'><strong>et</strong></span> <span class='ocrx_word' id='word_1_332' title='bbox 3412 1659 3780 1727; x_wconf 86' lang='lat' dir='ltr'><strong>argumenta,</strong></span> 
     </span>
    </p>
   </div>
   <div class='ocr_carea' id='block_1_47' title="bbox 2138 1743 3785 1816">
    <p class='ocr_par' dir='ltr' id='par_1_47' title="bbox 2138 1743 3785 1816">
     <span class='ocr_line' id='line_1_47' title="bbox 2138 1743 3785 1816; baseline 0.002 -18"><span class='ocrx_word' id='word_1_333' title='bbox 2138 1747 2195 1798; x_wconf 92' lang='lat' dir='ltr'><strong>et</strong></span> <span class='ocrx_word' id='word_1_334' title='bbox 2251 1743 2506 1814; x_wconf 88' lang='lat' dir='ltr'><strong>origines</strong></span> <span class='ocrx_word' id='word_1_335' title='bbox 2563 1743 2835 1800; x_wconf 86' lang='lat' dir='ltr'><strong>habeant.</strong></span> <span class='ocrx_word' id='word_1_336' title='bbox 2891 1744 2962 1798; x_wconf 88' lang='lat' dir='ltr'><strong>Et</strong></span> <span class='ocrx_word' id='word_1_337' title='bbox 3017 1744 3308 1816; x_wconf 90' lang='lat' dir='ltr'><strong>quomodo</strong></span> <span class='ocrx_word' id='word_1_338' title='bbox 3357 1745 3563 1800; x_wconf 87' lang='lat' dir='ltr'><strong>beatus</strong></span> <span class='ocrx_word' id='word_1_339' title='bbox 3599 1745 3785 1801; x_wconf 88' lang='lat' dir='ltr'><strong>Joan-</strong></span> 
     </span>
    </p>
   </div>
   <div class='ocr_carea' id='block_1_48' title="bbox 2138 1833 3786 1913">
    <p class='ocr_par' dir='ltr' id='par_1_48' title="bbox 2138 1833 3786 1913">
     <span class='ocr_line' id='line_1_48' title="bbox 2138 1833 3786 1913; baseline 0.002 -26"><span class='ocrx_word' id='word_1_340' title='bbox 2138 1848 2243 1887; x_wconf 90' lang='lat' dir='ltr'><strong>nes</strong></span> <span class='ocrx_word' id='word_1_341' title='bbox 2282 1833 2339 1886; x_wconf 91' lang='lat' dir='ltr'><strong>in</strong></span> <span class='ocrx_word' id='word_1_342' title='bbox 2381 1833 2726 1905; x_wconf 86' lang='lat' dir='ltr'><strong>Apocalypsi</strong></span> <span class='ocrx_word' id='word_1_343' title='bbox 2761 1850 2868 1888; x_wconf 87' lang='lat' dir='ltr'><strong>sua</strong></span> <span class='ocrx_word' id='word_1_344' title='bbox 2906 1833 2977 1888; x_wconf 90' lang='lat' dir='ltr'><strong>ad</strong></span> <span class='ocrx_word' id='word_1_345' title='bbox 3010 1838 3231 1904; x_wconf 88' lang='lat' dir='ltr'><strong>septem</strong></span> <span class='ocrx_word' id='word_1_346' title='bbox 3271 1833 3536 1913; x_wconf 74' lang='lat' dir='ltr'><strong>scribens</strong></span> <span class='ocrx_word' id='word_1_347' title='bbox 3589 1833 3786 1890; x_wconf 62' lang='lat' dir='ltr'><strong>Ecclev</strong></span> 
     </span>
    </p>
   </div>
   <div class='ocr_carea' id='block_1_49' title="bbox 2137 1921 3784 1996">
    <p class='ocr_par' dir='ltr' id='par_1_49' title="bbox 2137 1921 3784 1996">
     <span class='ocr_line' id='line_1_49' title="bbox 2137 1921 3784 1996; baseline 0.001 -18"><span class='ocrx_word' id='word_1_348' title='bbox 2137 1921 2258 1978; x_wconf 87' lang='lat' dir='ltr'><strong>sias</strong></span> <span class='ocrx_word' id='word_1_349' title='bbox 2324 1924 2513 1994; x_wconf 81' lang='lat' dir='ltr'><strong>(Apoc.</strong></span> <span class='ocrx_word' id='word_1_350' title='bbox 2573 1940 2648 1988; x_wconf 80' lang='grc' dir='ltr'><strong>ιν,</strong></span> <span class='ocrx_word' id='word_1_351' title='bbox 2709 1923 2783 1994; x_wconf 87' lang='grc'><strong>4),</strong></span> <span class='ocrx_word' id='word_1_352' title='bbox 2844 1922 2902 1976; x_wconf 92' lang='lat' dir='ltr'><strong>in</strong></span> <span class='ocrx_word' id='word_1_353' title='bbox 2960 1938 3315 1994; x_wconf 90' lang='lat' dir='ltr'><strong>unaquaque</strong></span> <span class='ocrx_word' id='word_1_354' title='bbox 3381 1938 3582 1978; x_wconf 91' lang='lat' dir='ltr'><strong>earum</strong></span> <span class='ocrx_word' id='word_1_355' title='bbox 3653 1940 3784 1996; x_wconf 89' lang='lat' dir='ltr'><strong>spe-</strong></span> 
     </span>
    </p>
   </div>
   <div class='ocr_carea' id='block_1_50' title="bbox 2137 2009 3784 2084">
    <p class='ocr_par' dir='ltr' id='par_1_50' title="bbox 2137 2009 3784 2084">
     <span class='ocr_line' id='line_1_50' title="bbox 2137 2009 3784 2084; baseline 0.001 -18"><span class='ocrx_word' id='word_1_356' title='bbox 2137 2009 2324 2078; x_wconf 89' lang='lat' dir='ltr'><strong>cialia,</strong></span> <span class='ocrx_word' id='word_1_357' title='bbox 2382 2010 2470 2066; x_wconf 84' lang='lat' dir='ltr'><strong>vel</strong></span> <span class='ocrx_word' id='word_1_358' title='bbox 2517 2011 2659 2066; x_wconf 89' lang='lat' dir='ltr'><strong>vitia</strong></span> <span class='ocrx_word' id='word_1_359' title='bbox 2716 2011 3107 2082; x_wconf 88' lang='lat' dir='ltr'><strong>reprehendit,</strong></span> <span class='ocrx_word' id='word_1_360' title='bbox 3160 2011 3248 2065; x_wconf 88' lang='lat' dir='ltr'><strong>vel</strong></span> <span class='ocrx_word' id='word_1_361' title='bbox 3285 2010 3538 2067; x_wconf 88' lang='lat' dir='ltr'><strong>virtutes</strong></span> <span class='ocrx_word' id='word_1_362' title='bbox 3576 2013 3784 2084; x_wconf 87' lang='lat' dir='ltr'><strong>probat</strong></span> 
     </span>
    </p>
   </div>
   <div class='ocr_carea' id='block_1_51' title="bbox 2136 2100 3784 2173">
    <p class='ocr_par' dir='ltr' id='par_1_51' title="bbox 2136 2100 3784 2173">
     <span class='ocr_line' id='line_1_51' title="bbox 2136 2100 3784 2173; baseline 0.002 -21"><span class='ocrx_word' id='word_1_363' title='bbox 2136 2100 2316 2170; x_wconf 84' lang='lat' dir='ltr'><strong>(Apoc.</strong></span> <span class='ocrx_word' id='word_1_364' title='bbox 2360 2117 2422 2169; x_wconf 79' lang='grc' dir='ltr'><strong>ιι,</strong></span> <span class='ocrx_word' id='word_1_365' title='bbox 2466 2116 2550 2169; x_wconf 81' lang='lat' dir='ltr'><strong>ur,</strong></span> <span class='ocrx_word' id='word_1_366' title='bbox 2603 2101 2834 2170; x_wconf 77' lang='lat' dir='ltr'><strong>passim)</strong></span> <span class='ocrx_word' id='word_1_367' title='bbox 2896 2116 2908 2152; x_wconf 89' lang='lat'>:</span> <span class='ocrx_word' id='word_1_368' title='bbox 2970 2100 3052 2154; x_wconf 88' lang='lat' dir='ltr'><strong>ita</strong></span> <span class='ocrx_word' id='word_1_369' title='bbox 3088 2104 3144 2155; x_wconf 93' lang='lat' dir='ltr'><strong>et</strong></span> <span class='ocrx_word' id='word_1_370' title='bbox 3201 2104 3441 2155; x_wconf 86' lang='lat' dir='ltr'><strong>sanctus</strong></span> <span class='ocrx_word' id='word_1_371' title='bbox 3479 2100 3784 2173; x_wconf 90' lang='lat' dir='ltr'><strong>apostolus</strong></span> 
     </span>
    </p>
   </div>
   <div class='ocr_carea' id='block_1_52' title="bbox 2134 2187 3784 2261">
    <p class='ocr_par' dir='ltr' id='par_1_52' title="bbox 2134 2187 3784 2261">
     <span class='ocr_line' id='line_1_52' title="bbox 2134 2187 3784 2261; baseline 0.001 -18"><span class='ocrx_word' id='word_1_372' title='bbox 2134 2188 2352 2244; x_wconf 88' lang='lat' dir='ltr'><strong>Paulus</strong></span> <span class='ocrx_word' id='word_1_373' title='bbox 2397 2205 2496 2257; x_wconf 87' lang='lat' dir='ltr'><strong>per</strong></span> <span class='ocrx_word' id='word_1_374' title='bbox 2541 2187 2804 2261; x_wconf 90' lang='lat' dir='ltr'><strong>singulas</strong></span> <span class='ocrx_word' id='word_1_375' title='bbox 2853 2187 3139 2250; x_wconf 83' lang='lat' dir='ltr'><strong>Ecclesias</strong></span> <span class='ocrx_word' id='word_1_376' title='bbox 3193 2187 3537 2245; x_wconf 86' lang='lat' dir='ltr'><strong>vulneribus</strong></span> <span class='ocrx_word' id='word_1_377' title='bbox 3584 2190 3784 2245; x_wconf 91' lang='lat' dir='ltr'><strong>mede-</strong></span> 
     </span>
    </p>
   </div>
   <div class='ocr_carea' id='block_1_53' title="bbox 2133 2276 3784 2348">
    <p class='ocr_par' dir='ltr' id='par_1_53' title="bbox 2133 2276 3784 2348">
     <span class='ocr_line' id='line_1_53' title="bbox 2133 2276 3784 2348; baseline 0.001 -17"><span class='ocrx_word' id='word_1_378' title='bbox 2133 2279 2228 2332; x_wconf 89' lang='lat' dir='ltr'><strong>tur</strong></span> <span class='ocrx_word' id='word_1_379' title='bbox 2257 2276 2457 2343; x_wconf 87' lang='lat' dir='ltr'><strong>illatis,</strong></span> <span class='ocrx_word' id='word_1_380' title='bbox 2490 2293 2595 2332; x_wconf 90' lang='lat' dir='ltr'><strong>nec</strong></span> <span class='ocrx_word' id='word_1_381' title='bbox 2624 2277 2694 2332; x_wconf 88' lang='lat' dir='ltr'><strong>ad</strong></span> <span class='ocrx_word' id='word_1_382' title='bbox 2727 2277 2914 2332; x_wconf 90' lang='lat' dir='ltr'><strong>instar</strong></span> <span class='ocrx_word' id='word_1_383' title='bbox 2970 2276 3224 2348; x_wconf 89' lang='lat' dir='ltr'><strong>imperiti</strong></span> <span class='ocrx_word' id='word_1_384' title='bbox 3257 2277 3466 2333; x_wconf 84' lang='lat' dir='ltr'><strong>medici</strong></span> <span class='ocrx_word' id='word_1_385' title='bbox 3495 2295 3611 2334; x_wconf 89' lang='lat' dir='ltr'><strong>uno</strong></span> <span class='ocrx_word' id='word_1_386' title='bbox 3663 2278 3784 2334; x_wconf 81' lang='lat' dir='ltr'><strong>col-</strong></span> 
     </span>
    </p>
   </div>
   <div class='ocr_carea' id='block_1_54' title="bbox 2134 2365 3784 2440">
    <p class='ocr_par' dir='ltr' id='par_1_54' title="bbox 2134 2365 3784 2440">
     <span class='ocr_line' id='line_1_54' title="bbox 2134 2365 3784 2440; baseline 0.002 -21"><span class='ocrx_word' id='word_1_387' title='bbox 2134 2365 2278 2439; x_wconf 89' lang='lat' dir='ltr'><strong>lyrio</strong></span> <span class='ocrx_word' id='word_1_388' title='bbox 2336 2367 2602 2422; x_wconf 89' lang='lat' dir='ltr'><strong>omnium</strong></span> <span class='ocrx_word' id='word_1_389' title='bbox 2633 2366 2832 2422; x_wconf 92' lang='lat' dir='ltr'><strong>oculos</strong></span> <span class='ocrx_word' id='word_1_390' title='bbox 2882 2366 3007 2421; x_wconf 90' lang='lat' dir='ltr'><strong>vult</strong></span> <span class='ocrx_word' id='word_1_391' title='bbox 3035 2383 3258 2422; x_wconf 89' lang='lat' dir='ltr'><strong>curare.</strong></span> <span class='ocrx_word' id='word_1_392' title='bbox 3291 2368 3360 2422; x_wconf 89' lang='lat' dir='ltr'><strong>Et</strong></span> <span class='ocrx_word' id='word_1_393' title='bbox 3391 2366 3528 2439; x_wconf 90' lang='lat' dir='ltr'><strong>quia</strong></span> <span class='ocrx_word' id='word_1_394' title='bbox 3551 2369 3677 2440; x_wconf 89' lang='lat' dir='ltr'><strong>jam</strong></span> <span class='ocrx_word' id='word_1_395' title='bbox 3710 2369 3784 2424; x_wconf 89' lang='lat' dir='ltr'><strong>ad</strong></span> 
     </span>
    </p>
   </div>
   <div class='ocr_carea' id='block_1_55' title="bbox 2134 2453 3785 2527">
    <p class='ocr_par' dir='ltr' id='par_1_55' title="bbox 2134 2453 3785 2527">
     <span class='ocr_line' id='line_1_55' title="bbox 2134 2453 3785 2527; baseline -0.001 -16"><span class='ocrx_word' id='word_1_396' title='bbox 2134 2454 2386 2522; x_wconf 86' lang='lat' dir='ltr'><strong>Galatas,</strong></span> <span class='ocrx_word' id='word_1_397' title='bbox 2447 2455 2750 2510; x_wconf 88' lang='lat' dir='ltr'><strong>orantibus</strong></span> <span class='ocrx_word' id='word_1_398' title='bbox 2803 2453 2990 2521; x_wconf 90' lang='lat' dir='ltr'><strong>vobis,</strong></span> <span class='ocrx_word' id='word_1_399' title='bbox 3051 2458 3184 2510; x_wconf 87' lang='lat' dir='ltr'><strong>ante</strong></span> <span class='ocrx_word' id='word_1_400' title='bbox 3223 2471 3439 2526; x_wconf 88' lang='lat' dir='ltr'><strong>paucos</strong></span> <span class='ocrx_word' id='word_1_401' title='bbox 3479 2455 3603 2512; x_wconf 90' lang='lat' dir='ltr'><strong>dies</strong></span> <span class='ocrx_word' id='word_1_402' title='bbox 3641 2455 3785 2527; x_wconf 90' lang='lat' dir='ltr'><strong>quid</strong></span> 
     </span>
    </p>
   </div>
   <div class='ocr_carea' id='block_1_56' title="bbox 2133 2542 3786 2616">
    <p class='ocr_par' dir='ltr' id='par_1_56' title="bbox 2133 2542 3786 2616">
     <span class='ocr_line' id='line_1_56' title="bbox 2133 2542 3786 2616; baseline -0.001 -17"><span class='ocrx_word' id='word_1_403' title='bbox 2133 2545 2302 2599; x_wconf 92' lang='lat' dir='ltr'><strong>nobis</strong></span> <span class='ocrx_word' id='word_1_404' title='bbox 2329 2544 2645 2612; x_wconf 86' lang='lat' dir='ltr'><strong>videretur,</strong></span> <span class='ocrx_word' id='word_1_405' title='bbox 2703 2544 3097 2615; x_wconf 86' lang='lat' dir='ltr'><strong>expressimus</strong></span> <span class='ocrx_word' id='word_1_406' title='bbox 3139 2561 3152 2599; x_wconf 87' lang='lat'>:</span> <span class='ocrx_word' id='word_1_407' title='bbox 3197 2560 3352 2599; x_wconf 89' lang='lat' dir='ltr'><strong>nunc</strong></span> <span class='ocrx_word' id='word_1_408' title='bbox 3392 2545 3463 2599; x_wconf 87' lang='lat' dir='ltr'><strong>ad</strong></span> <span class='ocrx_word' id='word_1_409' title='bbox 3504 2542 3786 2616; x_wconf 83' lang='lat' dir='ltr'><strong>Ephesios</strong></span> 
     </span>
    </p>
   </div>
   <div class='ocr_carea' id='block_1_57' title="bbox 2131 2632 3788 2706">
    <p class='ocr_par' dir='ltr' id='par_1_57' title="bbox 2131 2632 3788 2706">
     <span class='ocr_line' id='line_1_57' title="bbox 2131 2632 3788 2706; baseline 0 -18"><span class='ocrx_word' id='word_1_410' title='bbox 2131 2635 2558 2689; x_wconf 89' lang='lat' dir='ltr'><strong>transeundum</strong></span> <span class='ocrx_word' id='word_1_411' title='bbox 2598 2638 2706 2705; x_wconf 91' lang='lat' dir='ltr'><strong>est,</strong></span> <span class='ocrx_word' id='word_1_412' title='bbox 2749 2633 3002 2689; x_wconf 91' lang='lat' dir='ltr'><strong>mediam</strong></span> <span class='ocrx_word' id='word_1_413' title='bbox 3039 2632 3300 2706; x_wconf 89' lang='lat' dir='ltr'><strong>Apostoli</strong></span> <span class='ocrx_word' id='word_1_414' title='bbox 3348 2632 3679 2706; x_wconf 88' lang='lat' dir='ltr'><strong>epistolam,</strong></span> <span class='ocrx_word' id='word_1_415' title='bbox 3723 2636 3788 2688; x_wconf 90' lang='lat' dir='ltr'><strong>ut</strong></span> 
     </span>
    </p>
   </div>
   <div class='ocr_carea' id='block_1_58' title="bbox 2131 2721 3776 2788">
    <p class='ocr_par' dir='ltr' id='par_1_58' title="bbox 2131 2721 3776 2788">
     <span class='ocr_line' id='line_1_58' title="bbox 2131 2721 3776 2788; baseline 0 -11"><span class='ocrx_word' id='word_1_416' title='bbox 2131 2721 2333 2777; x_wconf 91' lang='lat' dir='ltr'><strong>ordine</strong></span> <span class='ocrx_word' id='word_1_417' title='bbox 2364 2724 2442 2777; x_wconf 86' lang='lat' dir='ltr'><strong>ita</strong></span> <span class='ocrx_word' id='word_1_418' title='bbox 2471 2727 2527 2778; x_wconf 90' lang='lat' dir='ltr'><strong>et</strong></span> <span class='ocrx_word' id='word_1_419' title='bbox 2565 2723 2859 2778; x_wconf 87' lang='lat' dir='ltr'><strong>sensibus.</strong></span> <span class='ocrx_word' id='word_1_420' title='bbox 2893 2721 3140 2778; x_wconf 84' lang='lat' dir='ltr'><strong>Mediam</strong></span> <span class='ocrx_word' id='word_1_421' title='bbox 3194 2727 3387 2777; x_wconf 89' lang='lat' dir='ltr'><strong>autem</strong></span> <span class='ocrx_word' id='word_1_422' title='bbox 3449 2721 3599 2788; x_wconf 92' lang='lat' dir='ltr'><strong>dico,</strong></span> <span class='ocrx_word' id='word_1_423' title='bbox 3659 2739 3776 2777; x_wconf 89' lang='lat' dir='ltr'><strong>non</strong></span> 
     </span>
    </p>
   </div>
   <div class='ocr_carea' id='block_1_59' title="bbox 2133 2810 3786 2883">
    <p class='ocr_par' dir='ltr' id='par_1_59' title="bbox 2133 2810 3786 2883">
     <span class='ocr_line' id='line_1_59' title="bbox 2133 2810 3786 2883; baseline -0.001 -17"><span class='ocrx_word' id='word_1_424' title='bbox 2133 2827 2248 2881; x_wconf 92' lang='lat' dir='ltr'><strong>quo</strong></span> <span class='ocrx_word' id='word_1_425' title='bbox 2281 2811 2500 2883; x_wconf 89' lang='lat' dir='ltr'><strong>primas</strong></span> <span class='ocrx_word' id='word_1_426' title='bbox 2531 2827 2803 2883; x_wconf 91' lang='lat' dir='ltr'><strong>sequens,</strong></span> <span class='ocrx_word' id='word_1_427' title='bbox 2838 2811 3112 2866; x_wconf 83' lang='lat' dir='ltr'><strong>extremis</strong></span> <span class='ocrx_word' id='word_1_428' title='bbox 3141 2812 3328 2882; x_wconf 88' lang='lat' dir='ltr'><strong>major</strong></span> <span class='ocrx_word' id='word_1_429' title='bbox 3356 2810 3470 2877; x_wconf 88' lang='lat' dir='ltr'><strong>sit;</strong></span> <span class='ocrx_word' id='word_1_430' title='bbox 3505 2810 3604 2865; x_wconf 90' lang='lat' dir='ltr'><strong>sed</strong></span> <span class='ocrx_word' id='word_1_431' title='bbox 3638 2825 3786 2880; x_wconf 89' lang='lat' dir='ltr'><strong>quo-</strong></span> 
     </span>
    </p>
   </div>
   <div class='ocr_carea' id='block_1_60' title="bbox 2133 2896 3778 2957">
    <p class='ocr_par' dir='ltr' id='par_1_60' title="bbox 2133 2896 3778 2957">
     <span class='ocr_line' id='line_1_60' title="bbox 2133 2896 3778 2957; baseline -0.002 -1"><span class='ocrx_word' id='word_1_432' title='bbox 2133 2902 2304 2957; x_wconf 90' lang='lat' dir='ltr'><strong>modo</strong></span> <span class='ocrx_word' id='word_1_433' title='bbox 2335 2918 2434 2956; x_wconf 92' lang='lat' dir='ltr'><strong>cor</strong></span> <span class='ocrx_word' id='word_1_434' title='bbox 2463 2901 2736 2956; x_wconf 90' lang='lat' dir='ltr'><strong>animalis</strong></span> <span class='ocrx_word' id='word_1_435' title='bbox 2766 2901 2826 2955; x_wconf 90' lang='lat' dir='ltr'><strong>in</strong></span> <span class='ocrx_word' id='word_1_436' title='bbox 2855 2900 3046 2956; x_wconf 90' lang='lat' dir='ltr'><strong>medio</strong></span> <span class='ocrx_word' id='word_1_437' title='bbox 3069 2904 3157 2955; x_wconf 87' lang='lat' dir='ltr'><strong>est</strong></span> <span class='ocrx_word' id='word_1_438' title='bbox 3191 2919 3202 2956; x_wconf 93' lang='lat'>:</span> <span class='ocrx_word' id='word_1_439' title='bbox 3237 2904 3303 2955; x_wconf 89' lang='lat' dir='ltr'><strong>ut</strong></span> <span class='ocrx_word' id='word_1_440' title='bbox 3332 2915 3401 2954; x_wconf 88' lang='lat' dir='ltr'><strong>ex</strong></span> <span class='ocrx_word' id='word_1_441' title='bbox 3429 2898 3539 2954; x_wconf 91' lang='lat' dir='ltr'><strong>hoc</strong></span> <span class='ocrx_word' id='word_1_442' title='bbox 3564 2896 3778 2953; x_wconf 91' lang='lat' dir='ltr'><strong>intelli-</strong></span> 
     </span>
    </p>
   </div>
   <div class='ocr_carea' id='block_1_61' title="bbox 2131 2987 3782 3062">
    <p class='ocr_par' dir='ltr' id='par_1_61' title="bbox 2131 2987 3782 3062">
     <span class='ocr_line' id='line_1_61' title="bbox 2131 2987 3782 3062; baseline -0.001 -18"><span class='ocrx_word' id='word_1_443' title='bbox 2131 2989 2285 3062; x_wconf 88' lang='lat' dir='ltr'><strong>gatis</strong></span> <span class='ocrx_word' id='word_1_444' title='bbox 2326 2989 2557 3060; x_wconf 89' lang='lat' dir='ltr'><strong>quantis</strong></span> <span class='ocrx_word' id='word_1_445' title='bbox 2597 2987 3061 3054; x_wconf 81' lang='lat' dir='ltr'><strong>difﬁcultatibus,</strong></span> <span class='ocrx_word' id='word_1_446' title='bbox 3131 2992 3189 3042; x_wconf 89' lang='lat' dir='ltr'><strong>et</strong></span> <span class='ocrx_word' id='word_1_447' title='bbox 3255 3004 3433 3059; x_wconf 89' lang='lat' dir='ltr'><strong>quam</strong></span> <span class='ocrx_word' id='word_1_448' title='bbox 3473 2987 3782 3059; x_wconf 86' lang='lat' dir='ltr'><strong>profundis</strong></span> 
     </span>
    </p>
   </div>
   <div class='ocr_carea' id='block_1_62' title="bbox 2133 3074 3783 3149">
    <p class='ocr_par' dir='ltr' id='par_1_62' title="bbox 2133 3074 3783 3149">
     <span class='ocr_line' id='line_1_62' title="bbox 2133 3074 3783 3149; baseline -0.001 -17"><span class='ocrx_word' id='word_1_449' title='bbox 2133 3078 2555 3149; x_wconf 83' lang='lat' dir='ltr'><strong>quaestionibus</strong></span> <span class='ocrx_word' id='word_1_450' title='bbox 2593 3076 2858 3132; x_wconf 87' lang='lat' dir='ltr'><strong>involuta</strong></span> <span class='ocrx_word' id='word_1_451' title='bbox 2897 3075 3316 3132; x_wconf 88' lang='lat' dir='ltr'><strong>sit.Scribebat</strong></span> <span class='ocrx_word' id='word_1_452' title='bbox 3374 3076 3445 3131; x_wconf 89' lang='lat' dir='ltr'><strong>ad</strong></span> <span class='ocrx_word' id='word_1_453' title='bbox 3502 3074 3783 3147; x_wconf 90' lang='lat' dir='ltr'><strong>Ephesios</strong></span> 
     </span>
    </p>
   </div>
   <div class='ocr_carea' id='block_1_63' title="bbox 2133 3165 3784 3234">
    <p class='ocr_par' dir='ltr' id='par_1_63' title="bbox 2133 3165 3784 3234">
     <span class='ocr_line' id='line_1_63' title="bbox 2133 3165 3784 3234; baseline 0 -14"><span class='ocrx_word' id='word_1_454' title='bbox 2133 3166 2373 3220; x_wconf 89' lang='lat' dir='ltr'><strong>Dianam</strong></span> <span class='ocrx_word' id='word_1_455' title='bbox 2407 3165 2661 3221; x_wconf 89' lang='lat' dir='ltr'><strong>colentes</strong></span> <span class='ocrx_word' id='word_1_456' title='bbox 2693 3181 2807 3219; x_wconf 92' lang='lat' dir='ltr'><strong>non</strong></span> <span class='ocrx_word' id='word_1_457' title='bbox 2839 3165 2990 3220; x_wconf 90' lang='lat' dir='ltr'><strong>hanc</strong></span> <span class='ocrx_word' id='word_1_458' title='bbox 3015 3165 3388 3231; x_wconf 89' lang='lat' dir='ltr'><strong>venatricem,</strong></span> <span class='ocrx_word' id='word_1_459' title='bbox 3421 3181 3549 3234; x_wconf 70' lang='lat' dir='ltr'><strong>quae</strong></span> <span class='ocrx_word' id='word_1_460' title='bbox 3581 3179 3784 3220; x_wconf 87' lang='lat' dir='ltr'><strong>arcum</strong></span> 
     </span>
    </p>
   </div>
   <div class='ocr_carea' id='block_1_64' title="bbox 2133 3251 3786 3327">
    <p class='ocr_par' dir='ltr' id='par_1_64' title="bbox 2133 3251 3786 3327">
     <span class='ocr_line' id='line_1_64' title="bbox 2133 3251 3786 3327; baseline -0.002 -17"><span class='ocrx_word' id='word_1_461' title='bbox 2133 3259 2314 3323; x_wconf 88' lang='lat' dir='ltr'><strong>tenet,</strong></span> <span class='ocrx_word' id='word_1_462' title='bbox 2360 3258 2534 3327; x_wconf 90' lang='lat' dir='ltr'><strong>atque</strong></span> <span class='ocrx_word' id='word_1_463' title='bbox 2581 3252 2878 3309; x_wconf 89' lang='lat' dir='ltr'><strong>succincta</strong></span> <span class='ocrx_word' id='word_1_464' title='bbox 2934 3257 3043 3320; x_wconf 90' lang='lat' dir='ltr'><strong>est,</strong></span> <span class='ocrx_word' id='word_1_465' title='bbox 3093 3253 3194 3307; x_wconf 92' lang='lat' dir='ltr'><strong>sed</strong></span> <span class='ocrx_word' id='word_1_466' title='bbox 3227 3251 3386 3307; x_wconf 90' lang='lat' dir='ltr'><strong>illam</strong></span> <span class='ocrx_word' id='word_1_467' title='bbox 3421 3251 3786 3307; x_wconf 88' lang='lat' dir='ltr'><strong>multimam-</strong></span> 
     </span>
    </p>
   </div>
   <div class='ocr_carea' id='block_1_65' title="bbox 368 3322 3787 3416">
    <p class='ocr_par' dir='ltr' id='par_1_65' title="bbox 368 3322 3787 3416">
     <span class='ocr_line' id='line_1_65' title="bbox 368 3322 3787 3416; baseline -0.001 -16"><span class='ocrx_word' id='word_1_468' title='bbox 368 3343 698 3400; x_wconf 88' lang='lat' dir='ltr'><strong>detrahant.</strong></span> <span class='ocrx_word' id='word_1_469' title='bbox 733 3342 955 3408; x_wconf 89' lang='lat' dir='ltr'><strong>Quibus</strong></span> <span class='ocrx_word' id='word_1_470' title='bbox 999 3322 1239 3398; x_wconf 80' lang='lat' dir='ltr'><strong>obsecro</strong></span> <span class='ocrx_word' id='word_1_471' title='bbox 1294 3343 1712 3415; x_wconf 90' lang='lat' dir='ltr'><strong>respondeatis,</strong></span> <span class='ocrx_word' id='word_1_472' title='bbox 1747 3348 1811 3399; x_wconf 91' lang='lat' dir='ltr'><strong>ut</strong></span> <span class='ocrx_word' id='word_1_473' title='bbox 1841 3345 2022 3416; x_wconf 81' lang='lat' dir='ltr'><strong>figant</strong></span> <span class='ocrx_word' id='word_1_474' title='bbox 2053 3322 2095 3389; x_wconf 64' lang='grc' dir='ltr'><strong>(ἶ</strong></span> <span class='ocrx_word' id='word_1_475' title='bbox 2137 3322 2316 3398; x_wconf 89' lang='lat' dir='ltr'><strong>miam</strong></span> <span class='ocrx_word' id='word_1_476' title='bbox 2350 3345 2364 3377; x_wconf 88' lang='grc'>¹</span> <span class='ocrx_word' id='word_1_477' title='bbox 2399 3322 2578 3414; x_wconf 79' lang='lat' dir='ltr'><strong>quam</strong></span> <span class='ocrx_word' id='word_1_478' title='bbox 2611 3343 2791 3398; x_wconf 61' lang='lat' dir='ltr'><strong>Graeci</strong></span> <span class='ocrx_word' id='word_1_479' title='bbox 2826 3339 3178 3414; x_wconf 78' lang='grc' dir='ltr'>πολύμαστον</span> <span class='ocrx_word' id='word_1_480' title='bbox 3228 3345 3435 3396; x_wconf 89' lang='lat' dir='ltr'><strong>vacant</strong></span> <span class='ocrx_word' id='word_1_481' title='bbox 3492 3342 3631 3413; x_wconf 83' lang='lat' dir='ltr'><strong>(Act.</strong></span> <span class='ocrx_word' id='word_1_482' title='bbox 3689 3359 3787 3398; x_wconf 81' lang='lat' dir='ltr'><strong>xIx</strong></span> 
     </span>
    </p>
   </div>
   <div class='ocr_carea' id='block_1_66' title="bbox 367 3431 2022 3506">
    <p class='ocr_par' dir='ltr' id='par_1_66' title="bbox 367 3431 2022 3506">
     <span class='ocr_line' id='line_1_66' title="bbox 367 3431 2022 3506; baseline -0.001 -17"><span class='ocrx_word' id='word_1_483' title='bbox 367 3431 483 3505; x_wconf 89' lang='lat' dir='ltr'><strong>ipsi</strong></span> <span class='ocrx_word' id='word_1_484' title='bbox 514 3431 752 3504; x_wconf 83' lang='lat' dir='ltr'><strong>stylum,</strong></span> <span class='ocrx_word' id='word_1_485' title='bbox 783 3432 896 3487; x_wconf 89' lang='lat' dir='ltr'><strong>tria</strong></span> <span class='ocrx_word' id='word_1_486' title='bbox 943 3435 1008 3487; x_wconf 92' lang='lat' dir='ltr'><strong>ut</strong></span> <span class='ocrx_word' id='word_1_487' title='bbox 1055 3431 1273 3487; x_wconf 89' lang='lat' dir='ltr'><strong>dicitur</strong></span> <span class='ocrx_word' id='word_1_488' title='bbox 1308 3433 1482 3489; x_wconf 87' lang='lat' dir='ltr'><strong>verba</strong></span> <span class='ocrx_word' id='word_1_489' title='bbox 1513 3435 1894 3506; x_wconf 88' lang='lat' dir='ltr'><strong>conjungant,</strong></span> <span class='ocrx_word' id='word_1_490' title='bbox 1928 3451 2022 3488; x_wconf 90' lang='lat' dir='ltr'><strong>su-</strong></span> 
     </span>
    </p>
   </div>
   <div class='ocr_carea' id='block_1_67' title="bbox 371 3519 2021 3594">
    <p class='ocr_par' dir='ltr' id='par_1_67' title="bbox 371 3519 2021 3594">
     <span class='ocr_line' id='line_1_67' title="bbox 371 3519 2021 3594; baseline 0 -16"><span class='ocrx_word' id='word_1_491' title='bbox 371 3523 510 3578; x_wconf 90' lang='lat' dir='ltr'><strong>dent</strong></span> <span class='ocrx_word' id='word_1_492' title='bbox 538 3520 870 3594; x_wconf 89' lang='lat' dir='ltr'><strong>paululum,</strong></span> <span class='ocrx_word' id='word_1_493' title='bbox 919 3519 1288 3593; x_wconf 81' lang='lat' dir='ltr'><strong>experiantur</strong></span> <span class='ocrx_word' id='word_1_494' title='bbox 1340 3522 1709 3594; x_wconf 88' lang='lat' dir='ltr'><strong>semetipsos,</strong></span> <span class='ocrx_word' id='word_1_495' title='bbox 1741 3527 1798 3578; x_wconf 90' lang='lat' dir='ltr'><strong>et</strong></span> <span class='ocrx_word' id='word_1_496' title='bbox 1835 3540 1902 3578; x_wconf 88' lang='lat' dir='ltr'><strong>ex</strong></span> <span class='ocrx_word' id='word_1_497' title='bbox 1930 3522 2021 3578; x_wconf 87' lang='lat' dir='ltr'><strong>la-</strong></span> 
     </span>
    </p>
   </div>
   <div class='ocr_carea' id='block_1_68' title="bbox 369 3609 2020 3683">
    <p class='ocr_par' dir='ltr' id='par_1_68' title="bbox 369 3609 2020 3683">
     <span class='ocr_line' id='line_1_68' title="bbox 369 3609 2020 3683; baseline 0 -18"><span class='ocrx_word' id='word_1_498' title='bbox 369 3610 510 3666; x_wconf 91' lang='lat' dir='ltr'><strong>bore</strong></span> <span class='ocrx_word' id='word_1_499' title='bbox 541 3609 774 3683; x_wconf 89' lang='lat' dir='ltr'><strong>proprio</strong></span> <span class='ocrx_word' id='word_1_500' title='bbox 803 3610 1035 3666; x_wconf 90' lang='lat' dir='ltr'><strong>discant</strong></span> <span class='ocrx_word' id='word_1_501' title='bbox 1064 3611 1364 3683; x_wconf 90' lang='lat' dir='ltr'><strong>ignoscere</strong></span> <span class='ocrx_word' id='word_1_502' title='bbox 1393 3611 1816 3667; x_wconf 89' lang='lat' dir='ltr'><strong>laborantibus.</strong></span> <span class='ocrx_word' id='word_1_503' title='bbox 1849 3611 2020 3667; x_wconf 91' lang='lat' dir='ltr'><strong>Scitis</strong></span> 
     </span>
    </p>
   </div>
   <div class='ocr_carea' id='block_1_69' title="bbox 372 3698 2017 3772">
    <p class='ocr_par' dir='ltr' id='par_1_69' title="bbox 372 3698 2017 3772">
     <span class='ocr_line' id='line_1_69' title="bbox 372 3698 2017 3772; baseline 0.001 -18"><span class='ocrx_word' id='word_1_504' title='bbox 372 3698 533 3754; x_wconf 89' lang='lat' dir='ltr'><strong>enim</strong></span> <span class='ocrx_word' id='word_1_505' title='bbox 565 3704 620 3755; x_wconf 91' lang='lat' dir='ltr'><strong>et</strong></span> <span class='ocrx_word' id='word_1_506' title='bbox 646 3699 784 3771; x_wconf 73' lang='lat' dir='ltr'><strong>ipsae</strong></span> <span class='ocrx_word' id='word_1_507' title='bbox 817 3699 972 3770; x_wconf 92' lang='lat' dir='ltr'><strong>quod</strong></span> <span class='ocrx_word' id='word_1_508' title='bbox 990 3699 1062 3754; x_wconf 88' lang='lat' dir='ltr'><strong>ad</strong></span> <span class='ocrx_word' id='word_1_509' title='bbox 1093 3699 1202 3756; x_wconf 95' lang='lat' dir='ltr'><strong>hoc</strong></span> <span class='ocrx_word' id='word_1_510' title='bbox 1234 3717 1326 3756; x_wconf 89' lang='lat' dir='ltr'><strong>me</strong></span> <span class='ocrx_word' id='word_1_511' title='bbox 1348 3701 1823 3772; x_wconf 88' lang='lat' dir='ltr'><strong>explanationum</strong></span> <span class='ocrx_word' id='word_1_512' title='bbox 1849 3717 2017 3772; x_wconf 90' lang='lat' dir='ltr'><strong>opus,</strong></span> 
     </span>
    </p>
   </div>
   <div class='ocr_carea' id='block_1_70' title="bbox 366 3787 2020 3862">
    <p class='ocr_par' dir='ltr' id='par_1_70' title="bbox 366 3787 2020 3862">
     <span class='ocr_line' id='line_1_70' title="bbox 366 3787 2020 3862; baseline 0.002 -20"><span class='ocrx_word' id='word_1_513' title='bbox 366 3787 617 3843; x_wconf 90' lang='lat' dir='ltr'><strong>invitum</strong></span> <span class='ocrx_word' id='word_1_514' title='bbox 649 3793 704 3843; x_wconf 90' lang='lat' dir='ltr'><strong>et</strong></span> <span class='ocrx_word' id='word_1_515' title='bbox 735 3791 1150 3844; x_wconf 88' lang='lat' dir='ltr'><strong>retractantem</strong></span> <span class='ocrx_word' id='word_1_516' title='bbox 1181 3789 1727 3862; x_wconf 89' lang='lat' dir='ltr'><strong>compuleritis.Non</strong></span> <span class='ocrx_word' id='word_1_517' title='bbox 1760 3791 1916 3862; x_wconf 94' lang='lat' dir='ltr'><strong>quod</strong></span> <span class='ocrx_word' id='word_1_518' title='bbox 1949 3791 2020 3845; x_wconf 89' lang='lat' dir='ltr'><strong>ab</strong></span> 
     </span>
    </p>
   </div>
   <div class='ocr_carea' id='block_1_71' title="bbox 287 3865 2022 3950">
    <p class='ocr_par' dir='ltr' id='par_1_71' title="bbox 287 3865 2022 3950">
     <span class='ocr_line' id='line_1_71' title="bbox 287 3865 2022 3950; baseline 0.002 -19"><span class='ocrx_word' id='word_1_519' title='bbox 287 3865 290 3867; x_wconf 12' lang='grc' dir='ltr'><strong>Α</strong></span> <span class='ocrx_word' id='word_1_520' title='bbox 364 3874 776 3943; x_wconf 87' lang='lat' dir='ltr'><strong>adolescentia,</strong></span> <span class='ocrx_word' id='word_1_521' title='bbox 811 3880 915 3931; x_wconf 89' lang='lat' dir='ltr'><strong>aut</strong></span> <span class='ocrx_word' id='word_1_522' title='bbox 944 3875 1133 3949; x_wconf 84' lang='lat' dir='ltr'><strong>legere</strong></span> <span class='ocrx_word' id='word_1_523' title='bbox 1165 3895 1448 3950; x_wconf 89' lang='lat' dir='ltr'><strong>unquam,</strong></span> <span class='ocrx_word' id='word_1_524' title='bbox 1483 3883 1584 3933; x_wconf 90' lang='lat' dir='ltr'><strong>aut</strong></span> <span class='ocrx_word' id='word_1_525' title='bbox 1636 3880 1838 3934; x_wconf 87' lang='lat' dir='ltr'><strong>doctos</strong></span> <span class='ocrx_word' id='word_1_526' title='bbox 1869 3879 2022 3935; x_wconf 91' lang='lat' dir='ltr'><strong>viros</strong></span> 
     </span>
    </p>
   </div>
   <div class='ocr_carea' id='block_1_72' title="bbox 361 3965 2022 4038">
    <p class='ocr_par' dir='ltr' id='par_1_72' title="bbox 361 3965 2022 4038">
     <span class='ocr_line' id='line_1_72' title="bbox 361 3965 2022 4038; baseline 0.002 -19"><span class='ocrx_word' id='word_1_527' title='bbox 361 3981 436 4020; x_wconf 88' lang='lat' dir='ltr'><strong>ea</strong></span> <span class='ocrx_word' id='word_1_528' title='bbox 468 3981 595 4036; x_wconf 68' lang='lat' dir='ltr'><strong>qua:</strong></span> <span class='ocrx_word' id='word_1_529' title='bbox 627 3965 957 4022; x_wconf 89' lang='lat' dir='ltr'><strong>nesciebam</strong></span> <span class='ocrx_word' id='word_1_530' title='bbox 989 3966 1345 4037; x_wconf 87' lang='lat' dir='ltr'><strong>interrogare</strong></span> <span class='ocrx_word' id='word_1_531' title='bbox 1393 3970 1762 4038; x_wconf 88' lang='lat' dir='ltr'><strong>cessaverim,</strong></span> <span class='ocrx_word' id='word_1_532' title='bbox 1796 3977 1852 4023; x_wconf 89' lang='lat' dir='ltr'><strong>et</strong></span> <span class='ocrx_word' id='word_1_533' title='bbox 1896 3984 2022 4024; x_wconf 91' lang='lat' dir='ltr'><strong>me-</strong></span> 
     </span>
    </p>
   </div>
   <div class='ocr_carea' id='block_1_73' title="bbox 360 4051 2017 4128">
    <p class='ocr_par' dir='ltr' id='par_1_73' title="bbox 360 4051 2017 4128">
     <span class='ocr_line' id='line_1_73' title="bbox 360 4051 2017 4128; baseline 0.002 -19"><span class='ocrx_word' id='word_1_534' title='bbox 360 4052 564 4126; x_wconf 89' lang='lat' dir='ltr'><strong>ipsum</strong></span> <span class='ocrx_word' id='word_1_535' title='bbox 597 4058 852 4122; x_wconf 88' lang='lat' dir='ltr'><strong>tantum,</strong></span> <span class='ocrx_word' id='word_1_536' title='bbox 886 4057 951 4109; x_wconf 87' lang='lat' dir='ltr'><strong>ut</strong></span> <span class='ocrx_word' id='word_1_537' title='bbox 981 4051 1263 4127; x_wconf 89' lang='lat' dir='ltr'><strong>plerique,</strong></span> <span class='ocrx_word' id='word_1_538' title='bbox 1303 4055 1612 4111; x_wconf 89' lang='lat' dir='ltr'><strong>habuerim</strong></span> <span class='ocrx_word' id='word_1_539' title='bbox 1646 4055 2017 4128; x_wconf 88' lang='lat' dir='ltr'><strong>magistrum.</strong></span> 
     </span>
    </p>
   </div>
   <div class='ocr_carea' id='block_1_74' title="bbox 361 4142 2023 4215">
    <p class='ocr_par' dir='ltr' id='par_1_74' title="bbox 361 4142 2023 4215">
     <span class='ocr_line' id='line_1_74' title="bbox 361 4142 2023 4215; baseline 0.001 -17"><span class='ocrx_word' id='word_1_540' title='bbox 361 4142 626 4214; x_wconf 90' lang='lat' dir='ltr'><strong>Denique</strong></span> <span class='ocrx_word' id='word_1_541' title='bbox 659 4159 847 4215; x_wconf 89' lang='lat' dir='ltr'><strong>nuper</strong></span> <span class='ocrx_word' id='word_1_542' title='bbox 865 4144 938 4200; x_wconf 92' lang='lat' dir='ltr'><strong>ob</strong></span> <span class='ocrx_word' id='word_1_543' title='bbox 970 4142 1122 4200; x_wconf 88' lang='lat' dir='ltr'><strong>hanc</strong></span> <span class='ocrx_word' id='word_1_544' title='bbox 1143 4144 1232 4200; x_wconf 89' lang='lat' dir='ltr'><strong>vel</strong></span> <span class='ocrx_word' id='word_1_545' title='bbox 1256 4145 1507 4201; x_wconf 84' lang='lat' dir='ltr'><strong>maxime</strong></span> <span class='ocrx_word' id='word_1_546' title='bbox 1524 4161 1763 4200; x_wconf 88' lang='lat' dir='ltr'><strong>causam</strong></span> <span class='ocrx_word' id='word_1_547' title='bbox 1783 4144 2023 4200; x_wconf 87' lang='lat' dir='ltr'><strong>Alexan-</strong></span> 
     </span>
    </p>
   </div>
   <div class='ocr_carea' id='block_1_75' title="bbox 363 4231 2019 4306">
    <p class='ocr_par' dir='ltr' id='par_1_75' title="bbox 363 4231 2019 4306">
     <span class='ocr_line' id='line_1_75' title="bbox 363 4231 2019 4306; baseline 0.001 -20"><span class='ocrx_word' id='word_1_548' title='bbox 363 4231 556 4287; x_wconf 89' lang='lat' dir='ltr'><strong>driam</strong></span> <span class='ocrx_word' id='word_1_549' title='bbox 604 4232 852 4304; x_wconf 79' lang='lat' dir='ltr'><strong>perrexi,</strong></span> <span class='ocrx_word' id='word_1_550' title='bbox 907 4236 974 4286; x_wconf 91' lang='lat' dir='ltr'><strong>ut</strong></span> <span class='ocrx_word' id='word_1_551' title='bbox 1011 4232 1268 4287; x_wconf 90' lang='lat' dir='ltr'><strong>viderem</strong></span> <span class='ocrx_word' id='word_1_552' title='bbox 1304 4233 1642 4306; x_wconf 89' lang='lat' dir='ltr'><strong>Didymum,</strong></span> <span class='ocrx_word' id='word_1_553' title='bbox 1676 4238 1733 4288; x_wconf 92' lang='lat' dir='ltr'><strong>et</strong></span> <span class='ocrx_word' id='word_1_554' title='bbox 1761 4233 1832 4288; x_wconf 91' lang='lat' dir='ltr'><strong>ab</strong></span> <span class='ocrx_word' id='word_1_555' title='bbox 1864 4250 1929 4289; x_wconf 92' lang='lat' dir='ltr'><strong>eo</strong></span> <span class='ocrx_word' id='word_1_556' title='bbox 1961 4233 2019 4288; x_wconf 93' lang='lat' dir='ltr'><strong>in</strong></span> 
     </span>
    </p>
   </div>
   <div class='ocr_carea' id='block_1_76' title="bbox 369 4320 2019 4393">
    <p class='ocr_par' dir='ltr' id='par_1_76' title="bbox 369 4320 2019 4393">
     <span class='ocr_line' id='line_1_76' title="bbox 369 4320 2019 4393; baseline 0.001 -17"><span class='ocrx_word' id='word_1_557' title='bbox 369 4320 685 4393; x_wconf 88' lang='lat' dir='ltr'><strong>Scripturis</strong></span> <span class='ocrx_word' id='word_1_558' title='bbox 708 4321 984 4376; x_wconf 91' lang='lat' dir='ltr'><strong>omnibus</strong></span> <span class='ocrx_word' id='word_1_559' title='bbox 1005 4338 1133 4392; x_wconf 67' lang='lat' dir='ltr'><strong>quae</strong></span> <span class='ocrx_word' id='word_1_560' title='bbox 1155 4321 1444 4377; x_wconf 88' lang='lat' dir='ltr'><strong>habebam</strong></span> <span class='ocrx_word' id='word_1_561' title='bbox 1467 4321 1647 4376; x_wconf 90' lang='lat' dir='ltr'><strong>dubia</strong></span> <span class='ocrx_word' id='word_1_562' title='bbox 1673 4321 2019 4378; x_wconf 88' lang='lat' dir='ltr'><strong>sciscitarer.</strong></span> 
     </span>
    </p>
   </div>
   <div class='ocr_carea' id='block_1_77' title="bbox 369 4408 2022 4483">
    <p class='ocr_par' dir='ltr' id='par_1_77' title="bbox 369 4408 2022 4483">
     <span class='ocr_line' id='line_1_77' title="bbox 369 4408 2022 4483; baseline -0.001 -16"><span class='ocrx_word' id='word_1_563' title='bbox 369 4410 482 4467; x_wconf 87' lang='lat' dir='ltr'><strong>Sed</strong></span> <span class='ocrx_word' id='word_1_564' title='bbox 513 4425 645 4465; x_wconf 92' lang='lat' dir='ltr'><strong>cum</strong></span> <span class='ocrx_word' id='word_1_565' title='bbox 677 4408 833 4465; x_wconf 88' lang='lat' dir='ltr'><strong>aliud</strong></span> <span class='ocrx_word' id='word_1_566' title='bbox 867 4409 945 4464; x_wconf 89' lang='lat' dir='ltr'><strong>sit</strong></span> <span class='ocrx_word' id='word_1_567' title='bbox 973 4410 1238 4482; x_wconf 89' lang='lat' dir='ltr'><strong>proprios</strong></span> <span class='ocrx_word' id='word_1_568' title='bbox 1267 4409 1448 4466; x_wconf 90' lang='lat' dir='ltr'><strong>libros</strong></span> <span class='ocrx_word' id='word_1_569' title='bbox 1477 4410 2022 4483; x_wconf 85' lang='lat' dir='ltr'><strong>componere,verbi</strong></span> 
     </span>
    </p>
   </div>
   <div class='ocr_carea' id='block_1_78' title="bbox 370 4497 2022 4572">
    <p class='ocr_par' dir='ltr' id='par_1_78' title="bbox 370 4497 2022 4572">
     <span class='ocr_line' id='line_1_78' title="bbox 370 4497 2022 4572; baseline 0.001 -18"><span class='ocrx_word' id='word_1_570' title='bbox 370 4497 582 4572; x_wconf 85' lang='lat' dir='ltr'><strong>gratia,</strong></span> <span class='ocrx_word' id='word_1_571' title='bbox 617 4499 686 4554; x_wconf 90' lang='lat' dir='ltr'><strong>de</strong></span> <span class='ocrx_word' id='word_1_572' title='bbox 718 4498 982 4564; x_wconf 85' lang='lat' dir='ltr'><strong>avaritia,</strong></span> <span class='ocrx_word' id='word_1_573' title='bbox 1031 4503 1088 4554; x_wconf 91' lang='lat' dir='ltr'><strong>et</strong></span> <span class='ocrx_word' id='word_1_574' title='bbox 1115 4499 1186 4554; x_wconf 90' lang='lat' dir='ltr'><strong>de</strong></span> <span class='ocrx_word' id='word_1_575' title='bbox 1227 4500 1358 4567; x_wconf 85' lang='lat' dir='ltr'><strong>ﬁde,</strong></span> <span class='ocrx_word' id='word_1_576' title='bbox 1418 4500 1489 4555; x_wconf 92' lang='lat' dir='ltr'><strong>de</strong></span> <span class='ocrx_word' id='word_1_577' title='bbox 1544 4499 1896 4572; x_wconf 87' lang='lat' dir='ltr'><strong>virginitate,</strong></span> <span class='ocrx_word' id='word_1_578' title='bbox 1951 4499 2022 4555; x_wconf 94' lang='lat' dir='ltr'><strong>de</strong></span> 
     </span>
    </p>
   </div>
   <div class='ocr_carea' id='block_1_79' title="bbox 367 4587 2021 4660">
    <p class='ocr_par' dir='ltr' id='par_1_79' title="bbox 367 4587 2021 4660">
     <span class='ocr_line' id='line_1_79' title="bbox 367 4587 2021 4660; baseline 0.001 -18"><span class='ocrx_word' id='word_1_579' title='bbox 367 4587 582 4657; x_wconf 85' lang='lat' dir='ltr'><strong>viduis,</strong></span> <span class='ocrx_word' id='word_1_580' title='bbox 636 4591 694 4642; x_wconf 90' lang='lat' dir='ltr'><strong>et</strong></span> <span class='ocrx_word' id='word_1_581' title='bbox 737 4604 913 4660; x_wconf 88' lang='lat' dir='ltr'><strong>super</strong></span> <span class='ocrx_word' id='word_1_582' title='bbox 961 4605 1314 4660; x_wconf 87' lang='lat' dir='ltr'><strong>unaquaque</strong></span> <span class='ocrx_word' id='word_1_583' title='bbox 1361 4589 1605 4645; x_wconf 88' lang='lat' dir='ltr'><strong>materia</strong></span> <span class='ocrx_word' id='word_1_584' title='bbox 1668 4589 2021 4644; x_wconf 85' lang='lat' dir='ltr'><strong>testimoniis</strong></span> 
     </span>
    </p>
   </div>
   <div class='ocr_carea' id='block_1_80' title="bbox 2130 3430 3785 3503">
    <p class='ocr_par' dir='ltr' id='par_1_80' title="bbox 2130 3430 3785 3503">
     <span class='ocr_line' id='line_1_80' title="bbox 2130 3430 3785 3503; baseline -0.002 -15"><span class='ocrx_word' id='word_1_585' title='bbox 2130 3432 2243 3503; x_wconf 77' lang='grc'><strong>34),</strong></span> <span class='ocrx_word' id='word_1_586' title='bbox 2278 3437 2342 3487; x_wconf 92' lang='lat' dir='ltr'><strong>ut</strong></span> <span class='ocrx_word' id='word_1_587' title='bbox 2371 3431 2591 3487; x_wconf 90' lang='lat' dir='ltr'><strong>scilicet</strong></span> <span class='ocrx_word' id='word_1_588' title='bbox 2619 3449 2688 3487; x_wconf 90' lang='lat' dir='ltr'><strong>ex</strong></span> <span class='ocrx_word' id='word_1_589' title='bbox 2718 3432 2847 3503; x_wconf 88' lang='lat' dir='ltr'><strong>ipsa</strong></span> <span class='ocrx_word' id='word_1_590' title='bbox 2913 3432 3252 3488; x_wconf 73' lang='lat'><strong>541-542</strong></span> <span class='ocrx_word' id='word_1_591' title='bbox 3310 3446 3542 3502; x_wconf 90' lang='lat' dir='ltr'><strong>quoque</strong></span> <span class='ocrx_word' id='word_1_592' title='bbox 3571 3430 3785 3502; x_wconf 82' lang='lat' dir='ltr'><strong>elfigie,</strong></span> 
     </span>
    </p>
   </div>
   <div class='ocr_carea' id='block_1_81' title="bbox 2131 3518 3778 3576">
    <p class='ocr_par' dir='ltr' id='par_1_81' title="bbox 2131 3518 3778 3576">
     <span class='ocr_line' id='line_1_81' title="bbox 2131 3518 3778 3576; baseline -0.001 -1"><span class='ocrx_word' id='word_1_593' title='bbox 2131 3521 2524 3576; x_wconf 88' lang='lat' dir='ltr'><strong>mentirentur</strong></span> <span class='ocrx_word' id='word_1_594' title='bbox 2552 3519 2817 3575; x_wconf 91' lang='lat' dir='ltr'><strong>omnium</strong></span> <span class='ocrx_word' id='word_1_595' title='bbox 2849 3537 2978 3575; x_wconf 88' lang='lat' dir='ltr'><strong>eam</strong></span> <span class='ocrx_word' id='word_1_596' title='bbox 3008 3520 3332 3574; x_wconf 89' lang='lat' dir='ltr'><strong>bestiarum</strong></span> <span class='ocrx_word' id='word_1_597' title='bbox 3380 3523 3437 3574; x_wconf 92' lang='lat' dir='ltr'><strong>et</strong></span> <span class='ocrx_word' id='word_1_598' title='bbox 3463 3518 3778 3574; x_wconf 88' lang='lat' dir='ltr'><strong>viventium</strong></span> 
     </span>
    </p>
   </div>
   <div class='ocr_carea' id='block_1_82' title="bbox 2131 3606 3784 3679">
    <p class='ocr_par' dir='ltr' id='par_1_82' title="bbox 2131 3606 3784 3679">
     <span class='ocr_line' id='line_1_82' title="bbox 2131 3606 3784 3679; baseline -0.002 -13"><span class='ocrx_word' id='word_1_599' title='bbox 2131 3627 2261 3666; x_wconf 88' lang='lat' dir='ltr'><strong>esse</strong></span> <span class='ocrx_word' id='word_1_600' title='bbox 2302 3609 2610 3665; x_wconf 87' lang='lat' dir='ltr'><strong>nutricem.</strong></span> <span class='ocrx_word' id='word_1_601' title='bbox 2671 3609 2969 3664; x_wconf 89' lang='lat' dir='ltr'><strong>Scribebat</strong></span> <span class='ocrx_word' id='word_1_602' title='bbox 3027 3612 3220 3664; x_wconf 90' lang='lat' dir='ltr'><strong>autem</strong></span> <span class='ocrx_word' id='word_1_603' title='bbox 3280 3608 3351 3664; x_wconf 92' lang='lat' dir='ltr'><strong>ad</strong></span> <span class='ocrx_word' id='word_1_604' title='bbox 3412 3606 3784 3679; x_wconf 90' lang='lat' dir='ltr'><strong>metropolim</strong></span> 
     </span>
    </p>
   </div>
   <div class='ocr_carea' id='block_1_83' title="bbox 2131 3696 3787 3770">
    <p class='ocr_par' dir='ltr' id='par_1_83' title="bbox 2131 3696 3787 3770">
     <span class='ocr_line' id='line_1_83' title="bbox 2131 3696 3787 3770; baseline -0.001 -16"><span class='ocrx_word' id='word_1_605' title='bbox 2131 3699 2278 3754; x_wconf 62' lang='lat' dir='ltr'><strong>Asia</strong></span> <span class='ocrx_word' id='word_1_606' title='bbox 2309 3698 2681 3762; x_wconf 80' lang='lat' dir='ltr'><strong>civitatem,in</strong></span> <span class='ocrx_word' id='word_1_607' title='bbox 2705 3715 2820 3770; x_wconf 88' lang='lat' dir='ltr'><strong>qua</strong></span> <span class='ocrx_word' id='word_1_608' title='bbox 2842 3697 2923 3752; x_wconf 90' lang='lat' dir='ltr'><strong>ita</strong></span> <span class='ocrx_word' id='word_1_609' title='bbox 2943 3697 2997 3752; x_wconf 92' lang='lat' dir='ltr'><strong>id</strong></span> <span class='ocrx_word' id='word_1_610' title='bbox 3009 3696 3354 3766; x_wconf 87' lang='lat' dir='ltr'><strong>ololatria,et</strong></span> <span class='ocrx_word' id='word_1_611' title='bbox 3378 3697 3531 3769; x_wconf 91' lang='lat' dir='ltr'><strong>quod</strong></span> <span class='ocrx_word' id='word_1_612' title='bbox 3555 3713 3787 3769; x_wconf 87' lang='lat' dir='ltr'><strong>semper</strong></span> 
     </span>
    </p>
   </div>
   <div class='ocr_carea' id='block_1_84' title="bbox 2132 3785 3782 3859">
    <p class='ocr_par' dir='ltr' id='par_1_84' title="bbox 2132 3785 3782 3859">
     <span class='ocr_line' id='line_1_84' title="bbox 2132 3785 3782 3859; baseline -0.002 -16"><span class='ocrx_word' id='word_1_613' title='bbox 2132 3787 2522 3843; x_wconf 89' lang='lat' dir='ltr'><strong>idololatriam</strong></span> <span class='ocrx_word' id='word_1_614' title='bbox 2556 3786 3064 3859; x_wconf 88' lang='lat' dir='ltr'><strong>sequitur,artium</strong></span> <span class='ocrx_word' id='word_1_615' title='bbox 3089 3787 3448 3858; x_wconf 84' lang='lat' dir='ltr'><strong>magicarum</strong></span> <span class='ocrx_word' id='word_1_616' title='bbox 3475 3785 3782 3858; x_wconf 63' lang='lat' dir='ltr'><strong>praestigiis</strong></span> 
     </span>
    </p>
   </div>
   <div class='ocr_carea' id='block_1_85' title="bbox 2131 3874 3783 3948">
    <p class='ocr_par' dir='ltr' id='par_1_85' title="bbox 2131 3874 3783 3948">
     <span class='ocr_line' id='line_1_85' title="bbox 2131 3874 3783 3948; baseline 0 -18"><span class='ocrx_word' id='word_1_617' title='bbox 2131 3876 2436 3948; x_wconf 89' lang='lat' dir='ltr'><strong>viguerant</strong></span> <span class='ocrx_word' id='word_1_618' title='bbox 2483 3878 2524 3944; x_wconf 56' lang='lat'><strong>2,</strong></span> <span class='ocrx_word' id='word_1_619' title='bbox 2586 3880 2650 3930; x_wconf 91' lang='lat' dir='ltr'><strong>ut</strong></span> <span class='ocrx_word' id='word_1_620' title='bbox 2707 3875 3030 3930; x_wconf 88' lang='lat' dir='ltr'><strong>Demetrius</strong></span> <span class='ocrx_word' id='word_1_621' title='bbox 3071 3875 3308 3941; x_wconf 89' lang='lat' dir='ltr'><strong>diceret,</strong></span> <span class='ocrx_word' id='word_1_622' title='bbox 3339 3879 3391 3930; x_wconf 88' lang='lat' dir='ltr'><strong>et</strong></span> <span class='ocrx_word' id='word_1_623' title='bbox 3417 3889 3638 3945; x_wconf 63' lang='lat' dir='ltr'><strong>magna?</strong></span> <span class='ocrx_word' id='word_1_624' title='bbox 3665 3874 3783 3930; x_wconf 70' lang='lat' dir='ltr'><strong>deae</strong></span> 
     </span>
    </p>
   </div>
   <div class='ocr_carea' id='block_1_86' title="bbox 2129 3962 3782 4038">
    <p class='ocr_par' dir='ltr' id='par_1_86' title="bbox 2129 3962 3782 4038">
     <span class='ocr_line' id='line_1_86' title="bbox 2129 3962 3782 4038; baseline -0.001 -19"><span class='ocrx_word' id='word_1_625' title='bbox 2129 3967 2394 4038; x_wconf 84' lang='lat' dir='ltr'><strong>templum</strong></span> <span class='ocrx_word' id='word_1_626' title='bbox 2439 3967 2635 4021; x_wconf 77' lang='lat' dir='ltr'><strong>Dianae</strong></span> <span class='ocrx_word' id='word_1_627' title='bbox 2684 3967 2744 4018; x_wconf 86' lang='lat' dir='ltr'><strong>in</strong></span> <span class='ocrx_word' id='word_1_628' title='bbox 2789 3965 3028 4019; x_wconf 81' lang='lat' dir='ltr'><strong>nihilum</strong></span> <span class='ocrx_word' id='word_1_629' title='bbox 3075 3964 3444 4036; x_wconf 81' lang='lat' dir='ltr'><strong>reputabitur,</strong></span> <span class='ocrx_word' id='word_1_630' title='bbox 3478 3962 3782 4017; x_wconf 80' lang='lat' dir='ltr'><strong>destruetur</strong></span> 
     </span>
    </p>
   </div>
   <div class='ocr_carea' id='block_1_87' title="bbox 2132 4052 3779 4127">
    <p class='ocr_par' dir='ltr' id='par_1_87' title="bbox 2132 4052 3779 4127">
     <span class='ocr_line' id='line_1_87' title="bbox 2132 4052 3779 4127; baseline -0.003 -17"><span class='ocrx_word' id='word_1_631' title='bbox 2132 4071 2340 4127; x_wconf 89' lang='lat' dir='ltr'><strong>quoque</strong></span> <span class='ocrx_word' id='word_1_632' title='bbox 2386 4054 2711 4123; x_wconf 83' lang='lat' dir='ltr'><strong>magnitudo</strong></span> <span class='ocrx_word' id='word_1_633' title='bbox 2759 4056 2904 4126; x_wconf 73' lang='lat' dir='ltr'><strong>ejus,</strong></span> <span class='ocrx_word' id='word_1_634' title='bbox 2937 4069 3101 4124; x_wconf 84' lang='lat' dir='ltr'><strong>quam</strong></span> <span class='ocrx_word' id='word_1_635' title='bbox 3147 4061 3344 4108; x_wconf 85' lang='lat' dir='ltr'><strong>cuncta</strong></span> <span class='ocrx_word' id='word_1_636' title='bbox 3369 4053 3524 4126; x_wconf 73' lang='lat' dir='ltr'><strong>Asia,</strong></span> <span class='ocrx_word' id='word_1_637' title='bbox 3569 4057 3624 4106; x_wconf 83' lang='lat' dir='ltr'><strong>et</strong></span> <span class='ocrx_word' id='word_1_638' title='bbox 3650 4052 3779 4105; x_wconf 84' lang='lat' dir='ltr'><strong>uni-</strong></span> 
     </span>
    </p>
   </div>
   <div class='ocr_carea' id='block_1_88' title="bbox 2130 4136 3780 4211">
    <p class='ocr_par' dir='ltr' id='par_1_88' title="bbox 2130 4136 3780 4211">
     <span class='ocr_line' id='line_1_88' title="bbox 2130 4136 3780 4211; baseline -0.004 -13"><span class='ocrx_word' id='word_1_639' title='bbox 2130 4157 2318 4198; x_wconf 73' lang='lat' dir='ltr'><strong>versus</strong></span> <span class='ocrx_word' id='word_1_640' title='bbox 2349 4142 2497 4197; x_wconf 73' lang='lat' dir='ltr'><strong>orbis</strong></span> <span class='ocrx_word' id='word_1_641' title='bbox 2543 4141 2669 4196; x_wconf 81' lang='lat' dir='ltr'><strong>colit</strong></span> <span class='ocrx_word' id='word_1_642' title='bbox 2725 4140 2882 4210; x_wconf 83' lang='lat' dir='ltr'><strong>(Ibid.</strong></span> <span class='ocrx_word' id='word_1_643' title='bbox 2945 4141 3056 4211; x_wconf 85' lang='lat'><strong>27).</strong></span> <span class='ocrx_word' id='word_1_644' title='bbox 3117 4139 3378 4210; x_wconf 89' lang='lat' dir='ltr'><strong>Denique</strong></span> <span class='ocrx_word' id='word_1_645' title='bbox 3417 4136 3668 4192; x_wconf 89' lang='lat' dir='ltr'><strong>triennio</strong></span> <span class='ocrx_word' id='word_1_646' title='bbox 3697 4137 3780 4193; x_wconf 90' lang='lat' dir='ltr'><strong>ibi</strong></span> 
     </span>
    </p>
   </div>
   <div class='ocr_carea' id='block_1_89' title="bbox 2131 4225 3778 4303">
    <p class='ocr_par' dir='ltr' id='par_1_89' title="bbox 2131 4225 3778 4303">
     <span class='ocr_line' id='line_1_89' title="bbox 2131 4225 3778 4303; baseline -0.002 -19"><span class='ocrx_word' id='word_1_647' title='bbox 2131 4230 2446 4303; x_wconf 85' lang='lat' dir='ltr'><strong>Apostolus</strong></span> <span class='ocrx_word' id='word_1_648' title='bbox 2503 4232 2765 4284; x_wconf 89' lang='lat' dir='ltr'><strong>moratus</strong></span> <span class='ocrx_word' id='word_1_649' title='bbox 2796 4233 2902 4294; x_wconf 92' lang='lat' dir='ltr'><strong>est,</strong></span> <span class='ocrx_word' id='word_1_650' title='bbox 2938 4231 3102 4283; x_wconf 90' lang='lat' dir='ltr'><strong>nocte</strong></span> <span class='ocrx_word' id='word_1_651' title='bbox 3159 4231 3216 4281; x_wconf 90' lang='lat' dir='ltr'><strong>et</strong></span> <span class='ocrx_word' id='word_1_652' title='bbox 3272 4227 3383 4282; x_wconf 90' lang='lat' dir='ltr'><strong>die.</strong></span> <span class='ocrx_word' id='word_1_653' title='bbox 3408 4226 3670 4298; x_wconf 89' lang='lat' dir='ltr'><strong>Denique</strong></span> <span class='ocrx_word' id='word_1_654' title='bbox 3697 4225 3778 4281; x_wconf 90' lang='lat' dir='ltr'><strong>ibi</strong></span> 
     </span>
    </p>
   </div>
   <div class='ocr_carea' id='block_1_90' title="bbox 2132 4313 3777 4392">
    <p class='ocr_par' dir='ltr' id='par_1_90' title="bbox 2132 4313 3777 4392">
     <span class='ocr_line' id='line_1_90' title="bbox 2132 4313 3777 4392; baseline -0.002 -18"><span class='ocrx_word' id='word_1_655' title='bbox 2132 4319 2456 4392; x_wconf 86' lang='lat' dir='ltr'><strong>praedicans</strong></span> <span class='ocrx_word' id='word_1_656' title='bbox 2513 4319 2646 4385; x_wconf 82' lang='lat' dir='ltr'><strong>(Act.</strong></span> <span class='ocrx_word' id='word_1_657' title='bbox 2700 4334 2792 4384; x_wconf 87' lang='lat' dir='ltr'><strong>xx,</strong></span> <span class='ocrx_word' id='word_1_658' title='bbox 2869 4317 2980 4383; x_wconf 88' lang='grc'><strong>31),</strong></span> <span class='ocrx_word' id='word_1_659' title='bbox 3007 4321 3090 4386; x_wconf 90' lang='lat' dir='ltr'><strong>ut,</strong></span> <span class='ocrx_word' id='word_1_660' title='bbox 3123 4313 3462 4370; x_wconf 69' lang='lat' dir='ltr'><strong>idololatria:</strong></span> <span class='ocrx_word' id='word_1_661' title='bbox 3519 4330 3649 4371; x_wconf 88' lang='lat' dir='ltr'><strong>arce</strong></span> <span class='ocrx_word' id='word_1_662' title='bbox 3679 4315 3777 4371; x_wconf 90' lang='lat' dir='ltr'><strong>de-</strong></span> 
     </span>
    </p>
   </div>
   <div class='ocr_carea' id='block_1_91' title="bbox 2132 4403 3776 4476">
    <p class='ocr_par' dir='ltr' id='par_1_91' title="bbox 2132 4403 3776 4476">
     <span class='ocr_line' id='line_1_91' title="bbox 2132 4403 3776 4476; baseline -0.004 -12"><span class='ocrx_word' id='word_1_663' title='bbox 2132 4406 2548 4471; x_wconf 83' lang='lat' dir='ltr'><strong>structa,facile</strong></span> <span class='ocrx_word' id='word_1_664' title='bbox 2581 4405 2873 4460; x_wconf 90' lang='lat' dir='ltr'><strong>minorum</strong></span> <span class='ocrx_word' id='word_1_665' title='bbox 2907 4405 3145 4459; x_wconf 89' lang='lat' dir='ltr'><strong>urbium</strong></span> <span class='ocrx_word' id='word_1_666' title='bbox 3169 4403 3389 4476; x_wconf 88' lang='lat' dir='ltr'><strong>templa</strong></span> <span class='ocrx_word' id='word_1_667' title='bbox 3410 4407 3776 4476; x_wconf 87' lang='lat' dir='ltr'><strong>caperentur.</strong></span> 
     </span>
    </p>
   </div>
   <div class='ocr_carea' id='block_1_92' title="bbox 2133 4493 3778 4567">
    <p class='ocr_par' dir='ltr' id='par_1_92' title="bbox 2133 4493 3778 4567">
     <span class='ocr_line' id='line_1_92' title="bbox 2133 4493 3778 4567; baseline -0.003 -14"><span class='ocrx_word' id='word_1_668' title='bbox 2133 4500 2249 4554; x_wconf 84' lang='lat' dir='ltr'><strong>Hoc</strong></span> <span class='ocrx_word' id='word_1_669' title='bbox 2285 4497 2480 4567; x_wconf 89' lang='lat' dir='ltr'><strong>ipsum</strong></span> <span class='ocrx_word' id='word_1_670' title='bbox 2541 4495 2842 4566; x_wconf 90' lang='lat' dir='ltr'><strong>Scriptura</strong></span> <span class='ocrx_word' id='word_1_671' title='bbox 2881 4495 3057 4550; x_wconf 79' lang='lat' dir='ltr'><strong>refert</strong></span> <span class='ocrx_word' id='word_1_672' title='bbox 3096 4495 3387 4567; x_wconf 90' lang='lat' dir='ltr'><strong>quomodo</strong></span> <span class='ocrx_word' id='word_1_673' title='bbox 3427 4493 3645 4548; x_wconf 90' lang='lat' dir='ltr'><strong>Paulus</strong></span> <span class='ocrx_word' id='word_1_674' title='bbox 3705 4493 3778 4548; x_wconf 90' lang='lat' dir='ltr'><strong>ad</strong></span> 
     </span>
    </p>
   </div>
   <div class='ocr_carea' id='block_1_93' title="bbox 2131 4580 3777 4657">
    <p class='ocr_par' dir='ltr' id='par_1_93' title="bbox 2131 4580 3777 4657">
     <span class='ocr_line' id='line_1_93' title="bbox 2131 4580 3777 4657; baseline -0.003 -15"><span class='ocrx_word' id='word_1_675' title='bbox 2131 4585 2415 4657; x_wconf 87' lang='lat' dir='ltr'><strong>Ephesios</strong></span> <span class='ocrx_word' id='word_1_676' title='bbox 2445 4583 3091 4652; x_wconf 88' lang='lat' dir='ltr'><strong>sermocinetur,dicens</strong></span> <span class='ocrx_word' id='word_1_677' title='bbox 3118 4601 3130 4639; x_wconf 90' lang='lat'><strong>:</strong></span> <span class='ocrx_word' id='word_1_678' title='bbox 3158 4585 3498 4654; x_wconf 83' lang='lat' dir='ltr'><strong>Quapropter</strong></span> <span class='ocrx_word' id='word_1_679' title='bbox 3524 4580 3777 4650; x_wconf 75' lang='lat' dir='ltr'><strong>vigilate,</strong></span> 
     </span>
    </p>
   </div>
   <div class='ocr_carea' id='block_1_94' title="bbox 365 4669 3783 4760">
    <p class='ocr_par' dir='ltr' id='par_1_94' title="bbox 365 4669 3783 4760">
     <span class='ocr_line' id='line_1_94' title="bbox 365 4669 3783 4760; baseline -0.003 -28"><span class='ocrx_word' id='word_1_680' title='bbox 365 4677 804 4750; x_wconf 89' lang='lat' dir='ltr'><strong>Scripturarum</strong></span> <span class='ocrx_word' id='word_1_681' title='bbox 836 4677 974 4732; x_wconf 91' lang='lat' dir='ltr'><strong>hinc</strong></span> <span class='ocrx_word' id='word_1_682' title='bbox 1004 4676 1140 4732; x_wconf 91' lang='lat' dir='ltr'><strong>inde</strong></span> <span class='ocrx_word' id='word_1_683' title='bbox 1171 4677 1433 4749; x_wconf 72' lang='lat' dir='ltr'><strong>quaesitis</strong></span> <span class='ocrx_word' id='word_1_684' title='bbox 1462 4677 1854 4760; x_wconf 79' lang='lat' dir='ltr'><strong>eloquentiam</strong></span> <span class='ocrx_word' id='word_1_685' title='bbox 1880 4678 2021 4746; x_wconf 89' lang='lat' dir='ltr'><strong>jun-</strong></span> <span class='ocrx_word' id='word_1_686' title='bbox 2052 4687 2100 4751; x_wconf 77' lang='grc' dir='ltr'><strong>ι)</strong></span> <span class='ocrx_word' id='word_1_687' title='bbox 2130 4674 2478 4731; x_wconf 80' lang='lat' dir='ltr'><strong>recordantes</strong></span> <span class='ocrx_word' id='word_1_688' title='bbox 2534 4674 2666 4745; x_wconf 84' lang='lat' dir='ltr'><strong>quia</strong></span> <span class='ocrx_word' id='word_1_689' title='bbox 2727 4676 2941 4727; x_wconf 77' lang='lat' dir='ltr'><strong>trienno</strong></span> <span class='ocrx_word' id='word_1_690' title='bbox 2994 4680 3148 4727; x_wconf 84' lang='lat' dir='ltr'><strong>nocte</strong></span> <span class='ocrx_word' id='word_1_691' title='bbox 3202 4688 3267 4726; x_wconf 90' lang='lat' dir='ltr'><strong>ac</strong></span> <span class='ocrx_word' id='word_1_692' title='bbox 3303 4672 3391 4727; x_wconf 88' lang='lat' dir='ltr'><strong>die</strong></span> <span class='ocrx_word' id='word_1_693' title='bbox 3425 4686 3538 4726; x_wconf 82' lang='lat' dir='ltr'><strong>non</strong></span> <span class='ocrx_word' id='word_1_694' title='bbox 3573 4669 3783 4726; x_wconf 77' lang='lat' dir='ltr'><strong>cessavi</strong></span> 
     </span>
    </p>
   </div>
   <div class='ocr_carea' id='block_1_95' title="bbox 441 4836 2020 4905">
    <p class='ocr_par' dir='ltr' id='par_1_95' title="bbox 441 4836 2020 4905">
     <span class='ocr_line' id='line_1_95' title="bbox 441 4836 2020 4905; baseline 0 -13"><span class='ocrx_word' id='word_1_695' title='bbox 441 4836 686 4894; x_wconf 72' lang='lat' dir='ltr'><strong>‘Sciunt</strong></span> <span class='ocrx_word' id='word_1_696' title='bbox 715 4837 823 4894; x_wconf 92' lang='lat' dir='ltr'><strong>hoc</strong></span> <span class='ocrx_word' id='word_1_697' title='bbox 853 4837 1200 4905; x_wconf 86' lang='lat' dir='ltr'><strong>certissime,</strong></span> <span class='ocrx_word' id='word_1_698' title='bbox 1232 4839 1330 4903; x_wconf 87' lang='lat' dir='ltr'><strong>qui</strong></span> <span class='ocrx_word' id='word_1_699' title='bbox 1360 4843 1619 4893; x_wconf 89' lang='lat' dir='ltr'><strong>veterum</strong></span> <span class='ocrx_word' id='word_1_700' title='bbox 1654 4837 2020 4892; x_wconf 90' lang='lat' dir='ltr'><strong>ethnicorum</strong></span> 
     </span>
    </p>
   </div>
   <div class='ocr_carea' id='block_1_96' title="bbox 364 4908 2024 4982">
    <p class='ocr_par' dir='ltr' id='par_1_96' title="bbox 364 4908 2024 4982">
     <span class='ocr_line' id='line_1_96' title="bbox 364 4908 2024 4982; baseline 0 -18"><span class='ocrx_word' id='word_1_701' title='bbox 364 4908 635 4982; x_wconf 87' lang='lat' dir='ltr'><strong>legerunt</strong></span> <span class='ocrx_word' id='word_1_702' title='bbox 663 4908 1026 4982; x_wconf 81' lang='lat' dir='ltr'><strong>scripta,sive</strong></span> <span class='ocrx_word' id='word_1_703' title='bbox 1054 4909 1116 4963; x_wconf 91' lang='lat' dir='ltr'><strong>in</strong></span> <span class='ocrx_word' id='word_1_704' title='bbox 1133 4909 1407 4982; x_wconf 81' lang='lat' dir='ltr'><strong>antiquis</strong></span> <span class='ocrx_word' id='word_1_705' title='bbox 1427 4908 1702 4982; x_wconf 26' lang='lat' dir='ltr'><strong>nummis,</strong></span> <span class='ocrx_word' id='word_1_706' title='bbox 1716 4926 1781 4964; x_wconf 85' lang='lat' dir='ltr'><strong>ac</strong></span> <span class='ocrx_word' id='word_1_707' title='bbox 1805 4909 2024 4982; x_wconf 4' lang='lat' dir='ltr'><strong>(statuis</strong></span> 
     </span>
    </p>
   </div>
   <div class='ocr_carea' id='block_1_97' title="bbox 365 4979 2025 5051">
    <p class='ocr_par' dir='ltr' id='par_1_97' title="bbox 365 4979 2025 5051">
     <span class='ocr_line' id='line_1_97' title="bbox 365 4979 2025 5051; baseline -0.002 -14"><span class='ocrx_word' id='word_1_708' title='bbox 365 4979 764 5037; x_wconf 68' lang='lat' dir='ltr'><strong>mammosum</strong></span> <span class='ocrx_word' id='word_1_709' title='bbox 783 4979 944 5035; x_wconf 68' lang='lat' dir='ltr'><strong>illud</strong></span> <span class='ocrx_word' id='word_1_710' title='bbox 970 4979 1355 5036; x_wconf 77' lang='lat' dir='ltr'><strong>simulacrum</strong></span> <span class='ocrx_word' id='word_1_711' title='bbox 1381 4982 1572 5036; x_wconf 65' lang='lat' dir='ltr'><strong>Dianae</strong></span> <span class='ocrx_word' id='word_1_712' title='bbox 1603 4980 1878 5051; x_wconf 86' lang='lat' dir='ltr'><strong>Ephesi,a</strong></span> <span class='ocrx_word' id='word_1_713' title='bbox 1909 4997 2025 5050; x_wconf 87' lang='lat' dir='ltr'><strong>qua</strong></span> 
     </span>
    </p>
   </div>
   <div class='ocr_carea' id='block_1_98' title="bbox 367 5051 2020 5121">
    <p class='ocr_par' dir='ltr' id='par_1_98' title="bbox 367 5051 2020 5121">
     <span class='ocr_line' id='line_1_98' title="bbox 367 5051 2020 5121; baseline -0.001 -14"><span class='ocrx_word' id='word_1_714' title='bbox 367 5051 481 5108; x_wconf 88' lang='lat' dir='ltr'><strong>sibi</strong></span> <span class='ocrx_word' id='word_1_715' title='bbox 512 5052 658 5108; x_wconf 88' lang='lat' dir='ltr'><strong>urbe</strong></span> <span class='ocrx_word' id='word_1_716' title='bbox 715 5057 770 5106; x_wconf 84' lang='lat' dir='ltr'><strong>et</strong></span> <span class='ocrx_word' id='word_1_717' title='bbox 823 5069 1032 5108; x_wconf 90' lang='lat' dir='ltr'><strong>nomen</strong></span> <span class='ocrx_word' id='word_1_718' title='bbox 1084 5053 1311 5121; x_wconf 86' lang='lat' dir='ltr'><strong>ascivit,</strong></span> <span class='ocrx_word' id='word_1_719' title='bbox 1342 5051 1699 5108; x_wconf 87' lang='lat' dir='ltr'><strong>venerationi</strong></span> <span class='ocrx_word' id='word_1_720' title='bbox 1732 5052 2020 5116; x_wconf 89' lang='lat' dir='ltr'><strong>habitum,</strong></span> 
     </span>
    </p>
   </div>
   <div class='ocr_carea' id='block_1_99' title="bbox 365 5122 2022 5204">
    <p class='ocr_par' dir='ltr' id='par_1_99' title="bbox 365 5122 2022 5204">
     <span class='ocr_line' id='line_1_99' title="bbox 365 5122 2022 5204; baseline -0.002 -25"><span class='ocrx_word' id='word_1_721' title='bbox 365 5123 690 5204; x_wconf 75' lang='lat' dir='ltr'><strong>etiamnum</strong></span> <span class='ocrx_word' id='word_1_722' title='bbox 712 5128 953 5204; x_wconf 85' lang='lat' dir='ltr'><strong>spectat.</strong></span> <span class='ocrx_word' id='word_1_723' title='bbox 988 5122 1379 5204; x_wconf 31' lang='lat' dir='ltr'><strong>N‘ihilosec‘ius</strong></span> <span class='ocrx_word' id='word_1_724' title='bbox 1401 5123 1752 5204; x_wconf 69' lang='lat' dir='ltr'><strong>hapcvulgo</strong></span> <span class='ocrx_word' id='word_1_725' title='bbox 1785 5122 2022 5204; x_wconf 74' lang='lat' dir='ltr'><strong>notissi-</strong></span> 
     </span>
    </p>
   </div>
   <div class='ocr_carea' id='block_1_100' title="bbox 368 5194 2020 5266">
    <p class='ocr_par' dir='ltr' id='par_1_100' title="bbox 368 5194 2020 5266">
     <span class='ocr_line' id='line_1_100' title="bbox 368 5194 2020 5266; baseline -0.002 -14"><span class='ocrx_word' id='word_1_726' title='bbox 368 5211 526 5252; x_wconf 88' lang='lat' dir='ltr'><strong>mam</strong></span> <span class='ocrx_word' id='word_1_727' title='bbox 547 5194 856 5250; x_wconf 86' lang='lat' dir='ltr'><strong>historiam</strong></span> <span class='ocrx_word' id='word_1_728' title='bbox 881 5199 1126 5250; x_wconf 89' lang='lat' dir='ltr'><strong>conatus</strong></span> <span class='ocrx_word' id='word_1_729' title='bbox 1147 5199 1237 5250; x_wconf 91' lang='lat' dir='ltr'><strong>est</strong></span> <span class='ocrx_word' id='word_1_730' title='bbox 1255 5195 1460 5250; x_wconf 89' lang='lat' dir='ltr'><strong>Petrus</strong></span> <span class='ocrx_word' id='word_1_731' title='bbox 1485 5195 1667 5250; x_wconf 90' lang='lat' dir='ltr'><strong>Faber</strong></span> <span class='ocrx_word' id='word_1_732' title='bbox 1687 5194 1802 5250; x_wconf 84' lang='lat' dir='ltr'><strong>acri</strong></span> <span class='ocrx_word' id='word_1_733' title='bbox 1822 5195 2020 5266; x_wconf 87' lang='lat' dir='ltr'><strong>dispu-</strong></span> 
     </span>
    </p>
   </div>
   <div class='ocr_carea' id='block_1_101' title="bbox 363 5265 2013 5337">
    <p class='ocr_par' dir='ltr' id='par_1_101' title="bbox 363 5265 2013 5337">
     <span class='ocr_line' id='line_1_101' title="bbox 363 5265 2013 5337; baseline 0 -16"><span class='ocrx_word' id='word_1_734' title='bbox 363 5266 604 5337; x_wconf 91' lang='lat' dir='ltr'><strong>tatione,</strong></span> <span class='ocrx_word' id='word_1_735' title='bbox 637 5265 866 5336; x_wconf 84' lang='lat' dir='ltr'><strong>hocque</strong></span> <span class='ocrx_word' id='word_1_736' title='bbox 897 5266 1230 5337; x_wconf 87' lang='lat' dir='ltr'><strong>Hieronymi</strong></span> <span class='ocrx_word' id='word_1_737' title='bbox 1252 5266 1659 5337; x_wconf 88' lang='lat' dir='ltr'><strong>testimonium</strong></span> <span class='ocrx_word' id='word_1_738' title='bbox 1696 5265 2013 5329; x_wconf 85' lang='lat' dir='ltr'><strong>lacessens,</strong></span> 
     </span>
    </p>
   </div>
   <div class='ocr_carea' id='block_1_102' title="bbox 367 5336 2022 5410">
    <p class='ocr_par' dir='ltr' id='par_1_102' title="bbox 367 5336 2022 5410">
     <span class='ocr_line' id='line_1_102' title="bbox 367 5336 2022 5410; baseline -0.001 -16"><span class='ocrx_word' id='word_1_739' title='bbox 367 5336 711 5410; x_wconf 89' lang='lat' dir='ltr'><strong>convellere,</strong></span> <span class='ocrx_word' id='word_1_740' title='bbox 727 5353 1054 5410; x_wconf 73' lang='lat' dir='ltr'><strong>pernegaris</strong></span> <span class='ocrx_word' id='word_1_741' title='bbox 1075 5336 1318 5410; x_wconf 79' lang='lat' dir='ltr'><strong>Dianam</strong></span> <span class='ocrx_word' id='word_1_742' title='bbox 1349 5336 2022 5410; x_wconf 58' lang='lat' dir='ltr'><strong>multimammiamquae</strong></span> 
     </span>
    </p>
   </div>
   <div class='ocr_carea' id='block_1_103' title="bbox 366 5407 2020 5481">
    <p class='ocr_par' dir='ltr' id='par_1_103' title="bbox 366 5407 2020 5481">
     <span class='ocr_line' id='line_1_103' title="bbox 366 5407 2020 5481; baseline -0.001 -15"><span class='ocrx_word' id='word_1_743' title='bbox 366 5427 403 5466; x_wconf 86' lang='lat' dir='ltr'><strong>a</strong></span> <span class='ocrx_word' id='word_1_744' title='bbox 430 5407 864 5481; x_wconf 28' lang='lat' dir='ltr'><strong>venatrice‘alte</strong></span> <span class='ocrx_word' id='word_1_745' title='bbox 895 5407 1193 5481; x_wconf 76' lang='lat' dir='ltr'><strong>succincta</strong></span> <span class='ocrx_word' id='word_1_746' title='bbox 1239 5409 1717 5481; x_wconf 88' lang='lat' dir='ltr'><strong>distingueretur,</strong></span> <span class='ocrx_word' id='word_1_747' title='bbox 1762 5407 2020 5481; x_wconf 71' lang='lat' dir='ltr'><strong>unquam</strong></span> 
     </span>
    </p>
   </div>
   <div class='ocr_carea' id='block_1_104' title="bbox 367 5479 2025 5552">
    <p class='ocr_par' dir='ltr' id='par_1_104' title="bbox 367 5479 2025 5552">
     <span class='ocr_line' id='line_1_104' title="bbox 367 5479 2025 5552; baseline -0.001 -15"><span class='ocrx_word' id='word_1_748' title='bbox 367 5480 699 5552; x_wconf 80' lang='lat' dir='ltr'><strong>exstitisse;</strong></span> <span class='ocrx_word' id='word_1_749' title='bbox 731 5480 830 5552; x_wconf 90' lang='lat' dir='ltr'><strong>sed</strong></span> <span class='ocrx_word' id='word_1_750' title='bbox 855 5495 958 5552; x_wconf 91' lang='lat' dir='ltr'><strong>pro</strong></span> <span class='ocrx_word' id='word_1_751' title='bbox 980 5495 1048 5535; x_wconf 86' lang='lat' dir='ltr'><strong>ea</strong></span> <span class='ocrx_word' id='word_1_752' title='bbox 1076 5479 1340 5552; x_wconf 79' lang='lat' dir='ltr'><strong>Cererem</strong></span> <span class='ocrx_word' id='word_1_753' title='bbox 1372 5479 2025 5552; x_wconf 34' lang='lat' dir='ltr'><strong>mammosamye’teres</strong></span> 
     </span>
    </p>
   </div>
   <div class='ocr_carea' id='block_1_105' title="bbox 367 5551 2024 5625">
    <p class='ocr_par' dir='ltr' id='par_1_105' title="bbox 367 5551 2024 5625">
     <span class='ocr_line' id='line_1_105' title="bbox 367 5551 2024 5625; baseline -0.001 -16"><span class='ocrx_word' id='word_1_754' title='bbox 367 5551 916 5625; x_wconf 82' lang='lat' dir='ltr'><strong>appellasse.Quod</strong></span> <span class='ocrx_word' id='word_1_755' title='bbox 951 5555 1016 5606; x_wconf 91' lang='lat' dir='ltr'><strong>ut</strong></span> <span class='ocrx_word' id='word_1_756' title='bbox 1043 5551 1288 5625; x_wconf 79' lang='lat' dir='ltr'><strong>evincat,</strong></span> <span class='ocrx_word' id='word_1_757' title='bbox 1322 5552 1515 5609; x_wconf 90' lang='lat' dir='ltr'><strong>locum</strong></span> <span class='ocrx_word' id='word_1_758' title='bbox 1556 5551 1790 5625; x_wconf 80' lang='lat' dir='ltr'><strong>Minucii</strong></span> <span class='ocrx_word' id='word_1_759' title='bbox 1823 5551 2024 5625; x_wconf 83' lang='lat' dir='ltr'><strong>Felicis</strong></span> 
     </span>
    </p>
   </div>
   <div class='ocr_carea' id='block_1_106' title="bbox 369 5622 2026 5697">
    <p class='ocr_par' dir='ltr' id='par_1_106' title="bbox 369 5622 2026 5697">
     <span class='ocr_line' id='line_1_106' title="bbox 369 5622 2026 5697; baseline -0.002 -15"><span class='ocrx_word' id='word_1_760' title='bbox 369 5622 670 5697; x_wconf 74' lang='lat' dir='ltr'><strong>ollicitat,</strong></span> <span class='ocrx_word' id='word_1_761' title='bbox 726 5624 844 5697; x_wconf 81' lang='lat' dir='ltr'><strong>imo</strong></span> <span class='ocrx_word' id='word_1_762' title='bbox 903 5622 1270 5697; x_wconf 70' lang='lat' dir='ltr'><strong>apertissime</strong></span> <span class='ocrx_word' id='word_1_763' title='bbox 1310 5624 1649 5697; x_wconf 80' lang='lat' dir='ltr'><strong>corrumpit.</strong></span> <span class='ocrx_word' id='word_1_764' title='bbox 1691 5623 1836 5678; x_wconf 90' lang='lat' dir='ltr'><strong>Cum</strong></span> <span class='ocrx_word' id='word_1_765' title='bbox 1870 5623 2026 5697; x_wconf 83' lang='lat' dir='ltr'><strong>enim</strong></span> 
     </span>
    </p>
   </div>
   <div class='ocr_carea' id='block_1_107' title="bbox 370 5693 2028 5768">
    <p class='ocr_par' dir='ltr' id='par_1_107' title="bbox 370 5693 2028 5768">
     <span class='ocr_line' id='line_1_107' title="bbox 370 5693 2028 5768; baseline -0.002 -14"><span class='ocrx_word' id='word_1_766' title='bbox 370 5695 713 5768; x_wconf 85' lang='lat' dir='ltr'><strong>scripsisset</strong></span> <span class='ocrx_word' id='word_1_767' title='bbox 741 5695 847 5768; x_wconf 85' lang='lat' dir='ltr'><strong>ille</strong></span> <span class='ocrx_word' id='word_1_768' title='bbox 873 5712 885 5751; x_wconf 92' lang='lat'><strong>:</strong></span> <span class='ocrx_word' id='word_1_769' title='bbox 923 5693 958 5768; x_wconf 71' lang='grc' dir='ltr'><strong>‹ξ</strong></span> <span class='ocrx_word' id='word_1_770' title='bbox 982 5695 1169 5751; x_wconf 90' lang='lat' dir='ltr'><strong>Diana</strong></span> <span class='ocrx_word' id='word_1_771' title='bbox 1200 5695 1443 5768; x_wconf 21' lang='lat' dir='ltr'><strong>interim,</strong></span> <span class='ocrx_word' id='word_1_772' title='bbox 1464 5693 1565 5752; x_wconf 55' lang='lat' dir='ltr'><strong>est&#39;</strong></span> <span class='ocrx_word' id='word_1_773' title='bbox 1583 5694 1697 5751; x_wconf 89' lang='lat' dir='ltr'><strong>alte</strong></span> <span class='ocrx_word' id='word_1_774' title='bbox 1729 5693 2028 5750; x_wconf 88' lang='lat' dir='ltr'><strong>succincta</strong></span> 
     </span>
    </p>
   </div>
   <div class='ocr_carea' id='block_1_108' title="bbox 368 5767 2026 5841">
    <p class='ocr_par' dir='ltr' id='par_1_108' title="bbox 368 5767 2026 5841">
     <span class='ocr_line' id='line_1_108' title="bbox 368 5767 2026 5841; baseline -0.002 -17"><span class='ocrx_word' id='word_1_775' title='bbox 368 5767 724 5839; x_wconf 81' lang='lat' dir='ltr'><strong>venatrix,et</strong></span> <span class='ocrx_word' id='word_1_776' title='bbox 749 5767 1002 5841; x_wconf 87' lang='lat' dir='ltr'><strong>Ephesia</strong></span> <span class='ocrx_word' id='word_1_777' title='bbox 1020 5767 1298 5825; x_wconf 82' lang='lat' dir='ltr'><strong>mammis</strong></span> <span class='ocrx_word' id='word_1_778' title='bbox 1330 5767 1616 5837; x_wconf 91' lang='lat' dir='ltr'><strong>multis,et</strong></span> <span class='ocrx_word' id='word_1_779' title='bbox 1643 5768 1901 5823; x_wconf 89' lang='lat' dir='ltr'><strong>verubus</strong></span> <span class='ocrx_word' id='word_1_780' title='bbox 1932 5782 2026 5821; x_wconf 87' lang='lat' dir='ltr'><strong>ex-</strong></span> 
     </span>
    </p>
   </div>
   <div class='ocr_carea' id='block_1_109' title="bbox 2133 4828 3778 4916">
    <p class='ocr_par' dir='ltr' id='par_1_109' title="bbox 2133 4828 3778 4916">
     <span class='ocr_line' id='line_1_109' title="bbox 2133 4828 3778 4916; baseline -0.004 -25"><span class='ocrx_word' id='word_1_781' title='bbox 2133 4839 2374 4916; x_wconf 79' lang='lat' dir='ltr'><strong>structa2</strong></span> <span class='ocrx_word' id='word_1_782' title='bbox 2410 4854 2438 4882; x_wconf 85' lang='lat'>»</span> <span class='ocrx_word' id='word_1_783' title='bbox 2471 4829 2751 4916; x_wconf 39' lang='lat' dir='ltr'><strong>leg‘i‘vul’t‘</strong></span> <span class='ocrx_word' id='word_1_784' title='bbox 2770 4831 2952 4886; x_wconf 87' lang='lat' dir='ltr'><strong>Faber</strong></span> <span class='ocrx_word' id='word_1_785' title='bbox 2990 4848 3002 4886; x_wconf 90' lang='lat'><strong>:</strong></span> <span class='ocrx_word' id='word_1_786' title='bbox 3039 4851 3084 4916; x_wconf 43' lang='grc'><strong>.‹‹</strong></span> <span class='ocrx_word' id='word_1_787' title='bbox 3116 4828 3778 4916; x_wconf 41' lang='lat' dir='ltr'><strong>Venatrlix‘blphesia,let</strong></span> 
     </span>
    </p>
   </div>
   <div class='ocr_carea' id='block_1_110' title="bbox 2133 4900 3777 4962">
    <p class='ocr_par' dir='ltr' id='par_1_110' title="bbox 2133 4900 3777 4962">
     <span class='ocr_line' id='line_1_110' title="bbox 2133 4900 3777 4962; baseline -0.005 0"><span class='ocrx_word' id='word_1_788' title='bbox 2133 4900 2409 4962; x_wconf 85' lang='lat' dir='ltr'><strong>mammis</strong></span> <span class='ocrx_word' id='word_1_789' title='bbox 2459 4900 2663 4959; x_wconf 77' lang='lat' dir='ltr'><strong>multis</strong></span> <span class='ocrx_word' id='word_1_790' title='bbox 2712 4904 2882 4958; x_wconf 90' lang='lat' dir='ltr'><strong>Ceres</strong></span> <span class='ocrx_word' id='word_1_791' title='bbox 2931 4905 3225 4957; x_wconf 85' lang='lat' dir='ltr'><strong>exstructa</strong></span> <span class='ocrx_word' id='word_1_792' title='bbox 3258 4923 3285 4950; x_wconf 90' lang='grc'><strong>››</strong></span> <span class='ocrx_word' id='word_1_793' title='bbox 3316 4900 3494 4956; x_wconf 83' lang='lat' dir='ltr'><strong>Nobis</strong></span> <span class='ocrx_word' id='word_1_794' title='bbox 3540 4900 3777 4956; x_wconf 89' lang='lat' dir='ltr'><strong>tametsi</strong></span> 
     </span>
    </p>
   </div>
   <div class='ocr_carea' id='block_1_111' title="bbox 2135 4974 3778 5033">
    <p class='ocr_par' dir='ltr' id='par_1_111' title="bbox 2135 4974 3778 5033">
     <span class='ocr_line' id='line_1_111' title="bbox 2135 4974 3778 5033; baseline -0.003 -1"><span class='ocrx_word' id='word_1_795' title='bbox 2135 4977 2319 5033; x_wconf 87' lang='lat' dir='ltr'><strong>multa</strong></span> <span class='ocrx_word' id='word_1_796' title='bbox 2342 4981 2649 5031; x_wconf 89' lang='lat' dir='ltr'><strong>occurrant</strong></span> <span class='ocrx_word' id='word_1_797' title='bbox 2669 4975 2738 5030; x_wconf 90' lang='lat' dir='ltr'><strong>ad</strong></span> <span class='ocrx_word' id='word_1_798' title='bbox 2753 4974 3172 5029; x_wconf 85' lang='lat' dir='ltr'><strong>vindicandum</strong></span> <span class='ocrx_word' id='word_1_799' title='bbox 3195 4977 3492 5028; x_wconf 89' lang='lat' dir='ltr'><strong>auctorem</strong></span> <span class='ocrx_word' id='word_1_800' title='bbox 3507 4976 3778 5029; x_wconf 91' lang='lat' dir='ltr'><strong>nostrum</strong></span> 
     </span>
    </p>
   </div>
   <div class='ocr_carea' id='block_1_112' title="bbox 2134 5043 3779 5106">
    <p class='ocr_par' dir='ltr' id='par_1_112' title="bbox 2134 5043 3779 5106">
     <span class='ocr_line' id='line_1_112' title="bbox 2134 5043 3779 5106; baseline -0.004 -2"><span class='ocrx_word' id='word_1_801' title='bbox 2134 5049 2463 5104; x_wconf 87' lang='lat' dir='ltr'><strong>certissima</strong></span> <span class='ocrx_word' id='word_1_802' title='bbox 2493 5053 2753 5102; x_wconf 89' lang='lat' dir='ltr'><strong>veterum</strong></span> <span class='ocrx_word' id='word_1_803' title='bbox 2784 5045 3141 5106; x_wconf 88' lang='lat' dir='ltr'><strong>testimonia,</strong></span> <span class='ocrx_word' id='word_1_804' title='bbox 3167 5043 3310 5100; x_wconf 90' lang='lat' dir='ltr'><strong>satis</strong></span> <span class='ocrx_word' id='word_1_805' title='bbox 3339 5044 3572 5100; x_wconf 92' lang='lat' dir='ltr'><strong>abunde</strong></span> <span class='ocrx_word' id='word_1_806' title='bbox 3604 5043 3779 5098; x_wconf 86' lang='lat' dir='ltr'><strong>fuerit</strong></span> 
     </span>
    </p>
   </div>
   <div class='ocr_carea' id='block_1_113' title="bbox 2133 5114 3777 5187">
    <p class='ocr_par' dir='ltr' id='par_1_113' title="bbox 2133 5114 3777 5187">
     <span class='ocr_line' id='line_1_113' title="bbox 2133 5114 3777 5187; baseline -0.004 -12"><span class='ocrx_word' id='word_1_807' title='bbox 2133 5119 2672 5176; x_wconf 90' lang='lat' dir='ltr'><strong>luculentissimum</strong></span> <span class='ocrx_word' id='word_1_808' title='bbox 2707 5117 2866 5172; x_wconf 89' lang='lat' dir='ltr'><strong>istud</strong></span> <span class='ocrx_word' id='word_1_809' title='bbox 2909 5115 3136 5187; x_wconf 86' lang='lat' dir='ltr'><strong>Apuleii</strong></span> <span class='ocrx_word' id='word_1_810' title='bbox 3177 5115 3274 5171; x_wconf 92' lang='lat' dir='ltr'><strong>lib.</strong></span> <span class='ocrx_word' id='word_1_811' title='bbox 3314 5133 3356 5170; x_wconf 81' lang='grc' dir='ltr'>ιι</span> <span class='ocrx_word' id='word_1_812' title='bbox 3416 5114 3777 5171; x_wconf 88' lang='lat' dir='ltr'><strong>Milesiarum</strong></span> 
     </span>
    </p>
   </div>
   <div class='ocr_carea' id='block_1_114' title="bbox 2132 5187 3777 5331">
    <p class='ocr_par' dir='ltr' id='par_1_114' title="bbox 2132 5187 3777 5331">
     <span class='ocr_line' id='line_1_114' title="bbox 2133 5187 3777 5269; baseline -0.004 -22"><span class='ocrx_word' id='word_1_813' title='bbox 2133 5191 2515 5264; x_wconf 85' lang='lat' dir='ltr'><strong>Opposuisse:</strong></span> <span class='ocrx_word' id='word_1_814' title='bbox 2563 5187 2763 5243; x_wconf 76' lang='lat' dir='ltr'><strong>Phoebi</strong></span> <span class='ocrx_word' id='word_1_815' title='bbox 2796 5188 3342 5269; x_wconf 83' lang='lat' dir='ltr'><strong>sororem(profecto</strong></span> <span class='ocrx_word' id='word_1_816' title='bbox 3374 5203 3488 5268; x_wconf 81' lang='lat' dir='ltr'><strong>non</strong></span> <span class='ocrx_word' id='word_1_817' title='bbox 3514 5187 3777 5269; x_wconf 85' lang='lat' dir='ltr'><strong>Cererem</strong></span> 
     </span>
     <span class='ocr_line' id='line_1_115' title="bbox 2132 5257 3776 5331; baseline -0.003 -14"><span class='ocrx_word' id='word_1_818' title='bbox 2132 5265 2230 5318; x_wconf 90' lang='lat' dir='ltr'><strong>sed</strong></span> <span class='ocrx_word' id='word_1_819' title='bbox 2267 5261 2529 5331; x_wconf 89' lang='lat' dir='ltr'><strong>Dianam)</strong></span> <span class='ocrx_word' id='word_1_820' title='bbox 2554 5265 2723 5330; x_wconf 87' lang='lat' dir='ltr'><strong>partu</strong></span> <span class='ocrx_word' id='word_1_821' title='bbox 2749 5261 3016 5314; x_wconf 75' lang='lat' dir='ltr'><strong>i&#39;mtarum</strong></span> <span class='ocrx_word' id='word_1_822' title='bbox 3041 5259 3292 5331; x_wconf 76' lang='lat' dir='ltr'><strong>medens</strong></span> <span class='ocrx_word' id='word_1_823' title='bbox 3315 5257 3669 5331; x_wconf 80' lang='lat' dir='ltr'><strong>lenientibus</strong></span> <span class='ocrx_word' id='word_1_824' title='bbox 3690 5274 3776 5331; x_wconf 82' lang='lat' dir='ltr'><strong>re-</strong></span> 
     </span>
    </p>
   </div>
   <div class='ocr_carea' id='block_1_115' title="bbox 2132 5328 3777 5404">
    <p class='ocr_par' dir='ltr' id='par_1_115' title="bbox 2132 5328 3777 5404">
     <span class='ocr_line' id='line_1_116' title="bbox 2132 5328 3777 5404; baseline -0.004 -14"><span class='ocrx_word' id='word_1_825' title='bbox 2132 5339 2345 5404; x_wconf 88' lang='lat' dir='ltr'><strong>creato,</strong></span> <span class='ocrx_word' id='word_1_826' title='bbox 2402 5328 2648 5404; x_wconf 84' lang='lat' dir='ltr'><strong>populos</strong></span> <span class='ocrx_word' id='word_1_827' title='bbox 2700 5331 2965 5397; x_wconf 89' lang='lat' dir='ltr'><strong>educare,</strong></span> <span class='ocrx_word' id='word_1_828' title='bbox 3037 5329 3450 5402; x_wconf 76' lang='lat' dir='ltr'><strong>praeclarisque</strong></span> <span class='ocrx_word' id='word_1_829' title='bbox 3517 5328 3777 5386; x_wconf 90' lang='lat' dir='ltr'><strong>delubris</strong></span> 
     </span>
    </p>
   </div>
   <div class='ocr_carea' id='block_1_116' title="bbox 2130 5379 3523 5484">
    <p class='ocr_par' dir='ltr' id='par_1_116' title="bbox 2130 5379 3523 5484">
     <span class='ocr_line' id='line_1_117' title="bbox 2133 5379 3446 5414; baseline -0.004 -9"><span class='ocrx_word' id='word_1_830' title='bbox 2133 5379 2345 5414; x_wconf 61' lang='grc' dir='ltr'><strong>νον-ην)</strong></span> <span class='ocrx_word' id='word_1_831' title='bbox 2402 5379 2647 5414; x_wconf 57' lang='grc' dir='ltr'><strong>ι’*ιυηνῖ</strong></span> <span class='ocrx_word' id='word_1_832' title='bbox 2704 5379 2965 5397; x_wconf 67' lang='grc' dir='ltr'><strong><em>---·---Ἵ</em></strong></span> <span class='ocrx_word' id='word_1_833' title='bbox 3039 5379 3446 5402; x_wconf 59' lang='grc' dir='ltr'><strong>ι’“““⁷·ν’··*“ι“-“</strong></span> 
     </span>
     <span class='ocr_line' id='line_1_118' title="bbox 2130 5406 3523 5484; baseline -0.008 -22"><span class='ocrx_word' id='word_1_834' title='bbox 2130 5406 2658 5484; x_wconf 33' lang='lat' dir='ltr'><strong>EpAhesrvenerari:</strong></span> <span class='ocrx_word' id='word_1_835' title='bbox 2684 5423 2712 5453; x_wconf 84' lang='lat'>»</span> <span class='ocrx_word' id='word_1_836' title='bbox 2903 5472 2916 5484; x_wconf 44' lang='lat'><strong><em>‘</em></strong></span> <span class='ocrx_word' id='word_1_837' title='bbox 3128 5477 3138 5484; x_wconf 27' lang='grc' dir='ltr'><strong><em>Δ</em></strong></span> <span class='ocrx_word' id='word_1_838' title='bbox 3449 5472 3482 5484; x_wconf 52' lang='grc' dir='ltr'>η</span> <span class='ocrx_word' id='word_1_839' title='bbox 3512 5473 3523 5483; x_wconf 30' lang='grc' dir='ltr'>ι</span> 
     </span>
    </p>
   </div>
   <div class='ocr_carea' id='block_1_117' title="bbox 2203 5472 3778 5548">
    <p class='ocr_par' dir='ltr' id='par_1_117' title="bbox 2203 5472 3778 5548">
     <span class='ocr_line' id='line_1_119' title="bbox 2203 5472 3778 5548; baseline -0.004 -16"><span class='ocrx_word' id='word_1_840' title='bbox 2203 5479 2224 5512; x_wconf 82' lang='grc'>³</span> <span class='ocrx_word' id='word_1_841' title='bbox 2256 5476 2488 5548; x_wconf 88' lang='lat' dir='ltr'><strong>Insigne</strong></span> <span class='ocrx_word' id='word_1_842' title='bbox 2519 5474 2661 5529; x_wconf 91' lang='lat' dir='ltr'><strong>illud</strong></span> <span class='ocrx_word' id='word_1_843' title='bbox 2695 5472 3026 5548; x_wconf 82' lang='lat' dir='ltr'><strong>exemplum</strong></span> <span class='ocrx_word' id='word_1_844' title='bbox 3057 5477 3165 5548; x_wconf 76' lang='lat' dir='ltr'><strong>est,</strong></span> <span class='ocrx_word' id='word_1_845' title='bbox 3205 5490 3319 5548; x_wconf 86' lang='lat' dir='ltr'><strong>quo</strong></span> <span class='ocrx_word' id='word_1_846' title='bbox 3351 5472 3628 5548; x_wconf 75' lang='lat' dir='ltr'><strong>scribitur</strong></span> <span class='ocrx_word' id='word_1_847' title='bbox 3655 5473 3778 5548; x_wconf 90' lang='lat' dir='ltr'><strong>A_ct.</strong></span> 
     </span>
    </p>
   </div>
   <div class='ocr_carea' id='block_1_118' title="bbox 2133 5542 3781 5619">
    <p class='ocr_par' dir='ltr' id='par_1_118' title="bbox 2133 5542 3781 5619">
     <span class='ocr_line' id='line_1_120' title="bbox 2133 5542 3781 5619; baseline -0.004 -15"><span class='ocrx_word' id='word_1_848' title='bbox 2133 5542 2648 5619; x_wconf 60' lang='lat' dir='ltr'><strong>x1x,19,q&#39;uos_una</strong></span> <span class='ocrx_word' id='word_1_849' title='bbox 2676 5545 2770 5601; x_wconf 93' lang='lat' dir='ltr'><strong>die</strong></span> <span class='ocrx_word' id='word_1_850' title='bbox 2801 5542 3058 5619; x_wconf 80' lang='lat' dir='ltr'><strong>magicos</strong></span> <span class='ocrx_word' id='word_1_851' title='bbox 3087 5542 3266 5619; x_wconf 75' lang='lat' dir='ltr'><strong>libros</strong></span> <span class='ocrx_word' id='word_1_852' title='bbox 3288 5543 3540 5619; x_wconf 79' lang='lat' dir='ltr'><strong>flammis</strong></span> <span class='ocrx_word' id='word_1_853' title='bbox 3564 5542 3781 5619; x_wconf 78' lang='lat' dir='ltr'><strong>Paulus</strong></span> 
     </span>
    </p>
   </div>
   <div class='ocr_carea' id='block_1_119' title="bbox 2137 5616 3781 5693">
    <p class='ocr_par' dir='ltr' id='par_1_119' title="bbox 2137 5616 3781 5693">
     <span class='ocr_line' id='line_1_121' title="bbox 2137 5616 3781 5693; baseline -0.005 -17"><span class='ocrx_word' id='word_1_854' title='bbox 2137 5619 2345 5693; x_wconf 83' lang='lat' dir='ltr'><strong>Ephesi</strong></span> <span class='ocrx_word' id='word_1_855' title='bbox 2368 5616 3102 5693; x_wconf 79' lang='lat' dir='ltr'><strong>tradiderat,quiquaginta</strong></span> <span class='ocrx_word' id='word_1_856' title='bbox 3124 5616 3372 5693; x_wconf 78' lang='lat' dir='ltr'><strong>millium</strong></span> <span class='ocrx_word' id='word_1_857' title='bbox 3407 5617 3781 5672; x_wconf 91' lang='lat' dir='ltr'><strong>denariorum</strong></span> 
     </span>
    </p>
   </div>
   <div class='ocr_carea' id='block_1_120' title="bbox 2137 5687 3344 5765">
    <p class='ocr_par' dir='ltr' id='par_1_120' title="bbox 2137 5687 3344 5765">
     <span class='ocr_line' id='line_1_122' title="bbox 2137 5687 3344 5765; baseline -0.007 -17"><span class='ocrx_word' id='word_1_858' title='bbox 2137 5687 2382 5765; x_wconf 78' lang='lat' dir='ltr'><strong>pecunia</strong></span> <span class='ocrx_word' id='word_1_859' title='bbox 2413 5687 2748 5762; x_wconf 86' lang='lat' dir='ltr'><strong>computato</strong></span> <span class='ocrx_word' id='word_1_860' title='bbox 2777 5688 2958 5759; x_wconf 90' lang='lat' dir='ltr'><strong>pretio</strong></span> <span class='ocrx_word' id='word_1_861' title='bbox 2990 5687 3344 5743; x_wconf 87' lang='lat' dir='ltr'><strong>constitisse.</strong></span> 
     </span>
    </p>
   </div>
  </div>
