4144 6202
297 355 409 421 ΠΙ

291 511 443 554 ωιτη.
475 494 738 569 lacrymis
774 511 996 553 monere
1031 513 1470 570 unumquemque
1519 502 1758 554 vestrum
1817 515 1829 553 :

291 601 441 640 nunc
484 585 798 642 commendo
851 602 939 642 vos
977 587 1101 654 Deo,
1144 591 1195 643 et
1231 588 1392 644 verbo
1428 591 1632 658 gratia:
1667 589 1806 659 ejus,
1847 591 1945 661 qui

292 679 482 746 potens
533 677 609 730 est
644 675 922 746 aediﬁcare
965 679 1019 730 et
1071 677 1204 732 dare
1256 677 1401 732 vobis
1449 677 1818 734 hazrcditatem
1883 680 1943 732 in

296 765 657 836 sanctiﬁcaiis
729 767 981 820 omnibus
1041 765 1197 836 (Ibid.
1259 767 1348 829 31,
1418 767 1528 835 42).
1601 767 1945 838 Indigebant

293 853 451 910 enim
485 854 989 910 commendatione
1009 854 1271 928 Apostoli
1303 857 1374 911 ad
1407 862 1763 928 Deum,quos
1783 861 1943 913 tanto

296 946 558 1016 tempore
592 942 923 998 daemonum
947 960 1106 999 error
1136 949 1418 1011 tenuerat,
1443 951 1500 1001 et
1530 946 1789 1002 sciebant
1817 961 1946 1002 esse

301 1027 640 1101 spirituales
670 1029 900 1102 aliquas
929 1035 1266 1101 potestates,
1299 1037 1355 1088 et
1375 1033 1432 1088 in
1465 1033 1610 1090 extis
1637 1038 1811 1106 atque
1842 1052 1945 1090 au~

303 1118 488 1191 guriis
545 1123 602 1174 et
657 1118 1111 1176 divinationibus
1146 1123 1465 1193 quamdam
1497 1123 1946 1180 similitudinem

297 1203 622 1264 divinitatis
654 1213 1032 1281 agnoverant.
1064 1209 1228 1266 Unde
1259 1228 1494 1267 rursum
1526 1213 1596 1267 ad
1630 1229 1729 1268 eos
1760 1211 1948 1285 loqui-

298 1299 397 1349 tur
429 1311 442 1351 :
477 1317 506 1345 ‹‹
538 1295 779 1368 Propter
807 1297 960 1366 quod
1009 1301 1302 1354 contestor
1319 1315 1420 1353 vos
1452 1299 1510 1354 in
1544 1300 1636 1354 die
1667 1300 1951 1373 hac,quia

298 1385 560 1442 mundus
600 1401 734 1440 sum
784 1401 889 1458 ego
945 1402 978 1440 a
1005 1387 1291 1458 sanguine
1321 1388 1606 1442 omnium.
1636 1389 1759 1444 Non
1792 1389 1947 1444 enim

299 1471 563 1530 subtraxi
595 1473 912 1545 quominus
943 1474 1354 1531 annuntiarem
1382 1476 1546 1532 vobis
1577 1494 1810 1533 omnem
1850 1495 1950 1534 vo-

297 1562 586 1618 luntatem
619 1563 715 1618 Dei
746 1562 909 1634 (Ibid.
967 1564 1020 1633 6,
1053 1564 1168 1635 27).
1204 1586 1233 1614 «
1264 1564 1411 1620 Etin
1442 1564 1554 1621 alio
1584 1567 1688 1633 [ΑΙ.
1724 1569 1949 1640 eodem]

297 1652 425 1709 l‘oco
449 1669 463 1720 ;
501 1672 529 1701 «
558 1651 858 1714 Quomodo
881 1652 1027 1707 nihil
1059 1653 1448 1709 subtraxerim
1470 1672 1671 1711 eorum
1695 1673 1821 1728 quas
1852 1675 1948 1713 vo-

301 1741 393 1797 bis
415 1739 896 1814 proderant,quin
919 1742 1417 1809 annuntiarem,et
1438 1744 1703 1801 docerem
1721 1745 1952 1817 publice

304 1829 624 1886 domestice
651 1830 810 1900 (Ibid.
842 1830 954 1902 20).
988 1852 1015 1881 ››
1052 1831 1288 1904 Legerat
1341 1832 1400 1887 in
1443 1833 1758 1902 Ezechiele,
1795 1836 1950 1906 quod

305 1920 640 1993 speculator
691 1919 791 1991 qui
840 1920 1054 1992 populo
1112 1921 1372 1977 hostium
1415 1939 1532 1976 non
1589 1923 1954 1994 praedixisset

305 2011 640 2077 adventum,
700 2009 940 2082 sanguis
968 2009 1181 2066 civium
1211 2009 1537 2083 exigeretur
1580 2012 1649 2068 de
1680 2013 1955 2068 manibus

306 2101 435 2172 ejus
466 2099 681 2172 (Ezech.
709 2115 910 2169 xxxm,
940 2099 1017 2171 6),
1071 2102 1129 2154 et
1158 2105 1459 2171 propterea
1492 2117 1726 2157 omnem
1767 2119 1827 2158 se
1855 2119 1956 2158 vo-

304 2189 592 2248 luntatem
630 2187 753 2259 Dei,
814 2192 870 2242 et
926 2187 1193 2244 universa
1253 2206 1380 2260 qua;
1413 2188 1529 2245 illis
1559 2189 1726 2246 utilia
1769 2192 1958 2247 forent

307 2278 691 2338 annuntiasse
721 2277 1084 2341 memoravit,
1117 2280 1182 2331 ut
1231 2276 1379 2332 liber
1423 2283 1578 2333 esset
1608 2296 1642 2334 a
1670 2280 1957 2351 sanguine

307 2383 532 2437 eorum.
582 2366 656 2422 Ut
701 2370 896 2420 autem
928 2365 1131 2420 sciatis
1162 2381 1260 2421 eos
1293 2366 1390 2438 qui
1431 2367 1489 2420 in
1523 2367 1746 2439 Epheso
1779 2368 1958 2424 credi-

308 2457 534 2522 derant,
570 2452 942 2508 dtemoniacis
969 2452 1280 2525 praestigiis
1311 2458 1367 2508 et
1399 2455 1600 2527 magiae
1642 2456 1825 2512 fuisse
1863 2473 1956 2511 ar-

308 2543 468 2599 tibus
499 2540 807 2614 obligatos,
867 2541 927 2596 in
986 2542 1206 2597 eisdem
1260 2543 1661 2614 apostolorum
1716 2545 1958 2600 Actibus

309 2630 648 2705 replicatur.
701 2633 758 2684 et
806 2629 1021 2684 dicitur
1051 2647 1063 2685 :
1097 2631 1340 2686 Plurimi
1392 2647 1602 2703 quoque
1639 2649 1826 2689 eorum
1861 2635 1960 2706 qui

309 2723 526 2779 curiosa
587 2726 885 2792 gesserant,
945 2721 1344 2790 comportantes
1410 2721 1595 2789 libros,
1658 2723 1960 2779 combusse-

309 2815 444 2867 runt
469 2825 655 2866 coram
704 2808 976 2874 omnibus,
1027 2816 1079 2863 et
1123 2817 1570 2877 computa-verunt
1603 2813 1844 2883 pretium
1873 2828 1962 2868 eo-

311 2917 457 2966 rum,
489 2906 541 2956 et
569 2900 895 2954 invenerunt
949 2899 1167 2966 argenti
1193 2899 1590 2970 quinquaginta
1617 2901 1808 2956 millia
1836 2919 1854 2955 :
1884 2903 1965 2957 sic

309 2992 538 3061 propter
591 2987 819 3042 verbum
875 2987 1097 3042 Domini
1123 2988 1416 3053 crescebat,
1476 2991 1526 3044 et
1555 2991 1966 3060 con/artabatur

314 3079 450 3150 (Act.
509 3093 626 3144 xxx,
687 3077 774 3141 19,
831 3076 943 3148 20).
999 3075 1375 3132 Haacidcirco
1418 3077 1688 3134 universa
1727 3077 1966 3148 replica-

1546 363 1608 424 S.
1633 361 1968 427 eiEUSEBll
1988 397 1994 410 ι
2013 358 2460 424 HIEBONYMI

3594 331 3711 422 ιη

1887 502 1940 552 et
1967 501 2022 568 Α
2053 495 2354 551 destructi.
2387 494 2464 550 De
2493 493 2710 568 quibus
2741 492 2823 551 ait
2853 511 2866 552 :
2899 493 3017 552 Non
3045 499 3123 551 est
3160 491 3317 550 nobis
3357 508 3548 564 pugna
3591 493 3710 550 ad’

2053 599 2267 639 versum
2295 600 2519 640 carnem
2559 593 2612 640 et
2657 586 3006 654 sanguinem,
3055 583 3149 640 sed
3178 583 3464 640 adversum
3490 582 3708 654 princi-

2049 676 2214 744 patus
2271 677 2323 728 et
2374 681 2688 746 posteetates
2741 691 2759 728 :
2807 674 3061 730 adversus
3097 681 3327 728 rectores
3354 673 3710 728 tenebrarum

2055 763 2292 816 istarum
2324 780 2342 816 :
2378 762 2665 818 adversum
2692 764 3011 835 spiritualia
3039 762 3305 835 nequitia
3325 763 3383 816 in
3408 762 3709 819 caelestibus

2057 851 2274 923 (Ephes.
2309 869 2386 922 v1,
2422 852 2531 923 12).
2563 851 2628 906 Et
2673 852 2734 906 in
2784 851 2894 908 alio
2926 850 3052 908 loco
3099 869 3111 906 :
3161 852 3498 907 Permanebo
3527 859 3709 908 autem

2055 940 2252 1012 Ephesi
2288 951 2459 1012 usque
2507 941 2577 996 ad
2644 942 3009 997 Pentecosten.
3061 941 3270 997 Ostium
3352 941 3502 996 enim
3565 939 3712 996 mihi

2052 1033 2305 1100 apertum
2334 1033 2417 1086 est
2443 1038 2784 1102 magnum,et
2813 1031 3010 1102 efﬁcax
3038 1048 3056 1084 :
3084 1029 3180 1086 sed
3204 1028 3518 1086 adversarii
3549 1028 3712 1107 multi

2057 1120 2100 1186 (ι
2129 1120 2253 1175 Cor.
2288 1137 2400 1188 xvx,
2433 1120 2488 1189 8,
2511 1120 2588 1190 9).
2614 1119 2944 1175 Permansit
2967 1123 3160 1175 autem
3190 1118 3402 1192 Ephesi
3422 1134 3609 1190 usque
3639 1119 3711 1178 ad

2058 1211 2460 1278 Pentecosten,
2525 1212 2761 1280 tempus
2809 1206 3019 1272 laetitia:
3068 1211 3244 1280 atque
3295 1207 3569 1279 victorias,
3601 1222 3713 1276 quo

2056 1313 2174 1352 non
2229 1296 2520 1352 ﬂectimus
2563 1313 2774 1369 genua,
2826 1313 2930 1352 nec
2986 1313 3300 1353 curvamur
3337 1296 3396 1350 in
3436 1299 3654 1357 terram
3694 1312 3710 1350 :

2058 1385 2159 1441 sed
2192 1401 2326 1440 cum
2360 1385 2607 1443 Domino
2630 1390 3005 1458 resurgentes
3036 1386 3104 1442 ad
3131 1383 3409 1441 ccelorum
3437 1384 3555 1442 alta
3584 1401 3718 1462 susf

2059 1472 2340 1528 tollimur.
2392 1474 2463 1530 Et
2511 1475 2838 1546 permansit
2888 1491 2900 1529 :
2957 1475 3098 1546 quia
3157 1478 3423 1546 apertum
3485 1473 3536 1529 ei
3595 1475 3718 1529 erat

2059 1561 2300 1634 ostium,
2332 1569 2389 1617 et
2419 1579 2534 1618 non
2566 1563 2783 1619 ostium
2820 1564 3141 1628 modicum,
3182 1564 3284 1620 sed
3316 1579 3621 1635 magnum,
3655 1565 3718 1617 ut

2058 1649 2255 1706 vincto
2282 1651 2413 1706 forti
2447 1657 2621 1724 atque
2650 1658 2942 1724 superato,
2973 1653 3218 1709 dom-um
3242 1651 3371 1722 ejus
3397 1643 3718 1721 invaderet,

2060 1738 2355 1812 spoliaret,
2411 1745 2695 1797 everteret
2746 1742 2972 1813 (Matth.
3032 1757 3134 1810 xu,
3183 1741 3274 1811 20)
3323 1745 3380 1796 et
3427 1741 3718 1812 captivam

2057 1828 2295 1884 duceret
2324 1829 2721 1901 captivitatem
2750 1849 2762 1886 :
2789 1829 2890 1903 qui
2923 1830 3245 1886 satellitum
3267 1845 3509 1886 suorum
3530 1828 3717 1900 agmi-

2062 1915 2238 1972 nibus
2283 1917 2626 1986 543-544
2671 1919 3058 1992 congregatis,
3091 1923 3212 1974 toto
3244 1923 3446 1975 contra
3473 1920 3719 1990 Aposto-

2063 2005 2186 2060 lum
2235 2006 2357 2062 acie
2404 2007 2721 2075 dimicavit,
2773 2012 2830 2065 et
2857 2008 3054 2064 victus
3083 2012 3190 2064 est.
3223 2008 3331 2073 Qui
3376 2007 3495 2064 sint
3525 2010 3723 2063 autem

2068 2093 2386 2166 Ephesii,et
2413 2095 2552 2152 hinc
2574 2097 2661 2154 vel
2684 2097 2937 2153 maxime
2963 2097 3380 2170 comprobatur
3396 2096 3546 2168 quod
3570 2095 3728 2152 sicut

2059 2183 2314 2240 Joannes
2345 2185 2688 2258 mysterium
2734 2186 3056 2244 nativitatis
3085 2187 3337 2258 antiquas
3367 2184 3600 2242 Domini
3624 2200 3718 2240 re-

2063 2270 2311 2344 laturus,
2357 2273 2417 2329 in
2460 2280 2666 2348 pectus
2711 2273 2849 2348 ejus
2889 2276 3176 2345 recubuit,
3208 2281 3266 2331 et
3296 2276 3367 2330 de
3400 2273 3722 2346 purissimo

2065 2360 2222 2417 fonte
2251 2361 2453 2418 hausit
2483 2363 2734 2418 rivulum
2787 2363 3189 2421 doctrinarum
3221 2364 3396 2435 (Joan.
3423 2380 3551 2432 xm,
3580 2361 3673 2432 25)
3711 2380 3726 2419 :

2068 2448 2148 2505 ita
2179 2454 2240 2506 et
2285 2451 2344 2506 hi
2385 2452 2444 2506 in
2477 2453 2750 2509 abeuntis
2783 2453 2944 2508 Pauli
2975 2452 3194 2509 collum
3253 2457 3512 2519 ruentes,
3549 2467 3728 2508 oscu-

2065 2537 2138 2594 lis
2203 2543 2379 2611 atque
2433 2540 2837 2612 complexibus
2890 2543 3015 2598 suis
3072 2540 3475 2597 indicaverunt
3531 2528 3728 2600 unum.

2069 2643 2130 2682 se
2160 2644 2292 2683 cum
2335 2645 2400 2684 eo
2448 2629 2701 2685 scientias
2731 2630 2948 2686 habere
2992 2629 3336 2687 thesaurum
3365 2634 3423 2686 et
3452 2627 3730 2704 magistri

2070 2716 2429 2773 desiderium
2477 2718 2751 2792 lacrymis
2781 2719 3090 2775 contestati
3129 2724 3269 2775 sunt
3317 2719 3449 2790 (Aet.
3483 2735 3578 2786 xx,
3611 2707 3726 2788 37),

2072 2803 2216 2860 Illud
2267 2821 2499 2878 quoque
2543 2807 2602 2862 in
2655 2807 2998 2863 Praefatione
3029 2823 3393 2874 commoneo,
3428 2812 3492 2862 ut
3522 2805 3730 2864 sciatis

2074 2893 2383 2968 Origenem
2421 2896 2583 2950 'tria
2628 2896 2928 2952 volumina
2958 2896 3015 2951 in
3049 2896 3201 2952 hanc
3223 2896 3544 2968 Epistolam
3592 2887 3738 2951 con?

2073 2983 2578 3056 scripsisse,quem
2608 2990 2666 3040 et
2692 3002 2798 3042 nos
2829 3001 2897 3041 ex
2918 2990 3084 3057 parte
3106 2985 3290 3042 secuti
3320 2983 3732 3054 sumus.Apol-

2074 3071 2349 3133 linarium
2377 3072 2551 3130 etiam
2584 3079 2641 3130 et
2681 3075 3010 3148 Dydymum
3045 3075 3331 3147 quosdam
3362 3079 3728 3131 commenta-

312 3165 529 3231 vimus,
580 3168 646 3218 ut
689 3164 1133 3220 ostenderemus
1190 3181 1370 3236 quare
1409 3169 1512 3238 Ap:
1541 3166 1726 3223 stolus
1765 3167 1823 3222 in
1856 3168 1966 3223 hac
2006 3234 2035 3238 Ἀ
2076 3161 2253 3218 riolos
2283 3162 2556 3229 edidisse,
2591 3180 2622 3218 e
2677 3164 2891 3236 quibus
2922 3163 3059 3219 licet
3105 3180 3291 3235 pauca
3322 3163 3728 3235 decorpsimus

311 3253 400 3311 vel
433 3251 807 3324 potissimum
841 3251 1099 3324 Epistola
1127 3234 1409 3309 obscuros
1440 3234 1648 3310 sensus
1679 3260 1736 3310 et
1766 3251 1965 3329 ignota
1994 3234 2038 3300 (ἶ
2075 3255 2131 3306 et
2162 3251 2466 3319 nonnulla,
2499 3269 2625 3325 qua
2657 3234 2824 3308 nobis
2853 3234 3220 3322 videbantur,
3253 3234 3731 3322 adiecimusﬁive

315 3341 541 3400 saeculis
587 3345 954 3397 sacramenta
1006 3342 1365 3412 congesserit
1395 3357 1407 3396 :
1438 3347 1496 3397 et
1525 3343 1596 3397 de
1627 3347 1962 3399 sanctarum

315 3430 861 3501 contrariarumque
889 3428 1170 3484 virtutum
1205 3430 1466 3485 docuerit
1500 3436 1784 3502 potestate
1817 3449 1828 3486 :
1865 3432 1966 3504 qui

316 3521 437 3576 sint
475 3519 788 3584 dtemones,
822 3517 961 3588 quid
1002 3517 1251 3588 valeant,
1283 3519 1422 3590 quid
1455 3524 1588 3574 ante
1644 3519 1879 3587 fuerint,
1912 3525 1970 3576 et

317 3607 609 3682 quomodo
639 3609 771 3678 post
801 3606 1112 3661 adventum
1144 3605 1356 3662 Christi
1397 3606 1517 3663 sint
1565 3607 1745 3663 diruti
1794 3612 1970 3681 atque

2074 3340 2496 3407 subtraximus,
2531 3344 2595 3396 ut
2625 3341 2929 3397 studiosus
2959 3341 3161 3397 statim
3191 3341 3250 3396 in
3282 3341 3570 3414 principio
3601 3339 3720 3396 lec-

2075 3435 2166 3484 tor
2225 3433 2504 3502 agnoscat
2549 3429 2657 3486 hoc
2696 3445 2863 3502 opus,
2897 3430 2986 3487 vel
3035 3429 3292 3487 alienum
3323 3447 3473 3502 esse,
3504 3429 3592 3488 vel
3623 3446 3730 3486 nc-

2078 3521 2290 3574 strum.
3715 3536 3722 3541 ·

393 3761 412 3794 ί
441 3757 649 3833 Trium
682 3755 893 3833 horum
943 3757 1294 3829 scriptorum
1344 3758 1632 3831 Origenis,
1664 3759 2027 3832 Apolli‘narii,
2062 3764 2120 3816 et
2176 3759 2405 3832 Didymi
2435 3759 2850 3817 Commentarii
2879 3760 2941 3815 in
2971 3759 3122 3816 hanc
3161 3758 3481 3833 Epistolam
3505 3759 3740 3831 jamdiu

307 3836 368 3889 et
401 3829 546 3887 olim
576 3829 1025 3885 interciderunt.

1507 4174 1906 4297 LIB_ER
2003 4174 2544 4261 PRIMUS.

389 4482 544 4556 (Cap.
602 4480 640 4538 Ι.
691 4513 759 4520 -
809 4479 974 4538 Vers.
1024 4484 1096 4550 1).
1155 4505 1181 4531 ‹‹
1227 4483 1441 4539 Paulus
1495 4483 1793 4555 apostolus
1827 4484 1964 4540 Jesu

321 4569 561 4638 Christi,
620 4584 722 4642 per
773 4570 1134 4644 voluntatem
1176 4571 1295 4627 Dei.
1329 4592 1356 4624 ιθ
1418 4573 1474 4626 Si
1507 4588 1609 4641 per
1638 4572 1966 4645 praepositio

318 4659 710 4716 ministerium
743 4661 870 4731 ejus
901 4675 1005 4731 per
1036 4677 1208 4731 quem
1242 4678 1334 4716 res
1365 4662 1578 4733 agitur,
1611 4661 1969 4725 ostendit,vi-

317 4750 487 4805 detur
535 4749 680 4804 mihi
729 4748 787 4803 in
842 4747 1003 4803 illam
1055 4749 1404 4805 sententiam
1447 4767 1656 4806 sensus
1687 4750 1795 4806 iste
1829 4766 1982 4818 cons

316 4854 526 4911 gruere
562 4854 574 4892 ε
607 4839 775 4894 Nemo
803 4839 951 4904 venit
979 4837 1051 4891 ad
1106 4852 1210 4903 me,
1243 4839 1357 4892 nisi
1398 4840 1564 4894 Pater
1613 4856 1767 4895 meus
1793 4846 1966 4895 attra-

315 4929 466 4983 xerit
492 4943 617 4982 eum
646 4926 723 4982 ad
749 4942 836 4981 me
867 4927 1045 4996 (Joan.
1078 4943 1156 4994 vr,
1193 4927 1303 5000 44).
1335 4932 1528 5000 Atque
1555 4929 1640 4983 ita
1671 4929 1784 4989 (iet.
1819 4934 1882 4983 ut
1910 4934 1968 4984 et

2075 4483 2219 4538 Jesu
2251 4482 2469 4540 Christi
2501 4483 2598 4539 sit.
2632 4483 2745 4537 Alii
2805 4499 2938 4539 vero
2969 4483 3050 4539 ita
3079 4483 3274 4540 locum
3305 4484 3486 4540 istum
3519 4483 3735 4540 intelli-

2053 4576 2242 4648 gunt,
2276 4576 2339 4626 ut
2370 4573 2614 4628 Paulum
2646 4572 2978 4646 apostolum
3001 4573 3143 4628 Jesu
3167 4573 3514 4646 Christi,per
3533 4573 3736 4630 velun-

2075 4666 2254 4716 tatem
2289 4661 2510 4733 Dei,qui
2534 4662 2612 4717 sit
2637 4661 3167 4727 Cbristus,ostendi
3195 4666 3404 4734 putent
3436 4680 3449 4718 :
3485 4667 3550 4717 ut
3579 4662 3736 4718 sicut

2077 4750 2362 4822 sapientia
2412 4756 2470 4806 et
2519 4750 2800 4815 Verbum,
2849 4755 2906 4806 et
2952 4749 3138 4805 virtus
3185 4750 3306 4815 Dei,
3338 4754 3398 4806 et
3427 4750 3640 4807 veritas
3667 4756 3728 4806 et

2078 4840 2447 4906 resurrectio,
2500 4844 2558 4895 et
2601 4839 2694 4894 via
2745 4838 2960 4895 dicitur
3007 4841 3054 4910 (1
3107 4838 3232 4895 Cor.
3281 4856 3320 4907 ι,
3350 4840 3459 4906 24;
3491 4841 3656 4898 lea».
3693 4856 3735 4907 ι,

2083 4929 2149 4983 14
2177 4946 2188 4995 ;
2225 4946 2338 4996 xw,
2361 4931 2434 4995 6;
2486 4945 2566 4996 χι,
2597 4928 2686 4998 25)
2724 4945 2736 4981 :
2773 4928 2853 4982 ita
2884 4927 3061 4983 etiam
3091 4926 3365 4983 voluntas
3381 4927 3726 5000 appelletur.

316 5013 463 5070 illud
497 5016 651 5086 quod
705 5014 765 5068 in
810 5015 1056 5071 Joannis
1095 5014 1401 5089 Evangelio
1453 5017 1668 5090 legitur
1708 5035 1719 5073 :
1768 5019 1965 5074 Omnia
1997 5019 2040 5084 D
2075 5017 2350 5075 Nonnulli
2383 5017 2527 5072 nihil
2559 5018 2772 5072 referre
2801 5017 3368 5083 existimant,utrum
3401 5034 3505 5090 per
3529 5017 3733 5073 volun-

315 5114 414 5175 per
437 5104 577 5158 illud
603 5107 758 5175 facta
787 5112 912 5160 sunt
941 5106 1124 5176 (Joan.
1157 5123 1192 5170 ι,
1224 5107 1299 5178 3),
1330 5105 1486 5161 haud
1545 5107 1789 5162 dubium
1823 5109 1962 5180 quin

323 5209 430 5266 per
476 5192 710 5260 Filium,
760 5209 875 5248 non
915 5195 1254 5265 prejudicet
1303 5194 1550 5252 Domino
1583 5201 1780 5253 nostro
1824 5197 1963 5252 Jesu

323 5281 574 5349 Christo,
608 5282 776 5353 quasi
806 5299 875 5338 ex
902 5299 969 5339 eo
996 5282 1189 5338 minor
1219 5284 1313 5351 sit,
1339 5286 1493 5356 quod
1528 5285 1714 5341 Patris
1744 5286 1965 5341 obtem-

321 5375 486 5445 peret
516 5370 801 5427 voluntati
842 5390 853 5426 :
888 5373 1182 5444 quomodo
1215 5377 1269 5428 et
1300 5391 1453 5428 nunc
1487 5390 1598 5430 non
1630 5375 1970 5446 praejudicat

325 5459 496 5528 Patri,
531 5461 684 5532 quod
723 5477 821 5531 per
849 5461 1207 5516 voluntatem
1235 5461 1392 5517 illius
1424 5462 1638 5519 Paulus
1672 5463 1969 5535 apostolus

396 5602 412 5635 ¹
447 5601 526 5679 Εξ
570 5603 825 5679 inferiori
861 5607 981 5659 toto
1013 5609 1282 5658 contextu
1315 5602 1517 5679 liquet,
1543 5605 1970 5679 Hieronymum

326 5687 459 5728 cum
509 5673 656 5728 hanc
693 5675 804 5729 sibi
867 5680 1211 5747 proponeret
1257 5673 1656 5747 explicandam
1706 5673 1972 5749 Epistolas

2072 5110 2250 5162 tatem
2284 5107 2406 5173 Dei,
2462 5123 2534 5162 an
2575 5122 2644 5162 ex
2701 5105 2797 5161 Dei
2849 5105 3058 5162 dixerit
3109 5105 3432 5173 voluntate,
3473 5105 3613 5178 quia
3637 5105 3737 5163 his

2071 5189 2582 5267 praepositionibus
2635 5194 2949 5267 Apostolus
3005 5195 3404 5252 indiii'erenter
3469 5199 3670 5262 utatur
3719 5213 3732 5253 :

2074 5289 2131 5339 et
2159 5283 2418 5356 idipsum
2446 5283 2800 5356 signiﬁcare,
2833 5300 2936 5355 per
2965 5283 3327 5340 voluntatem
3359 5284 3474 5352 Dei,
3504 5285 3658 5357 quod
3684 5281 3736 5341 si

2077 5373 2336 5441 dixisset,
2393 5391 2462 5428 ea:
2489 5374 2770 5429 voluntate
2818 5373 2933 5428 Dei.
2967 5395 2996 5421 «
3051 5373 3284 5427 Sanctis
3327 5371 3604 5430 omnibus
3635 5373 3736 5445 qui

2077 5467 2219 5518 sunt
2247 5461 2457 5534 Ephesi
2493 5464 2528 5516 '.
2584 5486 2608 5510 η
2644 5463 2794 5524 545
2830 5462 3076 5527 Quidam
3110 5461 3382 5524 curiosus
3405 5454 3595 5535 quam
3630 5479 3733 5518 ne-

2081 5603 2336 5677 Paulinae
2368 5604 2745 5677 epigrapben,
2794 5618 3007 5677 nomen
3042 5603 3730 5677 praetermisisseﬂphesi,

2083 5676 2280 5750 Neque
2309 5693 2376 5732 ex
2403 5675 2733 5732 eo’tantum
2775 5675 2924 5745 dico,
2969 5675 3121 5748 quod
3164 5675 3375 5734 scitum
3414 5675 3586 5749 vulgo
3614 5679 3730 5750 est,
