4144 6202
379 387 500 458 ιτι

1084 394 1596 463 COMMENTAB.
1643 398 1724 462 IN
1768 398 2021 463 EPIST.
2061 397 2168 462 AD
2211 399 2488 464 EPHES.
2533 401 2682 464 LIB.
2727 401 2776 478 Ι,
2823 401 2993 466 CAP.
3038 401 3089 465 Ῑ.

3676 397 3796 467 ιη

381 537 549 586 cosse
600 527 712 602 est,
742 529 954 598 putant
1001 545 1069 586 ex
1098 547 1164 587 eo
1195 533 1346 604 quod
1397 534 1580 608 Moysi
1629 535 1848 590 dictum
1908 536 1986 591 sit
2019 553 2032 591 :
2064 534 2117 600 Α
2153 538 2489 608 utrumque,
2523 537 2631 593 hoc
2677 542 2786 608 est,
2821 541 2878 594 et
2904 537 3092 610 gratia
3121 538 3180 592 et
3209 537 3363 594 5M
3394 553 3522 610 pax,
3553 537 3674 594 tam
3721 539 3794 596 ad

382 613 510 672 Haec
537 614 685 670 dices
730 616 868 686 ﬁliis
897 620 1075 676 Israel
1099 639 1118 675 :
1151 623 1256 690 Qui
1282 631 1382 690 est,
1428 626 1582 679 misit
1609 641 1698 680 me
1726 625 1916 692 (Exod.
1951 641 2036 694 ιιι,

385 703 496 774 14),
529 703 709 760 etiam
743 722 847 762 eos
895 707 993 778 qui
1033 709 1244 780 Ephesi
1293 717 1433 767 sunt
1480 714 1666 768 sancti
1713 720 1771 768 et
1814 713 2035 781 ﬁdeles,

383 792 652 847 essentia;
684 795 968 852 vocabulo
1001 805 1392 872 nuncupatos.
1418 805 1491 857 Ut
1521 804 1812 873 quomodo
1842 820 1876 858 a
1907 819 2038 858 san-

383 883 477 940 sto
509 882 719 948 sancti,
756 900 787 938 a
831 884 998 954 justo
1041 887 1214 958 justi,
1259 906 1294 945 a
1341 890 1642 962 sapiente1
1693 891 2032 964 sapientes:

382 968 468 1034 ita
498 970 572 1026 ab
600 986 668 1026 eo
699 972 800 1043 qui
831 979 938 1044 est,
970 974 1028 1030 hi
1058 978 1156 1046 qui
1200 983 1339 1034 sunt
1367 980 1756 1052 appellentur,
1789 986 1844 1038 et
1866 983 2036 1054 juxta

385 1058 662 1115 eumdem
707 1063 1053 1133 Apostolum
1104 1065 1348 1140 elegisse
1397 1073 1578 1124 Deum
1627 1087 1695 1126 ea
1741 1087 1868 1143 quae
1917 1089 2033 1127 non

381 1152 576 1214 erant,
627 1153 691 1204 ut
737 1150 1065 1209 destrueret
1109 1171 1177 1212 ea
1223 1173 1350 1228 quae
1401 1163 1567 1213 erant
1595 1158 1640 1230 (ι
1672 1159 1790 1216 Cor.
1834 1177 1875 1224 ι,
1917 1161 2030 1231 28).

381 1236 582 1306 Ipsam
613 1238 788 1295 etiam
831 1239 1196 1314 Scripturam
1237 1262 1369 1318 quae
1401 1246 1460 1302 in
1493 1247 1899 1304 testimonium
1931 1249 2030 1304 ad-

377 1323 558 1380 ducta
590 1331 700 1397 est,
734 1327 816 1384 ita
857 1329 1209 1401 edisserunt,
1244 1340 1308 1390 ut
1345 1335 1797 1392 destructionem
1827 1354 2031 1393 eorum

383 1429 512 1485 quea
532 1420 720 1485 erant,
741 1433 811 1474 ex
831 1423 1326 1492 consequentibus
1350 1423 1748 1498 intelligamus
1775 1444 1787 1482 :
1817 1428 1880 1483 Ut
1899 1443 2029 1496 non,

377 1500 600 1574 inquit,
632 1505 900 1576 glorietur
926 1513 1106 1566 omnis
1149 1526 1278 1570 caro
1323 1515 1381 1568 in
1430 1523 1714 1586 conspectu
1741 1516 1842 1570 Dei
1872 1516 2027 1586 (Ibid.

380 1591 497 1662 29).
529 1593 586 1649 Si
643 1594 824 1664 enim,
857 1597 1044 1664 aiunt,
1099 1600 1393 1674 quispiam
1451 1620 1522 1658 ex
1577 1620 1642 1659 eo
1699 1605 1853 1676 quod
1915 1621 2030 1660 non

378 1685 526 1749 erat,
579 1682 638 1739 in
687 1684 746 1740 id
798 1687 955 1756 quod
1003 1693 1092 1744 est
1136 1691 1242 1756 (Al.
1275 1693 1419 1762 erat)
1449 1709 1483 1746 a
1511 1693 1627 1748 Deo
1674 1709 1805 1749 esse
1851 1695 2030 1764 proﬁ-

380 1769 564 1837 ciens,
614 1789 730 1830 non
781 1775 967 1832 datori
1016 1778 1265 1849 gratiam
1327 1781 1564 1848 referat;
1615 1782 1714 1837 sed
1766 1782 1857 1838 sui
1907 1799 2029 1839 me-

2149 628 2331 680 Deum
2364 629 2617 694 Patrem,
2639 643 2814 698 quam
2847 627 2917 682 ad
2950 626 3257 681 Dominum
3291 631 3554 682 nostrum
3585 628 3792 684 Jesum

2146 712 2442 769 Christum
2474 732 2486 769 :
2513 715 2630 770 sive
2658 717 2729 771 ad
2761 714 3027 787 singulos
3049 715 3352 770 referenda
3372 719 3510 770 sunt
3537 715 3792 788 singula,

2147 808 2211 858 ut
2238 805 2428 876 gratia
2467 807 2537 860 ad
2581 805 2767 861 Deum
2809 809 3061 869 Patrem,
3097 821 3208 876 pax
3242 819 3378 859 vero
3409 803 3694 860 referatur
3720 805 3792 862 ad

2145 891 2463 948 Christum.
2511 894 2812 964 Siquidem
2863 895 3064 949 statim
3115 892 3382 964 sequitur
3423 895 3532 948 ειη
3576 893 3793 949 laudem

2141 982 2338 1052 gloriae
2383 985 2576 1051 gratias
2625 998 2744 1040 suae
2772 1001 2791 1038 :
2835 985 2892 1037 in
2944 999 3052 1055 qua
3100 983 3428 1052 gloriﬁcavit
3472 997 3570 1038 nos
3612 983 3670 1036 in
3713 982 3793 1037 di-

2144 1070 2276 1125 lecto
2305 1073 2466 1138 (vers.
2499 1073 2553 1141 6)
2589 1089 2601 1126 :
2638 1076 2702 1126 ut
2738 1072 2928 1143 gratia
2958 1071 3144 1126 Patris
3177 1071 3234 1125 in
3268 1087 3334 1126 eo
3364 1071 3461 1140 sit,
3495 1071 3650 1142 quod
3699 1070 3790 1126 Fi-

2141 1157 2288 1213 lium
2321 1176 2425 1231 pro
2458 1160 2645 1216 salute
2674 1165 2875 1216 nostra
2916 1160 3194 1232 dignatus
3225 1164 3314 1215 est
3361 1160 3597 1216 mittere
3627 1177 3640 1215 :
3673 1158 3791 1215 Pax

2140 1263 2274 1302 vero
2305 1248 2432 1303 Filii
2477 1247 2534 1303 in
2567 1264 2654 1315 eo,
2687 1249 2844 1321 quod
2875 1265 2980 1320 per
3005 1248 3201 1320 ipsum
3233 1248 3390 1304 Patri
3433 1247 3788 1304 reconciliati

2141 1353 2369 1403 sumus,
2401 1344 2458 1392 et
2487 1338 2782 1394 destructo
2830 1338 3022 1393 medio
3066 1337 3304 1410 pariete,
3336 1337 3678 1392 inimicitias
3727 1337 3788 1392 in

2140 1443 2314 1482 carne
2344 1443 2453 1482 sua
2476 1443 2786 1494 evacuans,
2807 1426 3006 1483 fecerit
3026 1431 3341 1498 utrumque
3366 1443 3548 1482 unum
3571 1425 3787 1498 (Ephes.

2142 1531 2202 1584 ιι,
2233 1517 2330 1587 (4).

2209 1605 2395 1676 (Vere.
2428 1606 2508 1674 3.)
2552 1627 2582 1656 «
2631 1606 2982 1662 Benedictus
3035 1606 3189 1660 Deus
3238 1609 3295 1661 et
3342 1605 3508 1662 Pater
3553 1602 3787 1659 Domini

2139 1694 2322 1749 nostri
2353 1694 2493 1750 Jesu
2524 1694 2758 1761 Christi,
2792 1694 2892 1766 qui
2930 1693 3228 1750 benedixit
3264 1710 3370 1749 nos
3400 1693 3460 1747 in
3492 1693 3651 1748 omni
3683 1693 3787 1748 be—

2139 1783 2467 1838 nedictione
2515 1783 2808 1855 spirituali
2859 1784 2917 1839 in
2965 1783 3324 1850 cmlestibus,
3365 1782 3422 1836 in
3473 1780 3721 1836 Christo.
3756 1802 3787 1832 ››

378 1858 593 1970 ritijet
647 1862 879 1970 virtutis
935 1865 1184 1970 aestimet
1239 1870 1393 1940 quod
1447 1871 1769 1968 subsistat,
1829 1871 2028 1927 statim
2059 1905 2108 1970 Β
2139 1873 2439 1970 Quomodo
2471 1873 2798 1929 secundum
2846 1872 3241 1970 substantiam
3290 1875 3786 1970 atque‘naturam

376 1949 535 2020 quod
597 1954 685 2005 est
739 1967 868 2008 esse
923 1953 1268 2028 destruitur,
1328 1962 1385 2012 et
1443 1958 1651 2031 incipit
1717 1977 1832 2016 non
1903 1977 2032 2016 esse

380 2037 537 2109 quod
571 2038 778 2096 fuerat.
810 2040 924 2096 Alii
971 2059 1103 2098 vero
1149 2045 1513 2117 simpliciter,
1549 2064 1663 2103 non
1695 2049 1766 2104 ad
1797 2065 1896 2105 eos
1929 2049 2030 2122 qui

373 2125 514 2193 sint,
558 2128 679 2199 [Αι.
709 2129 894 2203 sunt],
927 2132 1027 2186 sed
1079 2133 1177 2204 qui
1225 2134 1436 2206 Ephesi
1486 2137 1676 2192 sancti
1723 2143 1781 2193 et
1826 2137 2030 2194 ﬁdeles

371 2214 518 2282 sint,
560 2217 848 2290 scriptum
901 2219 1281 2278 arbitrantur.
1315 2247 1342 2274 α
1377 2225 1442 2279 Et
1474 2225 1743 2282 ﬁdelibus
1773 2226 1830 2281 in
1862 2227 2026 2284 Chri-

364 2309 460 2370 sto
485 2304 646 2361 Jesu.
670 2329 697 2356 »
724 2307 1011 2371 Quoniam
1033 2312 1397 2369 sanctiﬁcata
1416 2318 1506 2370 est
1531 2314 1743 2370 mulier
1771 2315 2028 2373 inﬁdelis

364 2392 429 2448 in
464 2393 639 2450 fratre
668 2395 847 2462 ﬁdeli,
880 2403 937 2454 et
975 2399 1064 2454 vir
1111 2400 1366 2458 inﬁdelis
1417 2404 1816 2460 sanctiﬁcatus
1847 2409 1938 2460 est
1965 2405 2026 2460 in

366 2480 616 2539 muliere
646 2484 800 2542 ﬁdeli
831 2488 878 2558 (l
909 2487 1029 2544 Cor.
1065 2505 1161 2552 vn,
1195 2492 1304 2559 14).
1341 2492 1406 2547 Et
1447 2497 1584 2548 sunt
1623 2509 1763 2549 vasa
1794 2510 2027 2565 quoque

367 2577 575 2642 sancta
596 2574 777 2644 (Num.
803 2592 877 2640 iv,
907 2578 994 2642 12,
1020 2579 1190 2652 seqq.)
1211 2584 1268 2634 et
1292 2584 1467 2637 mutae
1490 2582 1742 2654 pecudes
1761 2599 1887 2654 qua
1909 2583 2024 2638 Deo

370 2666 707 2728 mactantur
735 2663 794 2720 in
827 2665 1047 2738 templo
1075 2669 1258 2738 (Num.
1297 2686 1453 2738 xxix,
1483 2674 1518 2724 2
1545 2671 1755 2742 seqq):
1791 2677 2024 2744 propte-

365 2765 469 2805 ωε
514 2767 615 2806 eos
662 2768 812 2824 quos
861 2760 1098 2812 sanctos
1148 2757 1390 2826 dixerat,
1423 2760 1646 2815 vocavit
1694 2764 1751 2815 et
1799 2760 2021 2828 ﬁdeles,

365 2839 510 2910 quia
538 2839 682 2896 ﬁdes
728 2858 797 2898 ex
844 2844 1061 2902 mentis
1113 2846 1358 2918 proprias
1403 2848 1705 2904 descendit
1750 2849 2022 2916 arbitrio;

363 2928 754 2984 sanctiﬁcatio
775 2945 908 2987 vero
932 2949 1006 3008 ex,
1021 2934 1446 2990 sanctiﬁcantis
1469 2937 1785 3002 interdum,
1801 2937 2026 3008 absque

362 3015 667 3074 voluntate
699 3025 918 3086 nostra,
959 3021 1253 3080 sumimur
1300 3023 1587 3096 largitate.
1612 3026 1773 3088 Quod
1825 3031 2022 3082 autem

369 3105 473 3172 ait,
503 3105 755 3175 ﬁdelibus
805 3111 866 3164 in
915 3110 1130 3169 Christo
1157 3113 1304 3179 Jesu,
1335 3117 1530 3170 ethoc
1580 3115 1651 3170 ad
1698 3114 2022 3172 distinctio-

367 3210 504 3251 nem
535 3195 1002 3269 diligentissimas
1023 3201 1448 3258 observationis
1471 3207 1559 3258 est
1581 3203 2023 3274 positum.Sunt

2139 1960 2291 2016 Deus
2322 1963 2530 2028 bonus,
2565 1979 2672 2018 nos
2701 1961 3115 2017 communione
3146 1961 3237 2016 sui
3267 1959 3455 2016 etl‘ecit
3491 1960 3697 2024 bonos,
3729 1961 3788 2013 et

2138 2049 2398 2121 loquitur
2456 2051 2525 2105 ad
2584 2050 2760 2106 Israel
2814 2066 2826 2106 :
2876 2051 3069 2105 Sancti
3122 2053 3312 2115 estote,
3373 2047 3632 2118 quoniam
3687 2063 3784 2117 ego

2135 2148 2354 2194 sanctus
2391 2155 2512 2194 sum
2562 2141 2752 2209 (Levii.
2784 2157 2876 2205 xx,
2904 2139 2990 2209 7);
3024 2138 3105 2192 ita
3135 2138 3260 2209 ipse
3289 2136 3629 2192 benedictus
3676 2152 3785 2192 nos

2136 2231 2372 2299 praestet
2401 2245 2529 2284 esse
2561 2228 2920 2284 benedictos.
2955 2227 3064 2283 Dat
3103 2227 3320 2298 quippe
3357 2225 3653 2296 legislator
3682 2225 3784 2281 be-

2137 2316 2524 2384 nedictiones,
2579 2320 2636 2372 et
2690 2316 3018 2372 benedictio
3079 2314 3306 2370 Domini
3377 2330 3554 2386 super
3608 2317 3785 2386 caput

2127 2406 2276 2477 justi
2307 2406 2486 2476 (Prov.
2519 2423 2572 2473 x,
2605 2407 2696 2475 6);
2738 2407 2910 2476 cujus
2957 2403 3380 2460 benedictionis
3427 2419 3782 2476 cognomen-

2134 2498 2259 2550 tum
2301 2493 2478 2550 habet
2524 2495 2768 2559 Baruc/i,
2800 2494 2898 2566 qui
2949 2494 3009 2548 in
3059 2493 3263 2565 lingua
3312 2495 3534 2560 nostra,
3565 2491 3784 2548 benedi-

2135 2591 2282 2638 ctum
2312 2587 2503 2638 sonat.
2547 2583 2850 2639 Benedixit
2891 2588 3086 2638 autem
3118 2598 3247 2648 nos,
3277 2597 3393 2637 non
3438 2580 3496 2635 in
3545 2597 3663 2635 una
3692 2581 3785 2635 be-

2135 2671 2485 2740 nedictione,
2514 2674 2613 2728 sed
2646 2672 2704 2727 in
2738 2673 2989 2728 cunctis.
3021 2672 3145 2727 Non
3192 2687 3308 2742 quo
3352 2685 3556 2725 omnes
3584 2669 3787 2724 omnia

2134 2775 2584 2832 consequamur,
2629 2761 2728 2816 sed
2779 2761 2921 2816 dum
2969 2758 3209 2832 singuli,
3240 2759 3329 2814 vel
3376 2757 3662 2830 singulas,
3694 2757 3785 2812 vel

2133 2848 2334 2921 plures
2367 2849 2654 2905 habemus
2684 2867 2752 2905 ex
2790 2849 3084 2915 omnibus,
3117 2863 3324 2903 omnes
3371 2863 3475 2918 per
3521 2844 3785 2918 singulas

2133 2937 2540 3007 possideamus
2564 2940 2605 2992 ⁸.
2639 2938 2701 2993 Et
2734 2955 2851 2993 non
2885 2938 2942 2992 in
2975 2936 3220 2992 terrenis
3250 2933 3779 2999 benedictionibus,

2133 3026 2231 3081 sed
2268 3026 2327 3081 in
2361 3026 2786 3098 spiritualibus.
2824 3030 2975 3080 Sunt
3013 3024 3231 3097 quippe
3272 3027 3513 3078 terrente
3544 3020 3781 3076 benedi-

2132 3113 2373 3179 ctiones,
2398 3114 2612 3170 habere
2643 3113 2978 3186 quempiam
3011 3112 3248 3179 liberos,
3281 3111 3522 3167 afﬂuere
3548 3109 3780 3182 opibus,

2133 3201 2352 3259 honore
2393 3209 2450 3261 et
2492 3204 2745 3259 sanitate
2792 3203 3067 3276 gaudere,
3094 3217 3222 3273 quae
3268 3205 3498 3256 terrena
3544 3199 3783 3254 benedi-

367 3283 587 3355 quippe
618 3284 816 3356 plures
859 3288 1092 3358 ﬁdeles;
1127 3291 1227 3346 sed
1259 3308 1373 3347 non
1415 3291 1471 3347 in
1503 3291 1732 3347 Christo
1770 3292 1926 3348 Jesu.
1959 3293 2018 3348 Si
2055 3275 2104 3342 Ο
2141 3290 2252 3346 clio
2309 3309 2494 3364 usque
2551 3293 2623 3348 ad
2683 3275 3106 3348 irrationabilia
3143 3290 3415 3360 jumenta
3457 3285 3780 3343 descendit.

369 3372 506 3444 quis
534 3373 744 3432 reddat
767 3376 1102 3448 depositum
1127 3395 1140 3445 ;
1184 3380 1233 3435 si
1267 3379 1401 3450 quis
1431 3381 1881 3437 commendata3
1911 3399 2027 3438 non

373 3461 640 3534 abneget,
672 3464 902 3523 ﬁdelem
930 3482 992 3522 se
1013 3467 1271 3524 amicum
1295 3468 1601 3526 exhibeat:
1628 3469 1886 3526 animam
1910 3487 2029 3526 ma-

368 3549 463 3622 gis
484 3567 660 3622 quam
695 3553 870 3610 ﬁdem
898 3561 1139 3627 paratus
1164 3557 1244 3613 sit
1273 3559 1518 3629 prodere
1539 3559 1579 3624 δ,
1607 3559 1762 3630 quod
1794 3559 1865 3615 de
1887 3576 2029 3615 non.

369 3637 557 3696 nullis
575 3640 944 3714 philosophis
965 3643 1218 3716 legimus
1241 3645 1320 3715 (et
1345 3661 1417 3702 ne
1443 3645 1530 3700 illi
1551 3646 1696 3702 satis
1715 3646 2028 3718 gloriaren-

364 3730 489 3794 tur,
518 3728 895 3788 Atheniensis
917 3733 1196 3789 meretrix
1225 3735 1623 3805 perpetravit),
1645 3735 1754 3791 iste
1784 3736 2025 3807 quidem

365 3813 559 3877 ﬁdelis
584 3822 678 3874 est
709 3835 726 3874 :
757 3820 860 3876 sed
890 3836 1006 3878 non
1038 3825 1132 3878 est
1161 3821 1352 3877 ﬁdelis
1382 3822 1442 3877 in
1473 3821 1705 3880 Christo
1733 3824 1897 3880 Jesu.

446 3900 634 3968 (Vere.
661 3904 740 3974 2).
775 3928 796 3956 ε
833 3905 1032 3963 Gratia
1059 3907 1225 3963 vobis
1269 3912 1327 3963 et
1370 3925 1482 3980 pax
1512 3926 1546 3964 a
1575 3909 1691 3966 Deo
1729 3910 1897 3967 Patre
1928 3927 2026 3967 no-

369 3993 523 4056 stro,
577 3995 634 4046 et
683 3993 927 4051 Domino
984 3995 1124 4052 Jesu
1181 3995 1484 4052 Christo.»
1535 3996 1664 4052 Sive
1721 3998 1892 4053 ambo
1951 4000 2024 4055 ad

371 4095 660 4181 uonnulla
695 4100 992 4158 exstitisse
1020 4106 1214 4159 vetera
1250 4102 1630 4181 exemplaria,
1662 4120 1794 4181 cum
1827 4105 2025 4161 Graeca

372 4171 502 4226 tum
534 4169 765 4246 Latina,
792 4189 920 4245 quae
951 4190 1067 4246 non
1099 4169 1458 4246 apponerent
1486 4169 1739 4232 civitatis
1769 4192 1980 4233 nomen
2007 4193 2020 4234 :

369 4241 875 4319 quemadmodum
901 4248 957 4301 et
985 4245 1116 4310 alia,
1136 4241 1265 4316 qua
1287 4261 1402 4302 non
1436 4246 1636 4319 Ephesi
1657 4247 2021 4319 praeferrent,

369 4309 799 4392 sled-Laodicea}.
818 4309 1050 4372 Moveor
1069 4309 1264 4392 autem
1285 4331 1353 4372 ex
1373 4332 1440 4371 eo
1461 4309 2020 4392 potissi'mum,quod

368 4385 663 4459 statim‘ex
684 4387 946 4459 subnexa
967 4386 1327 4459 expositione
1346 4385 1509 4444 notat
1543 4389 1601 4443 S.
1624 4394 1814 4456 Pater,
1840 4385 2022 4459 quos-

362 4453 510 4534 dum
541 4453 676 4534 hinc
694 4458 926 4531 (nempe
955 4453 1110 4534 quod
1138 4459 1374 4534 nullum
1407 4460 1723 4517 adderetur
1751 4453 2020 4517 Ecclesiae

365 4526 492 4580 sive
511 4526 670 4608 urbis
684 4526 920 4608 nomen)
936 4526 1207 4608 curiosius
1218 4535 1442 4608 putasse
1454 4547 1542 4588 eos
1558 4535 1654 4604 qui
1671 4535 1872 4604 Ephesi
1892 4538 2021 4608 sunt

363 4600 651 4672 Ianuari
680 4600 1170 4672 ﬁdeles,'essentise
1209 4600 1475 4658 uocabulo
1509 4600 1875 4672 nuncupatos.
1907 4607 2024 4662 Alii

369 4670 883 4757 vero‘simpli'ci'ter,’
905 4689 1019 4757 uon
1047 4673 1135 4756 ad.
1161 4689 1248 4757 eos
1278 4676 1373 4744 qui
1393 4675 1536 4757 sint,
1567 4675 1658 4757 sed
1697 4670 1800 4757 qui
1826 4677 2024 4757 Ephesi

369 4741 555 4816 sancti
582 4741 842 4812 ei'ﬁdeles
867 4747 999 4816 sint,
1025 4741 1302 4816 scriptum
1317 4745 1679 4816 arbitrentur.
1707 4741 1942 4802 Etenim
1974 4748 2022 4802 si

372 4807 454 4897 in,
483 4807 866 4897 proponenda
907 4807 1243 4897 epigraphe,
1285 4815 1610 4897 addebatur
1639 4817 1856 4897 Ephesi,
1896 4820 2022 4897 jam

373 4879 521 4960 uihil
555 4879 681 4940 erat
721 4885 871 4960 istas
915 4879 1158 4960 rasitare
1203 4879 1544 4956 sententias,
1577 4905 1650 4960 ne
1682 4879 1870 4944 'verbo
1896 4879 2023 4960 qui-

363 4952 499 5012 dem
529 4970 709 5036 causa
740 4958 1077 5036 iv‘ttyga'tptov
1111 4960 1387 5014 varietate
1419 4952 1784 5016 aut'silentio
1810 4977 1821 5014 :
1848 4952 2020 5016 et'ta-

359 5037 496 5104 men
530 5028 716 5104 ambae
746 5028 904 5104 9m
929 5028 1279 5104 referuntur,
1313 5036 1513 5103 utpote
1564 5048 1690 5104 quae
1720 5049 1834 5104 prae
1859 5039 2024 5088 ciste-

365 5093 448 5151 ris
480 5094 610 5177 loci_
640 5093 1007 5177 explicationi
1045 5093 1506 5177 conferantfsuo
1544 5093 2019 5177 quaeq'ueqargu-

363 5176 574 5256 meulq
595 5169 835 5256 indicat,
876 5191 1073 5230 vocem
1105 5175 1302 5256 Ephesi
1334 5171 1392 5256 iu
1444 5169 1754 5256 archetypo
1797 5169 2021 5256 deside-

363 5240 502 5317 ΐιιῖἱι
536 5240 831 5317 Caeterum
880 5261 986 5304 nec
1045 5240 1312 5317 omittam
1346 5244 1418 5300 de
1466 5240 2016 5317 priori"sententia,

365 5311 554 5390 notan
584 5313 689 5371 abs
722 5316 1072 5390 Hieronymo
1099 5311 1540 5390 Basilium,qui
1569 5316 1718 5390 libro
1751 5335 1790 5373 ιι
1821 5311 2014 5390 αίίυενζ

356 5395 454 5462 sus
504 5360 1332 5462 Eun-omium_vétust-issimos
1391 5360 1576 5444 libros
1633 5388 1854 5462 laudat,
1916 5389 2015 5462 qui

354 5452 582 5541 absque
603 5458 857 5541 ‘addito,_
873 5457 925 5514 ἐν
957 5458 1186 5541 Ἐφέσῳ,
1215 5457 1637 5541 legerent-F075;
1687 5452 1865 5541 ἀγίρεζτ
1895 5452 2013 5522 τδῖς

353 5526 498 5594 οὖσι,
531 5528 620 5604 θεαὶ
671 5526 907 5604 tria-:qu,
941 5526 1306 5604 atque'adeo
1355 5526 1693 5599 ἰδιαζόντως,
1735 5526 1867 5589 sive
1916 5549 2016 5604 per

353 5598 1134 5678 propriam_d_ignitatem,_et
1156 5602 1588 5678 quodammodo
1612 5598 1822 5678 natura
1847 5598 2011 5660 sanc-

349 5671 450 5745 tos
481 5685 585 5745 eos
613 5673 725 5745 dici
744 5671 819 5730 ab
842 5674 1140 5745 Apostolo,
1163 5671 1232 5728 ad
1261 5691 1405 5745 quos
1425 5674 1686 5745 Epistola
1717 5675 1855 5731 data
1883 5680 1971 5731 est
1997 5693 2010 5730 ε

352 5738 432 5793 ad
465 5741 594 5808 ejus
623 5743 810 5802 instar
839 5738 995 5803 otiati
1025 5738 1200 5803 Exod.
1240 5738 1323 5816 ui,
1350 5747 1434 5801 14.
1456 5738 1566 5815 Ego
1593 5763 1716 5803 sum
1745 5748 1842 5819 qui
1869 5763 2011 5818 sum,

2051 4638 2103 4705 D

2136 3379 2365 3436 Dictum
2397 3386 2488 3436 est
2516 3381 2732 3453 quippe
2771 3381 2842 3436 de
2872 3379 2988 3434 illis
3025 3396 3038 3435 :
3071 3378 3363 3435 Benedixit
3390 3379 3467 3433 eis
3496 3377 3779 3442 Dominus,

2135 3477 2188 3526 et
2214 3469 2358 3526 dixit
2387 3488 2409 3524 :
2440 3472 2673 3526 Crescite
2700 3478 2754 3525 et
2781 3469 3238 3540 multiplicamini
3268 3468 3423 3538 (Gen.
3458 3483 3498 3531 ι,
3518 3466 3628 3529 22).
3658 3464 3783 3536 Spi-

2136 3557 2380 3614 rituales
2432 3574 2565 3614 vero
2624 3557 3060 3614 benedictiones
3117 3557 3177 3610 in
3232 3554 3564 3610 coelestibus
3612 3557 3778 3618 sunt;

2135 3646 2274 3719 quia
2320 3653 2475 3703 terra
2521 3647 2987 3704 benedictionem
3042 3661 3158 3700 non
3191 3643 3346 3715 capit
3392 3641 3780 3714 spiritualem.

2134 3735 2436 3807 Siquidem
2469 3741 2526 3792 et
2556 3735 2991 3792 benedictiones
3024 3733 3137 3788 illa;
3163 3750 3290 3805 qua:
3321 3732 3378 3787 in
3408 3730 3651 3787 Levitico
3679 3729 3781 3786 Dei

2134 3829 2419 3897 praecepta
2473 3824 2844 3880 servantibus
2901 3823 3326 3896 promittuntur
3379 3820 3569 3891 (Levii.
3627 3836 3780 3885 xxvr,

2131 3913 2281 3982 3-13)
2327 3930 2338 3966 :
2401 3913 2558 3968 verbi
2619 3929 2816 3975 causa,
2861 3911 3114 3968 externis
3165 3908 3440 3982 gentibus
3499 3908 3778 3977 fenerare,

2134 4001 2305 4073 plena
2361 4017 2490 4068 esse
2546 4001 2755 4058 horrea
2797 3999 3131 4068 frumentis,
3161 3995 3498 4053 benedictos
3544 4010 3672 4050 esse
3721 3995 3779 4050 in

2133 4109 2285 4188 quod
2322 4108 2557 4188 quidem
2583 4109 2784 4188 iocose
2815 4106 3214 4188 potiusoquam
3245 4101 3496 4188 graviter
3526 4115 3781 4188 pronun-
3852 4111 3858 4118 '

2133 4171 2268 4254 t'iari
2298 4171 2715 4254 videatur_.'S_ed
2749 4171 2991 4254 quandg
3018 4171 3078 4254 in
3109 4175 3216 4254 hac
3244 4171 3548 4254 versamur
3575 4171 3777 4254 dispu-

2134 4251 2374 4324 tatione,
2413 4256 2468 4306 et
2494 4251 2684 4324 (illud,
2712 4245 2899 4324 obiter
2927 4245 3288 4324 Tertulliani
3311 4315 3320 4324 _
3350 4245 3774 4324 testimonium,

2132 4314 2537 4377 contendentis
2568 4339 2598 4376 a
2633 4321 2921 4376 Marciane
2952 4317 3186 4372 titulum
3220 4314 3491 4388 Epistolas
3521 4314 3776 4388 interpo-

2132 4331 2537 4377 contendentis
2568 4339 2598 4376 a
2633 4331 2921 4376 Marcxone
2952 4331 3186 4372 titulum
3223 4331 3491 4388 hiplStOltB
3522 4331 3776 4440 interga-

2132 4391 2338 4468 latum,
2385 4389 3232 4468 ac,Laodiceaesubstitutum,
3275 4404 3386 4468 pr_o_
3433 4387 3646 4468 Ephesi.
3723 4403 3778 4440 c-

2130 4464 2312 4520 clcsic'e
2367 4464 2609 4534 quidem,
2643 4461 2966 4534 inquitilib.
3007 4477 3046 4534 7v
3093 4470 3291 4534 contra,
3336 4461 3597 4534 Marciou.
3648 4473 3774 4534 cap.

2134 4535 2199 4608 t7
2233 4551 2245 4589 :
2279 4555 2299 4583 α
2330 4529 2603 4608 νὲνίιδιε
2635 4529 3175 4608 Epistolam_istam
3225 4533 3296 4587 ad
3346 4529 3626 4608 Ephesios
3673 4529 3775 4608 ha-

2133 4605 2340 4661 bemus
2369 4601 2818 4671 emissamfnon
2859 4605 2929 4660 ad
2971 4604 3358 4668 Laodicenos;
3391 4601 3494 4656 sed
3523 4601 3778 4671 Marcion

2133 4677 2185 4751 ei
2229 4669 2828 4751 titulumqaliquando
2877 4673 3229 4751 interpolare
3274 4671 3493 4751 gestiit,
3517 4669 3692 4751 quasi
3725 4676 3783 4750 et

2136 4747 2193 4822 in
2245 4749 2356 4822 isto
2406 4741 2896 4822 diligentissimus
2946 4741 3344 4822 explorator?»
3387 4741 3663 4822 Denique
3694 4741 3776 4794 vi-

2134 4819 2255 4875 deri
2289 4816 2587 4892 pr0pior'cs
2636 4821 2705 4876 ad
2750 4820 2924 4892 ﬁnem
2956 4816 3343 4892 recentiorum
3394 4816 3776 4892 interpretum

2133 4883 2455 4960 conjuctas,
2485 4892 2585 4964 qui
2606 4893 2782 4968 hanc
2825 4888 3144 4968 Epistolam
3177 4883 3772 4968 opinantur‘en-cyc‘li-

2133 4955 2333 5034 carum
2368 4955 2526 5020 more
2554 4964 2624 5019 ad
2658 4963 2854 5034 plures
2873 4955 3089 5016 'datam
3115 4955 3261 5034 Asiae
3307 4955 3551 5012 minoris
3583 4955 3775 5034 Eccle-

2132 5033 2251 5090 sias
2286 5051 2298 5088 :
2333 5052 2512 5106 quare
2543 5027 2676 5106 ejus
2720 5034 2790 5106 ad
2840 5029 3414 5106 quam_m_ittebat_ur,
3447 5042 3658 5106 nomen
3702 5027 3776 5082 ab

2131 5099 2408 5177 Apostolo
2453 5099 3041 5177 praelermissufn_,__ad
3090 5101 3251 5177 huuc
3288 5101 3427 5177 tere
3471 5099 3720 5177 modum
3757 5113 3781 5160 :.

2129 5172 2341 5248 sanctis
2371 5172 2472 5248 qui
2493 5184 2686 5232 sunt...
2720 5184 2769 5230 et
2798 5172 3050 5248 ﬁdelibus
3077 5175 3145 5248 in_
3167 5172 3398 5240 Christo,
3431 5174 3540 5248 etc.

2202 5251 2217 5284 ι
2253 5245 2659 5316 Restituimus,
2689 5264 2722 5301 a
2758 5247 3026 5318 sapiente,
3079 5245 3151 5300 ad
3201 5261 3344 5300 mss.
3395 5247 3773 5310 veterumque

2126 5319 2419 5376 editorum
2451 5320 2648 5385 ﬁdem,
2697 5317 3028 5388 seriemque
3065 5319 3387 5383 contextus,
3421 5329 3556 5370 cum
3602 5317 3773 5368 antea

2127 5394 2310 5464 esset,
2332 5409 2366 5447 a
2395 5393 2698 5464 sapientia.

2196 5457 2217 5496 ²
2243 5462 2350 5518 Hic
2379 5457 2612 5536 quoque
2654 5479 2796 5521 mss.
2848 5463 3185 5536 praeferunt,
3233 5457 3634 5522 commendata,
3663 5467 3768 5526 pro

2125 5549 2241 5604 quo
2271 5533 2445 5590 antea
2473 5533 2794 5607 legebatur,
2820 5534 3178 5589 commodata.

2193 5605 2214 5638 ³
2248 5610 2368 5662 Duo
2400 5623 2568 5664 mss.
2599 5609 2826 5664 paratus
2855 5606 2924 5659 sit
2952 5617 3170 5664 ponere.

2194 5621 2214 5638 ο
2248 5621 2368 5662 uno
2400 5623 2568 5675 mss,
2598 5621 2826 5687 paratus
2855 5621 2924 5659 su
2948 5621 3170 5676 ponere.
3274 5675 3283 5685 ι
3655 5667 3665 5677 0

2194 5677 2215 5709 ⁴
2245 5675 2645 5734 Cirterciensis
2697 5693 2838 5734 mss.
2879 5691 3064 5732 omnes
3108 5674 3192 5730 vel
3230 5671 3479 5744 singulas
3515 5665 3767 5741 posside-

2119 5763 2237 5803 mus
2243 5789 2256 5804 .
