4144 6202
347 382 468 450 4⁸75

1669 385 1735 449 S.
1782 383 2090 450 EUSEBII
2129 383 2600 450 HIERONYMI.

3576 342 3588 349 ’
3637 369 3764 459 ne

354 521 626 590 urbibus,
657 518 995 580 benedictos
1024 518 1084 579 in
1117 522 1295 597 agris,
1329 527 1388 580 et
1426 528 1630 581 caetera
1663 523 1754 581 his
1785 523 2002 581 similia
2029 521 2084 588 Α
2115 521 2443 578 Graecorum
2473 526 2529 578 et
2557 535 2750 578 sermo
2795 515 2966 578 latior
2993 520 3052 576 et
3078 516 3281 592 lingua
3308 512 3550 588 felicior,
3580 530 3757 573 cona-

355 615 761 678 (Deut.xxv111,
815 613 994 683 3-12),
1043 612 1103 668 in
1159 613 1459 685 prophetis
1510 632 1624 670 non
1675 613 2002 670 videbimus

357 699 466 771 [Αἱ.
499 699 790 770 videmus]
837 699 1084 772 expleta,
1117 699 1482 767 hominibus,
1515 701 1613 772 qui
1666 701 1724 755 in
1776 700 2004 755 melotis

355 793 414 844 et
443 789 499 844 in
535 789 795 861 caprinis
845 788 1098 862 pellibus
1148 789 1295 846 547
1349 795 1733 846 erraverunt:
1768 790 1825 844 in
1874 806 2005 860 ege-

357 883 529 949 state,
561 878 621 933 in
653 879 944 950 angustia,
969 879 1026 933 in
1062 880 1308 934 desertis
1340 880 1660 942 montibus,
1685 879 1743 934 in
1778 878 2004 950 spelun-

359 967 444 1023 cis
476 971 534 1022 et
576 967 839 1023 cavernis
888 972 1206 1039 petrarum,
1262 974 1702 1040 persecutorum
1751 969 2005 1040 impetus

357 1054 716 1112 declinantes
776 1056 959 1127 (Hebr.
1008 1074 1088 1125 x1,
1142 1057 1354 1127 35-39).
1417 1057 1812 1129 Spiritualiter
1869 1074 2004 1127 ergo

359 1145 700 1218 accipienda
732 1150 870 1200 sunt
911 1147 1130 1211 omnia,
1162 1151 1219 1202 et
1261 1147 1615 1219 spiritualia,
1650 1165 1766 1202 non
1799 1147 1857 1203 in
1888 1152 2002 1202 ter-

359 1233 517 1290 renis
560 1233 724 1298 locis,
758 1235 856 1290 sed
909 1235 968 1290 in
1017 1235 1351 1292 coelestibus
1399 1238 1808 1308 exspectanda.
1842 1238 2002 1302 Quod

357 1339 491 1378 vero
521 1323 604 1378 ait
635 1341 648 1378 :
684 1324 976 1380 Benedixit
1018 1341 1119 1380 nos
1150 1328 1210 1380 in
1239 1328 1392 1380 omni
1420 1326 1789 1382 benedictione
1831 1327 2004 1397 spiri-

357 1413 502 1470 tuali
530 1415 588 1467 in
621 1415 946 1484 cvetestibus,
979 1415 1150 1486 quasi
1195 1416 1319 1486 jam
1353 1415 1410 1469 in
1445 1417 1732 1487 preterito
1785 1415 2003 1470 factum

358 1501 452 1567 sit,
485 1505 539 1556 et
571 1518 685 1558 non
720 1502 776 1557 in
814 1503 1007 1558 futuro
1047 1504 1428 1576 promissum,
1461 1503 1518 1559 id
1549 1509 1656 1570 est,
1688 1503 2002 1569 benedixit,

357 1595 417 1646 et
446 1607 561 1646 non
593 1591 1010 1647 benedicturus
1042 1597 1151 1659 est,
1180 1593 1460 1663 quaeritur
1489 1593 1783 1664 quomodo
1813 1592 2005 1648 adhuc

357 1679 418 1734 in
465 1684 621 1735 terra
670 1697 774 1736 nos
825 1680 1065 1752 positos,
1117 1681 1335 1737 cmlesti
1382 1682 1786 1738 benedictione
1829 1682 2003 1737 bene-

359 1767 589 1823 dixerit.
622 1769 752 1824 Sive
783 1769 964 1841 igitur
992 1771 1147 1842 quod
1179 1772 1544 1838 conversatio,
1571 1775 1772 1826 nostra
1798 1770 1856 1825 in
1891 1787 2002 1826 co:-

359 1855 433 1958 lis
464 1861 553 1958 est
595 1857 865 1931 (Philipp.
896 1877 976 1930 111,
1006 1860 1122 1929 20),
1153 1865 1209 1915 et
1248 1877 1362 1916 non
1413 1877 1620 1917 sumus
1667 1861 1739 1916 de
1783 1859 2005 1958 mundo
2036 1892 2082 1956 Β

360 1943 473 2002 isto
521 1947 708 2014 (Joan.
741 1965 832 2014 xv,
877 1949 984 2020 19),
1037 1951 1138 2005 sed
1181 1949 1448 2022 deposita
1492 1949 1748 2022 imagine
1795 1948 2003 2015 choici,

363 2039 667 2106 portamus
699 2036 1016 2110 imaginem
1066 2038 1495 2111 superccelestis
1525 2041 1575 2110 (Ι
1601 2039 1720 2095 Cor.
1755 2056 1830 2105 1v,
1865 2037 1954 2108 49)
1990 2055 2002 2092 :

357 2126 417 2177 et
462 2123 518 2177 in
573 2141 746 2181 carne
805 2143 920 2182 non
977 2127 1248 2196 vivimus,
1298 2129 1398 2183 sed
1458 2128 1516 2183 in
1576 2129 1786 2200 spiritu
1830 2129 2002 2195 (Rom.

356 2225 481 2276 VIII,
508 2211 592 2282 9);
625 2219 685 2268 et
715 2213 1182 2271 thesaurizamus
1215 2216 1383 2271 nobis
1414 2215 1471 2271 in
1505 2217 1663 2272 caelis
1695 2217 1793 2272 ubi
1825 2222 1882 2272 et
1909 2232 2009 2270 cor

358 2300 645 2357 habemus
676 2303 888 2373 (Matth.
922 2321 996 2368 v1,
1028 2305 1118 2366 20,
1149 2305 1261 2376 21),
1292 2305 1547 2361 dicimur
1588 2323 1744 2362 nunc
1787 2296 2014 2361 ccelesti

361 2389 766 2449 benedictione
795 2391 1112 2460 benedicti;
1149 2394 1269 2448 sive
1300 2399 1476 2462 certe,
1509 2395 1660 2466 quod
1695 2395 1886 2450 omnis
1917 2395 2010 2450 be-

361 2478 612 2534 nedictio
661 2478 985 2551 spiritualis
1030 2481 1091 2536 in
1132 2481 1382 2548 Christo,
1411 2481 1547 2538 licet
1598 2483 1656 2538 in
1705 2488 1860 2539 terra
1909 2483 2005 2552 sit,

363 2570 553 2622 tamen
596 2567 669 2622 de
711 2565 1047 2624 caelestibus
1098 2575 1514 2642 computetur:
1551 2573 1841 2628 Benedixit
1887 2589 2004 2639 nos,

359 2653 572 2727 inquit,
605 2657 665 2710 in
695 2658 847 2711 omni
897 2657 1266 2715 benedictione
1294 2660 1578 2732 spirituali
1618 2662 1677 2716 in
1706 2662 2009 2718 cmlestibus

359 2747 421 2800 in
450 2745 668 2802 Christo
696 2763 715 2800 :
746 2745 806 2800 in
856 2763 1124 2803 sermone
1174 2746 1297 2814 Dei,
1329 2753 1388 2804 et
1417 2750 1724 2822 sapientia,
1755 2753 1812 2806 et
1857 2751 2006 2806 veri-

359 2838 496 2902 tate,
544 2834 887 2906 caeterisque
937 2835 1275 2910 virtutibus.
1325 2837 1644 2909 Dupliciter
1687 2843 1886 2894 autem
1933 2839 2010 2894 le-

361 2923 618 2997 gendum
653 2941 666 2979 :
703 2923 1022 2980 Benedictus
1068 2926 1208 2981 Deus
1256 2915 1520 2984 et'Pater
1569 2930 1792 2983 Domini
1831 2930 2011 2984 nostri

359 3018 495 3071 Jesu
526 3014 763 3080 Christi;
793 3017 860 3069 ut
889 3014 968 3069 sit
995 3015 1338 3072 benedictus
1367 3015 1538 3085 Deus,
1573 3016 1672 3088 qui
1706 3016 2006 3073 universo-

361 3119 492 3157 rum
525 3102 792 3158 conditor
815 3107 923 3170 est,
952 3107 1009 3159 et
1034 3103 1340 3177 hucusque
1372 3104 1698 3174 distinctio;
1733 3106 2008 3178 deinceps

362 3190 647 3246 inferatur
679 3208 692 3245 :
727 3193 835 3260 Qui
860 3199 938 3246 est
970 3201 1021 3248 et
1047 3197 1216 3248 Pater
1242 3196 1463 3250 Domini
1488 3197 1668 3251 nostri
1693 3200 1822 3253 Jesu
1843 3197 2008 3253 Chri-

2114 611 2313 667 bimur
2341 628 2456 666 non
2498 615 2618 666 tam
2650 611 2890 666 verbum
2936 609 3250 665 transferre
3279 607 3351 663 de
3381 607 3574 673 verbo,
3599 606 3753 678 quod

2114 700 2475 772 impossibile
2501 704 2608 770 est,
2643 716 2820 771 quam
2849 699 2966 754 vim
2997 698 3155 754 verbi
3185 696 3439 770 quodam
3470 695 3766 766 explicare.

2113 789 2383 846 circuitu.
2416 783 2706 856 Καταδολὴ
2761 788 2989 861 prOprie
3013 787 3248 856 dicitur,
3282 802 3415 842 cum
3447 786 3547 857 qui
3595 786 3760 841 deor-

2115 896 2246 935 sum
2289 877 2527 951 jacitur,
2559 883 2618 933 et
2665 879 2722 933 in
2774 878 3104 934 inferiorem
3155 876 3348 931 locum
3404 874 3656 930 mittitur
3681 875 3757 930 de

2114 968 2376 1039 sublimi,
2400 968 2490 1024 vel
2521 985 2654 1023 cum
2687 967 2885 1039 aliqua
2916 983 3006 1022 res
3037 965 3220 1022 sumit
3250 964 3572 1021 exordium.
3595 964 3764 1020 Unde.

2112 1062 2170 1114 et
2198 1057 2256 1112 hi
2289 1058 2389 1129 qui
2438 1057 2650 1112 aedium
2703 1057 3032 1112 futurarum
3064 1056 3257 1128 prima
3297 1053 3528 1126 jaciunt
3558 1054 3760 1110 funda-

2115 1152 2313 1202 menta
2350 1140 2834 1213 καταϐεϐληκέναι,
2866 1145 2924 1200 id
2965 1151 3073 1210 est,
3105 1146 3379 1200 deorsum
3429 1142 3598 1198 initia
3627 1144 3756 1198 fun-

2115 1237 2524 1292 damentorum
2560 1235 2776 1306 jecisse
2807 1235 3102 1290 dicuntur.
3138 1234 3345 1290 Volens
3383 1233 3580 1304 itaque
3611 1232 3758 1287 Pau-

2115 1325 2208 1380 lus
2239 1324 2544 1380 ostendere
2575 1325 2730 1394 quod
2763 1328 2914 1380 Deus
2955 1323 3226 1379 universa
3263 1322 3341 1378 sit
3388 1320 3757 1377 machinatus

2114 1431 2182 1470 ex
2210 1413 2416 1480 nihilo,
2447 1429 2563 1470 non
2610 1414 3011 1486 conditionem,
3059 1428 3173 1469 non
3225 1419 3537 1468 creaturam
3584 1416 3760 1483 atque

2112 1504 2416 1577 facturam,
2438 1504 2539 1558 sed
2569 1497 2905 1574 καταϐολὴν,
2928 1502 2986 1558 id
3016 1507 3124 1570 est,
3157 1502 3383 1557 initium
3409 1499 3762 1572 fundamenti

2115 1593 2187 1647 ad
2218 1609 2352 1648 eum
2384 1591 2584 1648 retulit
2615 1609 2628 1646 :
2662 1596 2729 1648 ut
2773 1609 2888 1648 non
2912 1592 3083 1664 juxta
3121 1589 3530 1661 Manicheum,
3563 1594 3619 1644 et
3657 1605 3761 1644 caa-

2113 1685 2269 1738 teras
2298 1681 2547 1737 haereses
2577 1684 2728 1753 (qua
2769 1681 3046 1737 factorem
3075 1685 3133 1736 et
3162 1679 3468 1735 materiam
3512 1681 3758 1750 ponunt)

2113 1771 2333 1843 aliquid
2367 1771 2472 1842 [ΑΙ.
2507 1769 2688 1842 aliud]
2723 1771 2876 1826 unde
2919 1773 3195 1826 creaturis
3233 1769 3396 1824 facta
3428 1767 3564 1831 sint,
3597 1771 3760 1822 ante-

2115 1859 2352 1916 cesserit
2396 1863 2721 1926 creaturas;
2755 1860 2855 1914 sed
2888 1858 3088 1914 omnia
3129 1874 3197 1913 ex
3246 1855 3430 1913 nihilo
3478 1856 3764 1915 substites

2116 1948 2252 2004 rint.
2289 1950 2449 2014 Quod
2483 1953 2678 2004 autem
2711 1948 2924 2005 electos
2957 1965 3063 2004 nos
3095 1951 3159 2003 ut
3187 1963 3454 2003 essemus
3485 1947 3676 2001 sancti
3705 1949 3762 2002 et

2117 2037 2479 2094 immaculati
2512 2054 2706 2093 coram
2755 2037 2905 2110 ipso,
2939 2037 3048 2093 hoc
3078 2039 3187 2103 est,
3219 2037 3355 2106 Deo,
3398 2039 3531 2092 ante
3579 2034 3763 2090 fabri-

2117 2143 2247 2184 cam
2279 2127 2484 2182 mundi
2514 2130 2761 2182 testatus
2789 2130 2897 2197 est,
2931 2126 3004 2181 ad
3044 2123 3471 2197 prescientiam
3507 2125 3602 2180 Dei
3633 2141 3765 2196 per-

2118 2216 2293 2284 tinet;
2327 2215 2419 2272 cui
2451 2215 2650 2271 omnia
2689 2215 2886 2270 futura
2924 2216 3052 2286 jam
3099 2215 3253 2269 facta
3282 2218 3423 2270 sunt
3451 2214 3638 2284 (Eccli.
3675 2231 3759 2281 ιιι,

2121 2306 2229 2376 15),
2263 2310 2322 2361 et
2352 2308 2665 2377 antequam
2718 2305 2862 2359 liant
2908 2303 3178 2360 universa
3223 2307 3366 2359 sunt
3412 2308 3550 2358 nota
3598 2304 3759 2373 (Dan.

2117 2412 2241 2460 x111,
2269 2395 2379 2465 42),
2413 2393 2576 2450 Sicut
2625 2398 2683 2449 et
2742 2391 2958 2449 Paulus
3015 2392 3140 2464 ipse
3197 2391 3646 2464 predestinatur
3700 2391 3761 2448 in

2119 2487 2283 2539 utero
2341 2482 2548 2538 matris
2607 2499 2728 2538 suae
2777 2480 2980 2552 (Galat.
3030 2498 3069 2546 1,
3111 2482 3220 2548 15),
3271 2484 3328 2536 et
3371 2479 3654 2536 Jeremias
3701 2480 3760 2536 in

2116 2570 2290 2627 vulva
2320 2570 2720 2626 sanctiﬁcatur
2744 2571 2964 2642 (Jerem.
2997 2587 3037 2641 1,
3066 2570 3121 2640 5)
3153 2569 3408 2642 eligitur,
3433 2569 3760 2639 roboratur,

2118 2664 2176 2716 et
2203 2660 2261 2714 in
2293 2664 2427 2732 typo
2449 2659 2665 2715 Christi
2690 2659 2971 2732 propheta
3001 2659 3275 2731 gentibus
3307 2658 3579 2716 mittitur.
3598 2658 3764 2715 Alius

2116 2765 2248 2804 verc
2274 2750 2296 2782 ³
2326 2748 2424 2820 qui
2458 2748 2642 2803 Deum
2691 2749 2924 2819 justum
2975 2751 3223 2804 conatur
3251 2747 3574 2817 ostendere,
3607 2749 3762 2819 quod

2118 2855 2234 2894 non
2279 2853 2345 2892 ex
2395 2836 2733 2908 praejudicio
2791 2835 3044 2893 scientias
3103 2853 3243 2903 suae,
3277 2836 3379 2892 sed
3436 2852 3504 2892 ex
3556 2835 3763 2892 merito

2117 2925 2435 2983 electorum
2486 2941 2970 2998 unumquemque
3016 2925 3212 2998 eligat,
3250 2924 3410 2993 dicit,
3444 2927 3581 2981 ante
3625 2925 3766 2981 visi-

2118 3015 2265 3072 biles
2312 3019 2630 3082 creaturas,
2683 3014 2916 3085 coelum,
2956 3018 3197 3078 terram,
3230 3013 3418 3070 maria
3465 3018 3521 3070 et
3567 3013 3766 3069 omnia

2119 3123 2244 3178 quae
2274 3101 2427 3160 intra
2465 3119 2533 3160 ea
2562 3105 2666 3175 [Αι.
2700 3103 2759 3159 in
2810 3103 2916 3174 eis]
2949 3107 3108 3174 sunt,
3143 3102 3326 3159 fuisse
3372 3101 3518 3158 alias
3566 3102 3766 3158 invisi-

2122 3194 2270 3250 biles
2299 3199 2616 3260 creaturas,
2638 3193 2697 3248 in
2731 3193 2945 3265 quibus
2971 3199 3030 3248 et
3059 3192 3309 3258 animas,
3332 3208 3458 3264 qua
3484 3191 3557 3248 ob
3589 3208 3764 3264 quas-

363 3281 441 3335 sti
453 3295 475 3341 ;
506 3278 595 3335 vel
626 3279 707 3336 ita
737 3259 755 3336 ξ
789 3284 854 3336 ut
885 3281 1038 3336 Deus
1083 3287 1142 3338 et
1188 3283 1376 3348 Pater,
1409 3285 1481 3339 ad
1511 3283 1826 3342 Dominum
1875 3303 2008 3342 nos-
2041 3259 2084 3326 Ο
2123 3285 2262 3340 dam
2295 3299 2526 3351 causas,
2559 3281 2662 3339 soli
2697 3259 2811 3338 Deo
2841 3285 3033 3352 notas,
3067 3280 3300 3352 dejectae
3330 3259 3450 3336 sint
3489 3259 3767 3336 deorsum

364 3372 546 3436 trum,
571 3369 626 3424 in
657 3385 968 3426 commune
995 3370 1298 3426 referatur.
1325 3372 1672 3430 Benedictus
1705 3379 1854 3430 Deus
1883 3376 2010 3446 ejus

366 3457 465 3529 qui
498 3462 842 3530 assumptus
891 3462 981 3513 est
1022 3459 1302 3528 hominis,
1337 3465 1394 3516 et
1425 3461 1593 3517 Pater
1621 3462 1770 3532 ejus,
1802 3462 1902 3534 qui
1951 3463 2010 3518 in

366 3544 653 3617 principio
686 3546 841 3618 apud
873 3547 1056 3603 Deum
1098 3547 1207 3603 fuit
1251 3553 1402 3606 Deus
1431 3549 1708 3606 Verbum.
1739 3551 1865 3606 Non
1898 3568 2012 3622 quo

367 3631 522 3688 alius
552 3638 898 3706 assumptus
945 3634 1142 3707 homo,
1167 3640 1223 3692 et
1252 3636 1403 3693 alius
1433 3637 1509 3693 sit
1553 3655 1743 3695 sermo
1775 3641 1875 3712 qui
1925 3656 2014 3695 as-

367 3721 716 3794 sumpserit;
746 3723 847 3778 sed
881 3739 996 3794 quo
1027 3741 1181 3780 unus
1213 3729 1387 3796 atque
1418 3725 1571 3782 idem
1604 3744 1707 3799 pro
1736 3727 2014 3784 varietate

366 3825 702 3878 causarum,
718 3827 874 3865 nunc
892 3810 1186 3878 sublimis,
1202 3829 1356 3868 nunc
1374 3813 2010 3888 humilis,pra2dicetur.

438 3898 622 3972 (Vers.
649 3901 727 3969 4.)
750 3923 777 3949 ‹‹
812 3899 976 3956 Sicut
1015 3899 1188 3974 elegit
1216 3918 1324 3956 nos
1371 3902 1429 3957 in
1477 3903 1604 3976 ipso
1635 3908 1769 3960 ante
1800 3906 2013 3961 consti-

366 3989 653 4046 tutionem
705 3990 910 4046 mundi
947 4006 957 4046 :
997 3994 1064 4045 ut
1091 4007 1358 4046 essemus
1389 3993 1574 4048 sancti
1622 3998 1679 4048 et
1729 3994 2013 4050 immacu-

365 4079 469 4135 lati
521 4095 717 4154 coram
773 4079 922 4151 ipso.
953 4102 973 4128 ι
1010 4083 1120 4134 Pro
1178 4079 1594 4136 constitutione
1654 4082 1924 4150 mundi‘,
1955 4082 2015 4137 in

368 4167 565 4224 Greco
587 4167 872 4240 scriptum
903 4167 1099 4238 habet,
1122 4167 1229 4243 πρὸ
1249 4170 1270 4202 ²
1293 4162 1598 4236 καταϐολῆι
1629 4169 1868 4242 κόσμου;
1901 4187 2016 4226 non

367 4257 629 4329 idipsum
671 4261 866 4313 autem
913 4251 1218 4326 καταϐολὴ,
1261 4259 1414 4332 quod
1463 4262 1779 4316 constitutio
1825 4265 2015 4315 sonat.

373 4346 533 4402 Unde
561 4350 619 4401 et
649 4362 756 4402 nos
786 4357 1022 4418 propter
1045 4353 1447 4420 paupertatem
1476 4348 1712 4422 linguae,
1735 4354 1792 4405 et
1822 4366 2016 4405 rerum

372 4433 712 4501 novitatem,
772 4435 922 4491 548
982 4441 1038 4491 et
1084 4436 1239 4492 sicut
1285 4437 1526 4510 quidam
1584 4441 1684 4510 ait,
1736 4440 1890 4511 quod
1944 4439 2022 4494 sit

2120 3373 2178 3428 in
2208 3371 2415 3427 vallem
2447 3372 2620 3426 istam
2651 3370 3067 3443 lacrymarum,
3099 3369 3160 3424 in
3203 3369 3397 3424 locum
3429 3367 3764 3425 afﬂictionis

2121 3467 2178 3518 et
2205 3459 2690 3533 peregrinationis
2720 3463 2952 3527 nostris,
2977 3459 3035 3514 in
3069 3473 3186 3530 quo
3220 3461 3460 3514 sanctus
3481 3458 3763 3514 constitu-

2120 3555 2218 3606 tus
2249 3551 2453 3606 orabat
2480 3552 2547 3604 ut
2575 3549 2646 3605 ad
2679 3549 2874 3605 sedem
2907 3547 3216 3620 pristinam
3247 3551 3651 3614 reverteretur,
3685 3547 3766 3602 di-

2123 3656 2305 3696 cens:
2340 3640 2452 3694 Heu
2498 3637 2674 3692 mihi!
2717 3639 2852 3709 quia
2896 3637 3173 3694 incolatus
3213 3652 3367 3693 meus
3412 3638 3768 3710 prolongata:

2123 3732 2236 3784 est!
2268 3727 2530 3782 habitavi
2572 3743 2696 3782 cum
2743 3725 3116 3782 habitantibus
3159 3724 3273 3797 [ΑΙ.
3318 3725 3770 3798 habitationibus]

2125 3817 2326 3884 Cedar,
2344 3817 2583 3871 multum
2603 3817 2959 3888 peregrinata
2979 3823 3057 3871 est
3075 3817 3264 3871 anima
3282 3831 3403 3870 mea
3423 3815 3594 3886 (Psal.
3617 3831 3772 3879 cxrx,

2123 3908 2179 3974 5,
2209 3907 2286 3978 6).
2318 3905 2388 3960 Et
2415 3904 2477 3960 in
2508 3904 2622 3960 alio
2660 3904 2780 3960 lcco
2814 3921 2826 3959 :
2861 3905 3024 3960 Miser
3070 3921 3163 3976 ego
3212 3903 3368 3960 homo
3397 3921 3416 3958 :
3447 3905 3569 3977 quis
3595 3919 3682 3958 me
3712 3904 3780 3958 li-

2127 3993 2336 4049 berabit
2365 3993 2430 4048 de
2457 4008 2682 4064 corpore
2728 3993 2923 4048 mortis
2969 3992 3134 4060 huius
3163 3993 3334 4062 (Rom.
3368 4009 3468 4057 v11,
3498 3991 3629 4062 24)?
3659 3992 3727 4046 Et
3761 4007 3776 4045 :

2127 4081 2317 4138 Melius
2361 4085 2438 4137 est
2484 4082 2639 4138 549
2689 4082 2905 4147 reverti,
2954 4087 3007 4136 et
3050 4096 3163 4136 esse
3201 4095 3331 4137 cum
3379 4079 3591 4136 Christo
3621 4079 3778 4150 (Phi-

2130 4172 2264 4243 lipp:
2313 4187 2351 4236 1,
2383 4169 2495 4240 23).
2543 4170 2609 4224 Et
2665 4168 2804 4224 alibi
2857 4185 2870 4224 :
2920 4170 3223 4240 Antequam
3281 4169 3634 4238 humiliarer,
3685 4184 3782 4238 ego

2125 4260 2344 4332 peccavi
2386 4258 2558 4329 (Psal.
2612 4273 2805 4325 cxvm,
2853 4257 2968 4330 67),
3019 4262 3076 4314 et
3132 4261 3340 4313 catera
3395 4257 3487 4314 his
3539 4257 3779 4314 similia.

2130 4349 2332 4420 Itaque
2389 4346 2734 4419 priusquam
2799 4345 3030 4417 animae,
3091 4345 3388 4418 inquiunt,
3448 4346 3779 4419 praecipita-

2131 4441 2332 4494 rentur
2361 4435 2419 4491 in
2452 4435 2742 4491 mundum
2763 4436 2808 4503 ‘,
2843 4439 2900 4490 et
2942 4435 3204 4492 mundus
3232 4451 3301 4491 ex
3330 4434 3640 4491 animabus
3672 4435 3780 4506 [AL

446 4541 876 4618 ‘Hieronymus
906 4557 1040 4618 cum
1087 4543 1298 4599 favoris
1340 4543 1398 4598 in
1415 4545 1728 4618 Origenem
1771 4561 2021 4618 purgare
2132 4544 2245 4618 nis,
2275 4543 2375 4600 sed
2407 4559 2476 4598 ex
2494 4541 2741 4618 proprio
2774 4541 3007 4616 ingenio
3055 4540 3150 4618 hic
3183 4541 3479 4618 omittunt
3507 4540 3784 4618 preposi-

374 4612 769 4740 sus‘picionem
788 4613 1182 4681 voluit,hosce
1200 4612 2023 4687 cumprimis‘Comménta'rios
2055 4629 2103 4694 ι)
2133 4616 2356 4672 tionem
2410 4612 2537 4687 πρὸ,
2595 4612 2936 4686 adduntque
2994 4612 3308 4668 articulum
3363 4615 3481 4684 τοῦ,
3509 4612 3645 4684 ἱῃιί⁷
3667 4629 3784 4670 non

374 4685 434 4740 in
513 4685 630 4740 auli
661 4684 969 4740 epistolam
997 4686 1067 4740 ad
1093 4685 1396 4740 Enhesios.
1421 4693 1621 4740 utnote
1643 4688 1859 4740 auibus
1891 4706 2020 4740 nro-
2135 4686 2347 4740 lenitur
2374 4685 2432 4740 in
2467 4686 2662 4740 Graeco
2695 4690 2966 4740 contextu
2992 4685 3050 4740 S.
3074 4684 3262 4740 Pauli.
3285 4701 3475 4740 neaue
3505 4684 3564 4740 in
3590 4699 3784 4740 exem-

373 4703 434 4741 In

513 4685 630 4741 auli
661 4684 970 4760 epistolam
997 4686 1067 4740 ad
1082 4684 1621 4760 Ephesiosutpote
1643 4688 1859 4760 quibus
1889 4706 2020 4760 pro-

375 4757 500 4832 bari
534 4774 642 4832 sua
671 4762 870 4830 posset
897 4757 1062 4832 ﬁdes,
1082 4758 1290 4813 Ruﬁno
1322 4757 1706 4814 calumnianti
1731 4757 2021 4832 opposuit.

380 4828 484 4902 Hic
509 4828 687 4902 avide
723 4829 1026 4902 occasione
1057 4836 1309 4902 arrepta,
1332 4833 1424 4902 _et_
1444 4831 1710 4902 quaerens
1742 4828 2024 4902 iii—scirpo

376 4900 879 4974 nodu‘m,‘hosme_t
921 4900 1108 4974 libros
1156 4900 1881 4974 iniquissimagdiligentia
1928 4900 2026 4957 ex-

374 4971 607 5042 pendit,
627 4971 805 5043 inque
835 4971 1170 5098 Origeniani
1200 4971 1412 5027 sensus
1443 4971 1721 5027 invidiam
1762 4986 2026 5044 perverse

374 5041 575 5098 trahit.
618 5041 767 5097 facto
819 5044 890 5098 ab
959 5043 1032 5098 iis
1079 5043 1272 5098 verbis
1320 5045 1634 5098 accusandi
1683 5043 1871 5098 initio.
1908 5045 2024 5098 Nos

373 5041 575 5109 trahit,
618 5041 767 5097 facto
819 5044 890 5098 ab
940 5041 1032 5098 his
1079 5043 1272 5099 verbis
1320 5045 1634 5100 accusandi
1683 5041 1871 5099 initio.
1908 5045 2024 5101 Nos

373 5113 641 5184 quaedam
676 5113 925 5187 subinde
968 5131 1068 5186 pro
1099 5120 1155 5187 S.
1186 5115 1428 5171 Doctore
1468 5120 1670 5171 contra
1697 5114 2027 5187 Aquileien-

372 5200 497 5259 sem
555 5185 981 5259 presbyterum’
1018 5186 1578 5259 animadvertemus;
1631 5188 1732 5243 sed
1768 5185 2022 5259 'quando

373 5257 503 5342 ipsa
534 5256 1157 5342 rationuni_momenta
1186 5258 1258 5342 ob
1305 5257 1504 5342 oculos
1537 5274 1753 5341 ponere
1773 5256 1886 5342 per
1917 5277 2022 5315 no.

371 5327 565 5403 tarum
599 5327 918 5403 angustias
949 5345 1068 5403 non
1094 5329 1250 5400 licet,
1283 5335 1347 5385 ut
1393 5327 1555 5403 ipsos
1601 5327 2022 5403 invectivarum

373 5399 567 5472 Rufini
599 5398 798 5472 libros,
832 5417 866 5454 a
895 5399 1106 5472 prioris
1136 5398 1717 5472 inu'mero'vicesimo
1747 5401 1918 5459 tertio
1949 5403 2021 5458 ad

371 5469 613 5546 alterius
643 5471 820 5527 tinem
870 5469 1081 5542 usque,
1133 5471 1376 5528 lectores
1423 5473 1756 5544 consulant,
1789 5474 2024 5546 ipsique
2064 5519 2076 5529 .

371 5543 718 5627 dijudicent,
752 5547 1278 5627 auctores‘sumus.
1489 5619 1499 5627 _
1865 5615 1875 5627 D

443 5615 580 5696 ’_E_x_
603 5614 713 5670 hoc
754 5613 880 5670 loco
907 5613 1610 5696 intelligimusquantum
1663 5615 1772 5696 sibi
1805 5615 2024 5672 tribue-

379 5686 500 5742 rint
540 5686 822 5743 Erasmus
869 5689 926 5741 et
971 5683 1272 5742 Marianus
1301 5683 1360 5740 in
1390 5686 1644 5742 editione
1696 5686 2025 5744 Graecarum

378 5757 728 5830 lectionum;
762 5773 950 5832 neque
983 5775 1117 5816 vero
1165 5773 1234 5815 ex
1278 5756 1578 5815 codicibus
1625 5757 2024 5834 Hieronymia-

2135 4686 2347 4759 legitur
2374 4685 2432 4741 in
2455 4684 2662 4740 'Graeco
2695 4684 2966 4759 contextu
2992 4685 3050 4759 S.
3074 4684 3262 4752 Pauli,
3285 4701 3475 4757 neque
3505 4684 3564 4740 in
3590 4699 3785 4759 enem-

2177 4754 2400 4814 liribus
2457 4755 2877 4829 manuscriptis
2947 4755 3194 4827 hujusce
3251 4754 3666 4812 Com'mentarii
3723 4755 3782 4812 S.

2179 4777 2400 4814 IBPIDUS
2457 4777 2703 4812 manust:

2135 4777 2496 4902 Flieronymi,
2512 4832 2706 4902 Mam.

2205 4911 2228 4944 ³
2252 4897 2416 4957 Hunc
2449 4899 2651 4971 alium,
2684 4899 2854 4971 cujus
2894 4897 3356 4971 hicidissimul‘at
3383 4915 3622 4968 nomen,
3652 4898 3776 4955 Ori-

2174 4989 2340 5029 enem
2372 4988 2500 5028 esse
2530 4969 2646 5027 non
2677 4970 2962 5042 difﬁtetur
2989 4970 3048 5025 S.
3083 4973 3255 5025 Pater
3283 4969 3342 5025 in
3373 4971 3637 5042 Apologia
3664 4985 3786 5042 con-

2158 5041 2225 5100 ra
2255 5046 2513 5114 Ruﬁnum
2541 5060 2558 5096 :
2589 5057 2768 5114 seque
2798 5041 2901 5105 ita,
2927 5042 3083 5113 quod
3115 5057 3327 5114 nomen
3347 5041 3485 5114 ejus
3514 5041 3783 5114 tacuerit,

2134 5111 2375 5171 excusat
2409 5131 2420 5169 :
2456 5136 2484 5163 «
2516 5111 3175 5178 Quia'commentatoris
3205 5111 3462 5169 ofﬁcium
3494 5117 3605 5181 est,
3639 5111 3785 5168 mul-

2135 5192 2330 5268 torum
2359 5186 2709 5268 “sententias
2768 5200 3001 5268 ponere,
3063 5188 3120 5268 et
3171 5183 3292 5268 hoq
3334 5200 3432 5267 me
3469 5185 3785 5268 facturum

2137 5258 2195 5340 in
2227 5256 2568 5342 ngefatione
2608 5255 3222 5342 promiseramhetiam
3253 5255 3518 5329 Origenis
3566 5257 3788 5342 absque

2135 5329 2354 5385 invidia
2397 5327 2670 5402 (nominis
2737 5329 2869 5402 ejus
2921 5327 3391 5402 explanationem
3450 5328 3646 5401 posui,
3695 5327 3783 5385 di-

2133 5417 2272 5528 scus
2307 5418 2319 5456 :
2353 5399 2511 5528 Altius
2541 5416 2674 5458 vero
2707 5400 2806 5472 qui
2837 5399 3021 5457 Deum
3045 5401 3281 5474 justum
3312 5399 3558 5456 conatur
3586 5405 3785 5458 osten-

2174 5489 2481 5528 maneo

2174 5489 2289 5544 ere,
2316 5495 2343 5522 ››
2374 5478 2481 5529 etc.

2206 5547 2243 5609 ‘_
2269 5542 2640 5602 Cisteriencis
2692 5560 2826 5616 ms.,
2881 5542 3413 5616 praecipitarentur”
3439 5545 3499 5600 in
3524 5613 3535 5616 Α
3549 5547 3783 5616 pro/un-

2137 5616 2292 5673 dum.
2335 5617 2531 5744 2lgorro
2595 5613 2980 5674 conferendus
3045 5613 3295 5673 Ruﬁnus
3358 5614 3461 5673 lib.
3521 5613 3784 5684 laudato,

2137 5705 2300 5744 num.
2412 5730 2424 5744 .

2135 5705 2300 5747 num.
2335 5691 2424 5744 26.
