4144 6202
349 422 480 490 ιττ

1054 427 1573 494 COMMENTAR.
1617 418 1698 491 ῘΝ
1743 425 1992 490 EPIST.
2037 425 2142 488 AD
2185 423 2465 490 EPHES.
2511 421 2658 489 LIB.
2705 425 2754 501 Ι,
2800 422 2975 488 CAP.
3019 416 3072 485 Ῑ.

3648 411 3770 477 4⁸⁸18

350 559 738 635 animalibus]
772 561 938 618 fieret
966 579 1101 618 eum
1135 563 1580 620 habitatricibus
1612 564 1757 628 suis,
1790 564 1847 618 in
1883 563 2012 618 inﬁ-
2038 560 2096 626 Α
2125 563 2402 630 diximus,
2435 561 2736 636 eliguntur
2772 558 3008 627 Paulus,
3041 561 3098 614 et
3141 553 3240 630 qui
3272 555 3322 613 ei
3354 553 3576 614 similes
3606 554 3768 612 sunt’

355 665 521 706 mum
554 651 682 722 ipse
711 649 1000 720 dejectus,
1024 649 1198 723 elegit
1231 651 1476 707 Paulum
1507 657 1657 708 Deus
1688 657 1745 709 et
1775 651 1824 708 ei
1857 652 2018 708 simi-

353 738 443 796 les
495 754 694 794 coram
758 754 842 807 se,
901 739 999 810 qui
1056 743 1221 795 erant
1279 741 1465 796 sancti
1516 746 1574 796 et
1627 739 2011 796 immaculati.

355 829 538 885 Nemo
571 832 774 884 autem
806 826 1044 900 eligitur
1071 829 1185 884 nisi
1213 830 1283 885 de
1315 828 1584 901 pluribus
1611 849 1624 897 ;
1656 835 1711 886 et
1745 831 1843 886 ubi
1875 833 2016 886 sunt

357 916 540 990 aliqui
591 917 850 982 viliores,
904 916 985 972 ibi
1035 917 1240 974 electio
1287 923 1672 992 perpetratur.
1713 919 2012 982 Quomodo

358 1010 554 1062 autem
580 1005 638 1060 in
663 1004 980 1077 Babylonia
999 1005 1357 1077 captivitate,
1385 1011 1619 1078 quando
1651 1024 1684 1061 α
1704 1006 2010 1062 Nabucho-

359 1095 617 1151 donosor
647 1094 703 1149 in
736 1093 1066 1150 Chaldaeam
1099 1095 1387 1151 abductus
1417 1100 1505 1152 est
1537 1095 1808 1168 populus,
1843 1095 2012 1151 missi

356 1189 500 1240 sunt
523 1183 816 1256 prophetae
837 1183 1118 1256 Ezechiel,
1143 1184 1364 1250 Daniel,
1389 1189 1506 1240 tres
1530 1186 1717 1257 pueri,
1740 1190 2012 1259 Aggaeus,

355 1273 691 1342 Zacharias,
724 1289 837 1328 non
869 1289 986 1344 quo
1017 1278 1073 1329 et
1101 1273 1212 1346 ipsi
1240 1275 1561 1330 meruerint
1593 1275 2009 1347 captivitatem,

357 1363 459 1419 sed
497 1366 560 1417 ut
589 1365 785 1418 essent
815 1362 874 1418 in
915 1361 1122 1419 solatio
1169 1363 1570 1435 captivorum:
1624 1363 1707 1419 ita
1737 1368 1793 1419 et
1824 1363 1882 1418 in
1915 1362 2014 1418 illa

357 1451 681 1522 dejectione
711 1451 919 1506 mundi
961 1467 1081 1522 eos,
1119 1453 1221 1524 qui
1271 1457 1588 1524 antequam
1622 1453 1880 1509 mundus
1913 1451 2012 1508 fie-

358 1545 472 1604 ret,
493 1540 661 1596 electi
684 1544 850 1596 erant
875 1556 908 1595 a
927 1541 1066 1612 Deo,
1093 1541 1306 1596 missos
1328 1558 1455 1598 esse
1476 1541 1533 1597 in
1557 1542 1945 1598 eruditionem
1959 1545 2015 1597 et

361 1629 770 1700 magisterium
815 1629 1147 1686 animarum
1187 1631 1624 1702 peccatricium,
1673 1635 1738 1686 ut
1767 1632 1835 1686 ad
1867 1647 2012 1702 prie-

361 1716 719 1774 dicationem
771 1735 973 1774 eorum
1033 1723 1458 1776 reverterentur
1516 1721 1585 1775 ad
1637 1736 1770 1776 eum
1820 1719 2012 1775 locum

361 1807 521 1863 unde
551 1812 892 1863 corruerant
916 1825 929 1875 ;
955 1812 1012 1864 et
1033 1808 1141 1864 hoc
1163 1825 1292 1865 esse
1313 1809 1466 1881 quod
1490 1825 1524 1864 a
1547 1809 1742 1882 Moyse
1769 1809 1827 1865 in
1858 1813 2013 1866 octo-

362 1897 588 1970 gesimo
640 1913 795 1953 nono
839 1898 1070 1953 Psalmo
1118 1897 1383 1954 dicatur:
1435 1899 1684 1966 Domine,
1735 1900 2016 1970 refugium
2052 1935 2092 1998 Β

358 1987 552 2060 factus
579 2002 635 2042 es
662 1987 816 2042 nobis
859 1988 920 2042 in
948 1990 1305 2058 generatione
1355 1991 1405 2044 et
1432 1989 1842 2059 generationem
1868 2006 1880 2044 :
1914 2005 2016 2042 an-

361 2085 583 2147 tequam
608 2083 818 2132 montes
859 2077 1238 2147 ﬁrmarentur,
1271 2084 1325 2132 et
1368 2077 1525 2146 ﬁeret
1571 2073 1742 2148 terra,
1787 2086 1837 2133 et
1866 2078 2022 2132 orbis

362 2157 641 2221 terrarum
661 2165 832 2235 (Psal.
856 2182 1078 2236 Lxxxix,
1106 2167 1157 2234 1,
1173 2166 1248 2237 2).
1276 2166 1437 2230 Quod
1461 2165 1684 2222 scilicet
1704 2170 2019 2238 antequam

360 2254 624 2310 mundus
672 2253 854 2320 ﬁeret,
916 2257 973 2308 et
1023 2253 1292 2309 universa
1321 2255 1618 2327 generatio
1665 2255 2019 2327 principium

364 2345 644 2407 sumeret,
676 2343 898 2399 sanctis
943 2343 1068 2398 suis
1101 2343 1256 2399 Deus
1309 2344 1603 2416 refugium
1637 2344 1826 2400 tuerit.
1859 2343 2021 2408 Quod

364 2436 562 2488 autem
594 2431 694 2498 ait,
742 2435 805 2487 ut
849 2447 1086 2488 essemus
1131 2434 1314 2488 sancti
1355 2437 1408 2488 et
1463 2434 1814 2489 immaculati
1839 2449 2021 2490 coram

361 2522 501 2594 ipso,
534 2519 688 2576 inter
715 2526 987 2577 sanctum
1019 2527 1076 2576 et
1125 2521 1572 2577 immaculatum
1621 2521 1729 2578 hoc
1760 2523 2020 2593 interest,

365 2610 521 2683 quod
549 2614 788 2666 sanctus
819 2614 876 2665 et
921 2609 1342 2666 immaculatua
1389 2626 1622 2682 quoque
1653 2610 1896 2683 intelligi
1929 2628 2025 2684 po-

365 2702 500 2766 test;
560 2697 979 2755 immaculatus
1035 2714 1168 2754 vero
1214 2716 1326 2755 non
1391 2700 1592 2755 statim
1650 2705 1706 2755 et
1761 2706 2021 2757 sanctus.

365 2786 599 2843 Parvuli
632 2788 847 2860 quippe
879 2787 1242 2844 immaculati
1277 2792 1439 2858 sunt,
1477 2789 1616 2861 quia
1646 2789 1866 2862 intrgro
1898 2805 2023 2844 cor-

365 2892 506 2948 pore
536 2874 768 2932 nullum
794 2876 980 2932 fecere
1021 2881 1325 2948 peccatum
1354 2896 1367 2944 ;
1419 2883 1476 2933 et
1513 2882 1710 2934 tamen
1743 2895 1860 2934 non
1890 2895 2023 2934 san-

368 2966 468 3033 cti,
497 2965 638 3038 quia
669 2965 950 3021 sanctitas
979 2965 1280 3022 voluntate
1309 2970 1366 3022 et
1399 2967 1595 3023 studio
1627 2972 2021 3040 comparatur.

367 3057 436 3110 Et
466 3054 622 3126 quod
671 3053 1089 3111 immaculatus
1137 3054 1250 3111 dici
1282 3059 1472 3128 potest
1517 3055 1614 3112 ille
1657 3057 1757 3128 qui
1790 3061 2025 3129 peccata

369 3159 486 3200 non
519 3143 672 3210 fecit,
707 3147 946 3199 sanctus
978 3147 1173 3200 autem
1206 3143 1300 3200 his
1331 3145 1430 3216 qui
1471 3144 1786 3201 virtutibus
1816 3145 2025 3217 plenus

375 3230 475 3302 sit,
499 3231 674 3302 juxta
713 3230 859 3286 illud
891 3231 991 3303 qui
1025 3231 1085 3286 in
1143 3233 1396 3303 quodam
1445 3231 1675 3298 Psalmo
1707 3232 2020 3290 scribitur:

2126 653 2264 726 quia
2294 656 2461 709 erant
2491 651 2675 708 sancti
2707 655 2765 706 et
2806 647 3164 704 immaculati
3195 665 3209 715 ;
3253 647 3353 702 sed
3385 645 3684 718 eliguntur
3712 648 3771 700 et

2128 743 2638 816 praedestinantur,
2691 739 2842 796 utin
2892 736 3271 808 consequenti
3311 735 3429 790 vita
3467 751 3568 806 per
3596 751 3773 805 opera

2124 836 2298 903 atque
2328 831 2572 886 virtutes
2621 829 2806 885 sancti
2847 831 2903 884 et
2948 823 3310 881 immaculati
3359 823 3521 880 ﬁant.
3555 822 3770 878 Deinde

2123 924 2180 977 et
2211 920 2295 975 sic
2326 919 2697 976 sentiendum
2743 921 2850 984 est,
2906 917 3044 988 quia
3093 931 3210 970 non
3257 913 3486 969 dixerit.
3538 914 3654 967 Non
3675 912 3772 983 ju-

2121 1009 2452 1080 stiﬁcabitur
2502 1009 2562 1063 in
2608 1015 2895 1078 conspectu
2942 1013 3032 1060 tuo
3080 1004 3354 1075 quispiam
3403 1002 3627 1062 vivens;
3667 1000 3769 1055 sed

2121 1100 2298 1156 omnis
2349 1099 2553 1167 vivens,
2587 1096 2644 1150 id
2700 1099 2808 1161 est,
2865 1111 2980 1150 non
3025 1091 3514 1164 justiticabuntur
3542 1105 3772 1157 omnes,

2115 1187 2603 1260 justiﬁcabuntur
2629 1200 2765 1240 vero
2795 1183 2998 1255 aliqui.

2195 1277 2382 1349 (Vers.
2442 1277 2495 1339 5)
2559 1297 2581 1326 ι
2619 1276 2679 1330 In
2737 1273 3022 1329 cbaritate
3081 1271 3504 1343 praedestinans
3559 1285 3667 1325 nos
3710 1268 3770 1324 in

2124 1325 2496 1438 adhptionem
2569 1364 2818 1420 filiorum
2901 1379 3001 1433 per
3073 1325 3110 1416 3
3144 1377 3277 1417 sum
3352 1359 3651 1416 Christum
3709 1357 3770 1412 in

2122 1456 2340 1528 ipsum.
2377 1478 2404 1504 »
2438 1453 2751 1526 Dupliciter
2779 1452 3112 1525 legendum,
3137 1454 3202 1505 ut
3231 1449 3485 1505 charitas
3515 1447 3603 1503 vel
3636 1463 3778 1503 cum
3869 1449 3872 1452 ”

2124 1544 2547 1618 superioribus,
2579 1542 2667 1598 vel
2716 1541 3092 1598 inferioribus
3139 1537 3466 1612 copuletur.
3499 1540 3638 1592 Cum
3671 1551 3771 1590 su-

2125 1634 2452 1708 perioribus
2509 1632 2627 1688 ita:
2687 1641 2749 1687 ut
2805 1647 3038 1687 essemus
3091 1630 3270 1685 sancti
3323 1634 3374 1684 et
3432 1625 3777 1682 immaculati

2124 1741 2306 1781 coram
2334 1725 2449 1794 ipso
2481 1725 2538 1777 in
2589 1721 2875 1787 cbaritate,
2928 1723 2986 1775 et
3030 1722 3232 1792 postea
3281 1719 3582 1790 sequatur.
3617 1718 3773 1769 Prae-

2124 1815 2402 1869 destinans
2457 1827 2558 1867 nos
2615 1813 2677 1866 in
2734 1811 3079 1881 adoptionem
3133 1808 3382 1879 ﬁliorum
3435 1820 3535 1877 per
3585 1808 3778 1861 Jesum

2127 1903 2405 1958 Christum
2433 1903 2494 1957 in
2517 1903 2698 1973 ipsum
2738 1899 2848 1972 [ΑΙ.
2883 1899 3041 1970 ipso].
3093 1897 3237 1953 Cum
3270 1893 3643 1950 inferioribus
3674 1909 3775 1947 au-

2128 1997 2245 2048 tem
2277 1992 2396 2048 sic:
2430 1993 2490 2046 In
2539 1989 2806 2045 cbaritate
2849 1987 3247 2059 pret-destinam
3291 2000 3390 2040 nos
3437 1986 3499 2038 in
3527 1982 3776 2053 adoptio-

2129 2099 2252 2138 nem
2281 2082 2525 2151 ﬁliorum
2560 2095 2658 2149 per
2697 2081 2878 2134 Iesum
2932 2075 3215 2132 Christum
3264 2075 3325 2128 in
3374 2073 3572 2144 ipsum.
3603 2069 3778 2125 Ditl'e-

2130 2170 2379 2228 rentiam
2413 2185 2547 2224 vero
2578 2167 2757 2224 Grieci
2791 2164 3078 2222 sermonis
3108 2159 3402 2238 προορίσας
3454 2164 3511 2216 et
3540 2157 3776 2232 ὁρισθὲν-

2128 2281 2222 2321 τος
2253 2263 2274 2294 ²
2304 2259 2550 2315 Datinus
2577 2273 2769 2313 sermo
2799 2272 2914 2311 non
2947 2253 3214 2326 explicat.
3255 2250 3534 2323 Superior
3562 2247 3780 2321 quippe

2132 2366 2325 2406 sermo
2357 2350 2428 2404 ad
2461 2365 2559 2404 eos
2609 2347 2876 2412 refertur,
2922 2343 3023 2416 qui
3071 2347 3242 2398 antea
3270 2357 3387 2396 non
3435 2340 3692 2402 fuerunt,
3725 2340 3783 2392 et

2131 2440 2479 2512 priusquam
2515 2438 2739 2500 ﬁerent,
2769 2436 2840 2491 de
2869 2433 2960 2490 his
3011 2431 3324 2505 cogitatum
3354 2434 3463 2496 est,
3495 2432 3554 2484 et
3582 2431 3784 2500 postea

2133 2518 2546 2585 substiterunt.
2583 2524 2825 2581 Inferior
2853 2539 2985 2578 vero
3025 2523 3096 2577 de
3126 2538 3193 2576 eo
3226 2535 3400 2592 quem
3432 2515 3594 2573 nulla
3623 2514 3784 2588 cogi-

2132 2618 2297 2687 tatio,
2328 2617 2599 2674 voluntas
2629 2613 2792 2671 nulla
2824 2611 3142 2686 praecessit,
3176 2610 3276 2666 sed
3305 2624 3537 2679 semper
3565 2605 3695 2671 fuit,
3728 2608 3788 2660 et

2134 2724 2437 2779 nunquam
2471 2710 2534 2762 ut
2581 2709 2754 2772 esset,
2802 2701 3025 2774 accepit
3071 2699 3394 2756 exordium.
3441 2697 3604 2752 Unde
3635 2699 3802 2750 recte

2133 2812 2290 2852 nunc
2316 2796 2386 2851 de
2417 2795 2511 2850 bis
2540 2793 2640 2865 qui
2666 2809 2799 2848 cum
2846 2794 2978 2846 ante
3008 2805 3124 2844 non
3168 2789 3384 2851 essent,
3419 2787 3621 2856 postea
3650 2782 3788 2837 sub-

2134 2885 2430 2951 stiterunt,
2464 2881 2677 2938 dicitur
2722 2878 3152 2954 προορισθὲντες.
3209 2880 3286 2930 De
3318 2872 3461 2930 Filio
3490 2887 3648 2937 vero,
3677 2870 3786 2924 hoc

2133 2978 2241 3042 est,
2275 2975 2347 3029 de
2379 2970 2622 3028 Domino
2673 2973 2873 3024 nostro
2920 2967 3058 3023 Jesu
3108 2962 3359 3029 Christo,
3411 2960 3470 3015 in
3519 2957 3632 3014 alio
3659 2956 3786 3012 loco

2135 3061 2420 3133 scriptum
2480 3065 2536 3116 et
2567 3057 2890 3131 ὁρισθέντος,
2950 3057 3089 3128 quia
3140 3067 3372 3124 semper
3429 3065 3564 3107 cum
3619 3046 3786 3102 Patre

2135 3147 2264 3202 fuit.
2327 3149 2472 3204 55]
2525 3154 2582 3203 et
2638 3160 2940 3216 nunquam
2998 3158 3134 3198 eum
3191 3144 3256 3195 ut
3304 3141 3474 3206 esset,
3520 3135 3788 3191 voluntas

2137 3241 2378 3308 paterna
2425 3235 2738 3308 praecessit.
2789 3235 2867 3290 Ex
2915 3248 3030 3306 quo
3080 3228 3374 3301 colligitur
3421 3240 3654 3298 semper
3683 3224 3786 3279 Pa-

373 3322 480 3390 Qui
532 3320 777 3376 ambulat
829 3323 953 3377 sine
1015 3321 1256 3388 macula,
1337 3330 1387 3378 et
1443 3329 1698 3394 aperatur
1745 3324 2028 3394 justitiam
2058 3309 2102 3377 C
2140 3329 2314 3394 trem,
2345 3341 2578 3398 semper
2608 3324 2788 3380 fuisse
2816 3321 3049 3388 Filium,
3081 3323 3137 3375 et
3164 3319 3223 3373 in
3255 3316 3471 3390 quibus
3497 3313 3788 3369 aeternitas

373 3410 552 3478 (Psal.
611 3427 728 3476 xw,
781 3411 858 3482 2).
918 3411 988 3465 Et
1042 3410 1103 3466 in
1161 3410 1394 3467 Cantico
1451 3411 1850 3468 canticorum:
1910 3413 2034 3469 Tota

373 3501 626 3572 speciosa
654 3515 729 3569 es,
757 3501 1015 3571 proxima
1074 3515 1214 3568 mea,
1246 3505 1301 3556 et
1355 3499 1580 3557 macula
1629 3519 1741 3558 non
1786 3507 1868 3558 est
1897 3505 1957 3558 in
1987 3510 2036 3559 te

376 3588 560 3658 (Cant.
596 3605 674 3656 xv,
717 3589 794 3660 7).
841 3587 1133 3652 Quaeritur
1189 3589 1481 3661 quomodo
1527 3594 1768 3666 sanctus
1817 3589 1949 3662 quis
1979 3595 2036 3646 et

379 3676 804 3733 immaculatus
832 3676 908 3733 sit
957 3693 1153 3733 coram
1183 3681 1318 3744 Deo,
1371 3695 1504 3734 cum
1546 3679 1830 3750 propheta
1859 3683 2036 3735 teste-

383 3771 503 3834 tur,
557 3765 796 3822 dicens:
857 3767 975 3823 Non
1030 3767 1430 3838 justiﬁcabitur
1485 3769 1546 3822 in
1601 3773 1893 3840 conspactu
1945 3776 2036 3824 tuo

381 3857 563 3912 omnis
590 3855 776 3910 vivens
823 3855 1001 3926 (Psal.
1058 3872 1226 3924 chu,
1274 3857 1351 3927 2).
1405 3861 1522 3912 Aut
1569 3856 1722 3913 enim
1764 3856 1951 3913 sancti
1982 3861 2039 3912 et

382 3941 748 3999 immaculati
780 3960 978 4000 coram
1013 3945 1125 4001 Deo
1156 3944 1391 4017 Ephesii
1427 3950 1584 4017 sunt,
1616 3950 1674 4001 et
1705 3945 1919 4001 falsum
1950 3948 2040 4001 est

383 4031 546 4105 quod
603 4031 850 4090 dicitur:
909 4035 1028 4090 Non
1065 4035 1468 4106 justiﬁcabilur
1513 4036 1575 4089 in
1620 4043 1904 4106 conspectu
1949 4042 2038 4090 tuo

380 4121 558 4177 omnis
589 4122 796 4178 vivens.
830 4123 948 4177 Aut
975 4121 1024 4178 si
1055 4122 1608 4194 nemojustiticatur
1635 4123 1787 4180 550
1817 4123 1875 4177 in
1907 4139 2039 4178 con-

382 4215 585 4282 spectu
621 4210 746 4279 Dei,
780 4209 995 4266 falsum
1043 4216 1132 4267 est
1162 4212 1318 4283 quod
1367 4211 1682 4284 praecessit,
1715 4217 1952 4268 sanctos
1983 4215 2042 4267 et

381 4297 800 4355 immaculatos
833 4315 960 4355 esse
997 4299 1056 4354 in
1088 4307 1401 4372 conspectu
1440 4301 1668 4378 Dei,vad
1703 4302 1858 4372 quod
1886 4301 2037 4356 bifa-

383 4387 536 4443 riam
566 4391 655 4444 est
711 4389 1206 4461 respondendum.
1263 4389 1388 4445 Non
1448 4390 1604 4445 enim
1664 4390 1746 4444 ait
1781 4388 2034 4445 Paulus:

382 4475 576 4549 Elegit
591 4493 698 4533 nos
719 4482 856 4534 ante
875 4477 1350 4535 constitutionem
1370 4478 1596 4548 mundi,
1616 4495 1752 4534 cum
1773 4495 2039 4536 essemus

383 4566 573 4622 sancti
602 4571 660 4622 et
709 4565 1112 4634 immaculati;
1166 4567 1287 4631 sed,
1319 4566 1494 4640 elegit
1540 4585 1644 4622 nos
1676 4573 1743 4623 ut
1773 4585 2040 4624 essemus

2145 3413 2456 3486 comqualis
2513 3419 2621 3480 est,
2653 3412 2922 3469 eamdem
2985 3424 3114 3466 esse
3171 3410 3470 3462 naturam.
3502 3402 3617 3458 Nec
3669 3417 3788 3456 non

2143 3503 2322 3558 etiam
2355 3502 2463 3558 hoc
2494 3501 2886 3570 inferendum,
2915 3499 3069 3571 quod
3093 3512 3227 3553 cum
3259 3492 3632 3568 praedestinet
3660 3506 3788 3558 nos,

2145 3592 2264 3648 sive
2293 3591 2580 3665 praeﬁniat
2633 3591 2741 3663 [AL
2773 3587 3033 3659 deﬁniat]
3081 3586 3256 3650 Deus,
3303 3583 3361 3638 in
3418 3578 3791 3652 adoptionem

2145 3679 2402 3736 ﬁliorum
2434 3697 2537 3753 pcr
2563 3679 2762 3735 Jesum
2795 3677 3116 3740 Christum,
3147 3679 3345 3729 tamen
3377 3686 3492 3726 non
3524 3672 3658 3724 ante
3687 3665 3794 3721 filii

2146 3785 2274 3824 esse
2307 3784 2625 3840 possumus
2657 3767 2764 3838 [AL
2797 3763 3160 3838 possumus],
3209 3759 3322 3816 nisi
3370 3757 3473 3814 filii
3501 3757 3629 3829 ejus
3655 3756 3794 3812 Jesu

2145 3857 2355 3912 Christi
2388 3858 2562 3912 ﬁdem
2599 3860 2657 3912 et
2697 3852 3143 3926 intelligentiam
3194 3848 3567 3921 recipiamus.
3601 3846 3670 3900 Et
3698 3843 3795 3900 ille

2147 3946 2384 4018 quidem
2414 3950 2624 4001 natura
2654 3944 2830 4001 Filius
2861 3948 2970 4011 est,
3014 3957 3121 3996 nos
3160 3955 3294 3995 vero
3325 3936 3655 4008 adoptione.
3690 3932 3796 3988 Ille

2147 4051 2451 4106 nunquam
2487 4034 2669 4090 Filius
2700 4050 2816 4089 non
2851 4031 2996 4087 fuit:
3025 4046 3132 4086 nos
3159 4033 3470 4100 antequam
3502 4037 3792 4089 essemus,

2147 4123 2544 4197 praedestinati
2598 4139 2827 4192 sumus,
2879 4124 2935 4177 et
2963 4123 3102 4175 tunc
3147 4115 3418 4188 spiritum
3463 4111 3794 4184 adoptionis

2147 4212 2502 4284 accepimus,
2536 4213 2772 4284 quando
2806 4208 3164 4265 credidimus
3195 4205 3252 4259 in
3285 4203 3496 4258 Filium
3527 4199 3652 4257 Dei.

2219 4325 2246 4350 ‹‹
2281 4302 2613 4357 Secundum
2645 4300 2925 4373 placitum
2955 4294 3273 4351 voluntatis
3303 4309 3441 4348 suae.
3477 4313 3506 4340 »
3535 4289 3794 4346 Verbum

2149 4387 2417 4454 εὐδοκίαν,
2450 4391 2604 4460 quod
2656 4390 2897 4444 Latinus
2941 4403 3134 4444 sermo
3173 4383 3194 4416 ²
3236 4383 3652 4455 interpretatus
3683 4384 3793 4445 est,

2142 4479 2436 4550 placitum,
2470 4478 2622 4549 apud
2657 4478 2883 4532 Graecos
2916 4477 3304 4551 compositum
3338 4477 3427 4530 est
3467 4489 3535 4528 ex
3565 4470 3795 4527 duobus

2148 4566 2414 4638 integris,
2450 4565 2552 4618 ἀπὸ
2593 4569 2690 4619 τοῦ
2749 4565 2841 4634 Εὖ,
2897 4566 3112 4620 καὶτοῦ
3171 4561 3382 4632 Δοκέίν,
3415 4581 3448 4617 a
3497 4562 3649 4622 bene,
3683 4562 3739 4613 et
3763 4573 3796 4611 a

384 4654 575 4710 sancti
605 4659 663 4710 et
693 4653 1083 4721 immaculati,
1116 4655 1226 4710 hoc
1257 4660 1363 4724 est,
1399 4655 1499 4726 qui
1531 4655 1717 4711 sancti
1744 4661 1801 4711 et
1830 4657 2038 4712 imma-
2070 4684 2118 4748 Β
2144 4657 2366 4728 placito,
2419 4655 2570 4726 quod
2624 4671 2731 4710 nos
2780 4671 3097 4728 possumus
3146 4656 3336 4711 dicere
3366 4647 3793 4748 beneplacitum,

386 4743 563 4800 culati
593 4748 730 4800 ante
769 4760 884 4800 non
933 4743 1176 4812 fuimus,
1219 4747 1284 4799 ut
1331 4747 1532 4817 postea
1560 4761 1845 4802 essemus.
1876 4745 2038 4813 Quod
2070 4735 2114 4748 ⁸
2149 4745 2288 4818 quia
2318 4760 2433 4800 non
2461 4744 2659 4800 statim
2713 4760 2886 4800 omne
2917 4745 3070 4816 quod
3121 4743 3363 4815 placuit,
3403 4744 3460 4796 et
3491 4739 3636 4794 bene
3666 4735 3796 4808 pla-

386 4835 446 4889 et
465 4833 538 4888 de
559 4832 965 4906 peccatoribus
990 4833 1062 4889 ad
1085 4831 1326 4889 meliora
1347 4833 1642 4890 conversis
1691 4833 1802 4889 dici
1825 4839 2036 4905 potest,

386 4926 446 4977 et
475 4921 656 4978 stabit
713 4921 816 4978 illa
871 4921 1192 4980 sententia:
1226 4926 1350 4978 Non
1383 4921 1785 4996 justiﬁcabitur
1824 4926 1885 4977 in
1913 4940 2038 4979 con-

383 5015 578 5082 spectu
609 5015 703 5067 tuo
734 5013 914 5068 omnis
968 5014 1172 5079 vivens,
1227 5011 1284 5067 id
1317 5016 1428 5081 est,
1470 5013 1528 5068 in
1588 5017 1710 5068 tota
1763 5013 1882 5068 vita
1910 5029 2038 5080 sua,

384 5098 447 5154 in
480 5099 639 5155 omni
668 5116 784 5172 quo
811 5100 871 5156 in
901 5102 1122 5156 mundo
1162 5100 1274 5156 isto
1305 5106 1680 5158 conversatus
1709 5103 1815 5174 (At.
1850 5119 2041 5157 versa-

387 5185 508 5261 tus]
538 5193 628 5244 est
657 5193 940 5260 tempore.
981 5189 1144 5253 Quod
1193 5189 1520 5260 quidemita
1567 5190 1952 5259 intellectum,
1983 5196 2042 5247 et

389 5276 700 5333 adversum
731 5293 870 5334 eum
901 5276 1058 5346 facit,
1092 5278 1193 5348 qui
1225 5283 1539 5350 antequam
1564 5279 1822 5336 mundus
1854 5281 2037 5348 fieret,

386 5367 615 5424 animas
673 5367 818 5424 dicit
874 5367 1090 5423 electas
1118 5385 1247 5425 esse
1302 5373 1537 5441 propter
1585 5370 1953 5426 sanctitatem
1983 5375 2042 5426 et

386 5455 617 5516 nullum
647 5457 860 5514 vitium
881 5460 1274 5529 peccatorum.
1302 5461 1424 5515 Non
1453 5458 1631 5527 enim,
1664 5462 1729 5514 ut
1758 5464 1892 5515 ante
1920 5459 2039 5528 jam

465 5690 674 5816 'tldem
734 5708 846 5748 ms.
907 5687 1324 5768 προορίσθὲντος
1371 5697 1428 5749 et
1484 5690 1810 5767 ὁρισθέντος,
1860 5689 2042 5748 ferme

465 5777 483 5816 δ
512 5777 626 5816 ius.

385 5776 626 5826 rectius.

2149 4849 2274 4890 cere
2305 4838 2520 4906 potest,
2555 4834 2656 4890 sed
2688 4833 2767 4889 ibi
2805 4838 3033 4889 tantum
3086 4828 3321 4896 εὗδοκία,
3353 4830 3463 4885 hoc
3493 4831 3602 4893 est,
3637 4827 3794 4882 bene-

2146 4925 2410 4996 placitum
2441 4921 2672 4991 dicitur,
2705 4924 2806 4979 ubi
2849 4924 3005 4995 quod
3046 4921 3286 4994 placuit,
3336 4922 3484 4975 recte
3514 4916 3794 4990 placitum

2149 5013 2581 5084 comprobatur.
2614 5011 2781 5067 Hunc
2811 5015 3005 5066 autem
3057 5024 3387 5066 sermonem
3419 5007 3490 5062 de
3515 5004 3794 5062 Hebraico

2149 5117 2332 5156 assos
2363 5110 2506 5189 μνη,
2557 5099 2940 5173 Septuaginta
2964 5099 3311 5172 interpretes
3343 5092 3794 5189 transtulerunt,

2151 5189 2324 5245 rebus
2357 5183 2522 5245 novis
2549 5206 2696 5245 nova
2724 5188 2899 5243 verba
2947 5189 3249 5261 tingentes.
3285 5185 3572 5242 Invadunt
3600 5183 3798 5255 itaque

2148 5277 2208 5334 in
2269 5277 2374 5334 hoc
2427 5277 2551 5334 loco
2609 5277 2994 5344 occasionem,
3049 5277 3150 5349 qui
3209 5281 3345 5332 ante
3401 5273 3795 5331 conditionem

2150 5367 2377 5438 mundi,
2412 5368 2640 5423 animas
2672 5371 2881 5440 putant
2911 5383 3044 5422 cum
3090 5364 3314 5439 angelis
3344 5370 3402 5420 et
3430 5361 3652 5420 caeteris
3680 5361 3799 5416 vir-

2148 5461 2345 5514 tutum
2377 5455 2717 5513 nominibus
2747 5455 2807 5511 in
2839 5454 3056 5512 caelesti
3105 5455 3431 5512 Jerusalem
3463 5451 3646 5508 fuisse
3671 5466 3794 5505 ver-

2219 5691 2571 5825 ‘Xoculam,
2619 5707 2813 5764 sermo,
2871 5707 2998 5766 quae
3046 5690 3263 5762 deerat,
3325 5685 3512 5742 nostri
3551 5683 3796 5740 intere-

2224 5783 2261 5823 n
2315 5781 2461 5823 mss.

2150 5781 2289 5825 runt
2315 5781 2461 5823 mss.
