4144 6202
349 387 468 450 I79

1597 386 1662 452 S.
1711 390 2022 456 EUSEBII
2064 387 2506 457 HIERONYMI

3635 385 3760 451 480

343 523 523 588 satas,
553 518 708 593 quod
741 537 846 577 nec
882 520 1314 595 beneplacitum
1348 525 1448 582 Dei
1480 528 1518 596 ¹;
1543 545 1648 586 nec
1669 529 1727 586 in
1759 530 1991 590 laudem

2107 542 2190 582 ra.
2229 524 2448 580 Dicitur
2477 523 2693 596 quippe
2714 522 2784 578 ad
2817 521 3002 581 Deum
3031 519 3139 593 [ΑΙ.
3164 524 3318 590 eum]
3347 537 3360 578 :
3391 520 3589 594 Diligis
3632 537 3752 579 om.

343 607 541 681 gloriae
573 610 722 681 ejus,
754 614 810 666 et
839 612 1038 682 gratiae
1071 615 1257 683 possit
1304 617 1572 689 intelligi,
1607 620 1749 676 alios
1784 623 1993 694 nudos,

342 697 648 764 barbaros,
681 714 898 766 servos,
930 701 1153 758 debiles
1182 722 1193 771 ;
1227 704 1374 762 alios
1417 707 1642 777 divites,
1678 711 1991 780 Romanos,

343 787 580 854 liberos,
631 805 839 844 sanos:
893 789 1201 863 ignobiles,
1251 798 1339 850 vel
1391 797 1615 854 nobiles
1664 799 1723 855 in
1769 801 1997 859 diversa

347 877 508 934 orbis
539 881 705 949 parte
744 880 1030 950 generari,
1051 881 1162 936 nisi
1194 899 1381 939 causae
1431 889 1832 956 praecesserint
1863 891 1995 962 qui-

345 967 458 1032 bus
487 983 556 1024 sx
586 967 811 1024 meritis
841 968 963 1023 haec
1011 973 1342 1028 animarum
1395 992 1758 1049 unaquaeque
1789 980 1995 1034 sortita

349 1055 445 1111 sit.
477 1057 548 1112 Et
578 1056 719 1112 illud
753 1060 907 1129 quod
933 1063 1004 1114 ad
1031 1061 1327 1118 Romanos
1347 1064 1634 1135 scriptum
1664 1084 1725 1123 se
1749 1069 1989 1139 quidam

345 1149 556 1215 putant
585 1163 776 1211 nosse,
829 1165 932 1203 nec
978 1155 1229 1206 norunt:
1281 1154 1359 1209 An
1407 1171 1518 1209 non
1565 1155 1723 1212 habet
1749 1166 1993 1228 potesta-

341 1236 451 1292 tem
478 1235 679 1305 ﬁgulus
705 1235 770 1291 de
819 1237 1005 1293 eadem
1047 1256 1228 1295 massa
1255 1243 1444 1309 facere
1490 1244 1648 1300 aliud
1677 1262 1770 1300 vas
1800 1249 1860 1301 in
1894 1248 1990 1302 ho-

341 1338 553 1390 norem,
611 1325 769 1381 aliud
825 1328 885 1380 in
940 1331 1328 1385 contumeliam
1384 1333 1554 1403 (Rom.
1609 1351 1682 1399 1x,
1732 1335 1873 1404 21)?
1920 1337 1991 1390 ad

344 1413 616 1468 eumdem
648 1430 890 1470 sensum
924 1417 1184 1474 referunt
1209 1435 1220 1474 :
1257 1424 1322 1474 ut
1352 1423 1643 1489 quomodo
1669 1423 1786 1480 vita
1816 1424 1988 1494 bona,

343 1500 463 1556 sive
495 1500 668 1568 mala,
729 1503 1043 1572 laboriosa,
1103 1506 1188 1561 vel
1240 1507 1448 1571 facilis.
1501 1509 1718 1564 frustra
1774 1509 1833 1565 in
1879 1511 1990 1568 isto

343 1589 563 1644 mundo
588 1590 804 1661 agitur,
825 1591 938 1646 nisi
961 1593 1271 1650 credamus
1293 1595 1394 1650 Dei
1418 1597 1678 1652 futurum
1696 1599 1990 1668 judicium

231 1689 244 1710 ‘
342 1692 509 1744 esse;
542 1677 624 1733 ita
653 1683 712 1734 et
755 1680 1064 1738 diversitas
1116 1683 1174 1738 in
1208 1683 1317 1739 hoc
1361 1687 1581 1741 mundo
1623 1689 1988 1744 nascentium

333 1765 629 1835 justitiam
663 1766 762 1821 Dei
814 1773 1041 1841 arguat,
1076 1770 1188 1825 nisi
1232 1774 1565 1830 animarum
1603 1780 1810 1834 merita
1841 1797 1991 1850 prae-

343 1855 640 1918 cesserint.
673 1856 730 1910 Si
760 1857 938 1928 enim,
990 1859 1285 1931 inquiunt,
1337 1863 1458 1918 haec
1502 1881 1616 1920 non
1663 1866 1746 1922 ita
1775 1869 2042 1960 accipi-B

345 1960 498 2007 mus,
551 1961 654 2000 nec
702 1945 1134 2018 beneplacitum
1166 1951 1321 2008 552
1365 1951 1680 2008 voluntatis
1731 1956 1830 2010 Dei
1862 1956 1988 2022 erit,

341 2049 448 2088 nec
477 2031 536 2087 in
567 2032 802 2091 laudem
849 2036 1045 2108 gloriie
1091 2043 1148 2094 et
1197 2039 1396 2111 gratiae
1445 2042 1572 2111 ejus
1619 2044 1658 2110 ²,
1693 2043 1840 2100 alios
1871 2045 1990 2102 ele-

340 2121 496 2194 gisse
527 2127 663 2178 ante
691 2126 1167 2183 constitutionem
1218 2130 1444 2195 mundi,
1477 2136 1543 2186 ut
1580 2138 1777 2188 essent
1805 2135 1992 2192 sancti

341 2214 397 2267 et
426 2211 809 2278 immaculati,
843 2219 898 2269 et
927 2215 1212 2272 haberent
1251 2219 1622 2290 adoptionem
1656 2239 1756 2294 per
1790 2224 1991 2279 Jesum

341 2299 677 2357 Christum:
713 2301 859 2358 alios
897 2303 1114 2360 ultimas
1165 2307 1506 2376 conditioni,
1539 2315 1598 2365 et
1645 2312 1832 2383 poenis
1863 2329 1992 2383 per-

342 2388 535 2462 petuis
565 2390 911 2447 destinasse.

414 2477 601 2546 (Vere.
632 2479 711 2547 6).
749 2501 769 2528 α
810 2480 872 2536 In
905 2480 1140 2539 laudem
1169 2483 1364 2555 glorias
1391 2488 1590 2556 gratiae
1613 2506 1753 2555 suae,
1788 2490 1846 2544 in
1877 2506 1994 2561 qua

343 2565 693 2638 gratificavit
743 2584 852 2623 nos
898 2569 956 2624 in
1005 2571 1247 2628 delecto.
1300 2575 1432 2638 Quae
1490 2576 1641 2642 laus,
1693 2577 1992 2649 inquiunt,

344 2651 543 2728 glorise
571 2655 770 2726 gratiae
801 2657 902 2712 Dei
951 2663 1060 2727 est,
1094 2659 1238 2717 alios
1290 2663 1618 2734 gratiticare
1649 2667 1708 2722 in
1739 2666 1991 2733 Christo,

345 2741 490 2804 alios
520 2744 751 2808 aeternis
799 2763 1126 2820 przeparare
1167 2751 1512 2823 suppliciis:
1564 2772 1760 2812 amare
1787 2758 1988 2824 Jacob,

346 2835 662 2904 antequam
685 2835 908 2891 oriatur
937 2853 1006 2892 ex
1028 2841 1190 2896 utero
1214 2858 1228 2908 ;
1253 2841 1446 2898 odisse
1471 2843 1620 2899 Esau
1645 2845 1992 2917 priusquam
2034 2887 2044 2893 .

344 2919 523 2992 digna
551 2922 684 2980 odio
717 2928 1074 2996 perpetraret
1096 2929 1274 3000 (Rom.
1311 2948 1386 3002 ix,
1423 2933 1624 3004 11-13),
1658 2933 1768 2989 nisi
1803 2951 1992 2990 causa;

343 3011 746 3082 praecesserint
791 3030 916 3085 quae
957 3015 1252 3086 justitiam
1301 3018 1400 3075 Dei
1451 3022 1739 3092 probent?
1789 3023 1994 3080 Omnis

343 3113 480 3169 ergo
509 3098 695 3170 gratia
726 3117 903 3172 quam
937 3105 1355 3176 consequimur
1383 3107 1442 3164 in
1478 3109 1748 3181 gloriam,
1779 3116 1837 3166 et
1867 3111 1994 3167 lau-

346 3184 480 3246 dem
511 3187 638 3256 ejus
696 3188 795 3259 qui
843 3207 950 3246 nos
991 3191 1340 3262 justificavit
1388 3197 1492 3266 [AL
1539 3198 1905 3270 gratiﬁcavit]
1933 3199 1992 3254 in

347 3272 574 3341 dilecto,
610 3274 718 3330 hoc
764 3281 871 3345 est,
924 3279 981 3334 in
1032 3279 1278 3338 Domino
1327 3265 1569 3354 nostro:
1593 3290 1651 3342 et
1701 3265 1996 3344 Salvat-ore
2026 3265 2068 3332 (ἶ

347 3362 710 3434 completur:
745 3366 884 3437 quia
921 3368 1144 3440 absque
1182 3372 1490 3443 sapientia,
1534 3375 1790 3441 veritate,
1814 3377 1992 3447 justi-

345 3447 451 3518 tia,
482 3467 641 3522 pace,
674 3453 1094 3526 redemptione,
1127 3459 1466 3531 creterisque
1500 3461 1839 3532 virtutibus,
1873 3464 1997 3520 nul-

347 3535 472 3596 lum
505 3539 724 3594 bonum
745 3540 992 3616 intelligi
1015 3549 1225 3615 potest.
1250 3547 1364 3603 Nec
1395 3551 1717 3620 putandum
1752 3553 1908 3622 quod
1934 3553 1993 3606 in

351 3624 570 3682 Latinis
601 3627 901 3686 codicibus
929 3630 1178 3689 habetur
1206 3637 1491 3708 scriptum
1534 3653 1684 3706 esse,
1716 3641 1776 3694 in
1805 3639 1997 3695 dilecto

347 3713 489 3772 Filio
519 3731 635 3785 suo,
671 3717 772 3772 sed
821 3718 1185 3791 simpliciter,
1227 3726 1286 3779 in
1316 3725 1548 3788 dilecto;
1593 3731 1650 3782 et
1678 3726 1726 3783 si
1758 3727 1997 3800 quidem

348 3806 504 3862 esset
533 3803 826 3872 additum,
859 3807 1052 3864 dilecto
1096 3811 1211 3876 Dei,
1258 3811 1347 3868 vel
1376 3813 1572 3871 dilecto
1602 3817 1811 3881 Patris,
1844 3821 2000 3872 esset

349 3891 599 3964 simplex
627 3893 1036 3968 intelligentia,
1067 3905 1126 3954 et
1155 3902 1421 3957 omnium
1442 3903 1714 3974 opinione
1741 3904 1996 3976 vulgata,

349 3981 505 4054 quod
535 3981 822 4040 Dominus
855 3989 1051 4041 noster
1077 3990 1251 4043 Jesus
1281 3989 1549 4047 Christus
1582 3991 1923 4063 diligeretur
1967 4009 2001 4048 a

351 4067 559 4134 Patre:
591 4072 693 4128 sed
725 4089 840 4129 non
890 4090 1172 4147 magnum
1225 4077 1443 4150 aliquid
1500 4080 1836 4152 proprietati
1871 4079 1998 4135 Filii

352 4160 824 4230 concederemus,
856 4178 992 4220 cum
1022 4163 1106 4220 sic
1138 4164 1320 4222 Filius
1353 4167 1708 4240 diligeretur,
1748 4173 1811 4224 ut
1838 4171 2001 4224 caele-

427 4283 940 4367 ‘AVeriu‘snlegerit,
986 4293 1416 4367 ncc_secundum
1460 4293 1854 4367 beneplacitum
1884 4296 1999 4361 Dei,

356 4353 1051 4438 Rqﬂppe.‘llb.3I,-putn.
1081 4363 1159 4438 27_
1182 4369 1240 4438 et
1268 4380 1414 4438 seq.,
1449 4353 1622 4435 quem
1653 4365 1891 4422 videsis.

427 4425 449 4509 ξ
477 4425 834 4509 additidem
870 4431 1238 4509 Ruﬁnushic
1267 4425 1534 4509 verbum,
1566 4440 1854 4509 referetur.

425 4497 446 4531 ³
479 4497 875 4580 Exscriptores
913 4503 1139 4580 antiqui
1198 4497 1530 4562 nescierunt
1579 4497 1780 4565 Decios
1823 4508 2003 4565 fuisse

356 4569 783 4652 cogniminatos
811 4578 1004 4652 Mures
1033 4569 1214 4652 (utP.
1250 4580 1444 4652 Decius
1475 4583 1595 4652 Mus
1625 4581 1777 4652 apud
1810 4579 1999 4635 Valer.

355 4631 730 4722 Maxim.__lib.
765 4661 782 4698 1
813 4645 879 4722 de
924 4631 1181 4722 Sonipiis.
1235 4631 1448 4720 cupii)
1473 4631 1999 4722 {‘ideé‘sébaraiiiri
2032 4631 2079 4702 Ι)

355 4709 560 4794 legunt
589 4711 764 4770 Mures
820 4716 991 4794 inter_
1017 4717 1210 4774 clades
1255 4709 1402 4792 quas
1435 4709 1611 4776 'Decii
1663 4729 1715 4778 et
1749 4709 1845 4777 alii
1878 4723 2002 4778 suis

356 4784 646 4867 mortibus
679 4789 1081 4867 represserint.
1105 4784 1548 4867 Huncerrorem
1571 4809 1675 4849 nec
1703 4795 1999 4867 Erasmus,

356 4870 460 4937 nec
492 4855 792 4937 Marianus
820 4859 1113 4937 Yictorius
1145 4863 1449 4937 castigavit
1498 4864 1554 4937 in
1589 4881 1695 4919 sua
1727 4855 2000 4934 editione,

357 4926 456 4979 sed
490 4927 978 5008 deinernendatis
1021 4926 1799 5008 inemendiatascripserunt
1831 4926 2002 4991 ambo

355 4999 630 5089 quamvis
653 4999 912 5080 alioquin
952 5004 1189 5089 eruditi.
1211 5005 1341 5061 viri:
1362 5077 1372 5089 _
1394 4999 1616 5089 Codrus
1647 5007 1873 5089 itaque,
1906 5025 2002 5063 rex

353 5067 984 5153 Atheniensium—apro
1045 5076 1241 5144 patriae
1291 5077 1499 5153 salute,
1544 5067 1882 5134 certissimae
1942 5095 2003 5134 se

357 5140 530 5223 morti
560 5140 898 5223 obiectavit;
939 5140 1302 5223 Responsum
1337 5140 1495 5204 enim
1527 5155 1867 5223 acceperant
1898 5155 2002 5206 Pe-

355 5208 724 5282 loponens'es,
758 5212 838 5268 ita
867 5208 1102 5294 demum
1138 5220 1636 5294 sejmperaturos,
1660 5208 1709 5277 ei
1743 5222 2002 5277 hostium

357 5296 551 5368 regem
596 5300 711 5364 non
773 5285 1142 5368 occidissent.
1204 5285 1429 5347 Feféllit
1474 5285 1634 5368 ergo'
1670 5309 1767 5368 eos
1798 5294 2003 5350 habitu

355 5353 630 5437 men‘dici,
662 5371 880 5437 eosque
909 5358 967 5412 in
1001 5376 1419 5437 _suam_necem_
1453 5353 1573 5434 per,
1579 5365 1775 5437 iurgia
1804 5382 2004 5437 provo-

355 5424 559 5508 cando,
592 5443 626 5480 a
657 5424 814 5508 nullo
846 5431 1144 5508 cognitus,
1171 5433 1302 5508 fecit
1348 5424 1522 5508 fidem
1555 5424 2003 5492 dracixlofUnde

353 5496 636 5568 Virgilius
666 5498 865 5573 ecloga
894 5496 1101 5573 q'uinta
1122 5496 1253 5560 haec
1281 5505 1491 5562 habet:

597 5675 604 5728 ς
656 5721 698 5728 η
811 5723 821 5728 _
854 5659 906 5728 S_i
937 5666 1201 5728 quos_aut_
1222 5661 1478 5728 Phyllidis
1507 5664 1675 5728 ignes.

509 5721 613 5772 Aut
640 5721 852 5774 Alconis
881 5721 1050 5774 habes
1078 5723 1282 5784 laudes,
1302 5721 1403 5775 ’ωλι
1425 5721 1605 5790 ,ἱατᾷἱα
1639 5727 1814 5780 Codri.

2104 616 2222 683 nia,
2252 619 2304 672 et
2333 614 2477 669 nihil
2507 614 2706 684 abjicis
2752 627 2940 668 eorum
2968 626 3095 684 qua:
3139 611 3365 680 fecisti:
3394 613 3573 683 Neque
3601 614 3753 668 enim

2102 703 2235 760 odio
2266 702 2397 775 quid
2425 703 2627 759 habens
2659 700 2952 757 condidisti
2996 699 3145 770 (Sap.
3179 715 3256 766 x1,
3288 699 3398 770 25).
3433 704 3549 754 Aut
3578 700 3628 754 si
3660 717 3753 756 es-

2106 797 2192 847 set
2221 792 2576 864 oppositum,
2610 793 2670 846 in
2699 807 2808 862 qua
2837 791 3170 861 gratiﬁcavit
3201 804 3298 844 nos
3330 790 3386 843 in
3418 788 3610 843 dilecto
3636 789 3760 860 prae

2103 883 2376 948 omnibus,
2413 881 2722 936 universus
2753 883 3066 950 scrupulus
3095 878 3306 932 fuisset
3329 875 3580 948 ablatus,
3614 879 3756 948 quia

2103 975 2158 1025 et
2188 971 2547 1042 patriarchas
2577 975 2634 1026 et
2680 968 3014 1040 prophetas,
3055 971 3113 1022 et
3159 982 3363 1021 omnes
3401 970 3634 1022 sanctos
3668 966 3751 1022 vi-

2103 1077 2198 1114 ros
2231 1059 2453 1116 scimus
2483 1077 2516 1114 a
2547 1060 2663 1114 Deo
2697 1058 2880 1113 fuisse
2923 1057 3186 1112 dilectos.
3221 1055 3386 1111 Nunc
3432 1071 3566 1110 vero
3599 1056 3655 1110 in
3685 1072 3752 1112 eo

2103 1149 2259 1221 quod
2291 1147 2557 1204 absolute
2602 1146 2836 1203 locutus
2886 1150 2994 1212 est,
3047 1145 3285 1201 dicens:
3337 1146 3394 1199 in
3426 1144 3639 1211 dilecto,
3673 1145 3756 1200 ita

2104 1237 2270 1304 mihi,
2295 1236 2739 1309 intelligendum
2761 1235 3007 1301 videtur,
3034 1239 3094 1289 ut
3117 1232 3526 1299 subaudiatur,
3552 1234 3620 1288 ab
3641 1249 3757 1290 om-

2101 1327 2286 1382 nibus.
2322 1325 2379 1382 Si
2407 1325 2561 1381 enim
2593 1325 2877 1393 Christus,
2911 1327 2976 1378 ut
3005 1339 3156 1395 saepe
3179 1323 3307 1394 jam
3355 1321 3631 1387 diximus,
3663 1339 3754 1378 sa-

2103 1414 2322 1486 pientia
2377 1419 2486 1484 est,
2533 1413 2787 1486 justitia,
2858 1429 2989 1484 pax,
3022 1411 3329 1482 gaudium,
3398 1411 3754 1467 continentia

2102 1503 2151 1574 (I
2179 1503 2306 1559 Cor.
2363 1521 2400 1573 ι,
2451 1505 2563 1573 30),
2604 1507 2662 1559 et
2707 1507 2932 1571 catera,
2983 1501 3104 1556 haec
3150 1499 3434 1556 virtutum
3473 1499 3753 1556 vocabula

2099 1592 2274 1648 etiam
2308 1592 2366 1647 hi
2415 1593 2514 1664 qui
2565 1591 2730 1664 sequi
2779 1594 3078 1663 nequeunt
3124 1589 3399 1662 diligunt,
3444 1593 3501 1645 et
3549 1587 3753 1646 nullus

2099 1686 2220 1742 tam
2252 1672 2504 1737 confessi
2535 1680 2768 1737 sceleris
2807 1685 2896 1736 est
2943 1683 3007 1734 ut
3036 1696 3152 1735 non
3201 1677 3548 1750 sapientiam
3579 1682 3636 1733 et
3656 1679 3754 1748 ju-

2100 1770 2322 1826 stitiam
2355 1785 2550 1825 amare
2583 1786 2644 1826 se
2670 1769 2843 1826 dicat.
2877 1768 3176 1834 Quomodo
3207 1771 3264 1822 et
3289 1766 3622 1823 substantia
3649 1766 3752 1823 Dei

2100 1860 2364 1915 omnium
2396 1859 2704 1914 hominum
2754 1856 3045 1913 consentit
3092 1855 3312 1928 opinio,
3362 1856 3515 1927 quod
3555 1855 3762 1920 divina,

2101 1949 2196 2014 sit,
2231 1952 2288 2004 et
2319 1946 2541 2003 nullius
2578 1964 2755 2004 sensu
2799 1945 2966 2002 facile
3013 1944 3563 2017 comprehendatur,
3595 1946 3752 1999 errat

2098 2054 2232 2096 vero
2254 2037 2684 2108 unusquisque,
2709 2037 2849 2091 dum
2871 2033 3068 2100 talem,
3092 2034 3178 2090 vel
3200 2033 3378 2089 talem
3398 2049 3524 2089 eam
3549 2037 3743 2104 putat:

2102 2125 2186 2184 ita
2208 2129 2264 2182 et
2283 2126 2601 2192 Christum,
2653 2125 2977 2180 secundum
3017 2123 3171 2182 558
3218 2120 3278 2176 id
3308 2122 3463 2193 quod
3495 2121 3751 2178 diversas

2100 2215 2564 2288 virtutessonat,
2609 2229 2814 2269 omnes
2863 2211 3148 2283 diligunt,.
3188 2211 3323 2268 licet
3354 2210 3552 2282 plures
3583 2210 3750 2267 factis

2101 2321 2217 2360 non
2250 2304 2476 2376 possint
2505 2302 2749 2374 probare
2771 2301 2924 2373 quod
2955 2299 3226 2372 diligunt.
3254 2300 3366 2355 lete
3385 2307 3473 2355 est
3502 2297 3752 2354 dilectus

2101 2409 2274 2464 quem
2307 2393 2530 2448 aestimo
2559 2395 2616 2447 et
2647 2391 2705 2445 in
2729 2390 2880 2447 Isaia
2908 2388 3228 2462 signiﬁcari
3253 2404 3266 2442 :
3296 2387 3533 2444 Cantabo
3561 2387 3752 2444 dilecto

2099 2483 2372 2538 canticum
2399 2482 2582 2538 dilecti
2630 2481 2810 2537 vinem
2863 2493 3002 2536 meae
3058 2479 3185 2547 (lsa.
3219 2495 3273 2543 ν,
3321 2477 3413 2546 1);
3454 2482 3545 2534 et:
3587 2477 3755 2532 Vinea

2098 2571 2248 2640 facta
2279 2573 2356 2624 est
2384 2570 2578 2625 dilecto
2610 2568 2830 2638 (Ibid.);
2865 2571 2922 2623 et
2950 2567 3009 2621 in
3056 2565 3333 2622 vicesimo
3363 2568 3564 2621 octavo
3595 2564 3752 2637 psal-

2103 2674 2235 2724 mo:
2273 2658 2519 2714 Conteret
2549 2659 2810 2714 Dominus
2855 2655 3040 2712 cedros
3071 2655 3291 2722 Libani,
3343 2658 3392 2711 et
3420 2656 3757 2711 comminuet

2101 2764 2209 2818 eas,
2242 2752 2302 2802 ut
2332 2747 2567 2802 vitulum
2608 2746 2827 2817 Libani,
2887 2755 2938 2802 et
2976 2745 3201 2802 dilectus
3255 2744 3397 2800 sicut
3442 2743 3592 2813 ﬁlius
3619 2743 3754 2798 uni-

2100 2838 2363 2892 cornium
2390 2836 2562 2906 (Psal.
2595 2851 2790 2899 xxvui,
2821 2836 2874 2890 5.
2906 2834 2983 2905 6).

2174 2925 2357 2996 (-Vers.
2393 2927 2473 2993 7.)
2503 2947 2531 2974 «
2570 2926 2631 2979 In
2664 2940 2779 2995 quo
2829 2923 3118 2980 habemus
3160 2923 3622 2993 redemptionem
3653 2937 3756 2992 per

2102 3014 2450 3086 sanguinem
2484 3013 2695 3086 ipsius,
2725 3011 3131 3070 remissionem
3167 3015 3556 3084 peccatorum.
3593 3031 3621 3065 υ
3652 3009 3754 3067 llle

2104 3104 2412 3159 redimitur
2443 3102 2541 3174 qui
2572 3101 2838 3174 captivus
2883 3106 2992 3167 est,
3024 3106 3081 3158 et
3118 3101 3178 3157 in
3223 3099 3482 3158 hostium
3515 3098 3752 3156 veniens

2103 3197 2451 3265 potestatem
2482 3192 2630 3248 liber
2678 3207 2806 3248 esse
2853 3189 3099 3247 desivit:
3132 3191 3216 3246 ita
3263 3195 3321 3245 et
3373 3205 3483 3244 nos
3513 3186 3756 3260 quidam

2107 3282 2313 3337 dicunt
2339 3281 2399 3336 in
2431 3280 2540 3338 hoc
2572 3281 2792 3338 mundo
2822 3295 2946 3336 esse
2990 3279 3269 3351 captivos,
3312 3283 3369 3333 et
3395 3278 3508 3337 sub
3540 3274 3758 3348 princi-

2105 3369 2278 3441 pibus
2308 3372 2364 3423 et
2395 3369 2782 3440 potestatibus
2792 3369 2938 3440 jugo
2969 3367 3268 3423 servitutis
3289 3365 3493 3432 teneri,
3519 3381 3624 3420 nec
3651 3381 3754 3420 an~

2103 3461 2159 3514 te
2190 3457 2416 3512 vinctas
2447 3457 2669 3514 catenis
2697 3455 2985 3528 explicare
3033 3472 3267 3525 manus,
3311 3458 3369 3510 et
3395 3453 3596 3517 oculos
3625 3469 3757 3509 sur-

2105 3561 2241 3602 sum
2271 3544 2556 3612 attollere,
2585 3545 2700 3601 nisi
2746 3545 3080 3616 redemptor
3123 3543 3439 3602 advenerit.
3481 3542 3592 3600 Sed
3623 3541 3756 3613 quis

2105 3635 2216 3692 iste
2246 3634 2430 3704 aiunt,
2465 3638 2662 3690 tantus
2691 3638 2748 3689 et
2776 3633 2930 3701 talis,
2963 3634 3065 3705 qui
3100 3633 3287 3705 possit
3313 3630 3497 3703 pretio
3529 3647 3636 3687 suo
3667 3635 3752 3686 to-

2107 3728 2233 3780 tum
2259 3723 2458 3778 orbem
2482 3722 2770 3778 redimere
2789 3722 2818 3776 ?
2839 3723 3010 3778 Jesus
3025 3720 3292 3778 Christus
3316 3720 3493 3776 Filius
3515 3719 3614 3776 Dei
3636 3735 3766 3794 pro-

2107 3812 2304 3886 prium
2336 3810 2684 3884 sanguinem
2745 3811 2925 3879 dedit,
2984 3815 3042 3868 et
3079 3826 3187 3868 nos
3229 3811 3300 3870 de
3347 3807 3624 3866 servitute
3650 3807 3760 3865 eri-

2109 3902 2277 3976 piens
2306 3901 2571 3958 libertate
2609 3900 2865 3958 donavit.
2916 3900 2982 3955 Et
3011 3915 3211 3958 revera
3259 3899 3310 3956 si
3337 3897 3595 3956 historiis
3623 3913 3763 3967 gen-

2107 3989 2299 4046 tilium
2332 3989 2647 4056 credimus,
2683 3989 2839 4059 quod
2870 3987 3114 4051 Codrus,
3145 3991 3206 4044 et
3225 3987 3482 4055 Curtius,
3515 3990 3573 4042 et
3604 3983 3764 4044 Decii

2109 4081 2304 4136 Mures
2333 4080 2354 4112 ³
2385 4077 2750 4150 pestilentias
2774 4078 3034 4144 urbium,
3067 4081 3123 4134 et
3149 4078 3355 4147 fames,
3385 4081 3444 4134 et
3463 4074 3615 4136 bella
3635 4073 3762 4134 suis

2109 4168 2399 4230 mortibus
2450 4167 2854 4238 represserint,
2904 4171 3124 4238 quanto
3174 4166 3364 4239 magis
3403 4164 3513 4222 hoc
3565 4163 3626 4219 in
3659 4162 3763 4224 Dei

2109 4292 2344 4348 Curtius
2373 4305 2506 4346 vero
2539 4288 2897 4357 praenomine
2925 4292 3174 4357 Marcus,
3220 4289 3271 4344 is
3301 4291 3390 4344 est
3421 4283 3762 4357 adolescens

2112 4307 2344 4348 Curtius
2373 4307 2506 4346 vero
2581 4307 2897 4345 raanomine
2925 4307 3174 4357 marcus,
3220 4307 3271 4344 ιε
3301 4307 3390 4344 εει
3421 4307 3762 4344 aanisscens

2112 4307 2842 4440 Rom_anus_nogi_lis,_gui
2889 4377 2972 4428 se,
3005 4377 3116 4440 pro
3165 4359 3354 4440 salute
3395 4358 3616 4440 patria,
3644 4351 3764 4440 diis

2112 4434 2384 4492 Manibus
2415 4432 2660 4489 devovit.
2713 4429 2860 4487 Nam
2917 4429 3051 4488 cum
3102 4436 3258 4488 terra
3314 4431 3375 4488 in
3396 4429 3608 4488 'medie
3638 4429 3763 4486 fore

2110 4505 2334 4589 ingenti
2366 4504 2528 4589 hiatu
2561 4503 2905 4586 desedisset,
2936 4518 3407 4587 responsumque
3437 4506 3610 4570 esset,
3646 4517 3763 4584 non

2112 4571 2398 4633 coituram
2442 4575 2658 4639 labem,
2690 4575 2808 4647 nisi
2851 4571 3166 4647 quisquam
3215 4591 3282 4647 ex
3312 4571 3515 4647 primae
3537 4571 3762 4647 speciei

2110 4648 2578 4704 adolescentibus
2622 4662 2749 4701 sese
2797 4643 3113 4700 in'hiat'um
3166 4643 3494 4716 dejeéisset,
3526 4643 3764 4716 Curtius

2116 4725 2414 4791 acceptam
2449 4735 2482 4773 a
2504 4717 2691 4790 patria
2711 4716 2913 4791 vitam,
2945 4717 3132 4772 eidem
3155 4715 3494 4791 impendere
3516 4732 3647 4791 non
3662 4715 3770 4791 du-

2111 4785 2337 4858 bitavit.
2370 4785 2700 4846 Conscenso
2731 4788 2911 4861 igitur
2943 4805 3130 4861 equo,
3173 4785 3300 4861 sine
3348 4804 3515 4861 mgna
3543 4788 3612 4861 in
3634 4785 3764 4861 hia-7

2112 4857 2236 4920 tum
2271 4861 2632 4936 praecipitem
2658 4857 3156 4936 se_projec_it.‘Liv.
3179 4859 3282 4916 lib.
3305 4876 3382 4936 vi.
3404 4859 3546 4916 Tres
3574 4857 3764 4923 Curtii

2113 4951 2176 4990 se
2207 4931 2308 5006 pro
2339 4931 2527 5006 salute
2555 4931 2885 5006 reipublicae
2905 4931 3308 5006 devoverunt.‘
3340 4934 3598 4988 Duorum
3631 4938 3763 5006 tan-

2111 5001 2239 5061 tum
2272 5005 2541 5060 meminit
2567 5001 2855 5071 Valerius,
2905 5001 3008 5056 lib.
3040 5020 3075 5056 v
3121 5005 3191 5058 de
3237 5003 3446 5058 Pietate
3489 5017 3624 5071 erga
3652 5003 3762 5056 Pa-

2113 5080 2302 5142 triam,
2335 5093 2461 5146 cap.
2495 5077 2547 5142 4,
2581 5074 2708 5146 ejus
2758 5073 2989 5146 scilicet
3027 5074 3126 5145 qui
3179 5073 3552 5146 consulatum
3586 5073 3644 5127 in
3677 5072 3764 5126 fa-

2115 5147 2339 5228 miliam
2371 5144 2539 5228 suam
2571 5144 2798 5228 primus
2825 5144 3125 5228 intulit,’et
3148 5145 3311 5228 filius
3331 5145 3597 5228 ejusdem
3629 5159 3765 5199 con-

2113 5219 2412 5292 sulis,rqui
2437 5215 2618 5292 patris
2648 5215 3241 5292 exemplumsscutus
3265 5215 3375 5292 est;
3407 5221 3486 5273 De
3513 5220 3765 5292 utroque

2113 5285 2380 5347 Valerius
2437 5285 2722 5344 Maximus
2751 5285 2898 5361 _lo'co
2957 5287 3171 5346 citato:
3211 5312 3232 5338 ι
3285 5288 3505 5361 Itaque
3533 5285 3762 5361 ignosci

2112 5363 2362 5419 arduum
2393 5368 2502 5429 est,
2525 5365 2724 5416 utrum
2750 5359 3011 5416 Romana
3035 5361 3236 5417 civitas
3262 5355 3468 5416 utilius
3491 5355 3765 5415 habuerit

2111 5434 2314 5491 Decios
2341 5434 2540 5500 duces,
2575 5449 2648 5487 an
2681 5431 2963 5488 amiserit.
2994 5431 3278 5496 Quoniam
3312 5431 3431 5487 vita
3458 5446 3662 5487 eorum
3691 5445 3764 5486 ne

2109 5507 2442 5562 vinceretur
2488 5503 2734 5572 obstitit,
2787 5519 2946 5559 mors
2992 5504 3129 5560 fecit
3176 5507 3240 5560 ut
3280 5503 3560 5560 vinceret.
3601 5500 3761 5558 Decii

2110 5581 2305 5635 tamen
2339 5581 2455 5633 tres
2501 5577 2757 5648 fuerunt,
2809 5578 3002 5648 pater_
3020 5573 3177 5648 illius
3223 5578 3281 5648 et
3327 5591 3528 5648 nepos.
3562 5572 3760 5630 Cicero

2110 5668 2129 5705 ι
2161 5649 2490 5707 Tusculam:
2531 5670 2552 5698 ι
2600 5645 2748 5702 Nam
2798 5645 3203 5717 cumALatinis
3246 5645 3565 5717 decertans,
3597 5648 3766 5717 pater

2107 5721 2339 5792 Decius,
2371 5719 2508 5777 cum
2557 5717 2859 5778 Hetruscis
2906 5715 3086 5790 ﬁlius,
3139 5717 3314 5778 etiam
3357 5733 3493 5777 cum
3536 5715 3762 5792 Pjrrho.
