4144 6202
340 299 454 362 481

1045 299 1562 360 COMMENTAR.
1610 298 1690 359 ΙΝ
1734 295 1980 360 EPIST.
2025 293 2130 360 AD
2176 291 2449 362 EPHES.
2498 298 2647 362 LIB.
2693 302 2742 375 Ι,
2787 296 2962 365 CAP.
3010 301 3058 364 Ι.

3632 301 3750 372 482

344 434 488 493 Filio
515 429 794 503 possibile
818 429 1208 502 judicandum
1239 435 1346 502 est,
1389 433 1545 504 quod
1605 449 1809 489 cruore
1865 445 1992 497 suo,
2024 433 2081 500 Α
2110 433 2575 505 magnitudinem
2609 451 2724 490 non
2752 437 3086 504 recordans,
3119 439 3190 494 ad
3247 439 3534 498 deteriora
3591 442 3748 500 dela-

344 543 460 581 non
493 524 699 580 urbem
730 535 932 586 unam,
967 521 1066 574 sed
1104 524 1293 576 totum
1327 521 1592 593 purgarit
1621 523 1819 577 orbem
1848 522 1860 576 ι
1886 522 1997 576 Du-

344 614 578 688 pliciter
603 626 738 667 vero
769 607 1014 680 sanguis
1043 608 1277 677 Christi,
1339 614 1395 665 et
1439 627 1570 679 caro
1630 610 1996 682 intelligitur,

343 705 429 761 vel
463 698 791 776 spiritualis
816 697 918 753 illa
947 701 1121 769 atque
1143 699 1341 754 divina
1375 701 1413 766 ί,
1440 701 1511 755 de
1531 717 1648 772 qua
1684 700 1808 772 ipse
1829 700 1993 754 dixit.

345 796 490 851 Caro
513 792 646 846 mea
678 803 805 844 vere
831 790 912 842 est
947 786 1119 857 cibus,
1174 792 1225 842 et
1279 790 1499 858 sanguis
1552 804 1706 844 meus
1760 805 1887 844 vere
1923 795 2002 844 est

342 887 503 955 potus
541 881 701 952 (Joan
751 893 827 946 vr,
861 877 1114 943 56);et:
1175 877 1294 932 Nisi
1345 878 1821 933 manducaveritis
1877 894 1998 933 car-

346 987 474 1028 nem
500 985 698 1038 meam,
731 975 785 1022 et
811 966 1143 1036 sanguinem
1163 981 1346 1021 meum
1393 966 1659 1037 biberitis,
1692 982 1802 1021 non
1835 967 1996 1021 habe-

350 1062 477 1116 bitis
506 1061 679 1114 vitam
705 1059 966 1111 atemam
997 1053 1253 1127 (lbid.5-’i)
1279 1073 1292 1122 ;
1321 1055 1409 1110 vel
1442 1071 1575 1111 caro
1634 1060 1691 1111 et
1733 1057 1996 1129 sanguis,

349 1166 480 1222 quis
511 1145 782 1203 crucifixa
809 1148 917 1211 est,
951 1147 1010 1199 et
1039 1144 1136 1215 qui
1170 1143 1376 1199 militis
1404 1144 1624 1200 effusus
1657 1149 1746 1200 est
1800 1145 2002 1200 lancea

347 1240 530 1309 (Joan.
567 1253 680 1302 XIX,
711 1235 799 1304 33,
831 1235 943 1304 34).
991 1233 1167 1288 Juxta
1217 1232 1368 1288 hanc
1425 1233 1770 1290 divisionem
1826 1239 1882 1290 et
1941 1235 2001 1289 in

349 1325 573 1383 sanctis
594 1326 722 1394 ejus
741 1322 1048 1378 diversitas
1072 1321 1380 1394 sanguinis
1401 1327 1456 1378 et
1477 1323 1668 1379 carnis
1700 1323 2002 1394 accipitur,

349 1414 415 1472 ut
447 1415 562 1472 alia
590 1413 668 1469 sit
697 1427 829 1467 caro
853 1426 980 1482 quae
1030 1411 1230 1466 visura
1278 1416 1364 1466 est
1409 1411 1665 1467 salutare
1719 1411 1819 1467 Dei
1853 1412 2001 1484 (Luc.

349 1521 440 1576 ιιι,
471 1506 566 1575 6):
599 1501 716 1558 alia
745 1516 878 1556 caro
908 1503 964 1554 et
993 1499 1234 1570 sanguis
1266 1516 1394 1571 qua
1435 1516 1680 1572 regnum
1744 1500 1835 1556 Dei
1891 1516 2004 1554 non

357 1598 579 1668 queant
633 1589 932 1663 possidere
991 1589 1039 1658 (I
1094 1590 1221 1643 Cor.
1253 1605 1348 1656 xv,
1405 1590 1518 1660 50).
1577 1593 2010 1660 Cousequenter

358 1687 556 1740 autem
588 1683 720 1752 post
747 1675 1207 1749 redemptionem
1239 1679 1544 1750 sanguinis
1567 1678 1802 1745 Christi,
1855 1679 2010 1735 554

2110 520 2282 589 bitur,
2315 521 2376 576 in
2407 522 2520 578 isto
2552 523 2712 578 dives
2743 525 2931 595 gratia
2959 525 3082 592 Dei,
3114 530 3170 581 et
3200 528 3477 599 epulante
3517 531 3760 604 largitio

2108 615 2446 681 paupertate
2478 615 2773 667 tenuatur.

2179 787 2362 859 (Vere.
2385 789 2465 856 9.)
2501 811 2521 837 α
2559 789 2620 842 In
2652 790 2811 844 omni
2880 791 3167 863 sapientia
3195 798 3251 848 et
3281 797 3588 866 prudentia
3644 818 3752 857 no-

2109 880 2233 930 tum
2268 877 2437 932 nobis
2465 877 2684 933 faciens
2716 880 3059 950 mysterium
3081 882 3394 941 voluntatis
3421 901 3561 942 suae.
3595 911 3622 938 ››
3654 889 3753 944 Sa-

2109 965 2387 1036 pientiam
2422 970 2478 1021 et
2508 967 2878 1037 prudentiam
2906 985 3034 1025 esse
3065 970 3342 1041 diversas,
3376 973 3552 1031 Stoici
3610 993 3754 1048 quo-

2111 1069 2222 1124 que
2278 1053 2611 1126 opinantur,
2645 1056 2940 1112 dicentes:
2989 1080 3015 1108 ι(
3064 1058 3361 1131 Sapientia
3415 1068 3503 1120 est
3560 1081 3755 1123 rerum

2110 1143 2440 1198 divinarum
2472 1142 2983 1218 humanarumque
3004 1149 3258 1220 cognitio
3283 1166 3294 1203 :
3322 1153 3632 1222 prudentia
3661 1172 3757 1210 ve-

2112 1248 2174 1286 ro
2205 1236 2434 1286 tantum
2496 1233 2852 1288 mortalium.
2896 1257 2923 1282 ››
2981 1237 3158 1291 Juxta
3207 1237 3356 1294 hanc
3412 1241 3757 1299 divisionem

2113 1337 2430 1393 possumus
2471 1321 2819 1392 sapientiam
2877 1324 3280 1396 invisibilium,
3335 1331 3392 1383 et
3445 1331 3767 1389 visibilium

2115 1409 2391 1479 accipere,
2427 1412 2795 1481 prudentiam
2826 1429 2957 1467 vero
2993 1418 3216 1470 tantum
3243 1416 3770 1485 visibilium.Que’a-

2116 1499 2268 1553 ritur
2297 1499 2490 1570 itaque
2513 1501 2802 1570 quomodo
2827 1502 2995 1556 nobis
3029 1507 3200 1570 Deus,
3232 1504 3291 1559 in
3326 1507 3486 1561 omni
3537 1511 3772 1582 sapien-

2118 1587 2218 1656 tia,
2253 1592 2309 1641 et
2337 1588 2648 1658 prudentia
2687 1593 2892 1644 notum
2949 1590 3106 1648 555
3166 1593 3370 1648 fecerit
3428 1599 3771 1669 mysterium

2119 1676 2435 1732 voluntatis
2465 1693 2603 1731 suae.
2641 1681 2704 1731 Et
2726 1678 2962 1748 quidem
2996 1679 3254 1750 primum
3288 1683 3635 1756 simpliciter
3687 1703 3776 1742 ac-

355 1769 768 1827 remissionem
787 1765 1079 1838 accepisse
1102 1767 1418 1821 scribimur
1438 1773 1805 1838 peccatorum
1835 1792 1848 1835 ;
1874 1767 2014 1838 quia
2043 1803 2090 1866 Β
2121 1765 2475 1836 cipiendum,
2509 1766 2662 1836 quod
2705 1771 3047 1837 mysterium
3109 1769 3430 1827 voluntatis
3488 1775 3637 1844 ejus,
3695 1791 3777 1830 re-

357 1859 474 1915 nisi
504 1856 789 1927 redempti
821 1855 1129 1920 fuerimus,
1165 1855 1383 1911 frustra
1413 1855 1582 1911 nobis
1613 1860 1851 1927 peccata
1909 1856 2010 1910 do-

357 1947 596 2004 nantur.
627 1945 743 2000 Nec
773 1949 908 1999 ante
936 1942 1166 1998 veniam
1202 1944 1461 2016 accipere
1488 1961 1806 2016 possumus
1839 1944 2014 2000 delic-

358 2041 582 2102 torum,
611 2039 668 2089 et
695 2033 848 2090 servi
880 2047 1007 2088 esse
1041 2047 1366 2102 cessamus,
1423 2033 1537 2088 nisi
1599 2033 1850 2105 pretium
1914 2050 2015 2106 pro

361 2124 534 2180 nobis
565 2126 842 2178 cruentus
870 2120 1167 2192 quondam
1199 2121 1386 2176 victor
1414 2123 1719 2194 acceperit.

438 2211 623 2285 (Vers.
655 2210 735 2282 8.)
761 2233 789 2260 ‹‹
816 2209 1148 2265 Secundum
1179 2209 1409 2266 divitias
1462 2211 1660 2283 gratiae
1717 2211 1845 2280 ejus
1903 2228 2020 2282 qua

366 2303 479 2374 [Αι.
513 2298 661 2373 quae]
691 2298 1008 2354 abundavit
1036 2298 1096 2352 in
1129 2297 1318 2353 nobis.
1357 2321 1383 2347 »
1417 2299 1523 2362 Qui
1580 2299 1854 2370 intelligit
1910 2299 2019 2354 hoc

369 2389 530 2462 quod
561 2388 780 2444 dictum
810 2391 938 2443 est:
973 2386 1164 2442 Gratia
1201 2389 1328 2442 estis
1383 2389 1604 2454 saluati,
1665 2393 1720 2443 et
1777 2404 1887 2443 non
1951 2405 2020 2443 ea:

367 2479 623 2552 operibus
650 2477 868 2547 (Ephes.
901 2492 962 2543 II,
993 2477 1071 2547 8),
1105 2481 1162 2531 et
1191 2475 1618 2548 quinquaginta
1657 2481 1714 2532 et
1744 2477 2019 2549 quiugin-

368 2572 566 2623 torum
597 2564 968 2620 denariorum
997 2565 1057 2618 in
1098 2563 1406 2636 Evangelio
1464 2565 1784 2621 debitorem
1817 2583 1829 2620 :
1868 2566 2022 2637 quod

373 2656 472 2728 qui
505 2655 637 2728 plus
668 2653 1006 2723 dimittitur,
1040 2651 1173 2724 plus
1203 2652 1410 2724 diligat
1448 2658 1604 2722 (Luc.
1637 2671 1735 2725 vn,
1770 2656 1830 2709 41
1892 2655 2021 2724 43);

376 2745 488 2800 iste
520 2746 710 2815 potest
738 2741 886 2797 scire
915 2741 1068 2812 quod
1101 2742 1426 2797 secundum
1458 2742 1690 2798 divitias
1731 2760 1868 2799 suas
1926 2744 2025 2798 Dei

375 2831 568 2905 gratia
593 2829 909 2886 abundarit
933 2829 992 2884 in
1025 2828 1214 2895 nobis,
1256 2830 1509 2886 maxime
1551 2831 1610 2886 in
1645 2831 1900 2887 Ecclesia
1957 2832 2026 2886 de

372 2920 650 2995 gentibus
680 2921 1049 2990 congregata,
1084 2934 1212 2989 quae
1246 2917 1436 2974 aliena
1465 2919 1574 2974 fuit
1606 2935 1639 2974 a
1678 2924 2027 2996 testamento

377 3015 435 3065 et
464 3007 958 3081 promissionibus
993 3005 1185 3075 Israel,
1217 3008 1385 3078 cujus
1416 3007 1626 3064 delicto
1651 3026 1756 3065 nos
1779 3008 2028 3065 salutem

380 3097 680 3155 consecuti
710 3112 940 3151 sumus.
969 3098 1176 3151 Annon
1199 3101 1288 3153 est
1307 3098 1651 3169 magnitudo
1705 3099 2027 3169 gratiarum

2124 1853 2614 1925 demptio'nostra
2643 1854 2741 1919 sit,
2776 1872 2878 1926 per
2904 1858 3254 1928 sanguinem
3290 1859 3417 1914 Filii
3460 1862 3668 1934 ipsius,
3721 1867 3778 1919 et

2127 1943 2395 1998 remissio
2445 1948 2834 2014 peccatorum,
2894 1947 3219 2001 secundum
3282 1948 3515 2005 divitias
3573 1953 3776 2022 gratiis

2127 2033 2254 2102 ejus
2285 2047 2400 2102 qua
2430 2032 2534 2102 [Αι.
2569 2033 2718 2102 qua)
2745 2033 3062 2088 abundavit
3083 2035 3141 2088 in
3167 2036 3335 2091 nobis
3358 2039 3578 2106 (Ephes.
3614 2057 3674 2108 ιι,
3696 2041 3774 2111 7).

2127 2121 2288 2184 Quod
2345 2119 2567 2175 scilicet
2626 2137 2732 2175 nos
2782 2120 2839 2174 in
2900 2121 3130 2177 Domini
3174 2125 3444 2195 passione
3473 2128 3777 2184 credentes

2129 2210 2277 2280 (qua:
2310 2213 2399 2264 est
2429 2207 2678 2264 stultitia
2707 2225 2819 2264 non
2852 2212 3228 2267 credentibus
3271 2214 3343 2283 (II
3397 2218 3525 2271 Cor.
3589 2233 3626 2282 ι,
3684 2217 3776 2288 23)

2129 2297 2477 2369 sapientiam
2511 2297 2916 2367 possideamus
2938 2302 3112 2371 atque
3133 2302 3526 2372 prudentiam.
3560 2305 3779 2361 Deinde

2131 2387 2286 2458 quod
2321 2403 2422 2458 per
2451 2387 2784 2458 Scripturas
2815 2403 2954 2443 suas
2985 2390 3153 2444 nobis
3213 2395 3349 2447 nota
3405 2393 3601 2448 fecerit
3654 2395 3782 2450 uui-

2131 2492 2300 2533 versa
2333 2475 2612 2547 mysteria
2644 2492 2655 2530 :
2690 2478 2985 2546 quomodo
3020 2478 3276 2550 primum
3306 2481 3537 2551 coelum,
3567 2487 3624 2538 et
3671 2487 3783 2539 ter-

2133 2581 2257 2619 ram
2289 2564 2657 2618 machinatus
2684 2564 2779 2628 sit,
2813 2570 2868 2620 et
2898 2568 3096 2622 omnia
3133 2583 3258 2638 qua:
3289 2568 3444 2625 intra
3493 2587 3561 2627 ea
3618 2577 3783 2638 sunt,

2136 2653 2353 2719 fecerit,
2384 2653 2669 2708 ordinarit
2696 2659 2872 2725 atque
2904 2654 3268 2712 distinxerit:
3333 2663 3399 2713 ut
3457 2659 3784 2731 plasmatus

2137 2742 2334 2809 homo,
2365 2748 2422 2797 et
2481 2758 2669 2814 usque
2727 2744 2796 2797 ad
2860 2744 3196 2814 passionem
3253 2747 3469 2802 Christi
3527 2750 3786 2805 mundus

2137 2830 2414 2902 impletus
2447 2830 2541 2898 sit,
2576 2833 2868 2902 quomodo
2899 2848 2968 2886 ex
2994 2833 3324 2889 visibilibus
3355 2851 3423 2890 ea
3465 2853 3592 2907 qua:
3649 2841 3788 2894 sunt

2138 2919 2457 2974 invisibilia
2515 2925 2962 2990 cognoscantur.
3052 2922 3134 2976 Ad
3225 2927 3571 2991 extremum,
3629 2925 3783 2997 quod

2140 3007 2312 3062 etiam
2346 3023 2414 3062 ea
2442 3025 2569 3078 quae
2604 3008 2662 3062 in
2711 3013 2867 3063 terra
2927 3014 3084 3078 sunt,
3145 3011 3432 3081 sapientia
3485 3011 3788 3086 indigeant

2141 3102 2315 3167 atque
2347 3097 2677 3168 prudentia.
2721 3099 2943 3162 Quotus
2999 3098 3155 3153 enim
3214 3099 3462 3172 quisque
3518 3105 3788 3158 nostrum

377 3189 436 3243 in
466 3185 666 3253 Paulo,
698 3190 756 3241 et
787 3186 845 3239 in
877 3184 1099 3241 caeteris
1131 3186 1370 3249 sanctis,
1402 3168 1473 3241 de
1511 3168 1732 3257 quibus
1773 3188 2024 3245 dicitur:
2059 3168 2101 3234 (ἶ
2141 3187 2252 3241 scit
2312 3185 2452 3257 quid
2510 3184 2587 3240 sit
2643 3184 2780 3239 illud
2817 3187 2970 3257 quod
3002 3203 3136 3242 aves
3180 3168 3247 3242 in.
3269 3168 3402 3245 aera
3445 3193 3786 3264 suspendat,

373 3277 607 3334 Nescitis
665 3276 925 3346 quoniam
979 3275 1201 3343 angelos
1245 3274 1617 3345 judicabimus
1674 3277 1722 3347 (Ι
1773 3277 1891 3331 Cor.
1947 3296 2026 3349 v1,

375 3365 479 3438 3)?
505 3370 559 3420 et
589 3363 649 3419 in
679 3361 795 3418 alio
827 3362 985 3431 loco;
1019 3364 1081 3418 In
1110 3379 1272 3434 quem
1309 3362 1619 3419 desiderant
1656 3367 1840 3436 angeli
1905 3383 2028 3423 con-

375 3455 629 3509 siderare
663 3453 715 3523 (Ι
738 3453 881 3509 Petr.
918 3468 953 3523 I,
987 3449 1116 3523 l2);
1161 3458 1217 3508 et
1273 3469 1551 3508 rursum:
1613 3455 1796 3522 Pater,
1849 3455 1919 3510 da
1973 3464 2034 3512 ut

377 3543 645 3616 quo-modo
675 3557 772 3611 ego
801 3545 851 3596 et
881 3546 940 3596 tu
971 3557 1144 3596 unum
1171 3557 1381 3613 sumus,
1412 3544 1492 3597 sic
1519 3546 1570 3598 et
1600 3544 1710 3614 ipsi
1761 3547 1820 3598 in
1877 3546 2034 3600 nobis

379 3649 557 3688 unum
586 3631 700 3686 sint
731 3632 908 3700 (Joan.
942 3647 1078 3684 xvu.
1109 3630 1222 3702 2i).
1256 3631 1373 3686 Has
1420 3631 1653 3687 divitias
1709 3633 2032 3705 gratiarum

380 3722 483 3776 ille
511 3719 569 3775 in
601 3735 663 3775 se
689 3735 804 3774 non
836 3718 973 3774 facit
1001 3735 1233 3791 vacuas,
1267 3719 1367 3791 qui
1398 3725 1684 3792 quantum
1717 3721 1869 3778 valet
1926 3722 2033 3777 hu-

389 3826 568 3864 mana
606 3807 910 3880 fragilitas,
940 3807 1163 3876 nititur,
1197 3809 1441 3879 laborat,
1491 3815 1664 3880 atque
1721 3812 2035 3879 contendit,

390 3889 613 3954 etcum
645 3896 918 3968 Apostolo
949 3896 1247 3969 loquitur:
1285 3899 1473 3954 Gratia
1529 3899 1649 3969 ejus
1688 3901 1749 3954 in
1794 3917 1879 3955 me
1929 3917 2038 3955 non

389 3988 506 4059 fuit
566 3987 782 4040 vacua3
841 3986 888 4058 (I
917 3986 1041 4042 Cor.
1094 4003 1187 4054 xv,
1249 3988 1357 4055 10).
1420 3987 1527 4052 Qui
1585 4004 1717 4043 vero
1774 3988 2038 4044 beneficii

393 4109 598 4165 nepos,
635 4108 695 4147 se
721 4093 982 4148 hostium
1013 4092 1146 4149 telis
1185 4091 1554 4164 obiecissent,
1591 4116 1619 4142 »
1678 4099 1787 4151 etc.
1851 4097 2039 4154 MART.

391 4164 768 4239 ——’Not_atum
802 4171 858 4220 et
888 4166 1220 4222 Martiaan
1251 4164 1438 4239 Deciis
1468 4165 1576 4220 hoc
1604 4165 1794 4239 fuisse
1828 4184 2042 4239 cogno-

393 4251 531 4291 men
591 4234 786 4304 Mures,
844 4244 1180 4309 veteresque
1242 4237 1384 4309 adeo
1445 4252 1680 4308 peccare
1737 4234 2040 4309 editio—nes,

395 4324 524 4383 quae
556 4309 870 4383 separatim
899 4308 1102 4383 legunt
1130 4309 1324 4383 mures,
1368 4308 1636 4380 interque
1683 4326 1780 4364 eas
1839 4308 2043 4366 nume-

397 4375 535 4434 Eant
563 4375 775 4452 clades,
808 4375 1033 4452 quasve
1082 4375 1439 4452 ,Deciisjsua
1495 4375 1650 4435 unus
1702 4383 2046 4452 represserit

396 4456 610 4505 morte.
642 4449 769 4507 Nos
788 4449 857 4507 ad
889 4451 1257 4508 verissimam
1296 4449 1604 4505 lectionem
1668 4449 2044 4508 asserendam

2141 3274 2326 3347 pisces
2359 3274 2415 3327 in
2450 3273 2748 3340 fluctibus,
2795 3291 2898 3330 nec
2956 3292 3071 3330 non
3104 3278 3126 3310 ‘
3182 3276 3490 3334 hominum
3549 3296 3788 3352 gressus

2144 3367 2499 3436 promoveat,
2524 3368 2580 3417 et
2610 3361 2831 3418 rabiem
2865 3363 3065 3419 incitet
3103 3366 3424 3422 bestiarum
3445 3367 3474 3422 ?
3528 3369 3637 3424 Sed
3686 3369 3790 3440 qui

2143 3452 2393 3523 diligens
2424 3451 2605 3507 lector
2634 3456 2741 3518 est,
2773 3455 2969 3508 statim
3002 3453 3171 3509 nobis
3209 3454 3353 3510 illud
3383 3461 3638 3528 Opponet
3669 3475 3682 3513 :
3735 3457 3791 3512 Si

2143 3559 2210 3598 ex
2242 3546 2402 3614 parte
2434 3539 2730 3612 cognoscit
2762 3539 2998 3611 Paulus,
3029 3548 3087 3597 et
3123 3559 3190 3597 ex
3240 3559 3402 3614 parte
3460 3545 3793 3617 prophetat,

2144 3637 2200 3687 et
2227 3646 2380 3685 nunc
2412 3629 2566 3684 videt
2592 3646 2692 3700 per
2733 3629 3038 3700 speculum
3094 3631 3151 3685 in
3207 3633 3512 3704 aenigmate
3569 3635 3619 3706 (1
3671 3633 3791 3690 Cor.

2145 3737 2268 3784 xm,
2297 3721 2352 3784 9,
2390 3719 2496 3787 l2),
2531 3719 2822 3788 quomodo
2855 3719 2939 3774 vel
2971 3718 3103 3791 ipsi,
3131 3720 3214 3776 vel
3250 3721 3538 3792 Ephesiis,
3582 3722 3641 3777 in
3673 3739 3795 3778 om-

2149 3811 2206 3864 ni
2237 3807 2521 3880 sapientia
2553 3811 2728 3877 atque
2752 3808 3060 3878 prudentia
3091 3809 3191 3864 Dei
3232 3812 3576 3884 mysterium
3635 3828 3795 3868 reve-

2148 3898 2333 3953 latum
2365 3896 2498 3952 est?
2555 3896 2670 3950 Hac
2730 3897 2922 3966 itaque
2982 3898 3329 3954 necessitate
3387 3899 3798 3971 compellimur

2151 3990 2377 4042 mutare
2425 3984 2687 4040 ordinem
2748 3984 3032 4057 lectionis,
3091 3992 3148 4041 et
3203 3987 3428 4043 facere:
3489 3988 3798 4043 Secundum

2151 4097 2244 4150 cat
2272 4092 2678 4162 Hieronymus,
2711 4091 2851 4162 quia
2889 4092 2948 4146 in
3005 4098 3368 4148 sacramento
3418 4093 3799 4150 Eucharistiae

2151 4165 2347 4247 divina
2374 4163 2587 4247 virtute
2645 4169 3058 4247 consecratur;
3118 4163 3553 4247 spiritualisnet
3596 4164 3797 4247 invisi-

2155 4236 2287 4290 bilis
2309 4235 2514 4309 existit
2539 4235 2602 4309 in
2635 4250 2699 4288 eo
2724 4250 2837 4309 ;_ac
2863 4235 3117 4309 denique
3149 4235 3582 4309 indivisibiliter
3609 4241 3666 4309 et
3687 4237 3801 4309 spi-

2153 4305 2443 4363 ritualiter
2463 4305 2572 4358 sub
2604 4305 2795 4375 specie
2823 4304 3038 4360 visibili
3070 4307 3326 4361 sumitur
3376 4313 3434 4362 et
3491 4304 3804 4364 manduca-

2153 4383 2268 4433 tur.
2302 4375 2574 4439 Quamvis
2604 4381 2800 4430 autem
2834 4376 2925 4431 his
2957 4377 3231 4433 omnibus
3263 4379 3453 4434 modis
3497 4379 3574 4434 sit
3606 4379 3802 4434 divina

2155 4465 2286 4504 caro
2317 4453 2372 4502 et
2403 4445 2726 4517 spiritualis
2751 4463 2762 4501 ε
2789 4463 2921 4502 vera
2951 4452 3146 4503 tamen
3179 4465 3246 4504 ac
3277 4449 3684 4507 substantialis
3712 4455 3801 4506 est

397 4521 669 4600 quaedam
697 4522 1072 4600 laudabimus
1091 4522 1468 4600 antiquorum
1498 4521 1852 4600 testimonia.
1887 4524 2042 4600 Cice-
2075 4527 2120 4590 Ι)
2144 4523 2315 4600 juxta
2343 4516 2837 4600 comparationem
2873 4534 3049 4600 quam
3081 4526 3526 4600 consequenter_
3548 4522 3804 4600 instituit

396 4592 830 4667 rotﬂlilippica
861 4613 985 4666 xm,
1018 4592 1282 4667 n.13:’«
1319 4593 1420 4667 Est
1465 4594 1641 4667 etiam
1701 4593 1780 4648 ibi
1842 4598 2046 4650 Decius

400 4663 476 4738 ab
506 4663 644 4736 illis,
669 4663 741 4721 ut
771 4663 996 4738 opinor,
1038 4666 1306 4738 Muribus
1358 4663 1615 4738 Deciis.»
1679 4671 1789 4738 e_tc.
1854 4667 2048 4722 Livius

400 4733 504 4790 lib.
537 4733 681 4806 vui;
714 4761 740 4787 ‹‹
775 4733 1048 4794 C‘reavere
1078 4754 1229 4793 coss.
1263 4737 1329 4791 T.
1363 4734 1644 4807 Manlium
1685 4736 2048 4807 Torquatum

405 4823 491 4872 ιιι,
525 4814 582 4864 et
611 4814 672 4866 P.
705 4809 945 4866 Decium
975 4814 1217 4865 Murem.
1252 4830 1280 4857 ››
1323 4808 1472 4862 Tum
1533 4805 1634 4860 lib.
1666 4824 1696 4860 x
1729 4823 1743 4861 :
1805 4805 1837 4855 ‹ἷ
1889 4813 2046 4864 Coss.

403 4879 635 4946 noviQ.
687 4881 902 4937 Fabius
958 4881 1249 4937 Maximus
1308 4895 1390 4945 ιιι,
1446 4881 1508 4930 Ρ.
1569 4876 1780 4932 Decius
1837 4879 2049 4935 Mus.»

400 4948 653 5022 Demum
682 4953 1014 5022 Frontinus,
1046 4954 1113 5009 de
1135 4950 1584 5022 Aquaeduciibus:
1653 4973 1673 4997 ι
1735 4950 1919 5021 Appia
1977 4952 2049 5006 M.

401 5020 634 5079 Valerio
691 5024 964 5092 Maximo,
1002 5020 1085 5080 'P.
1147 5020 1316 5078 Decio
1377 5021 1539 5075 Mure
1569 5035 1719 5076 coss.
1752 5020 1903 5077 anno
1934 5040 2051 5089 xxx,

398 5095 818 5177 ppst‘initium
879 5095 1183 5177 S-amnitici
1245 5092 1378 5148 belli
1438 5092 2052 5177 inducta-est_Appio

401 5161 663 5232 Claudio,
703 5191 724 5217 ι
760 5172 872 5224 etc.
908 5169 1082 5224 Porro
1114 5168 1336 5236 absque
1366 5171 1746 5288 cognomento
1801 5161 2052 5221 Murium

406 5235 704 5288 notissimi
734 5243 852 5288 tres
883 5244 1022 5288 sunt
1051 5241 1109 5288 in
1143 5243 1404 5288 Romana
1476 5234 1679 5288 istoria
1717 5236 1891 5288 Decii.
1956 5254 2052 5288 Da-

406 5235 705 5308 notissimi
734 5243 852 5295 tres
883 5244 1022 5295 sunt
1051 5241 1110 5294 in
1143 5235 1404 5308 Romana
1433 5235 1680 5308 historia
1717 5236 1891 5305 Decii,
1953 5254 2053 5308 pa-

2157 4589 2311 4664 idem
2352 4589 2760 4664 Hieronymus,
2785 4589 2874 4664 _de_
2894 4589 3227 4647 diversitate
3257 4589 3648 4664 sanguiniset
3677 4607 3803 4664 car-

2158 4662 2341 4719 nisin
2375 4658 2610 4714 homine
2665 4658 3036 4734 Christiano.
3078 4666 3257 4717 MART.
3317 4658 3398 4702 -ἶ
3443 4668 3632 4734 Atque
3690 4661 3800 4734 hoc

2165 4749 2370 4790 rursus
2421 4735 2685 4785 notatum
2719 4736 2853 4786 ante
2893 4749 2997 4786 nos
3028 4733 3380 4797 Martianzeo,
3442 4733 3803 4804 spiritualem

2165 4807 2270 4861 abs
2300 4804 2647 4876 Hieronymo
2676 4819 2909 4876 carnem
2941 4804 3075 4870 dici,
3105 4806 3260 4876 quod
3299 4805 3804 4876 inﬂEucharistiaa

2165 4873 2530 4933 sacramento
2558 4873 2902 4945 spiritualis,
2934 4880 3107 4945 atque
3126 4873 3450 4931 invisibilis
3480 4876 3575 4940 sit,
3611 4875 3808 4931 divina

2163 4956 2357 5005 tamen
2391 4952 2448 5000 et
2477 4961 2611 5018 vera
2642 4961 2795 5016 caro,
2831 4952 2896 5000 ut
2933 4963 2999 5000 ex
3030 4949 3156 5018 ipso
3190 4951 3459 5002 contextu
3491 4947 3696 5018 liquet.

2233 5019 2462 5088 ’Eque
2501 5017 2648 5071 bene
2712 5033 2865 5090 unus
2916 5017 3319 5073 Cisterciensis
3371 5035 3506 5086 ms.,
3555 5017 3634 5075 Et
3684 5033 3809 5090 qua?

2160 5092 2358 5147 militis
2388 5089 2578 5160 effossa
2602 5095 2685 5160 est
2717 5089 2927 5160 lancea.

2231 5157 2545 5215 3Notanda
2602 5157 2770 5213 lectio
2828 5160 3046 5231 codicis
3121 5160 3547 5222 Cisterciensis.
3606 5177 3803 5231 parva,

2165 5250 2266 5306 pro
2297 5247 2507 5306 vacua;
2537 5245 2673 5306 nam
2704 5233 2761 5284 et
2802 5229 3022 5306 scimus
3071 5232 3388 5306 vetustiora
3440 5229 3660 5306 Latinae
3717 5229 3808 5288 in-

408 5305 518 5374 ter,
551 5307 731 5379 ﬁlius,
756 5316 813 5367 et
843 5326 1043 5382 nepos,
1097 5311 1196 5382 qui
1253 5307 1343 5382 adg
1374 5321 1497 5382 n0n_
1541 5306 1774 5382 dubiam
1827 5300 2057 5363 mortem
2164 5300 2596 5382 terpretationis
2626 5300 2980 5382 exemplaria
3018 5303 3343 5382 praetulisse
3402 5303 3591 5382 oli_m,__
3619 5319 3806 5382 parca,

403 5377 795 5446 cucurrerunt,
827 5386 890 5436 ut
918 5377 1002 5437 ait
1027 5377 1220 5438 Cicero
1251 5397 1268 5433 1
1305 5379 1515 5433 Tuscul.
1547 5377 1852 5446 disputat.,
1890 5397 2053 5434 num.

405 5447 574 5503 37:«
609 5455 749 5508 Cum
785 5454 1004 5509 Latinis
1061 5455 1366 5508 decertans
1421 5452 1584 5521 pater
1638 5447 1866 5521 Decius,
1922 5467 2055 5506 cum

404 5523 713 5596 Hetruscis
742 5525 920 5596 ﬁlius,
954 5541 1086 5581 cum
1119 5523 1338 5596 Pyrrho
1369 5520 1570 5596 nepos.
1605 5520 1858 5596 »_C_odri_
1889 5522 2059 5596 Athe-

408 5592 710 5670 niensium
743 5589 918 5670 regis,
953 5602 1010 5653 et
1038 5589 1221 5652 Curtii
1251 5589 1497 5649 Romani
1530 5589 1745 5662 equitis
1801 5591 2058 5650 historia

405 5665 714 5726 neminem
743 5665 945 5726 latent.
1303 5713 1310 5721 .

483 5737 503 5778 ‘
534 5732 804 5800 Divinam
832 5739 930 5798 hic
957 5742 1016 5798 et
1061 5733 1426 5815 spiritualem
1454 5749 1689 5793 carnem
1718 5732 1932 5794 Christi
1960 5751 2057 5795 vo-

2165 5394 2233 5432 ex
2254 5370 2377 5446 quo
2412 5370 2858 5438 Ambrosiaster,
2886 5370 3158 5446 paupera,
3194 5376 3400 5445 legisse
3458 5370 3694 5446 dicitur,
3752 5380 3809 5430 et

2185 5445 2397 5517 iauper.
2421 5447 2652 5517 Graecus
2713 5459 2944 5515 quoque
2985 5445 3169 5517 variat
3225 5451 3418 5517 textus
3472 5447 3529 5500 in
3589 5445 3810 5516 aliquot

2185 5466 2388 5517 iauper.
2421 5466 2652 5498 υΓᾶΞυυδ
2713 5466 2944 5515 quoque
2985 5466 3169 5500 variat
3225 5466 3381 5502 texw

2161 5466 2352 5584 libris,
2386 5515 2447 5590 in.
2475 5514 2692 5590 quibus
2723 5520 2814 5590 est
2842 5516 3064 5590 πτωχὴ,
3098 5534 3202 5588 pro
3230 5516 3381 5590 κενῂ-

2237 5592 2258 5623 ⁴
2289 5584 2846 5660 Perplacuitisthisc
2875 5584 3210 5660 nostrorum
3258 5584 3426 5645 codd.
3485 5591 3660 5660 atque
3717 5588 3809 5644 in-

2167 5659 2376 5745 primis
2394 5655 2873 5745 'Cistercieusium
2905 5658 3093 5741 lectio,
3126 5675 3362 5745 necnon,
3408 5675 3513 5730 pro
3543 5655 3660 5745 quo
3687 5663 3812 5745 erat

2170 5728 2232 5790 in
2251 5728 2502 5804 vulgatis
2527 5732 2696 5791 antea
2715 5728 2883 5793 libris
2902 5728 3272 5796 incommodo
3293 5728 3492 5806 sensu,
3507 5728 3618 5790 non
3635 5732 3810 5794 mea.
