4144 6202
337 260 454 329 483
1589 260 1654 324 s.
1702 253 2010 356 EUSEBII
2055 261 2500 330 HlERONYMI
3628 269 3748 333 434

337 401 604 476 placitum
625 397 919 454 voluntatis
973 412 1106 463 suae,
1161 395 1223 450 in
1276 393 1500 451 laudem
1545 395 1736 466 gloriae
1789 396 1985 465 gratim
2016 395 2071 461 Α
2099 395 2385 450 recordari
2417 395 3024 469 eorumincipiatquas
3043 395 3282 455 audivit.
3305 397 3525 456 Sensus
3546 399 3749 474 itaque

343 508 476 557 suae,
510 491 567 544 in
607 504 716 560 qua
751 485 1084 558 grati/ienuit
1112 501 1209 540 nos
1240 487 1300 539 in
1325 485 1563 540 dilecto:
1594 485 1658 539 in
1687 499 1790 556 quo
1824 484 1986 538 habe-

337 596 460 636 mus
488 578 914 649 redemptionem
935 591 1038 647 per
1072 575 1397 646 sanguinem
1450 575 1643 645 ipsius,
1701 574 1984 628 remissio-

336 685 462 726 nem
514 669 879 741 peccatorum,
936 663 1234 720 secundum
1304 663 1529 718 divitias
1578 664 1785 731 gratiae
1849 663 1984 733 ejus,

255 781 260 784 ·
333 776 441 831 qua
471 755 775 814 abundavit
805 756 868 810 in
888 753 1044 809 nobis
1076 754 1136 807 in
1164 753 1316 808 omni
1343 753 1614 823 sapientia
1640 759 1691 806 et
1745 751 1985 822 pruden-

331 849 432 916 tia,
463 851 522 903 et
551 861 685 902 cum
716 844 1022 914 hucusque
1054 840 1516 908 distinxerimus,
1568 856 1682 912 quo
1739 839 1980 907 scilicet,

332 937 485 994 omni
512 935 784 1006 sapientia
813 936 862 988 et
885 930 1202 1002 prudentia,
1235 930 1308 985 ad
1368 929 1671 1000 superiora
1720 929 1979 999 jungen-

330 1032 448 1093 tur,
482 1024 753 1094 deinceps
783 1021 1103 1076 inferamus
1139 1037 1151 1075 ε
1183 1020 1379 1074 Notum
1406 1018 1617 1092 faciens
1645 1018 1802 1073 nobis
1857 1034 1977 1088 my-

327 1116 556 1171 sterium
599 1112 896 1168 voluntatis
951 1124 1069 1165 suae
1122 1107 1420 1164 secundum
1470 1109 1740 1178 placitum
1792 1122 1976 1162 suum.

329 1204 523 1259 Potest
554 1205 750 1257 autem
782 1202 838 1254 et
867 1190 1276 1253 hac'manente
1323 1194 1634 1265 sententia,
1697 1195 1851 1267 quod
1911 1212 1978 1250 ex

328 1297 491 1366 parte
509 1290 765 1358 videant,
798 1295 850 1343 et
872 1303 940 1342 ex
964 1290 1127 1358 parte
1157 1285 1524 1358 prophetent,
1559 1283 1793 1340 nuncin
1816 1284 1976 1340 omni

327 1379 612 1453 sapientia
653 1382 710 1434 et
770 1375 1100 1448 prudentia,
1159 1374 1271 1430 dici
1331 1373 1649 1430 revelatum
1708 1371 1790 1429 eis
1847 1389 1976 1428 esse

325 1469 689 1544 mysterium.
724 1466 848 1522 Non
909 1481 1023 1537 quo
1084 1464 1198 1536 ipsi
1246 1463 1304 1518 in
1357 1463 1515 1518 omni
1575 1461 1860 1534 sapientia
1919 1465 1976 1517 et

323 1557 635 1632 prudentia
657 1554 1005 1628 mysterium
1037 1553 1368 1618 didicerint,
1402 1552 1502 1607 sed
1536 1552 1690 1606 Deus
1718 1551 1780 1606 in
1811 1549 1972 1606 omni

321 1647 610 1720 sapientia
638 1661 747 1700 sua
764 1649 937 1714 atque
959 1641 1290 1714 prudentia,
1311 1641 1480 1712 juxta
1503 1640 1659 1712 quod
1691 1637 1972 1711 consequi

321 1739 608 1809 poterant,
642 1734 725 1789 eis
758 1731 1100 1804 mysterium
1150 1729 1507 1828 revelaverit.
1777 1751 1804 1778 ‹‹
1869 1729 1968 1828 Se-
2002 1764 2049 1828 Β

321 1825 579 1880 cundum
613 1821 894 1894 placitum
927 1836 1101 1875 suum
1133 1819 1287 1890 quod
1316 1817 1620 1891 proposuit
1676 1817 1733 1872 in
1785 1834 1849 1872 eo
1906 1817 1967 1873 in

321 1911 752 1985 dispensatione
782 1907 1183 1982 plenitudinis-
1198 1912 1550 1980 temporum.
1582 1927 1608 1958 ι)
1660 1907 1850 1979 Supra
1880 1906 1968 1960 di-

319 2007 502 2070 xerat,
539 1999 834 2060 secundum
894 1999 1160 2070 placitum
1216 1997 1510 2052 voluntatis
1565 2011 1734 2060 suae;
1790 2012 1966 2066 nunc,

316 2090 611 2147 secundum
635 2089 906 2162 placitum
934 2104 1116 2155 suum,
1149 2085 1445 2141 voluntate
1500 2085 1822 2141 detracta‘.
1885 2083 1966 2138 Ibi

316 2177 676 2254 προορισμὸν,
710 2177 769 2232 id
802 2181 910 2244 est,
939 2175 1475 2248 praedestinationem
1529 2174 1591 2229 in
1621 2172 1969 2244 adoptionem

221 2257 228 2264 ’
315 2269 561 2338 ﬁliorum
614 2282 715 2338 per
766 2266 947 2320 Iesum
1005 2264 1286 2319 Christum
1341 2263 1569 2334 posuit:
1649 2261 1743 2316 hic
1830 2277 1964 2316 vero

315 2356 588 2430 πρόθεσιν,
623 2355 676 2409 id
742 2358 830 2409 est
883 2353 1330 2424 propositionem.
1390 2352 1545 2406 Inter
1592 2350 1969 2421 praedestina-

315 2446 534 2500 tionem
566 2447 762 2498 autem
795 2450 850 2497 et
880 2440 1267 2513 propositum,
1299 2439 1360 2493 hi
1414 2438 1512 2510 qui
1569 2437 1761 2493 solent
1820 2437 1970 2493 inter

313 2533 490 2588 verba
545 2531 854 2598 discutere,
915 2529 1024 2584 hoc
1091 2533 1364 2584 asserunt
1445 2527 1748 2591 interesse,
1809 2526 1965 2598 quod

315 2619 746 2694 praedestinatio
778 2617 1028 2688 alicujus
1078 2617 1157 2672 rei
1219 2615 1403 2671 multo
1463 2605 1595 2671 ante
1655 2615 1714 2669 in
1774 2619 1968 2669 mente

316 2711 444 2781 ejus
476 2709 574 2781 qui
617 2708 870 2764 destinet
915 2706 1057 2779 quid
1113 2706 1376 2761 futurum
1438 2705 1534 2773 sit,
1597 2704 1964 2776 praeﬁgunt:

316 2798 682 2872 Propositum
715 2801 931 2861 autem,
967 2811 1100 2850 cum
1117 2796 1241 2866 jam
1273 2794 1463 2849 vicina
1484 2793 1560 2848 sit
1587 2792 1962 2858 machinatio,

315 2893 374 2944 et
404 2905 550 2961 pene
575 2885 985 2959 cogitationem
1016 2888 1300 2956 sequatur
1329 2882 1590 2938 effectus.
1623 2881 1783 2946 Quod
1832 2897 1964 2937 vero

315 2978 414 3045 ait,
443 2977 729 3050 proposuit
759 2976 816 3030 in
847 2990 929 3041 eo,
954 2973 1025 3029 ad
1059 2972 1400 3046 mysterium
1436 2971 1804 3028 referendum
1835 2975 1960 3027 est:

313 3064 607 3138 siquidem
647 3081 825 3135 supra
854 3063 1117 3119 dixerat:
1183 3063 1244 3119 Ut
1301 3069 1492 3117 notum
1545 3062 1750 3131 faceret
1804 3060 1962 3115 nobis

309 3124 633 3225 mysterium
662 3124 960 3208 voluntatis
990 3166 1129 3218 suae,
1162 3150 1315 3222 quod
1350 3124 1689 3222 mysterium
1724 3147 1958 3220 dispen-
1993 3124 2034 3191 (ι’

311 3241 461 3298 satio
492 3247 581 3297 est
613 3239 997 3312 plenitudinis
1026 3244 1382 3311 temporum,
1416 3243 1481 3293 ut
1533 3241 1751 3294 statuto
1809 3242 1963 3293 tem-

307 3347 448 3402 pore
479 3329 677 3386 omnia
726 3328 1148 3401 compleantur.
1209 3328 1508 3391 Quomodo
1565 3326 1721 3382 enim
1763 3321 1961 3382 haeres

309 3420 571 3492 quandiu
603 3418 882 3490 parvulus
911 3422 1020 3482 est,
1047 3416 1183 3472 licet
1225 3415 1411 3488 ipsius
1469 3415 1622 3470 bona
1678 3414 1818 3480 sint,
1875 3419 1960 3470 ta-

307 3524 444 3565 men
475 3509 726 3564 necdum
759 3507 808 3562 ei
837 3506 1079 3562 debetur
1100 3503 1412 3560 hazreditas
1442 3503 1647 3574 (Galat.
1684 3520 1758 3572 ιν,
1793 3503 1917 3575 1,2)
1943 3519 1956 3557 :

308 3597 391 3652 ita
419 3601 477 3652 et
505 3595 850 3667 mysterium
882 3595 1035 3666 quod
1060 3592 1537 3666 praedestinatum
1572 3591 1760 3646 fuerat
1786 3608 1819 3645 a
1843 3591 1959 3646 Deo

310 3683 369 3738 in
402 3682 771 3754 adoptionem
806 3681 1062 3736 filiorum
1093 3681 1241 3751 ejus,
1274 3683 1407 3735 ante
1438 3695 1550 3733 non
1589 3678 1778 3750 potuit
1834 3677 1958 3732 dis-

307 3770 563 3844 pensari,
599 3769 711 3826 nisi
741 3787 848 3825 suo
879 3769 1100 3825 veniret
1129 3774 1410 3840 tempore.
1450 3769 1522 3823 De
1553 3783 1669 3839 quo
1708 3771 1766 3821 et
1820 3766 1958 3822 alibi

301 3875 545 3916 numero
577 3858 864 3931 singulari
895 3857 1115 3914 Paulus
1149 3857 1269 3912 ait:
1305 3857 1367 3913 Ut
1411 3858 1599 3912 autem
1646 3858 1794 3912 venit
1845 3856 1956 3928 ple-

297 3948 492 4005 nitudo
527 3949 807 4020 temporis,
837 3948 994 4002 misit
1021 3947 1160 4001 Deus
1189 3945 1398 4000 Filium
1452 3961 1615 3998 suum
1670 3944 1825 4016 (Ibid.
1860 3945 1952 4016 1i):

305 4039 402 4111 qui
434 4042 569 4094 ante
597 4037 794 4092 venire
826 4052 940 4091 non
974 4033 1186 4107 potuit,
1237 4033 1348 4089 nisi
1409 4031 1753 4104 mysterium
1807 4037 1952 4087 tem-

302 4128 462 4199 poris
490 4126 849 4199 impleretur.

368 4251 555 4319 (Vers.
590 4250 701 4321 10.)
732 4272 761 4299 ‹‹
797 4245 1200 4320 Recapitulare
1222 4245 1420 4302 omnia
1454 4244 1512 4298 in
1544 4245 1790 4311 Christo,
1825 4261 1951 4316 qua:

299 4340 361 4394 in
395 4337 576 4405 caelis,
605 4342 662 4392 et
691 4354 819 4408 quis
851 4337 911 4392 in
938 4341 1092 4391 terra
1121 4335 1227 4404 [Αι.
1261 4334 1411 4390 addit
1441 4334 1624 4404 sunt],
1658 4333 1717 4387 in
1746 4333 1894 4405 ipso.
1921 4356 1950 4383 »

300 4429 408 4484 Pro
438 4425 803 4498 recapitulare
831 4425 892 4479 in
924 4424 1144 4480 Latinis
1174 4423 1475 4479 codicibus
1505 4422 1790 4494 scriptum
1835 4427 1943 4486 est,

297 4492 611 4573 instaurare
642 4513 750 4581 [ΑΙ.
783 4515 1148 4582 restaurare].
1184 4516 1250 4567 Et
1281 4510 1460 4566 miror
1490 4527 1594 4566 cur
1622 4511 1748 4582 ipso
1771 4512 1945 4568 verbo
1977 4492 2023 4557 D

292 4605 490 4661 Graeco
525 4621 635 4660 non
671 4602 762 4658 usi
797 4602 915 4658 sint
961 4599 1366 4667 translatores,
1425 4616 1558 4654 cum
1608 4599 1946 4656 istiusmodi

294 4694 530 4751 licentia
560 4692 863 4749 dialectica
892 4696 949 4746 et
979 4688 1347 4763 phi1030phia
1371 4689 1524 4744 sicut
1551 4689 1608 4743 in
1625 4693 1820 4744 Graeco
1842 4688 1944 4744 ha-

292 4783 529 4855 bentur,
562 4785 880 4854 assumptis
912 4781 1050 4835 sint.
1083 4779 1229 4834 Nam
1262 4781 1317 4833 et
1345 4782 1604 4832 oratores
1645 4776 1704 4831 in
1763 4776 1944 4848 epilo-

293 4872 402 4943 gis,
436 4871 524 4927 vel
556 4877 688 4927 ante
719 4871 826 4942 [Αἰ.
860 4868 1033 4939 inter]
1066 4866 1345 4940 epilogos,
1379 4866 1436 4920 in
1470 4865 1582 4920 fine
1633 4881 1944 4921 causarum

293 4964 530 5031 propter
560 4959 902 5015 memoriam
925 4957 1196 5028 judicum
1230 4959 1286 5011 et
1313 4970 1514 5010 eorum
1551 4953 1649 5024 qui
1710 4954 1945 5010 audiere

290 5047 542 5119 negotia,
576 5048 1007 5104 recordationem
1028 5047 1068 5110 ²,
1103 5045 1160 5100 id
1205 5049 1316 5111 est,
1354 5038 1819 5118 ἀνακεφαλαίωσιν
1851 5059 1942 5098 so-

292 5136 413 5193 lent
442 5136 654 5203 facere,
690 5141 754 5191 ut
781 5153 907 5207 quae
940 5136 1104 5207 prius
1135 5133 1311 5189 latius
1341 5132 1730 5204 disputarunt,
1785 5132 1943 5187 brevi

291 5229 498 5298 postea
527 5238 795 5280 sermone
846 5222 1362 5295 comprehendant,
1421 5225 1478 5276 et
1533 5220 1942 5293 unusquisque

362 5495 378 5564 ξ
412 5493 474 5551 In
509 5511 625 5551 uno
657 5493 1042 5564 Cisterciensi,
1073 5492 1358 5564 voluntate
1385 5489 1687 5564 destructa.

357 5560 380 5593 ³
408 5567 607 5623 Malim
641 5565 881 5621 rescribi
910 5560 1042 5620 cum
1076 5579 1144 5619 ex
1164 5561 1787 5634 orationisproposito,
1809 5567 1936 5619 tum

284 5656 353 5699 ex
383 5637 588 5697 Graecae
617 5637 777 5710 vocis
808 5635 1163 5710 significatu,
1196 5633 1940 5710 recapitulationem.Cae_te-

283 5726 416 5779 rum
437 5715 496 5774 et
513 5709 749 5772 Latinos
770 5702 896 5778 noxi
907 5704 1103 5772 nullos
1131 5702 1336 5767 Patres
1355 5702 1566 5781 legisse
1597 5709 1826 5768 constat
1841 5705 1936 5770 hic

2100 484 2159 539 in
2190 485 2459 556 praesenti
2485 483 2609 540 loco
2639 485 2748 542 iste
2777 489 2900 541 est:
2935 485 3140 542 Omnis
3195 487 3555 559 dispensatio
3612 506 3744 563 qua:

2097 576 2154 626 et
2178 578 2310 629 ante
2343 573 2652 641 mundum,
2685 578 2742 629 et
2771 577 2973 646 postea
3002 591 3130 630 esse
3160 575 3333 647 ccepit
3380 575 3438 630 in
3498 579 3742 650 mundo,

2098 668 2216 715 tam
2249 661 2631 717 invisibilium
2650 679 2826 735 quam
2857 662 3177 718 visibilium
3201 667 3624 735 creaturarum,
3647 668 3746 722 ad-

2095 753 2330 804 ventum
2363 748 2464 804 Dei
2494 751 2642 806 557
2681 750 2806 805 Filii
2866 749 3269 822 pollicebatur.
3332 752 3492 816 Quod
3551 754 3741 812 Adam

2093 838 2190 909 qui
2225 840 2295 894 de
2327 839 2596 910 paradiso
2617 841 2836 911 ejectus
2853 845 2940 896 est
2969 840 3120 912 (Gen.
3152 858 3238 908 III,
3266 841 3377 914 24),
3404 858 3506 914 per
3542 843 3740 900 Salva-

2090 931 2273 982 torem
2307 928 2664 983 revocandus
2693 933 2834 986 erat.
2863 929 3024 995 Quod
3056 930 3115 984 in
3183 930 3563 987 fabricatione
3616 937 3744 988 tur-

2091 1014 2194 1083 ris,
2224 1015 2560 1088 linguarum
2595 1017 2788 1074 unitas
2819 1019 3005 1074 scissa
3033 1022 3122 1076 est
3149 1018 3302 1088 (Gen.
3339 1037 3418 1090 ιιι,
3480 1022 3621 1093 4-8),
3683 1022 3740 1078 ἱιι

2089 1103 2331 1160 Actibus
2362 1105 2756 1177 apostolorum
2791 1108 3175 1178 portendebat
3203 1109 3359 1166 dona
3401 1109 3739 1183 linguarum

2088 1194 2224 1265 (Act.
2262 1211 2322 1259 ιι,
2354 1195 2430 1264 3).
2461 1195 2620 1260 Quod
2654 1196 2814 1251 Isaac
2872 1196 2930 1251 in
2995 1201 3130 1268 typo
3195 1197 3450 1267 Domini,
3507 1215 3740 1256 crucem

2087 1299 2255 1338 suam
2288 1281 2412 1354 ipse
2447 1284 2694 1354 portavit
2723 1285 2932 1356 (Cenes.
2964 1302 3103 1351 xm,
3133 1287 3210 1355 6).
3266 1286 3429 1351 Quod
3489 1289 3737 1345 Samson

2087 1375 2349 1426 sanctam
2377 1388 2605 1427 comam
2637 1373 2922 1442 nutriens,
2958 1372 3154 1429 Dalilae
3205 1375 3480 1447 pauperis
3540 1375 3738 1432 dilexit

2085 1459 2408 1533 amplexus,
2443 1465 2500 1516 et
2531 1461 2729 1517 omnia
2759 1461 2950 1518 cordis
3000 1463 3090 1518 sui
3153 1468 3374 1519 secreta
3431 1465 3735 1523 confessus

2083 1554 2172 1604 est
2204 1549 2523 1617 (Judic.xv1,
2560 1551 2666 1622 17),
2701 1550 3016 1607 Salvatoris
3048 1555 3108 1607 et
3132 1551 3400 1608 Ecclesiae
3459 1571 3530 1610 ex
3582 1554 3731 1610 Gen-

2086 1639 2239 1694 tibus
2269 1655 2400 1694 vere
2431 1640 2705 1711 pauperis
2731 1643 2788 1695 et
2819 1655 3008 1712 egenas
3043 1640 3388 1712 mysterium
3438 1641 3732 1714 signiﬁca-

2081 1726 2200 1782 bat.
2237 1729 2299 1781 ln
2332 1743 2501 1783 cruce
2534 1729 2731 1800 itaque
2760 1728 3012 1797 Domini,
3047 1733 3104 1784 et
3161 1729 3220 1784 in
3275 1729 3547 1802 passione
3604 1731 3733 1802 ejus

2080 1815 2462 1888 recapitulata
2487 1821 2627 1872 sunt
2664 1817 2864 1872 omnia
2916 1818 3091 1889 (Joan.
3152 1835 3270 1885 xxx,
3329 1818 3442 1890 30),
3501 1819 3559 1874 id
3619 1825 3729 1892 est,

2079 1904 2350 1961 universa
2398 1905 2456 1960 in
2518 1905 2626 1960 hac
2657 1902 3117 1982 ἀνακεφαλαιῶσει
3177 1912 3515 1980 supputata.
3566 1908 3730 1972 Quod

2079 1997 2142 2048 ut
2167 1993 2534 2049 manifestius
2567 1994 2686 2061 fiat,
2717 1995 3069 2066 quotidianae
3119 1997 3564 2052 consuetudinis
3621 1997 3726 2053 ali-

2078 2083 2231 2154 quod
2259 2097 2549 2155 ponamus
2607 2083 2962 2155 exemplum.
2993 2083 3169 2140 Verbi
3227 2101 3450 2142 causa:
3509 2085 3732 2160 Viginti

2076 2170 2348 2226 denarios
2378 2172 2629 2244 erogavi,
2664 2189 2901 2228 rursum
2931 2173 3212 2246 quinque,
3245 2179 3304 2230 et
3347 2173 3492 2230 alios
3550 2175 3724 2248 quin-

2077 2259 2303 2328 decim;
2334 2259 2575 2331 triginta
2603 2276 2835 2332 quoque
2865 2265 2922 2316 et
2949 2265 3038 2316 ter
3077 2261 3290 2329 decies,
3350 2279 3452 2335 per
3499 2263 3730 2320 diversa

2077 2355 2339 2420 tempora
2363 2347 2517 2403 dedi.
2549 2353 2681 2404 Haec
2711 2349 2760 2405 si
2793 2349 2852 2404 in
2883 2366 3068 2405 unum
3099 2349 3334 2407 voluero
3383 2357 3726 2425 supputare,

2078 2437 2391 2494 centenarii
2425 2437 2569 2492 mihi
2600 2437 2828 2493 numeri
2877 2455 3112 2495 summa
3169 2441 3504 2510 succrescit,
3559 2445 3618 2497 et
3669 2442 3732 2498 in

2079 2541 2194 2580 uno
2229 2542 2470 2582 numero
2503 2527 2727 2584 habebo
2755 2526 2953 2583 omnia
2983 2545 3110 2600 quae
3142 2533 3275 2585 ante
3297 2529 3603 2602 descripsi.
3632 2530 3730 2587 Sic

2078 2613 2275 2685 itaque
2307 2614 2582 2671 universa
2613 2616 2890 2688 mysteria
2921 2621 2977 2672 et
3002 2618 3197 2673 omnis
3227 2617 3586 2690 dispensatio
3633 2635 3730 2676 ve-

2077 2702 2314 2758 tustatis
2340 2721 2456 2760 non
2489 2704 2682 2760 solum
2715 2721 2842 2777 qua:
2875 2705 2934 2760 in
2964 2706 3153 2775 terris,
3204 2708 3304 2764 sed
3360 2707 3538 2764 etiam
3597 2725 3726 2782 quis

2075 2791 2134 2846 in
2166 2790 2323 2847 caelis
2353 2797 2516 2864 gesta
2545 2797 2652 2858 est,
2691 2793 2749 2848 in
2782 2793 2996 2850 Christi
3052 2797 3324 2867 passione
3379 2796 3725 2870 completur.

2074 2882 2218 2936 Cum
2250 2881 2407 2935 enim
2439 2880 2617 2936 semel
2653 2882 2796 2936 mihi
2827 2882 3094 2939 Christus
3152 2901 3364 2956 passus
3425 2885 3618 2955 fuerit,
3668 2892 3729 2943 et

2075 2969 2362 3042 sepultus,
2385 2973 2442 3025 et
2462 2971 2797 3042 resurrexit,
2820 2976 2878 3027 et
2901 2972 2971 3027 ad
2999 2977 3227 3029 Patrem
3244 2975 3428 3031 victor
3453 2976 3728 3033 ascende-

2073 3059 2150 3113 rit
2185 3076 2197 3114 :
2232 3075 2346 3114 non
2379 3075 2613 3115 necesse
2646 3060 2832 3116 habeo
2879 3065 3130 3118 veterem
3191 3080 3525 3132 numerum,
3583 3065 3726 3136 quia

2073 3147 2131 3202 in
2189 3164 2304 3202 uno
2338 3148 2536 3202 omnia
2586 3152 2775 3204 teneo.
2837 3149 3154 3222 Diligenter
3207 3152 3509 3216 attendite,
3563 3153 3717 3224 quod

2073 3252 2186 3290 non
2220 3236 2410 3292 solum
2443 3253 2646 3293 omnes
2669 3237 2924 3293 historiae
2963 3239 3421 3312 Scripturarum,
3456 3257 3603 3314 quas
3660 3241 3722 3297 in

2073 3329 2222 3380 terra
2255 3329 2448 3398 gestas
2478 3325 2732 3398 Spiritus
2762 3331 2998 3383 sanctus
3027 3334 3332 3385 enumerat
3365 3346 3378 3385 :
3413 3331 3513 3386 sed
3539 3331 3720 3387 etiam

2070 3413 2126 3467 in
2156 3413 2488 3469 coelestibus
2519 3431 2667 3485 quis,
2702 3415 2868 3470 nobis
2896 3415 3135 3472 occultis
3166 3425 3324 3482 sunt,
3387 3418 3445 3472 in
3503 3417 3718 3474 Christi

2070 3501 2448 3574 recapitulata
2476 3503 2750 3574 passione
2785 3508 3110 3560 teneantur.

2139 3625 2323 3695 (Vers.
2360 3627 2469 3694 11.)
2508 3645 2529 3674 α
2564 3631 2628 3680 In
2660 3643 2776 3698 quo
2806 3631 2861 3683 et
2889 3632 3042 3684 sorte
3074 3629 3258 3685 vocati
3290 3647 3496 3687 sumus
3523 3648 3535 3687 :
3571 3648 3718 3704 prae-

2067 3715 2340 3770 destinati
2372 3715 2694 3770 secundum
2725 3717 3090 3788 propositum
3135 3718 3264 3789 ejus
3322 3721 3424 3791 qui
3449 3721 3720 3778 universa

2066 3808 2341 3874 operatur
2379 3803 2705 3859 secundum
2755 3805 3062 3861 consilium
3132 3809 3448 3864 voluntatis
3515 3826 3652 3866 suis.
3684 3831 3713 3858 ››

2067 3892 2323 3947 Verbum
2364 3891 2720 3949 hereditatis
2753 3897 2809 3948 et
2838 3895 3036 3965 sortis,
3069 3911 3172 3967 per
3209 3913 3355 3968 quas
3387 3897 3445 3952 in
3501 3897 3716 3955 Christi

2063 3987 2288 4053 partem
2320 3982 2608 4049 venimus,
2642 3983 2900 4039 ostendit
2929 4001 3036 4040 nos
3067 3985 3137 4041 de
3168 3983 3283 4041 alia
3328 3990 3610 4057 potestate
3638 3988 3713 4043 ad

2063 4069 2238 4127 aliam
2253 4071 2704 4144 transmigrasse
2723 4089 2735 4127 :
2751 4076 2807 4127 et
2828 4074 3151 4128 secundum
3168 4073 3310 4130 illud
3327 4075 3554 4146 quodin
3568 4075 3717 4132 Deu-

2061 4160 2386 4215 teronomio
2401 4160 2684 4231 scriptum
2701 4165 2816 4216 est:
2853 4161 3076 4229 Quando
3107 4162 3379 4220 dividebat
3403 4165 3718 4221 Altissimus

2059 4258 2267 4320 gentes,
2286 4265 2409 4304 cum
2433 4247 2816 4304 disseminaret
2833 4250 2976 4319 ﬁlios
2997 4250 3203 4324 Adam(
3213 4257 3373 4308 Deut.
3405 4270 3584 4320 xxxii,
3634 4254 3714 4325 8),

2061 4338 2132 4393 de
2163 4336 2504 4409 angelorum
2535 4337 2754 4393 ditione
2776 4338 2848 4393 ad
2876 4343 3098 4411 partem
3129 4341 3354 4396 Domini
3376 4357 3505 4398 esse
3527 4346 3717 4399 trans~

2059 4430 2239 4488 latos.
2265 4426 2332 4480 Et
2354 4424 2435 4480 illi
2459 4424 2696 4498 quidem
2725 4425 2936 4494 aliena,
2960 4433 3016 4483 et
3036 4428 3149 4484 sibi
3171 4428 3258 4485 vel
3280 4430 3715 4499 commissa,vel

2057 4518 2338 4586 usurpata
2361 4518 2691 4569 tenuerunt.
2719 4514 2836 4571 Ista
2857 4532 2990 4571 vero
3017 4517 3234 4590 recepit
3257 4534 3364 4573 sua
3388 4536 3400 4566 =
3430 4523 3488 4574 et
3507 4520 3716 4576 ascen-

2058 4604 2201 4659 dens
2232 4602 2290 4657 in
2323 4601 2508 4658 altum
2538 4603 2828 4674 captivam
2859 4604 3024 4660 duxit
3080 4605 3473 4678 captivitatem
3535 4608 3710 4678 (Psal.

2060 4709 2230 4759 vau,
2266 4692 2371 4746 19:
2406 4694 2610 4763 Ephes.
2647 4707 2725 4760 ιν,
2755 4693 2835 4760 8),
2867 4692 2926 4747 id
2957 4698 3065 4760 est,
3097 4709 3196 4750 eos
3230 4695 3329 4766 qui
3363 4700 3498 4751 ante
3554 4697 3711 4768 capti

2056 4781 2291 4836 fuerant
2321 4781 2380 4834 in
2413 4779 2825 4853 perditionem,
2858 4781 2981 4854 ipse
3010 4781 3164 4855 cepit
3193 4783 3264 4838 ad
3296 4783 3495 4852 vitam,
3530 4790 3595 4839 ut
3614 4800 3711 4840 re-

2057 4871 2293 4926 duceret
2328 4869 2478 4926 558
2540 4868 2600 4924 in
2658 4869 2972 4939 excelsum,
3033 4877 3091 4927 et
3147 4872 3582 4944 quodammodo
3621 4879 3714 4930 est

2055 4963 2224 5030 capta
2255 4958 2585 5030 captivitas,
2619 4958 2758 5012 dum
2788 4975 2890 5030 per
2933 4961 3252 5016 secundam
3312 4961 3710 5033 captivitatem

2055 5048 2154 5118 qui
2187 5047 2349 5118 prius
2371 5046 2520 5117 capti
2555 5045 3172 5116 fuerant,liberantur.
3204 5049 3708 5106 Considerandum

2054 5136 2208 5206 (ἶιιοε1
2271 5139 2327 5190 εἴ
2383 5133 2478 5189 hic
2535 5134 2874 5208 προορισμὸς
2935 5141 2992 5191 et
3033 5135 3302 5210 πρὲθεσις,
3338 5137 3395 5192 id
3427 5143 3535 5206 est,
3566 5152 3711 5209 pre.

2052 5223 2342 5280 destinatio
2371 5227 2427 5278 et
2453 5225 2816 5296 propositum,
2869 5223 3048 5280 simul
3103 5227 3294 5298 posita
3345 5225 3486 5294 sint,
3535 5227 3711 5299 juxta

2047 5492 2180 5567 loci,
2212 5494 2596 5567 recapitulare,
2631 5494 2783 5565 quod
2817 5493 3396 5567 Hieronymo__magis
3456 5494 3698 5567 arridet,

2037 5566 2213 5636 juxta
2243 5564 2506 5622 Graecum
2531 5564 2754 5622 textum
2781 5583 2793 5622 :
2828 5565 2957 5622 dico
2989 5564 3442 5636 Tertullianum,
3474 5564 3578 5621 lib.
3635 5581 3697 5633 v,

2045 5635 2616 5715 eontra_Marcionem,
2645 5653 2772 5712 cap.
2807 5637 2872 5693 17
2899 5661 2912 5709 ;
2943 5641 3001 5695 et
3027 5637 3089 5700 S.
3149 5636 3351 5697 Irenai
3405 5635 3724 5715 interprea'

2044 5712 2165 5770 tem
2196 5707 2299 5782 lib,
2331 5726 2372 5787 ι,
2404 5724 2531 5786 cap.
2565 5710 2616 5769 1.
