4144 6202
355 279 470 339 48⁵7

1602 280 1668 341 S.
1715 275 2030 343 EUSEBII
2075 277 2520 342 HIERONYMI

3639 280 3760 344 488

353 412 633 469 scientem
669 428 680 466 :
714 414 770 466 et
799 407 1052 482 pietatis,
1085 409 1250 484 pium
1281 427 1294 467 :
1329 415 1386 467 et
1414 411 1667 479 timoris,
1697 412 1995 477 timidum,
2026 413 2081 478 Α
2111 411 2464 468 hareditatis
2489 415 2720 476 nostra,
2752 409 2965 467 idcirco
3005 423 3163 468 nunc
3211 410 3431 468 sanctis
3462 413 3656 483 datur,
3692 418 3760 471 ut

355 501 480 572 (Isa.
513 517 590 565 x1,
621 501 675 570 2,
707 499 782 568 3).
816 499 1032 568 Deique
1086 500 1296 556 timore
1348 500 1738 573 trepidantem
1773 518 1786 555 :
1823 500 1902 556 ita
1943 505 2001 556 et

353 587 595 659 spiritus
625 587 1096 659 repromissionis
1127 588 1214 644 vel
1247 589 1489 661 spiritus
1524 590 1997 660 Dei,sponsorem

354 681 411 731 et
441 680 622 732 Deum
655 675 791 731 facit
837 691 971 730 eum
1022 675 1082 730 in
1133 693 1248 747 quo
1296 677 1665 732 habitaverit.
1699 677 1997 740 Quomodo

353 763 675 820 econtrario
708 763 1051 819 immundus
1080 765 1330 835 Spiritus
1364 765 1737 819 immundum
1767 765 1922 832 facit,
1942 769 1999 821 et

354 869 628 924 spurcam
661 852 773 908 sibi
801 852 1043 908 domum
1076 857 1364 925 praeparat
1393 869 1643 925 spurcus
1675 853 1991 909 habitator:

351 940 753 996 fornicationis
782 957 1014 1013 quoque
1043 940 1285 1014 Spiritus
1313 941 1493 997 efficit
1523 945 1890 1007 scortatores,
1925 941 1997 997 de

353 1030 569 1101 quibus
599 1034 656 1085 et
685 1030 968 1102 propheta
1013 1029 1275 1100 loquitur
1309 1047 1320 1084 :
1357 1030 1569 1101 Spiritu
1611 1031 1996 1100 fornicationis

342 1118 552 1174 seducti
573 1123 699 1174 sunt
730 1118 900 1190 (Osee,
936 1135 1009 1184 1v,
1043 1119 1130 1190 1‘2)
1167 1138 1179 1176 :
1214 1123 1271 1174 et
1301 1135 1550 1190 nequam
1583 1117 1845 1189 spiritus,
1894 1135 1992 1174 ne-

345 1223 526 1280 quam
558 1206 696 1262 facit
725 1205 994 1262 homines
1024 1211 1198 1278 atque
1230 1222 1530 1278 perversos
1564 1225 1575 1262 :
1612 1211 1668 1262 et
1686 1207 1994 1262 damonia—

344 1314 447 1352 cus
482 1298 520 1365 ³,
554 1298 847 1353 damones
880 1313 892 1353 :
930 1294 1237 1369 qualisque
1261 1297 1437 1352 fuerit
1465 1297 1679 1368 liquor,
1703 1297 1800 1368 qui
1834 1314 1990 1352 nova

343 1389 504 1442 testa
534 1386 766 1442 infusus
797 1391 904 1453 est,
940 1385 1110 1441 talem
1144 1385 1246 1441 diu
1277 1389 1427 1442 testa
1480 1391 1536 1440 et
1587 1385 1824 1441 odorem
1856 1387 1990 1442 reti-

342 1479 462 1541 net,
496 1479 554 1530 et
584 1491 874 1546 saporem.

410 1562 596 1635 (Vers.
632 1564 739 1635 14.)
773 1587 800 1613 ‹‹
834 1563 940 1627 Qui
974 1567 1062 1618 est
1107 1562 1322 1634 pignus
1370 1562 1728 1618 hareditatis
1777 1568 1988 1619 nostra

340 1653 399 1707 in
450 1653 907 1723 redemptionem
963 1652 1316 1724 adoptionis,
1378 1653 1437 1706 in
1494 1651 1729 1708 laudem
1792 1653 1988 1726 gloria

337 1740 549 1812 ipsius.
588 1764 609 1788 ι
646 1742 854 1839 Pignus
911 1741 1151 1796 Latinus
1197 1741 1480 1843 interpres
1530 1757 1634 1813 pro
1684 1742 1990 1798 arrhabone
2017 1779 2064 1843 B

333 1829 548 1899 posuit.
583 1829 708 1884 Non
739 1828 997 1901 idipsum
1049 1834 1246 1884 autem
1279 1830 1538 1896 arrhabo,
1571 1831 1727 1901 quod
1779 1833 1988 1904 pignus

336 1921 524 1973 sonat.
557 1917 820 1972 Arrhabo
850 1917 1006 1973 enim
1037 1917 1244 1972 futura
1278 1917 1559 1990 emptioni
1591 1919 1760 1990 quasi
1801 1921 1988 1991 quod-

338 2006 474 2061 dam
506 2006 655 2062 561
704 2005 1128 2072 testimonium,
1179 2011 1236 2062 et
1281 2006 1741 2078 obligamentum
1792 2009 1983 2064 datur.

335 2094 554 2166 Pignus
589 2110 742 2160 vero,
775 2095 884 2150 hoc
915 2097 1022 2165 est,
1056 2091 1336 2168 ἐνέχυρον,
1371 2111 1474 2166 pro
1508 2102 1712 2150 mutua
1742 2095 1989 2167 pecunia

339 2183 654 2255 opponitur
686 2201 698 2238 :
735 2187 798 2238 ut
828 2199 961 2238 cum
997 2183 1096 2238 illa
1125 2183 1354 2239 reddita
1385 2182 1578 2249 fuerit,
1602 2185 1862 2240 reddenti
1887 2185 1984 2240 de-

341 2271 530 2326 bitum
563 2271 776 2343 pignus
803 2288 836 2326 a
866 2273 1151 2326 creditore
1193 2272 1485 2326 reddatur.
1541 2269 1797 2328 Rursum
1827 2273 1888 2328 in
1919 2290 1985 2328 eo

336 2360 464 2415 ubit
489 2360 573 2414 ait
601 2377 620 2413 :
651 2364 714 2414 In
750 2359 1173 2431 redemptionem
1204 2361 1538 2431 adoptionis,
1573 2377 1687 2416 non
1720 2361 1895 2417 habet
1925 2362 1984 2417 in

337 2447 534 2502 Graco
565 2445 852 2517 υἱοθεσίαν,
909 2449 1008 2503 sed
1059 2447 1406 2522 περιποίησιν
1437 2450 1686 2520 ³,(Ῑυαῐῐ1
1738 2467 1845 2505 n08
1895 2467 1982 2505 ac-

334 2536 705 2605 quisitionem,
740 2536 861 2591 sive
891 2538 1303 2607 possessionem,
1353 2553 1672 2608 possumus
1723 2539 1915 2594 dicere
1967 2556 1979 2593 :

335 2638 440 2677 nec
471 2625 669 2677 tamen
697 2621 815 2679 vim
850 2624 1142 2678 sermonis
1169 2623 1585 2694 expressimus.
1611 2623 1794 2680 Multa
1823 2626 1980 2681 enim

299 2738 305 2744 -
335 2711 516 2766 verba
543 2716 703 2782 sunt,
736 2728 862 2782 qua
893 2728 997 2767 nec
1021 2712 1092 2768 de
1123 2711 1316 2768 Graco
1362 2713 1420 2767 in
1475 2712 1748 2768 Latinum
1789 2719 1978 2770 trans-

334 2799 472 2856 ferri
521 2797 738 2868 valent,
787 2817 891 2856 nec
941 2801 1011 2856 de
1062 2801 1342 2857 Hebraico
1371 2800 1429 2855 in
1462 2801 1723 2857 Gracum
1758 2819 1770 2857 :
1804 2808 1862 2858 et
1893 2820 1979 2858 re-

335 2889 564 2961 ciproce
594 2905 699 2944 nec
731 2889 801 2944 de
832 2889 1038 2945 Latino
1084 2889 1144 2944 in
1194 2891 1478 2958 Gracum,
1513 2907 1616 2945 nec
1667 2892 1738 2946 de
1785 2891 1979 2948 Graec

329 2976 393 3032 in
418 2978 746 3034 Hebraum.
780 2977 1124 3051 Quicunque
1155 2978 1336 3050 igitur
1385 2996 1497 3035 non
1549 2984 1777 3035 tantum
1809 2980 1982 3052 Spiri-

328 3065 454 3122 tum
486 3071 780 3136 sanctum,
815 3068 916 3123 sed
950 3068 1237 3140 Spiritum
1269 3073 1536 3124 sanctum
1569 3069 1974 3141 repromissio-

2109 502 2472 557 redimantur
2518 507 2574 557 et
2622 500 2967 572 copulentur
3013 505 3127 556 Deo
3169 501 3229 556 in
3280 501 3514 558 laudem
3557 503 3753 576 gloria

2108 589 2316 661 ipsius.
2348 591 2472 645 Non
2504 590 2656 662 quod
2687 589 2842 646 Deus
2870 587 3043 644 laude
3073 588 3324 660 alicujus
3355 590 3752 662 indigeat,sed

2107 696 2221 751 quo
2251 678 2380 734 laus
2408 679 2506 734 Dei
2537 678 2942 734 laudatoribus
2973 677 3174 748 prosit,
3209 682 3266 733 et
3295 679 3438 735 dum
3484 696 3588 752 per
3637 681 3756 737 sin-

2106 767 2245 840 gula
2273 784 2448 840 Opera
2478 768 2846 839 majestatem
2879 766 3067 837 ipsius
3097 767 3568 839 magnitudinem
3615 785 3749 842 cog-

2105 859 2374 926 noscunt,
2436 856 2507 910 ad
2568 856 2928 911 laudandum
2985 871 3120 910 eum
3169 854 3450 912 miraculo
3489 858 3751 930 stuporis

2103 949 2432 1016 erumpant.

2174 1033 2358 1104 (Vers.
2395 1034 2609 1104 15-18.)
2639 1034 2794 1090 582
2829 1051 2841 1088 :
2880 1056 2907 1083 «
2939 1033 3247 1105 Propterea
3276 1039 3334 1090 et
3363 1050 3469 1106 ego
3501 1035 3746 1094 audiens

2102 1123 2277 1177 ﬁdem
2310 1126 2562 1178 vestram
2590 1123 2648 1176 in
2681 1121 2923 1177 Domino
2951 1122 3112 1189 Jesu,
3143 1126 3200 1178 et
3229 1122 3288 1176 in
3318 1138 3526 1179 omnes
3573 1140 3742 1181 sanc-

2101 1215 2212 1278 tos,
2241 1227 2356 1266 non
2387 1227 2549 1267 cesso
2579 1210 2796 1282 gratias
2827 1227 3006 1282 agens
3049 1227 3152 1283 pro
3181 1211 3366 1279 vobis,
3399 1213 3744 1270 memoriam

2098 1299 2274 1356 vestri
2301 1300 2517 1355 faciens
2550 1300 2610 1355 in
2640 1299 3001 1355 orationibus
3031 1299 3178 1355 meis
3203 1317 3215 1355 :
3242 1304 3306 1356 ut
3338 1307 3488 1357 Deus
3511 1300 3739 1358 Domini

2101 1388 2285 1445 nostri
2309 1389 2447 1444 Jesu
2478 1389 2716 1454 Christi,
2748 1389 2914 1445 Pater
2941 1388 3159 1460 gloria,
3210 1389 3307 1446 det
3356 1390 3522 1447 vobis
3570 1391 3742 1463 spiri-

2097 1481 2225 1532 tum
2274 1478 2571 1549 sapientia
2614 1482 2672 1533 et
2720 1477 3088 1533 revelationis
3139 1477 3197 1532 in
3257 1478 3553 1550 agnitione
3593 1482 3741 1551 ejus,

2097 1565 2462 1622 illuminatos
2511 1566 2712 1622 oculos
2759 1566 2950 1622 cordis
2994 1565 3192 1621 vestri.
3225 1588 3254 1617 »
3289 1565 3445 1622 Licet
3480 1567 3638 1624 verbi
3669 1569 3742 1624 ad

2096 1655 2336 1710 verbum
2369 1671 2644 1725 expressa
2671 1652 2978 1710 translatio
3009 1653 3194 1725 possit
3219 1654 3563 1725 Apostolum
3609 1655 3740 1712 dili-

2097 1744 2254 1815 genti
2285 1759 2560 1799 excusare
2592 1743 2814 1814 lectori,
2846 1743 3001 1814 quod
3049 1743 3319 1799 videatur
3361 1745 3557 1801 omnis
3605 1762 3736 1801 sen-

2096 1831 2287 1888 tentia
2319 1836 2539 1888 scatere
2569 1835 2964 1899 contextus,et
2993 1831 3359 1888 soloecismus
3391 1831 3737 1901 ﬁeri,tamen

2096 1925 2153 1975 et
2209 1919 2267 1974 in
2324 1923 2517 1975 Graco
2565 1919 2768 1975 vitium
2819 1923 3008 1976 sonat.
3055 1920 3216 1975 Unde
3265 1924 3319 1976 et
3371 1937 3477 1977 nos
3523 1924 3734 1978 Gracia

2097 2007 2290 2078 potius
2329 2008 2854 2064 calumniatoribus
2902 2009 3342 2081 respondentes,
3391 2011 3740 2068 conabimur

2095 2097 2174 2151 ita
2197 2097 2368 2169 juxta
2407 2113 2647 2153 sensum
2693 2101 3020 2170 temperare
3074 2114 3087 2153 :
3143 2097 3404 2154 ordinem
3453 2098 3738 2170 lectionis,

2096 2190 2161 2240 ut
2201 2186 2467 2241 dicamus
2501 2203 2512 2241 :
2547 2186 2804 2241 Audiens
2853 2186 3024 2242 ﬁdem
3073 2192 3328 2243 vestram
3380 2187 3439 2242 in
3492 2188 3738 2246 Domino

2094 2274 2256 2345 Jesu,
2289 2280 2346 2330 et
2376 2274 2431 2329 in
2465 2291 2668 2330 omnes
2700 2279 2932 2331 sanctos
2960 2276 3089 2346 ejus
3145 2292 3158 2331 :
3207 2275 3525 2348 vidensque
3571 2276 3735 2334 diﬂ‘e-

2095 2363 2344 2418 rentiam
2378 2363 2511 2418 fidei
2559 2368 2762 2420 vestrae
2810 2363 2868 2418 in
2929 2363 3261 2432 Dominum,
3310 2369 3367 2420 et
3421 2365 3480 2419 in
3533 2382 3740 2423 omnes

2093 2456 2328 2507 sanctos
2358 2453 2506 2523 ejus,
2536 2468 2652 2507 non
2694 2467 2857 2508 cesso
2904 2452 3123 2524 gratias
3169 2468 3360 2524 agere,
3414 2460 3470 2508 et
3518 2470 3737 2510 memo-

2093 2539 2239 2595 riam
2270 2539 2446 2595 vestri
2481 2542 2666 2596 facere
2696 2541 2755 2594 in
2788 2541 3151 2597 orationibus
3182 2542 3358 2609 meis;
3393 2546 3459 2598 ut
3504 2541 3737 2600 Domini

2091 2628 2279 2683 nostri
2309 2629 2446 2684 Jesu
2479 2629 2692 2684 Christi
2727 2634 2898 2699 Deus,
2945 2630 3112 2686 Pater
3157 2635 3354 2686 autem
3391 2630 3608 2704 gloria,
3643 2632 3740 2689 det

2089 2716 2253 2772 vobis
2283 2716 2559 2788 spiritum
2591 2717 2889 2788 sapientia
2921 2722 2978 2773 et
3007 2717 3393 2775 revelationis.
3437 2721 3598 2784 Quod
3631 2737 3734 2777 au-

2089 2809 2206 2860 tem
2239 2805 2505 2876 sequitur
2537 2823 2550 2861 :
2583 2805 2926 2861 Illuminatos
2972 2807 3154 2862 oculos
3201 2808 3378 2862 cordis
3426 2811 3613 2880 vestri,
3653 2809 3737 2866 ita

2089 2910 2191 2965 per
2224 2894 2580 2966 hyperbaton
2613 2894 2775 2948 reddi
2807 2898 2998 2964 potest
3030 2911 3042 2948 :
3076 2895 3389 2968 Propterea
3415 2901 3474 2952 et
3499 2913 3606 2970 ego
3637 2914 3739 2954 au-

2090 2983 2258 3038 diens
2290 2983 2465 3038 fidem
2497 2986 2747 3037 vestram
2779 2982 2837 3036 in
2871 2982 3117 3038 Domino
3146 2985 3283 3040 Jesu
3329 2983 3389 3039 in
3437 2985 3734 3057 agnitione

2089 3072 2236 3142 ejus,
2270 3069 2633 3126 illuminatos
2673 3070 2872 3127 oculos
2902 3071 3095 3128 cordis
3124 3072 3323 3139 vestri,
3356 3078 3412 3129 et
3437 3073 3496 3128 in
3529 3091 3736 3132 omnes

330 3155 424 3210 nis
455 3156 762 3227 acceperit,
802 3157 976 3212 simul
1029 3162 1440 3228 consequetur,
1489 3163 1544 3212 et
1590 3158 1975 3215 arrhabonem
2007 3143 2049 3209 (Σ
2089 3164 2344 3226 sanctos,
2371 3177 2486 3215 non
2517 3177 2704 3226 cesso,
2736 3161 2955 3232 gratias
3012 3177 3190 3232 agens
3240 3178 3342 3234 pro
3390 3162 3573 3233 vobis,
3606 3181 3736 3219 me-

331 3241 844 3314 hareditatis,qua
865 3244 1172 3300 hareditas
1193 3245 1309 3300 vita
1330 3250 1608 3317 perpetua
1631 3248 1814 3303 est.Et
1830 3265 1975 3320 quo-

329 3331 501 3387 modo
535 3347 603 3387 ex
631 3331 956 3388 arrhabone
981 3334 1310 3389 astimatur
1329 3333 1520 3404 qualis
1542 3337 1758 3406 emptio
1781 3335 1977 3393 futura

328 3421 425 3488 sit,
458 3425 516 3477 et
547 3437 673 3493 qua
706 3421 1001 3493 possessio
1038 3438 1050 3475 :
1083 3423 1240 3478 verbi
1270 3439 1470 3489 causa,
1522 3439 1591 3478 ex
1641 3425 1838 3480 decem
1881 3443 1975 3482 so-

326 3507 485 3579 lidis,
517 3514 754 3565 centum
784 3509 1100 3565 solidorum
1129 3510 1292 3580 villa,
1320 3515 1377 3566 et
1404 3527 1473 3567 ex
1503 3517 1736 3568 centum
1769 3513 1973 3570 solidis

326 3596 486 3652 mille
517 3596 838 3653 solidorum
873 3599 1196 3670 possessio;
1230 3599 1310 3654 ita
1348 3615 1417 3655 ex
1459 3600 1732 3656 varietate
1771 3601 1969 3657 arrha-

323 3685 516 3756 bonis,
552 3684 1170 3760 hareditatis,quoque
1200 3692 1399 3760 postea
1430 3693 1715 3746 secutura
1746 3692 1970 3763 magni-

321 3773 466 3830 tudo
497 3773 889 3846 cognoscitur.
924 3776 1200 3840 Quamvis
1230 3783 1429 3832 autem
1461 3783 1702 3842 sanctus
1743 3780 1819 3835 sit
1866 3779 1971 3836 ali-

326 3861 461 3933 quis
491 3866 669 3933 atque
698 3862 1012 3933 perfectus,
1045 3869 1102 3919 et
1131 3864 1395 3919 omnium
1415 3866 1642 3935 judicio
1665 3867 1973 3924 beatitudi-

327 3966 401 4006 ne
422 3950 636 4023 dignus
659 3956 898 4023 putetur
929 3969 942 4008 :
977 3957 1172 4008 tamen
1196 3953 1266 4008 ad
1295 3954 1550 4009 futuram
1574 3954 1970 4013 hareditatem

325 4055 481 4096 nunc
513 4039 900 4096 arrhabonem
922 4045 1012 4097 est
1031 4041 1284 4113 Spiritus
1308 4043 1742 4099 consecutus.Si
1775 4049 1969 4100 autem

325 4128 574 4186 arrhabo
603 4135 826 4199 tantus,
855 4135 1077 4202 quanta
1125 4131 1234 4186 erit
1284 4132 1412 4204 ipsa
1459 4133 1790 4203 possessio?
1820 4135 1968 4199 Quo-

323 4218 498 4273 modo
529 4223 726 4274 autem
759 4219 1008 4275 arrhabo
1041 4219 1142 4292 qui
1171 4220 1342 4276 nobis
1373 4219 1672 4288 tribuitur,
1720 4239 1836 4277 non
1883 4227 1972 4278 est

323 4309 486 4361 extra
514 4323 655 4374 nos;
689 4309 788 4363 sed
820 4308 974 4364 intra
1007 4325 1111 4364 nos
1141 4313 1266 4366 est:
1295 4309 1381 4365 sic
1401 4315 1459 4365 et
1481 4315 1609 4382 ipsa
1639 4311 1966 4380 hareditas,

321 4390 432 4448 hoc
463 4398 550 4450 est
579 4410 824 4467 regnum
857 4395 957 4450 Dei
989 4397 1145 4468 quod
1176 4398 1330 4453 intra
1361 4415 1467 4454 nos
1509 4405 1599 4455 est
1627 4403 1778 4469 (Luc.
1829 4417 1966 4469 xvn,

2087 3249 2335 3304 moriam
2365 3249 2539 3304 vestri
2572 3249 2759 3305 facere
2789 3249 2847 3304 in
2879 3249 3240 3307 orationibus
3273 3251 3441 3319 meis,
3474 3257 3540 3308 ut
3577 3252 3733 3310 Deus

2084 3338 2312 3393 Domini
2349 3337 2532 3392 nostri
2558 3337 2698 3393 Jesu
2730 3337 2946 3393 Christi
2980 3338 3150 3394 Pater
3177 3338 3374 3411 gloria
3405 3340 3544 3397 'det
3573 3341 3738 3398 vobis

2085 3425 2357 3498 spiritum
2407 3425 2726 3497 sapientia,
2759 3431 2814 3482 et
2845 3425 3215 3483 revelationis
3246 3429 3304 3482 in
3337 3429 3729 3501 agnitionem;

2085 3520 2149 3568 ut
2179 3513 2376 3570 sciatis
2407 3531 2534 3586 qua
2565 3516 2640 3570 sit
2670 3531 2803 3586 spes
2833 3515 3151 3572 vocationis
3183 3522 3404 3586 vestra,
3436 3519 3730 3576 etc.Porro

2084 3607 2234 3658 Deus
2269 3603 2496 3658 Domini
2530 3603 2714 3659 nostri
2745 3604 2884 3660 Jesu
2917 3605 3154 3672 Christi,
3188 3606 3357 3662 Pater
3385 3613 3582 3664 autem
3605 3608 3728 3681 glo-

2083 3691 2199 3760 ria,
2233 3691 2315 3746 ita
2345 3690 2780 3764 intelligendus,
2811 3699 2875 3748 ut
2904 3695 3195 3766 quomodo
3225 3695 3509 3752 Dominus
3532 3701 3730 3753 noster

2080 3780 2254 3835 Jesus
2284 3779 2554 3836 Christus
2597 3781 2722 3852 ipse
2769 3787 2858 3837 est
2905 3799 3118 3854 sermo,
3153 3784 3461 3856 sapientia,
3492 3785 3733 3853 veritas,

2083 3886 2216 3940 pax,
2258 3868 2516 3939 justitia,
2568 3870 2844 3925 fortitudo
2892 3871 3069 3942 (Joan.
3127 3890 3163 3942 ι,
3216 3874 3421 3941 1;x1v,
3448 3876 3510 3940 6;
3543 3876 3566 3930 ι
3597 3874 3722 3930 Cor.

2081 3957 2192 4029 30),
2240 3958 2364 4030 ipse
2411 3959 2487 4014 sit
2533 3958 2708 4015 etiam
2765 3959 2972 4030 gloria,
3003 3962 3326 4018 secundum
3375 3962 3519 4019 illud
3571 3964 3728 4036 quod

2081 4046 2219 4101 alibi
2250 4046 2463 4102 dicitur
2495 4065 2507 4102 :
2541 4048 2835 4120 Apparebit
2865 4049 2972 4120 gic:
2990 4051 3048 4106 ia
3099 4053 3205 4105 Dei
3254 4051 3446 4123 (Levii.
3477 4069 3552 4119 IX,
3583 4054 3675 4124 23)
3709 4070 3722 4110 :

2080 4141 2138 4191 et
2167 4135 2225 4190 in
2257 4135 2416 4191 omni
2449 4152 2594 4207 pene
2633 4137 2811 4192 veteri
2865 4137 3034 4210 Lege,
3083 4139 3368 4211 scriptum
3412 4146 3503 4197 est
3550 4157 3727 4214 super

2079 4223 2523 4280 tabernaculum
2551 4225 2874 4280 testimonii
2915 4227 3100 4282 visam
3144 4245 3270 4285 esse
3321 4229 3574 4302 gloriam
3625 4231 3722 4287 Dei

2079 4312 2274 4383 (Num.
2309 4329 2385 4370 ιχ.
2421 4313 2488 4366 15
2515 4313 2706 4384 seq-(1.).
2749 4314 2820 4369 Et
2863 4314 3174 4372 Psalmista
3221 4318 3378 4373 canit
3408 4335 3421 4374 :
3456 4321 3721 4392 Exsurge,

2076 4401 2257 4469 gloria
2287 4416 2409 4456 mea
2437 4416 2668 4472 exsurge
2698 4402 2870 4475 (Psal.
2903 4421 3038 4473 cvn,
3069 4407 3142 4475 3).
3178 4408 3312 4473 Qua
3359 4406 3549 4480 gloria
3594 4408 3727 4464 illu-

318 4481 434 4550 21),
467 4483 525 4536 in
559 4482 728 4538 nobis
761 4490 1029 4540 versatur
1074 4485 1447 4542 intrinsecus.
1481 4488 1615 4552 Qua
1665 4489 1821 4544 enim
1866 4506 1967 4561 po-
2000 4509 2045 4573 D
2078 4489 2312 4544 minans
2343 4507 2449 4545 suo
2481 4489 2703 4563 fulgore
2735 4493 3047 4565 mundum,
3072 4496 3358 4568 templum
3389 4496 3500 4552 sibi
3521 4498 3593 4554 de
3613 4497 3725 4555 vir-

319 4575 437 4627 test
465 4588 594 4628 esse
626 4573 816 4644 major
864 4572 1193 4642 hareditas,
1248 4592 1426 4646 quam
1485 4577 1866 4650 contemplari
1911 4584 1970 4634 et

316 4659 510 4716 videre
535 4677 712 4717 sensu
765 4660 1265 4733 pulchritudinem
1316 4664 1649 4740 Sapientia,
1680 4671 1738 4721 et
1775 4667 1964 4734 Verbi,

317 4754 375 4804 et
405 4749 704 4818 Veritatis,
738 4755 796 4806 et
825 4751 1111 4817 Luminis,
1164 4757 1222 4807 et
1270 4752 1457 4824 ipsius
1506 4754 1879 4822 ineffabilem,
1911 4760 1968 4810 et

319 4837 693 4910 magnificam
725 4839 826 4894 Dei
861 4840 1232 4896 considerare
1263 4845 1559 4908 naturam,
1583 4843 1966 4915 omniumque

324 4941 449 4997 qua
499 4927 604 4996 [Αἱ.
650 4927 775 4999 qui}
827 4929 897 4984 ad
949 4928 1396 4985 similitudinem
1446 4929 1548 4987 Dei
1597 4933 1828 4988 condita
1858 4934 1962 5004 [Αι.

321 5014 562 5086 conditi]
620 5021 780 5085 sunt,
843 5018 1233 5074 substantiam
1290 5019 1592 5075 contueri?
1619 5022 1734 5077 Iste
1767 5026 1963 5078 autem

319 5101 565 5173 spiritus
595 5105 1068 5176 repromissionis
1117 5110 1377 5176 sanctus,
1428 5108 1528 5180 qui
1579 5113 1668 5165 est
1713 5109 1963 5168 arrhabo

393 5299 406 5331 ¹
468 5296 684 5369 Regius
734 5315 844 5356 ms.
909 5301 1108 5367 codex,
1167 5310 1220 5358 et
1262 5303 1646 5368 damoniacos,
1705 5305 1962 5367 daemon:

316 5369 762 5447 quaiisqneLetc.
799 5388 947 5443 qua,
981 5372 1149 5428 lectio
1195 5390 1311 5429 non
1355 5379 1548 5446 potest
1594 5377 1828 5447 penitus
1878 5395 1964 5434 re-

315 5440 570 5514 probari.
604 5440 787 5496 Msn'r.

385 5513 410 5589 ξ
468 5511 735 5569 Veterem
780 5512 1063 5589 _I_4_atinam
1123 5515 1666 5589 interpretationem
1725 5518 1806 5574 ita
1856 5518 1957 5576 ha-

313 5583 533 5662 buisse,
574 5583 842 5644 nonnulli
891 5585 1218 5648 etiamnum
1266 5583 1515 5662 codices,
1577 5593 1960 5666 auctoresque

2075 4577 2257 4650 ginali
2288 4583 2452 4635 utero
2486 4579 2768 4636 fabricata
2798 4586 2905 4638 est.
2951 4582 3132 4654 Cujus
3161 4585 3364 4658 templi
3396 4585 3565 4643 Pater
3587 4586 3717 4660 glo-

2076 4667 2173 4722 ria
2205 4667 2460 4724 efﬁcitur
2489 4668 2664 4725 Deus.
2699 4669 2769 4725 Et
2800 4671 2896 4726 ubi
2928 4671 3197 4730 Christus
3247 4673 3435 4747 gloria
3483 4679 3591 4742 est,
3638 4675 3720 4733 ibi

2073 4760 2303 4812 tantum
2334 4757 2502 4813 Pater
2531 4757 2789 4812 dicitur:
2827 4759 2923 4815 ubi
2964 4760 3158 4831 Jesus,
3211 4763 3313 4819 ubi
3363 4763 3518 4821 Deus
3563 4765 3715 4836 ejus,

2075 4845 2297 4918 absque
2327 4846 2723 4902 additamenta
2755 4846 2948 4919 aliquo
2990 4851 3346 4908 nominatur.
3403 4852 3552 4910 508
3602 4855 3721 4910 Iste

2071 4932 2251 5007 igitur
2274 4935 2429 4990 Deus
2462 4935 2752 5007 assumpti
2783 4937 3059 5005 hominis,
3106 4939 3274 4996 Pater
3317 4958 3448 4998 vero
3495 4941 3714 5014 gloria,

2074 5024 2786 5095 sapientia,veritatis,dat
2817 5027 3190 5084 credentibus
3221 5030 3279 5084 in
3303 5029 3514 5088 Filium
3542 5047 3716 5086 suum

2072 5112 2346 5185 spiritum
2387 5113 2708 5185 sapientia,
2763 5119 2820 5174 et
2870 5116 3259 5185 revelationis,
3312 5123 3376 5175 ut
3421 5119 3716 5192 sapientes

2073 5312 2367 5386 testantur
2397 5325 2410 5364 :
2439 5308 2968 5386 __Claremontanus,
3002 5313 3548 5386 Sgangermanensis,
3579 5317 3718 5370 Am-

2069 5380 2405 5456 brosiaster,
2439 5381 2946 5456 Hieronymiaster,
2975 5380 3212 5456 aliique.

2068 5523 2095 5579 ἰ
2140 5453 2161 5485 ³
2190 5457 2313 5580 Ι)ῗο
2341 5451 2752 5510 Cistercienses
2781 5451 2939 5512 mss.
2957 5451 3178 5528 grana",
3208 5473 3314 5529 .pro
3341 5456 3541 5530 gloria
3578 5473 3718 5530 pra-

2092 5539 2233 5580 erun
2268 5565 2281 5578 .
