4144 6202
327 344 472 426 4&9“

1031 364 1543 428 COMMENTAR.
1592 367 1668 427 IN
1714 366 1965 427 EPIST.
2011 365 2114 424 AD
2160 365 2433 425 EPHES.
2483 364 2630 424 LIB.
2680 366 2728 437 Ι,
2775 367 2947 427 CAP.
2993 368 3042 428 Ι.

3628 374 3745 431 490
3766 338 3776 347 ’

328 480 491 560 ﬁant,
538 493 611 549 et
654 493 906 551 revelata
949 494 1096 551 facie
1142 494 1388 568 gloriam
1439 497 1665 552 Domini
1715 500 1973 553 contem-
2004 501 2059 565 Α
2086 496 2328 566 fratrum
2354 512 2581 551 suorum
2608 515 2624 549 :
2656 498 2788 567 quia
2833 512 2927 567 ego
2954 514 3083 569 pars
3130 514 3322 556 eorum
3349 502 3535 573 (Num.
3569 521 3738 575 xvxu,
3823 550 3828 555 .

325 584 579 656 plentur.
611 583 746 648 Qum
794 583 1084 655 sapientia
1132 589 1188 639 et
1230 584 1501 641 revelatio
1551 602 1685 640 cum
1738 603 1836 641 eos
1884 603 1977 642 sa-

322 673 552 744 pientes
600 672 862 742 fecerint,
905 677 965 728 et
997 673 1273 742 mysteria
1318 673 1438 730 illis
1488 675 1713 730 occulta
1761 692 1978 748 aperu-

321 763 477 819 erint
508 779 521 817 :
555 762 756 818 statim
788 761 1054 833 sequitur
1086 766 1149 818 ut
1177 763 1816 820 habeantilluminatos
1838 781 1975 820 ocu-

322 850 411 906 los
481 851 695 906 cordis.
757 850 839 905 Ex
906 850 1100 906 verbis
1175 853 1560 924 praesentibus
1618 854 1978 924 approbatur

322 942 647 998 secundum
679 937 981 996 exterioris
1010 940 1276 995 membra
1305 941 1582 1008 hominis,
1618 941 1795 997 etiam
1825 942 1974 997 inte-

320 1029 493 1086 rioris
536 1028 792 1085 hominis
842 1030 1106 1085 membra
1137 1030 1269 1085 dici.
1304 1031 1442 1086 Ecce
1474 1030 1631 1086 enim
1663 1031 1974 1087 manifeste

318 1119 515 1175 cordis
561 1117 757 1173 oculos
814 1117 1149 1190 appellavit,
1211 1135 1358 1190 quos
1405 1120 1635 1191 absque
1684 1135 1859 1175 sensu
1918 1125 1975 1175 et

318 1212 519 1263 mente
574 1204 902 1279 intelligere
949 1224 1067 1262 non
1124 1224 1464 1279 possumus.
1519 1208 1661 1262 Huic
1711 1212 1770 1263 et
1826 1206 1970 1262 illud

315 1295 647 1352 Psalmistaa
686 1296 953 1352 convenit
982 1315 995 1352 :
1026 1295 1293 1352 Illumina
1336 1297 1517 1353 oculos
1548 1312 1714 1365 meos,
1746 1313 1816 1352 ne
1860 1314 1969 1351 un-

315 1402 483 1457 quam
526 1386 867 1442 obdormiam
897 1387 955 1440 in
1002 1391 1185 1441 morte
1213 1387 1383 1453 (Psat.
1434 1404 1535 1452 xu,
1570 1386 1644 1457 4).
1679 1387 1751 1441 Et
1780 1385 1917 1441 alibi
1954 1404 1966 1440 :

316 1474 602 1546 Sapientes
631 1475 780 1530 oculi
807 1476 867 1529 in
896 1476 1078 1546 capite
1107 1476 1224 1546 ejus
1246 1475 1448 1546 (Eccte.
1487 1492 1548 1543 ιι,
1577 1475 1684 1546 14).
1719 1475 1776 1529 Si
1811 1476 1966 1530 enim

314 1561 667 1636 simpliciter
709 1562 909 1619 oculos
959 1563 1150 1619 carnis
1203 1562 1545 1635 accipimus,
1596 1563 1801 1635 utique
1850 1580 1965 1619 non

313 1650 508 1709 solum
557 1651 859 1724 sapientis,
917 1653 1020 1708 sed
1078 1651 1254 1707 etiam
1307 1651 1639 1724 insipientis
1699 1651 1852 1708 oculi
1906 1653 1965 1708 in

311 1741 504 1820 capite
533 1741 663 1812 ejus
679 1746 837 1797 sunt.
869 1742 1055 1812 Caput
1085 1741 1281 1812 itaque
1302 1740 1603 1812 sapientis,
1634 1757 1844 1797 sensus
1870 1758 1965 1796 ac-

310 1830 528 1903 cipitur
560 1848 573 1885 :
607 1829 747 1901 quia
776 1828 889 1885 alio
918 1830 1092 1885 verbo
1125 1846 1312 1897 mens,
1347 1834 1404 1885 et
1433 1829 1692 1897 animus,
1726 1833 1783 1884 et
1811 1828 1965 1900 prin-

312 1917 498 1991 cipale
528 1917 719 1975 cordis
751 1917 1094 1990 appellatur.
1120 1918 1282 1982 Quod
1307 1935 1441 1973 vero
1471 1918 1572 1986 ait,
1598 1920 1656 1973 in
1686 1920 1965 1988 agnitione

308 2026 448 2080 eius,
481 2007 542 2063 id
594 2012 702 2079 est,
738 2006 1021 2081 ἐπιγνώσει
1049 2011 1064 2042 ³
1098 2004 1286 2074 αὐτοῦ,
1318 2007 1557 2080 quidam
1612 2007 1696 2063 sic
1746 2006 1962 2062 intelli-

311 2103 483 2171 gunt,
508 2101 575 2152 ut
620 2098 773 2152 inter
818 2100 1015 2170 γνῶσιν
1063 2101 1120 2152 et
1170 2093 1480 2170 ἐπίγνωσιν,
1513 2096 1622 2153 hoc
1671 2101 1780 2166 est,
1815 2096 1966 2151 inter

310 2187 590 2244 notionem
633 2191 690 2242 et
717 2187 1086 2259 agnitionem,
1120 2184 1265 2241 illud
1298 2184 1531 2240 intersit
1565 2185 1769 2257 :‘quod
1804 2184 1963 2241 notio

314 2292 523 2332 eorum
570 2274 647 2330 sit
692 2290 820 2346 quae
868 2280 998 2330 ante
1054 2291 1165 2329 non
1216 2274 1512 2342 scivimus,
1546 2279 1601 2331 et
1648 2290 1716 2330 ea
1765 2280 1967 2346 postea

314 2363 473 2422 scire
529 2363 829 2436 capimus.
882 2363 1114 2435 Agnitio
1169 2379 1302 2418 vero
1352 2379 1554 2418 eorum
1614 2379 1741 2436 quas
1801 2363 1965 2435 prius

314 2454 572 2510 scientes
601 2452 874 2524 deinceps
906 2451 1056 2508 scire
1105 2451 1448 2518 desivimus,
1481 2468 1964 2524 eorumque,pos-

312 2549 410 2600 tea
458 2543 855 2609 recordamur,
890 2546 946 2597 et
1001 2540 1255 2613 priorem
1306 2542 1627 2613 quamdam
1677 2541 1858 2597 vitam
1907 2541 1966 2595 in

312 2630 656 2687 caelestibus
699 2630 1095 2701 suspicantur,
1126 2634 1440 2701 postquam
1488 2630 1547 2685 in
1578 2646 1819 2701 corpora
1852 2629 1964 2686 ista

311 2719 527 2791 dejecti
558 2723 614 2775 et
657 2716 824 2774 obliti
853 2717 950 2773 Dei
999 2717 1207 2789 Patris,
1241 2735 1396 2772 nunc
1426 2735 1561 2773 eum
1610 2735 1713 2790 per
1743 2718 1964 2774 revela-

308 2810 532 2865 tionem
556 2806 954 2879 cognovimus,
970 2806 1296 2862 secundum
1321 2806 1502 2862 illud:
1527 2808 1969 2863 Reminiscentur

309 2908 366 2954 et
421 2894 803 2954 convertentur
857 2896 926 2951 ad
990 2897 1286 2951 Dominum
1356 2912 1540 2952 omnes
1604 2896 1746 2968 ﬁnes
1802 2905 1967 2953 terra:

312 2987 492 3057 (Psal.
542 3003 660 3051 xxx,
691 2986 805 3057 28),
849 2989 907 3040 et
957 2989 1163 3041 cetera
1210 2984 1303 3040 his
1353 2984 1581 3041 similia
1617 2984 1966 3058 replicantes

315 3077 427 3147 [ΑΙ.
457 3073 862 3147 replicantur].

390 3163 823 3235 (Vers.18-20.)
878 3183 906 3211 ‹‹
955 3161 1029 3216 Ut
1073 3160 1271 3217 sciatis
1318 3178 1445 3233 qum
1502 3161 1580 3216 sit
1629 3178 1765 3233 spes
1793 3178 1964 3217 voca-

314 3252 498 3309 tionis
526 3252 677 3323 ejus,
710 3258 767 3306 et
804 3268 930 3323 qua
960 3249 1174 3305 divitiae
1204 3248 1401 3321 glorias
1448 3248 1803 3305 haereditatis
1833 3251 1962 3320 ejus
1993 3238 2035 3305 C
2075 3251 2240 3319 ptum
2290 3252 2379 3303 est
2427 3263 2442 3304 :
2492 3249 2644 3303 Dixit
2684 3250 2946 3305 Dominus
2997 3250 3221 3305 Domino
3275 3267 3396 3307 meo

314 3344 376 3397 in
407 3340 650 3408 sanctis,
679 3344 735 3395 et
765 3356 889 3411 quae
913 3337 1185 3394 sublimis
1208 3339 1554 3410 magnitudo
1584 3337 1816 3395 virtutis
1835 3340 1965 3410 ejus

314 3430 379 3485 in
423 3446 532 3485 nos
577 3429 677 3500 qui
726 3427 1020 3484 credimus
1069 3426 1175 3498 [AL
1209 3427 1589 3498 credidimus]
1640 3428 1965 3483 secundum

218 3576 226 3582 ,
315 3518 715 3590 operationem
748 3515 1013 3589 potentiae
1042 3516 1275 3571 virtutis
1305 3517 1454 3587 ejus,
1478 3532 1656 3587 quam
1692 3524 1966 3589 operatus

314 3612 407 3663 est
452 3607 513 3661 in
567 3604 816 3672 Christo,
848 3604 1142 3660 suscitans
1193 3604 1360 3659 illum
1415 3622 1447 3660 a
1498 3605 1766 3660 mortuis.
1802 3628 1829 3654 »
1863 3605 1966 3660 Cui

315 3695 523 3762 semel,
546 3696 718 3765 juxta
746 3694 1066 3750 orationem
1100 3693 1286 3759 Pauli,
1319 3694 1492 3749 datus
1524 3695 1698 3749 fuerit
1726 3694 1967 3767 spiritus

315 3784 617 3857 sapientiae
649 3787 706 3840 et
752 3782 1143 3849 revelationis,
1178 3785 1243 3837 ut
1295 3781 1511 3854 apertis
1559 3782 1745 3838 oculis
1777 3782 1968 3839 cordis

315 3872 587 3946 aspiciat,
632 3871 743 3928 iste
790 3871 934 3927 sciet
980 3887 1108 3943 qua
1152 3870 1406 3942 reposita
1453 3876 1593 3926 sunt
1640 3872 1880 3939 vocatis,
1914 3876 1970 3927 et

315 3979 450 4035 quae
471 3961 759 4033 speranda
779 3959 999 4016 sanctis
1019 3959 1142 4028 Dei,
1167 3976 1294 4031 qua:
1319 3959 1706 4028 abundanter,
1731 3964 1787 4015 et
1811 3959 1970 4033 large

317 4051 413 4106 his
443 4050 545 4122 qui
576 4049 975 4105 hereditatem
1018 4049 1206 4121 ipsius
1236 4049 1550 4113 sustinent,
1583 4054 1671 4104 est
1701 4049 1965 4104 daturus.

315 4140 405 4195 Ad
450 4155 628 4212 quam
678 4138 947 4194 notitiam
1001 4135 1345 4209 magnitudo
1379 4137 1535 4194 564
1582 4135 1815 4192 virtutis
1866 4137 1967 4193 Dei

315 4233 409 4285 est
428 4227 759 4284 necessaria
778 4228 837 4282 in
869 4227 963 4282 his
995 4225 1094 4299 qui
1117 4227 1287 4298 juxta
1308 4225 1759 4282 similitudinem
1785 4226 1968 4293 Pauli,

316 4318 622 4373 credentes
673 4321 973 4383 vocantur,
1010 4331 1111 4387 per
1159 4332 1336 4387 quam
1378 4320 1650 4387 operatus
1699 4322 1786 4371 est
1819 4320 1971 4370 Deus

313 4407 377 4461 in
406 4405 640 4460 Christo
667 4405 829 4472 Jesu,
863 4421 1036 4476 quem
1068 4421 1103 4459 a
1143 4404 1389 4460 mortuis
1423 4403 1813 4461 resuscitavit.
1849 4409 1967 4458 Du-

315 4493 554 4567 pliciter
597 4498 791 4549 autem
839 4490 1225 4566 intelligenda
1275 4492 1583 4547 haereditas
1617 4509 1628 4547 :
1666 4492 1786 4548 sive
1816 4492 1970 4564 quod

316 4583 745 4655 primogenitae
793 4581 987 4638 omnis
1036 4586 1311 4637 creaturae
1360 4579 1583 4650 (Cotoss.
1618 4598 1671 4669 1,
1712 4582 1822 4649 15),
1854 4580 1972 4669 ῂω-
2005 4604 2050 4669 D

318 4672 540 4727 reditas
579 4670 656 4726 sit
701 4670 909 4726 animae
963 4669 1191 4725 Domini
1242 4669 1429 4724 nostri
1457 4669 1597 4725 Jesu
1648 4668 1882 4739 Christi,
1917 4675 1975 4725 et

320 4761 452 4832 ejus
482 4760 582 4833 qui
612 4762 633 4795 ⁸
664 4777 733 4816 ex
762 4776 1001 4832 corpore
1052 4764 1110 4815 et
1139 4759 1338 4814 anima
1367 4763 1710 4830 assumptus
1753 4763 1841 4814 est
1870 4758 1971 4813 ho-

322 4849 524 4920 minis,
548 4865 771 4921 nosque
798 4865 931 4904 cum
963 4849 1299 4904 haereditate
1325 4847 1532 4903 animae
1564 4847 1974 4903 haereditemus

322 4938 510 4994 Deum
558 4938 813 4993 Verbum
851 4954 865 4993 :
900 4938 1020 4993 sive
1072 4931 1336 5008 quod‘in
1386 4935 1616 4992 Christo
1668 4936 1975 4992 hmreditas

323 5032 530 5081 nostra
584 5026 679 5093 sit,
714 5026 903 5081 Patris
950 5030 1007 5081 et
1058 5024 1205 5095 Filii,
1239 5029 1295 5079 et
1339 5024 1594 5096 Spiritus
1644 5024 1829 5079 sancti
1860 5040 1978 5080 una

321 5115 636 5183 divinitas;
661 5120 727 5171 ut
754 5116 1049 5187 quomodo
1071 5119 1312 5169 vocatur
1337 5113 1643 5169 hereditas
1664 5113 1975 5168 domorum

322 5210 501 5277 atque
529 5203 804 5260 villarum
829 5221 897 5260 ea
924 5204 1053 5275 ipsa
1072 5220 1200 5275 qua:
1224 5203 1298 5257 ab
1328 5202 1655 5257 haeredibus
1678 5202 1979 5273 possiden-

320 5296 424 5349 tur
457 5310 469 5347 :
500 5293 585 5349 sic
610 5294 735 5367 ipse
766 5294 921 5348 Deus
952 5291 1263 5347 haereditas
1295 5291 1657 5346 credentium
1691 5291 1767 5345 sit
1804 5297 1976 5362 atque

320 5388 686 5439 sanctorum.
720 5381 1014 5453 Scriptum
1047 5385 1219 5436 estet
1257 5381 1313 5435 in
1346 5379 1521 5435 veteri
1554 5380 1925 5435 Testamento
1961 5398 1973 5435 :

316 5473 490 5531 Fitiis
531 5477 723 5528 autem
755 5472 888 5527 Levi
915 5487 1031 5526 non
1076 5469 1273 5525 dabitis
1301 5468 1683 5526 hr'ereiitatem
1711 5470 1771 5522 in
1801 5469 1978 5525 medio

2087 586 2215 656 20);
2248 589 2305 641 et
2349 584 2484 640 alibi
2522 602 2534 640 :
2572 588 2836 641 Dominus
2878 586 3177 644 haereditas
3222 605 3413 646 eorum
3450 596 3526 648 est
3558 594 3735 665 (Deut.

2086 691 2246 740 xvm,
2278 673 2334 744 2)
2361 692 2373 742 ;
2407 678 2465 729 et
2512 679 2751 731 sanctus
2783 675 2881 747 qui
2933 680 3096 732 extra
3127 677 3313 733 Deum
3345 679 3492 735 nihil
3523 680 3738 739 habere

2088 779 2149 817 se
2198 762 2373 829 novit,
2423 764 2698 819 audacter
2753 763 3061 836 loquitur:
3114 771 3256 821 Pars
3303 784 3425 824 mea
3478 769 3740 829 Dominus

2086 851 2258 922 (Psat.
2314 868 2484 919 Lxxn,
2514 853 2606 919 26)
2642 869 2654 908 :
2687 857 2744 908 et
2776 870 2787 907 :
2828 855 2901 908 Tu
2948 871 3003 909 es
3027 870 3162 925 pars
3211 854 3552 913 hwreditatis
3598 874 3739 916 mea!

2084 946 2136 995 et
2159 940 2352 994 salicis
2401 942 2514 994 mei
2542 941 2720 1012 (Psal.
2756 959 2848 1015 xv,
2880 942 2958 1015 5).
3002 943 3127 999 Non
3177 960 3313 1017 ergo
3344 944 3526 1018 ‘parvi
3558 947 3738 1004 studii

2084 1030 2191 1092 est,
2224 1030 2290 1081 ut
2319 1027 2576 1083 sciamus
2607 1045 2769 1100 spem
2810 1030 3151 1103 vocationis,
3184 1037 3240 1087 et
3270 1032 3508 1089 divitias
3539 1034 3736 1107 gloria:

2084 1113 2439 1171 haereditatis
2480 1117 2578 1171 Dei
2629 1117 2687 1171 in
2737 1118 2955 1173 sanctis
2990 1136 3002 1175 :
3036 1137 3104 1176 ea
3133 1121 3348 1193 quippe
3396 1121 3734 1196 indigemus

2084 1203 2155 1258 ad
2189 1204 2305 1260 haec
2326 1207 2731 1277 cognoscenda
2753 1208 2987 1277 virtute,
3012 1227 3128 1281 qua
3154 1209 3329 1266 etiam
3363 1211 3421 1267 in
3454 1212 3595 1269 Filio
3627 1230 3734 1270 suo

2085 1296 2235 1349 Deus
2266 1310 2410 1367 usus
2433 1299 2521 1350 est
2551 1295 2889 1353 suscitando
2914 1314 2926 1352 :
2964 1314 3138 1368 quem
3160 1299 3465 1356 suscitavit
3495 1319 3610 1358 non
3642 1319 3734 1359 se-

2084 1381 2218 1449 mel,
2253 1383 2351 1438 sed
2401 1401 2631 1456 semper
2678 1403 2712 1440 a
2742 1386 3011 1458 mortuis,
3043 1391 3101 1443 et
3133 1387 3269 1444 fecit
3314 1406 3448 1445 eum
3480 1389 3540 1445 in
3572 1408 3732 1448 mor-
3788 1412 3791 1415 λ

2080 1470 2199 1525 tuis
2240 1469 2510 1539 liberum,
2544 1471 2709 1529 nulla
2740 1474 2945 1530 mortis
2996 1476 3337 1549 contagione
3369 1477 3731 1536 maculatum

2081 1558 2252 1630 (Psat.
2300 1578 2543 1629 Lxxxvn,
2594 1564 2666 1630 6;
2717 1580 2809 1633 xv,
2846 1563 2955 1635 10).
3006 1564 3276 1630 Quotidie
3325 1566 3593 1624 Christus
3640 1585 3729 1626 re-

2078 1648 2269 1720 surgit
2298 1665 2366 1704 ex
2399 1651 2648 1707 mortuis
2681 1669 2693 1705 :
2730 1652 2989 1723 quotidie
3018 1653 3075 1708 in
3100 1653 3518 1726 pmnitentibus
3549 1657 3733 1715 susci-

2078 1740 2256 1792 tatur.
2286 1737 2410 1794 Non
2444 1757 2560 1812 quo
2590 1757 2706 1796 non
2737 1740 3007 1798 habuerit
3036 1743 3213 1799 etiam
3245 1745 3570 1802 secundum
3602 1764 3731 1804 car-

2079 1843 2213 1882 nem
2257 1831 2601 1899 potestatem
2653 1830 2861 1885 animae
2911 1849 3028 1887 suae
3078 1834 3380 1906 ponendae,
3412 1839 3469 1891 et
3515 1836 3729 1895 iterum

2074 1916 2436 1971 resumendae
2487 1918 2614 1988 ejus
2646 1919 2823 1989 (Joan.
2859 1936 2915 1986 x,
2952 1920 3060 1990 18),
3106 1938 3277 1978 nemo
3329 1924 3549 1997 quippe
3578 1924 3733 1981 tollit

2074 2021 2225 2071 eam,
2254 2004 2367 2060 nisi
2406 2011 2585 2077 ponat
2616 2006 2773 2063 illam
2806 2026 2839 2063 a
2889 2008 3247 2082 semetipso),
3283 2013 3383 2067 sed
3418 2029 3535 2084 quo
3558 2014 3729 2084 juxta

2073 2092 2570 2165 dispensationem
2597 2096 2787 2151 carnis
2817 2101 2873 2152 et
2894 2096 3019 2165 filii,
3046 2097 3223 2155 homo
3250 2104 3307 2155 et
3339 2099 3519 2157 Filius
3547 2117 3582 2157 a
3606 2106 3718 2158 Deo

2073 2185 2130 2236 et
2160 2185 2327 2237 Patre
2357 2184 2676 2241 suscitatus
2700 2201 2827 2241 esse
2858 2186 3103 2241 dicatur.

2146 2269 2332 2341 (Vers.
2362 2272 2452 2335 20,
2484 2273 2599 2345 21.)
2627 2297 2647 2322 α
2683 2273 2750 2328 Et
2780 2275 2980 2331 sedere
3010 2291 3144 2331 eum
3180 2276 3398 2333 faciens
3424 2279 3495 2334 ad
3526 2279 3729 2335 dexte-

2077 2376 2197 2414 ram
2233 2377 2401 2415 suam
2449 2362 2508 2416 in
2556 2362 2914 2430 coelestibus,
2947 2380 3125 2437 super
3154 2382 3386 2422 omnem
3435 2367 3727 2441 principa-

2075 2452 2225 2515 tum,
2258 2454 2314 2505 et
2342 2455 2712 2521 potestatem,
2745 2456 2801 2508 et
2827 2452 3125 2522 virtutem,
3153 2459 3212 2510 et
3241 2455 3726 2525 dominationem,

2076 2542 2131 2591 et
2161 2554 2334 2594 omne
2362 2555 2571 2596 nomen
2605 2542 2761 2612 quod
2790 2543 3129 2599 nominatur
3158 2561 3273 2600 non
3305 2544 3496 2601 solum
3527 2544 3589 2601 in
3619 2545 3729 2602 hoc

2077 2626 2309 2697 saeculo,
2343 2629 2442 2683 sed
2485 2629 2662 2684 etiam
2714 2629 2772 2685 in
2825 2631 3041 2687 futuro.
3081 2655 3101 2681 ιν
3138 2632 3246 2688 Per
3292 2632 3616 2689 humanam
3649 2634 3728 2689 si-

2076 2713 2465 2772 militudinem
2523 2717 2625 2772 Dei
2672 2718 2993 2790 potentiam
3052 2720 3475 2777 demonstravit
3538 2740 3551 2778 :
3613 2738 3730 2778 non

2077 2820 2191 2874 quo
2240 2803 2452 2860 solium
2504 2812 2775 2877 ponatur,
2808 2812 2866 2863 et
2894 2808 3048 2864 Deus
3101 2810 3268 2864 Pater
3297 2809 3357 2865 in
3408 2827 3474 2867 eo
3506 2811 3728 2877 sedeat,

2076 2908 2392 2964 secumque
2423 2893 2635 2949 Filium
2668 2895 2880 2951 haheat
2908 2897 3261 2954 residentem
3291 2916 3304 2965 ;
3337 2899 3437 2954 sed
3469 2915 3585 2970 quo
3620 2915 3728 2955 nos

2076 2980 2246 3035 aliter
2266 2982 2631 3053 judicantem
2656 2988 2829 3055 atque
2859 2989 3225 3057 regnantem,
3249 2985 3361 3040 nisi
3394 3002 3497 3057 per
3526 2990 3728 3043 nostra

2075 3070 2252 3125 verba
2298 3070 2622 3143 intelligere
2672 3088 3053 3142 nequeamus.
3085 3073 3173 3127 Ad
3218 3072 3328 3128 hoc
3382 3074 3634 3145 pertinet
3663 3084 3721 3131 et

2074 3157 2218 3213 illud
2259 3158 2414 3230 quod
2466 3158 2525 3213 in
2573 3160 2890 3215 centesimo
2921 3161 3071 3217 565
3111 3178 3262 3216 nono
3312 3160 3540 3233 psalmo
3586 3163 3728 3219 scri-
3782 3174 3787 3175 ’

3459 3270 3472 3306 :
3521 3251 3642 3309 sede
3694 3271 3728 3309 a

2074 3336 2288 3391 dextris
2332 3338 2488 3403 meis,
2534 3336 2704 3393 donec
2727 3354 2931 3409 ponam
2976 3340 3230 3395 inimicos
3278 3348 3398 3395 tuos
3427 3341 3728 3397 scabeltum

2071 3424 2273 3495 pedum
2302 3428 2524 3481 tuorum
2556 3425 2727 3497 (Psal.
2761 3442 2873 3493 cxx,
2910 3427 2981 3498 1).
3015 3427 3074 3484 Si
3097 3427 3255 3485 enim
3277 3428 3448 3500 juxta
3482 3446 3728 3503 regnan-

2077 3513 2154 3569 tis
2194 3514 2462 3570 habituin
2495 3514 2675 3570 Filius
2725 3516 2798 3570 ad
2847 3516 3032 3585 Patris
3064 3517 3361 3573 dexteram
3411 3519 3593 3587 sedet,
3627 3537 3729 3575 ne-

2076 3620 2237 3659 cesse
2253 3607 2341 3660 est
2360 3605 2532 3674 juxta
2560 3605 2828 3660 eamdem
2854 3605 3303 3661 similitudinem
3330 3607 3519 3680 major
3549 3608 3625 3664 sit
3654 3610 3728 3665 ab

2077 3708 2142 3747 eo
2174 3692 2272 3763 qui
2306 3693 2364 3747 in
2394 3692 2536 3748 lava
2564 3698 2730 3764 parte
2784 3694 3129 3750 consederit.
3163 3696 3321 3761 Quod
3359 3699 3422 3750 ut
3470 3696 3729 3753 sciamus

2078 3779 2247 3835 aliter
2277 3780 2523 3854 intelligi
2556 3799 2732 3859 quam
2763 3782 2956 3839 littera
2996 3788 3250 3851 resonat,
3276 3783 3431 3840 idem
3464 3785 3729 3857 psalmus

2075 3868 2132 3923 in
2184 3870 2679 3942 consequentibus
2729 3872 2915 3941 docet,
2959 3871 3158 3929 dicens
3200 3888 3214 3929 :
3267 3874 3340 3927 Tu
3383 3890 3438 3929 es
3479 3874 3729 3931 sacerdos

2076 3959 2134 4012 in
2185 3963 2453 4015 aeternum
2497 3960 2797 4016 secundum
2844 3960 3092 4018 ordinem
3140 3961 3523 4017 Melchisedech
3554 3981 3574 4018 :
3622 3963 3730 4017 Do-

2077 4049 2264 4102 minus
2312 4065 2345 4102 a
2392 4048 2600 4104 dextris
2648 4051 2756 4105 tuis
2802 4050 2962 4117 (Ibid.
3007 4051 3059 4120 4,
3089 4050 3167 4120 5).
3218 4050 3518 4116 Quomodo
3568 4049 3728 4105 enim

2079 4151 2213 4190 cum
2246 4136 2428 4192 Filius
2456 4138 2644 4193 Patris
2675 4138 2747 4193 ad
2801 4139 3062 4193 dextram
3107 4139 3324 4209 sedeat,
3360 4155 3596 4194 rursum
3627 4139 3730 4194 Pa-

2079 4228 2168 4279 ter
2196 4243 2229 4280 a
2255 4225 2473 4282 dextris
2494 4228 2620 4296 ejus
2654 4244 2781 4282 esse
2803 4225 3142 4298 perhibetur
3161 4226 3188 4281 ?
3217 4229 3331 4282 Aut
3357 4243 3473 4298 qua
3504 4228 3730 4284 ratione

2082 4318 2239 4369 terra
2268 4315 2589 4371 scaboltum
2623 4321 2711 4371 est
2733 4316 2946 4387 pedum
2976 4316 3125 4386 ejus,
3149 4319 3205 4370 et
3234 4314 3449 4375 cmlum
3478 4317 3730 4373 thronus

2083 4403 2269 4472 ipsius
2320 4404 2442 4474 (Isa.
2498 4420 2645 4471 LXVI,
2700 4404 2773 4475 1),
2819 4420 2952 4459 cum
3014 4408 3071 4459 et
3139 4408 3353 4460 terram
3403 4406 3757 4462 secundum'

2085 4491 2295 4546 Isaiam
2327 4492 2546 4564 pugillo
2578 4492 2873 4548 continere
2914 4493 3161 4564 dicatur,
3194 4496 3251 4550 et
3279 4494 3488 4549 coelum
3524 4493 3731 4566 palmae

2083 4579 2418 4636 extensione
2469 4580 2659 4636 metiri
2709 4581 2835 4653 (lsa.
2887 4598 2976 4648 xc,
3013 4582 3151 4649 12)?
3180 4582 3305 4637 Non
3355 4582 3511 4637 enim
3544 4584 3736 4653 potest

2083 4668 2239 4723 intra
2282 4668 2339 4723 id
2390 4687 2516 4725 esse
2567 4671 2720 4741 quod
2754 4671 2825 4726 ab
2877 4670 3082 4726 eodem
3132 4670 3483 4740 continetur,
3518 4686 3625 4726 nec
3674 4667 3735 4722 in

2086 4774 2264 4813 manu
2293 4757 2587 4815 inclusum
2637 4764 2851 4828 tenere,
2885 4778 2919 4815 a
2948 4776 3060 4831 quo
3110 4761 3234 4832 ipse
3274 4761 3447 4831 juxta
3476 4756 3735 4815 sedentis

2085 4845 2349 4901 habitum
2400 4847 2812 4903 circumdetur.
2853 4847 3016 4902 Sicut
3064 4863 3196 4917 ergo
3245 4846 3577 4918 proximum
3610 4858 3738 4900 esse

2085 4933 2218 5002 Deo,
2254 4935 2340 4990 vel
2370 4935 2442 4989 ab
2474 4953 2539 4991 eo
2571 4937 2772 5007 procul
2825 4936 3113 5002 recedere,
3142 4952 3256 4990 non
3290 4935 3616 4999 secundum
3647 4932 3737 4988 lo-

2087 5040 2288 5079 corum
2338 5024 2547 5095 spatia,
2581 5026 2681 5081 sed
2728 5026 2903 5095 juxta
2945 5024 3159 5079 merita
3202 5023 3577 5079 sentiendum
3626 5026 3736 5091 est,

2089 5113 2242 5184 quod
2289 5114 2473 5168 sancti
2497 5114 2669 5185 juxta
2716 5130 2850 5168 eum
2900 5113 3017 5168 sint
3050 5130 3063 5168 :
3100 5117 3432 5184 peccatores
3476 5127 3634 5180 vero,
3666 5111 3737 5166 de

2088 5201 2300 5272 quibus
2352 5202 2433 5256 ait
2479 5201 2767 5273 Propheta
2795 5202 3042 5257 dicens:
3078 5204 3205 5257 Ecce
3253 5203 3350 5273 qui
3399 5202 3654 5273 etongant
3683 5216 3741 5255 se

2087 5295 2217 5356 ate,
2265 5290 2527 5362 peribunt
2574 5291 2744 5361 (Psat.
2796 5308 2966 5357 Lxxu,
2999 5292 3114 5362 27),
3163 5290 3234 5345 ab
3284 5290 3442 5345 omni
3496 5292 3624 5361 ejus
3656 5289 3741 5343 vi-

2088 5379 2244 5433 cinia
2274 5380 2733 5435 submoveantur
2763 5396 2775 5435 :
2811 5380 2894 5435 sic
2943 5385 2997 5434 et
3029 5380 3089 5435 in
3120 5379 3342 5435 dextris
3387 5378 3475 5435 vel
3506 5378 3565 5434 in
3598 5377 3741 5434 sini-

2088 5468 2226 5523 stris
2275 5468 2372 5523 Dei
2416 5484 2565 5540 esse,
2599 5468 3004 5540 accipiendum
3058 5473 3146 5524 est
3196 5486 3209 5526 :
3261 5468 3417 5541 quod
3468 5466 3657 5524 sancti
3710 5481 3744 5522 a

399 5710 412 5743 ³
454 5704 637 5761 Iidem
668 5721 811 5761 mss.
846 5703 920 5765 είς
957 5700 1270 5776 ἐπίγνωσιν,
1304 5702 1525 5774 absque
1563 5700 1762 5776 addito
1794 5697 1969 5776 αὐτοῦ.

2081 5699 2228 5756 infer
2257 5699 2530 5756 Ruﬁnum
2563 5699 2664 5756 lib.
2699 5717 2737 5773 1,
2772 5716 2899 5775 cap.
2932 5701 3021 5756 38.

394 5779 418 5817 ³
449 5777 709 5837 Rursum
759 5793 905 5834 mss.
934 5773 1368 5845 Cistercienses,
1400 5773 1451 5832 et
1491 5776 1548 5831 in
1574 5774 1714 5849 ejus,
1745 5773 1842 5847 qui
1870 5775 1979 5831 etc.

651 5906 914 5969 PATROL.
964 5905 1181 5967 XXVI.

3343 5899 3417 5965 16
