4144 6202
355 323 467 386 49ί

1606 320 1668 379 S.
1718 317 2028 381 EUSEBll
2079 317 2517 380 HIERONYMI

3657 318 3777 381 492

358 453 576 512 dextris
605 455 732 527 ejus
763 452 883 510 sint
915 468 927 509 :
972 457 1300 525 peccatores
1327 468 1461 508 vero
1509 469 1542 506 a
1571 451 1847 522 sinistris,
1880 449 2005 506 Sal-
2037 453 2088 517 Α
2118 451 2306 508 tiones
2337 452 2662 506 officiorum
2694 467 2808 506 non
2843 449 3033 506 solum
3076 449 3135 504 in
3170 448 3636 522 praesentiarum,
3669 453 3770 508 sed

321 541 329 550 ’
356 549 552 601 vatore
584 559 814 616 quoque
844 541 1102 614 idipsum
1135 543 1192 596 in
1235 540 1540 614 Evangelia
1570 541 2004 612 comprobante,

358 651 493 690 cum
525 649 659 689 oves
709 649 742 686 a
791 631 1030 696 dextris,
1061 630 1260 686 haedos
1309 647 1437 686 esse
1489 634 1768 685 memoret
1799 647 1833 684 a
1863 627 2006 684 sini-

358 723 498 780 stris
529 721 741 793 (Matth.
773 736 905 788 xxv,
938 719 1048 790 33).
1083 718 1194 773 Sed
1226 723 1282 774 et
1310 719 1506 790 ipsum
1529 718 1771 772 verbum
1802 717 2004 781 sedere,

358 807 522 881 regni
553 808 845 880 signiﬁcat
895 811 1265 878 potestatem,
1301 821 1403 877 per
1449 821 1628 876 quam
1660 804 2006 860 beneficium

357 897 444 953 eis
472 901 623 953 Deus
674 894 904 960 tribuit,
954 911 1132 966 super
1178 893 1394 966 quibus
1435 893 1634 948 sedere
1682 893 2004 965 dignatur:

361 986 516 1057 quod
565 983 790 1040 scilicet
837 987 998 1055 regat
1042 1000 1161 1052 eos,
1193 987 1251 1038 et
1279 982 1339 1037 in
1394 999 1568 1037 curru
1619 999 1723 1037 suo
1773 981 2004 1050 habeat,

361 1079 418 1130 et
470 1073 544 1130 ad
612 1078 823 1128 nutum
893 1071 1193 1144 proprium
1267 1087 1414 1142 vaga
1469 1071 1654 1143 prius,
1717 1075 1773 1126 et
1827 1070 2010 1125 libera

363 1161 513 1219 colla
541 1165 857 1219 convertat.
883 1162 1018 1217 Post
1049 1162 1169 1216 haec
1195 1161 1494 1231 quaeritur,
1527 1161 1691 1243 .2566l
1713 1159 2007 1232 quomodo

361 1251 422 1308 id
480 1253 635 1325 quod
682 1249 968 1323 sequitur,
1019 1249 1204 1322 possit
1256 1247 1525 1320 intelligi,
1569 1264 1732 1319 super
1790 1263 2009 1302 omnem

360 1343 756 1414 principatum,
787 1343 838 1394 et
885 1342 1223 1408 potestatem,
1256 1341 1308 1391 et
1354 1338 1625 1402 virtutem,
1657 1339 1707 1391 et
1755 1337 2008 1392 domina-

360 1432 585 1501 tionem,
619 1438 670 1486 et
693 1443 852 1485 omne
893 1443 1089 1484 nomen
1139 1427 1276 1498 quod
1306 1429 1646 1492 nominatur,
1680 1441 1789 1480 non
1834 1425 2011 1479 solum

363 1523 425 1576 in
454 1518 552 1575 hoc
594 1519 813 1587 saeculo,
841 1517 932 1573 sed
979 1519 1147 1572 etiam
1196 1513 1258 1571 in
1306 1519 1515 1586 futuro.
1551 1515 1617 1569 Et
1669 1514 1908 1586 quidem
1940 1514 2012 1568 de

363 1609 582 1666 dextris
613 1625 682 1664 ac
706 1606 986 1673 sinistris,
1018 1610 1076 1660 et
1106 1606 1178 1661 de
1207 1605 1467 1660 sessione
1487 1604 1616 1675 jam
1651 1603 1870 1658 dictum
1901 1607 2008 1658 est.

363 1698 532 1754 Nunc
562 1697 944 1769 quaerendum
988 1695 1088 1750 ubi
1117 1693 1428 1766 Apostolus
1476 1693 1597 1748 haec
1627 1698 1879 1764 quatuor
1909 1709 2010 1747 no-

367 1785 550 1857 mina,
577 1786 974 1857 principatum,
1006 1783 1231 1853 loquor,
1265 1788 1324 1837 et
1360 1787 1696 1853 potestatem,
1727 1784 2011 1846 virtutem,

368 1879 428 1931 et
470 1873 916 1942 dominationem,
972 1872 1210 1944 scripta,
1259 1871 1492 1943 reperit,
1533 1875 1592 1926 et
1639 1871 1697 1926 in
1748 1871 2007 1926 medium

365 1965 520 2020 unde
550 1962 875 2036 protulerit.
898 1961 1097 2032 Neque
1118 1960 1275 2016 enim
1308 1961 1394 2015 fas
1415 1966 1504 2016 est
1524 1977 1658 2015 eum
1685 1959 1786 2032 qui
1815 1960 2011 2014 divina

362 2052 609 2110 lectione
640 2052 828 2107 fuerat
874 2051 1218 2118 instructus,
1254 2049 1474 2120 aliquid
1513 2049 1772 2105 locutum
1807 2054 2010 2120 putare

365 2143 520 2215 quod
553 2142 611 2197 in
639 2141 857 2198 sanctis
881 2139 1282 2197 voluminibus
1314 2157 1428 2194 non
1457 2139 1724 2196 habetur.
1749 2138 2013 2194 Arbitror

363 2232 566 2304 itaque
609 2231 778 2286 illum
828 2234 930 2285 aut
959 2230 1030 2285 de
1076 2228 1490 2284 traditionibus
1534 2229 1910 2284 Hebraeorum
1945 2243 2013 2283 ea

366 2337 492 2394 quae
521 2324 744 2377 secreta
776 2324 935 2386 sunt,
960 2321 1019 2373 in
1051 2318 1309 2373 medium
1333 2316 1648 2389 protulisse
1683 2334 1696 2373 :
1730 2322 1831 2371 aut
1859 2320 2013 2372 certe

369 2426 498 2480 quas
529 2407 698 2480 quasi
719 2408 892 2478 juxta
918 2405 1225 2461 historiam
1257 2406 1476 2477 scripta
1504 2411 1642 2460 sunt
1676 2409 1715 2473 ¹,
1751 2422 1886 2460 cum
1918 2404 2010 2459 in-

365 2495 654 2568 telligeret
696 2495 885 2568 legem
932 2511 1061 2550 esse
1104 2493 1492 2566 spiritualem,
1525 2493 1781 2550 sensisse
1829 2492 2013 2548 subli-

367 2585 549 2652 mius,
581 2588 640 2640 et
680 2584 836 2655 quod
884 2583 954 2638 de
998 2583 1237 2655 regibus
1284 2587 1459 2653 atque
1488 2582 1870 2654 principibus,
1903 2582 2011 2636 du-

367 2673 535 2730 cibus
564 2689 818 2746 quoque,
849 2671 1105 2727 tribunis
1134 2675 1192 2728 et
1220 2670 1686 2739 centurionibus,
1718 2671 1772 2725 iu
1807 2671 2013 2726 Nume-

367 2763 480 2829 ris,
531 2767 588 2819 et
632 2761 692 2818 in
755 2762 1085 2834 Regnorum
1139 2759 1306 2816 libris
1367 2762 1635 2828 refertur,
1694 2760 2012 2832 imaginem

367 2851 617 2909 aliorum
667 2849 1002 2922 principum
1050 2865 1374 2922 regumque
1419 2848 1759 2920 cognovisse
1787 2865 1811 2914 ,ε
1858 2848 2013 2919 quod

367 2940 588 2998 scilicet
615 2939 677 2996 in
724 2931 1060 2995 coelestibus
1089 2939 1209 2994 sint
1258 2938 1643 3010 principatus,
1679 2937 1794 2993 sint
1826 2942 2016 3009 potes-

364 3032 536 3098 tates,
568 3030 690 3086 sint
737 3027 1165 3084 dominationes
1213 3034 1385 3099 atque
1427 3027 1693 3094 virtutes,
1726 3031 1782 3081 et
1811 3031 2015 3081 caetera

367 3119 829 3176 ministeriorum
880 3117 1204 3185 vocabula;
1241 3134 1366 3188 quae
1397 3134 1501 3173 nec
1551 3134 1657 3172 nos
1697 3107 2014 3189 possumus

2119 542 2293 596 etiam
2321 541 2375 594 in
2410 541 2605 596 futuro
2633 539 2842 596 saeculo
2875 544 3046 595 erunt
3073 555 3086 594 :
3120 545 3184 594 ut
3216 555 3316 611 per
3347 538 3617 611 singulos
3647 558 3782 612 pro-

2119 631 2322 697 fectus,
2366 635 2424 684 et
2475 630 2724 685 honores
2774 634 2830 684 et
2879 628 3272 695 escensiones,
3305 627 3479 682 etiam
3510 628 3533 662 ⁸
3562 634 3620 684 et
3664 634 3772 684 de-

2117 719 2473 785 scensiones,
2499 720 2584 774 vel
2607 723 2829 774 crescat
2859 716 3203 789 aliquis,vel
3237 717 3632 785 decrescat,et
3663 719 3775 774 sub

2118 807 2233 863 alia
2279 813 2454 879 atque
2503 807 2617 862 alia
2664 811 2970 879 potestate,
3017 805 3250 876 virtute,
3311 805 3668 878 principatu,
3716 811 3776 863 et

2117 897 2513 953 dominatione
2543 897 2690 953 567
2727 895 2849 950 ﬁat.
2883 895 2997 952 Nos
3053 893 3396 950 homunculi
3447 895 3560 950 cito
3592 895 3652 950 in
3688 897 3779 952 ci-

2120 1002 2336 1056 nerem,
2369 989 2426 1040 et
2479 985 2773 1056 pulverem
2827 983 3206 1050 dissolvendi,
3239 983 3289 1038 si
3340 1000 3636 1040 consensu
3672 984 3780 1040 ho-

2119 1073 2344 1128 minum
2393 1073 2651 1128 levemur
2682 1073 2740 1126 in
2790 1089 2975 1144 reges,
3010 1076 3204 1127 tantas
3253 1072 3546 1148 habemus
3591 1073 3774 1128 mini-

2118 1169 2374 1217 strorum
2407 1161 2768 1216 diversitates
2797 1165 2854 1216 et
2885 1159 3312 1225 multitudines,
3348 1165 3602 1233 quantas
3632 1162 3775 1217 faci-

2117 1250 2234 1305 lius
2265 1266 2581 1322 possumus
2611 1250 2846 1315 sentire,
2870 1265 3047 1320 quam
3079 1249 3270 1305 dicere
3308 1266 3320 1302 :
3356 1249 3535 1305 Verbi
3571 1266 3777 1324 causa,

2075 1340 2276 1426 7iquod
2337 1340 2641 1410 prmfectus
2698 1338 2756 1392 in
2807 1343 2968 1410 parte
3015 1336 3190 1406 civili,
3232 1338 3491 1409 judices,
3537 1339 3776 1411 provin-

2122 1429 2241 1483 cias
2272 1428 2312 1495 ‘,
2346 1432 2401 1482 et
2433 1428 2695 1483 ordinem
2747 1443 2921 1482 suum
2966 1426 3180 1482 habeat
3212 1443 3225 1482 :
3261 1443 3502 1483 rursum
3543 1427 3773 1496 militia,

2120 1516 2179 1571 in
2231 1522 2314 1572 tot
2363 1516 2626 1584 comites,
2678 1516 2876 1583 duces,
2927 1515 3216 1581 tribunos,
3269 1521 3326 1572 et
3387 1516 3775 1589 multiplicem

2122 1603 2424 1658 scindatur
2444 1604 2759 1658 exercitum
2787 1621 2800 1672 ;
2833 1608 2892 1659 et
2921 1609 3196 1674 putamus
3218 1603 3425 1671 Deum,
3458 1607 3776 1663 Dominum

2123 1692 2496 1747 dominorum
2519 1697 2576 1747 et
2599 1696 2811 1763 Regem
2835 1693 3227 1765 regnantium,
3253 1692 3507 1766 simplici
3539 1700 3776 1751 tantum

2125 1781 2452 1836 ministerio
2483 1786 2822 1836 contentum
2845 1782 2873 1836 ‘I

2189 1869 2376 1939 (Vers.
2425 1871 2516 1938 22,
2563 1871 2678 1937 23.)
2730 1890 2757 1921 ι(
2812 1871 2879 1924 Et
2925 1871 3125 1927 omnia
3168 1872 3420 1944 subjecit
3465 1873 3722 1947 pedibus
3753 1875 3775 1910 ⁸

2119 1960 2268 2031 ejus,
2302 1963 2358 2014 et
2383 1958 2578 2030 ipsum
2617 1958 2777 2014 dedit
2803 1965 2979 2031 caput
3023 1975 3200 2031 super
3246 1960 3447 2016 omnia
3477 1961 3777 2034 Ecclesiae,

2121 2064 2246 2119 qua:
2275 2053 2364 2103 est
2393 2064 2605 2120 corpus
2661 2047 2846 2119 ipsius
2883 2064 2895 2101 :
2930 2047 3236 2120 plenitudo
3268 2050 3393 2119 ejus
3445 2050 3542 2123 qui
3577 2050 3781 2108 omnia

2120 2137 2180 2191 in
2211 2136 2485 2192 omnibus
2533 2135 2905 2208 adimpletur.
2940 2159 2968 2188 »
3004 2136 3148 2192 Huic
3197 2139 3431 2194 videtur
3461 2138 3607 2195 illud
3640 2157 3774 2197 esse

2121 2225 2500 2294 contrarium,
2553 2226 2708 2296 quod
2758 2225 2895 2281 alibi
2945 2226 3221 2282 scribitur
3271 2245 3282 2282 :
3336 2228 3579 2284 Necdum
3625 2232 3776 2286 enim

2121 2316 2173 2370 ei
2219 2315 2462 2370 videmus
2510 2316 2698 2368 omnia
2751 2315 2992 2381 subjecta
3039 2316 3312 2388 (Philipp.
3369 2335 3454 2382 ιιι,
3497 2319 3610 2388 21).
3664 2319 3777 2375 Sed

2123 2408 2180 2459 et
2209 2405 2353 2459 illud
2388 2422 2401 2458 :
2436 2405 2658 2474 Oportet
2705 2405 2856 2458 enim
2904 2405 3066 2458 illum
3113 2421 3366 2476 regnare,
3398 2407 3566 2464 donec
3611 2411 3778 2481 ponat

2121 2509 2304 2548 omnes
2355 2494 2610 2548 inimicos
2645 2493 2742 2547 sub
2795 2492 3022 2563 pedibus
3068 2497 3191 2565 ejus
3238 2495 3288 2562 (ι
3337 2495 3460 2551 Cor.
3507 2513 3601 2567 xv,
3661 2499 3777 2565 25).

2123 2582 2182 2637 Si
2213 2581 2370 2636 enim
2406 2581 2655 2636 necdum
2688 2581 2739 2635 ei
2791 2582 3055 2652 subjecta
3085 2587 3224 2637 sunt
3267 2583 3485 2649 omnia,
3516 2590 3574 2640 et
3603 2602 3778 2658 opor-

2123 2674 2205 2726 tet
2259 2686 2392 2724 eum
2443 2685 2704 2742 regnare,
2753 2671 2938 2725 donec
2987 2671 3037 2724 ei
3081 2671 3478 2742 subjiciantur
3526 2675 3774 2733 omnia:

2124 2759 2416 2830 quomodo
2457 2775 2612 2813 nunc
2659 2759 2770 2814 sub
2818 2759 3065 2830 pedibus
3117 2761 3245 2831 ejus
3293 2761 3448 2817 Deus
3499 2763 3772 2820 universa

2125 2847 2421 2918 subjecit?
2451 2847 2699 2903 Maxime
2737 2864 2870 2902 cum
2903 2853 2960 2902 et
3008 2848 3068 2902 in
3101 2847 3215 2904 alio
3245 2848 3369 2905 loco
3400 2850 3616 2908 Paulus
3649 2852 3777 2924 ipse

2123 2942 2370 2993 testetur
2419 2955 2430 2992 :
2489 2939 2631 2993 Cum
2676 2947 2865 2992 autem
2911 2938 2966 2992 ei
3011 2937 3255 3008 subjecta
3301 2935 3518 3012 fuerint
3561 2943 3771 3012 omnia,

2123 3035 2251 3083 tunc
2304 3029 2352 3083 et
2406 3029 2522 3097 ipse
2577 3027 2749 3082 Filius
2775 3027 3099 3094 subiicietur
3151 3027 3203 3082 ei
3253 3031 3350 3098 qui
3394 3029 3503 3084 sibi
3540 3031 3774 3102 subjecit

2124 3118 2313 3172 omnia
2344 3134 2362 3170 :
2393 3122 2453 3171 ut
2502 3118 2577 3172 sit
2627 3117 2766 3171 Deus
2813 3117 3000 3170 omnia
3029 3117 3090 3170 in
3135 3117 3392 3173 omnibus
3439 3119 3598 3187 (Ibid.
3630 3119 3774 3190 28)?

360 3206 688 3271 nominare,
719 3221 824 3260 nec
871 3205 1070 3276 ipsum
1118 3204 1387 3272 Paulum,
1433 3210 1594 3276 puto,
1645 3213 1711 3261 ut
1759 3205 1816 3259 in
1849 3203 2013 3278 gravi
2043 3205 2085 3271 C
2123 3205 2272 3278 Ergo
2303 3210 2403 3261 aut
2431 3205 2756 3261 secundum
2789 3205 3213 3276 praascientiam
3249 3207 3351 3272 [Αἰ.
3378 3207 3772 3280 praesentiam]

359 3293 710 3368 corpusculo
759 3293 1171 3360 constitutum,
1222 3309 1565 3348 enumerare
1613 3293 1890 3350 valuisse.
1951 3294 2010 3349 Si

361 3391 560 3441 autem
591 3387 734 3440 sunt
762 3382 1150 3454 principatus,
1183 3387 1240 3436 et
1284 3387 1626 3453 potestates,
1659 3389 1715 3437 et
1745 3383 2010 3449 virtutes,

361 3478 422 3528 et
465 3471 919 3538 dominationes,
951 3486 1190 3526 necesse
1229 3475 1319 3524 est
1365 3474 1432 3525 ut
1479 3475 1535 3524 et
1581 3471 1877 3542 subjectos
1909 3471 2012 3526 ha-

361 3562 555 3629 beant,
607 3565 665 3616 et
711 3560 987 3615 timentes
1037 3575 1118 3630 se,
1160 3563 1217 3614 et
1265 3559 1580 3614 servientes
1629 3559 1764 3626 sibi,
1810 3565 1866 3614 et
1915 3577 2012 3615 eos

363 3651 465 3722 qui
509 3666 620 3706 sua
668 3648 1006 3704 fortitudine
1053 3649 1074 3682 ²
1122 3649 1486 3704 roborentur.
1537 3650 1671 3710 Quae
1728 3648 2011 3703 distribu-

435 3811 452 3844 ¹
483 3809 692 3866 Facem
739 3808 862 3882 hac
910 3807 1166 3882 praetulit
1195 3809 1390 3864 Grotio
1445 3809 1778 3882 Hieronymi
1817 3811 2012 3880 conje-

363 3887 549 3950 ctura,
612 3886 679 3936 ut
735 3879 938 3935 isthmc
995 3879 1350 3952 dignitatum
1411 3879 1765 3937 nomina'ad
1827 3879 2016 3938 instar

363 3970 566 4011 earum
599 3969 725 4024 quas
764 3953 832 4024 in
860 3951 1169 4007 Persarum
1201 3951 1338 4006 aula
1387 3953 1605 4023 primas
1651 3953 2010 4021 obtinebant,

364 4025 546 4080 fuisse
576 4023 920 4096 eicogitata,
954 4039 1237 4095 perquam
1267 4024 1490 4097 erudite
1521 4024 1802 4097 docuerit.
1836 4026 2014 4097 Equi-

365 4098 498 4152 dem
529 4101 588 4168 et
616 4093 898 4168 numerus
929 4093 1151 4166 septem
1196 4093 1558 4168 angelorum,
1592 4096 1690 4166 qui
1726 4093 2014 4168 praecipua

366 4185 503 4224 cum
525 4167 810 4239 dignitate
831 4171 990 4239 stant
1018 4171 1372 4239 coramrveo,
1398 4166 1616 4238 optime
1636 4166 1769 4221 cum
1793 4166 2012 4238 septem

371 4238 682 4310 ministris,
716 4238 817 4310 qui
861 4238 981 4310 regi
1013 4238 1270 4293 Persidis
1323 4239 1614 4310 astabant,
1647 4255 1900 4310 eumque
1929 4240 2012 4292 vi-

365 4312 523 4375 dere,
577 4309 816 4381 alloqui,
865 4309 1275 4365 et’consulere
1322 4325 1426 4381 pro
1459 4309 1648 4364 lubitu
1701 4309 2009 4380 poterant:

364 4397 472 4438 nec
520 4380 767 4436 dubium
817 4387 928 4444 est,
962 4380 1338 4450 Scripturam’
1368 4380 1440 4434 iis
1490 4382 1733 4451 passim,
1766 4399 1893 4453 qua:
1939 4383 2008 4437 ad

364 4454 736 4509 Hebraeorum
816 4456 1181 4526 conceptum,
1278 4457 1650 4523 mentemque
1745 4455 2016 4526 propiora

307 4575 310 4578 .
363 4531 554 4590 erant,
587 4527 776 4596 ipsam
809 4540 871 4578 se
901 4524 1284 4578 conformare.

433 4576 1203 4666 rPe—desvitufinuquui
1245 4576 1291 4648 7a
1343 4610 1446 4649 sua
1499 4594 1844 4664 fortitudine,
1901 4597 2010 4649 etc.
2044 4576 2090 4640 D

362 4667 592 4724 Videsis
625 4666 838 4722 librum
873 4667 1270 4722 lnvectivarum
1300 4681 1359 4732 ιι,
1397 4683 1558 4720 num.
1592 4667 1680 4720 37.

431 4739 454 4774 ³
482 4739 760 4796 Voculam
799 4739 986 4806 etiam,
1019 4753 1147 4808 quae
1185 4737 1392 4809 nescio
1426 4737 1564 4809 quid
1600 4737 1879 4809 momenti
1912 4754 2009 4809 su:

361 4811 646 4882 peraddit,
679 4810 864 4866 nostri
907 4825 973 4882 ac
1003 4807 1222 4882 Ruﬁni,
1247 4807 1475 4882 codices
1506 4808 1798 4880 supplent.
1847 4807 2008 4882 Quod

362 4879 483 4937 haec
511 4899 643 4938 vero
683 4881 974 4938 sententia
993 4879 1403 4951 Origenianam
1433 4879 1760 4934 doctrinam
1793 4879 2010 4934 redole-

363 4958 468 5018 ret,
504 4953 585 5008 ita
614 4968 677 5008 se
731 4955 802 5008 ab
832 4950 1222 5023 Aquileiensis
1253 4951 1574 5023 presbyteri
1607 4951 2008 5022 reprehensio-

363 5023 540 5078 nibus
565 5040 630 5078 ac
661 5021 926 5078 censuris
958 5028 1157 5078 tuetur
1178 5023 1235 5078 S.
1256 5021 1597 5093 Pater'libJ
1626 5021 1922 5093 Apologia,
1947 5039 2006 5088 11,

360 5094 453 5148 23,
489 5115 518 5144 ‹‹
543 5094 640 5148 Sin
664 5102 862 5150 autem
894 5099 1080 5165 putat,
1109 5094 1325 5149 idcirco
1359 5110 1450 5149 me
1480 5092 1787 5164 Origenem
1819 5093 2006 5164 sequi,

361 5167 502 5237 quia
531 5168 825 5238 profectus
881 5172 939 5220 et
985 5165 1254 5235 honores,
1287 5172 1343 5221 et
1390 5165 1782 5231 escensiones,
1816 5170 1873 5220 et
1918 5167 2010 5238 de-

359 5235 721 5308 scensiones,
752 5237 1113 5308 incrementa
1141 5243 1199 5308 et
1226 5237 1670 5292 immunitiones
1702 5237 1760 5291 in
1792 5235 2013 5308 exposi-

358 5307 517 5363 tione
549 5325 679 5364 mea
709 5307 901 5380 posui,
919 5308 1065 5380 sciat
1085 5307 1336 5364 multum
1358 5310 1642 5364 interesse
1666 5309 1736 5364 de
1761 5307 2006 5380 angelis,

359 5384 418 5452 et
472 5379 794 5452 seraphin),
849 5385 907 5434 et
962 5379 1267 5452 cherubim
1335 5381 1544 5452 dicere,
1605 5379 1896 5434 damones
1955 5384 2012 5432 et

358 5449 629 5523 homines
676 5451 839 5523 fieri,
873 5451 1025 5520 quod
1073 5452 1330 5504 alllrmat
1378 5450 1700 5523 Origenes:
1745 5457 1803 5506 et
1848 5453 2009 5521 ipsos

357 5522 513 5578 inter
565 5540 628 5579 se
675 5522 915 5595 angelos
955 5523 1192 5595 diversa
1238 5522 1568 5577 ofﬁciorum
1619 5539 1834 5595 genera
1880 5537 2010 5576 esse

355 5596 618 5664 sortitos,
651 5591 808 5666 quo'd
842 5591 1110 5648 Ecclesia
1141 5609 1257 5666 non
1288 5599 1592 5666 repugnat.
1623 5591 1657 5643 Β
1690 5594 1874 5666 igitur
1905 5608 2010 5666 nec

357 5667 536 5738 probe
591 5663 887 5738 intellecta
947 5680 1116 5738 mens
1173 5665 1229 5720 S.
1289 5663 1474 5738 Patris
1543 5663 1752 5738 Huetio
1808 5664 2009 5738 fuerit,

355 5735 461 5817 Qui
487 5754 624 5800 cum
651 5737 822 5815 putat
849 5751 968 5797 non
997 5735 1257 5808 difﬁteri,
1278 5740 1344 5794 ut
1373 5735 1444 5795 ad
1476 5737 1780 5810 superiora
1802 5735 2004 5796 etiam-

2120 3294 2177 3348 id
2228 3295 2382 3366 quod
2415 3294 2678 3349 futurum
2709 3300 2816 3360 est,
2851 3294 3016 3365 quasi
3042 3296 3167 3364 jam
3202 3295 3419 3350 factum
3453 3313 3582 3353 esse
3611 3314 3772 3353 com-

2123 3388 2426 3449 memorat,
2451 3383 2620 3453 juxta
2656 3397 2899 3438 sensum
2930 3398 3100 3452 quem
3157 3400 3338 3454 supra
3368 3385 3770 3456 exposuimus,

2123 3471 2222 3525 ubi
2250 3472 2332 3526 ait
2351 3490 2362 3526 :
2381 3473 2681 3527 Ben-edixit
2704 3487 2800 3526 nos
2829 3473 2885 3525 in
2909 3473 3062 3526 omni
3082 3470 3462 3529 benedictione
3481 3475 3776 3546 spirituati

2122 3562 2181 3614 in
2228 3560 2527 3615 czetestibus
2557 3562 2617 3614 in
2671 3560 2883 3616 Christo
2934 3560 3153 3631 (Ephes.
3185 3577 3226 3630 ι,
3259 3563 3336 3632 3).
3387 3567 3508 3618 Aut
3538 3570 3691 3619 certe
3721 3564 3774 3620 si

2121 3650 2192 3704 de
2211 3649 2501 3722 praeterito
2524 3649 2896 3704 sentiendum
2918 3655 3007 3705 est
3031 3666 3044 3704 :
3069 3649 3153 3705 sic
3182 3650 3466 3708 debemus
3487 3652 3772 3726 accipere,

2123 3807 2491 3881 numqangeli
2541 3808 2911 3881 aspirent,ret
2941 3807 3088 3864 bene
3105 3810 3341 3881 agendo
3391 3812 3460 3866 ad
3495 3811 3773 3868 inferiora

2122 3879 2535 3956 devolvuntur,
2557 3879 2627 3956 et
2644 3880 2739 3934 alii
2793 3880 3005 3956 aliique
3032 3879 3122 3936 vel
3155 3879 3447 3956 potestati,
3481 3884 3567 3938 vel
3598 3883 3768 3956 prin-

2121 3953 2337 4024 cipatui
2384 3953 2797 4026 subjiciantur,
2831 3953 3176 4023 futuraeque
3207 3954 3382 4009 etiam
3425 3953 3768 4026 hujusmodi

2122 4025 2583 4094 permutationes
2635 4025 2692 4077 in
2739 4029 3043 4093 aternum,
3076 4029 3306 4079 tantum
3350 4025 3513 4082 intra
3547 4031 3771 4082 natura

2123 4095 2403 4168 angelicae
2445 4096 2610 4168 ﬁnes,
2641 4095 2817 4166 idque
2847 4111 3031 4149 unum
3065 4095 3332 4168 Origenis
3363 4097 3514 4152 inter
3540 4102 3599 4153 et
3632 4097 3775 4154 Hie-

2124 4166 2350 4238 ronymi
2375 4167 2699 4221 doctrinam
2725 4172 3026 4232 interesse,
3055 4166 3214 4237 quod
3238 4167 3336 4222 ille
3358 4169 3428 4223 ad
3460 4168 3773 4226 hominum

2125 4254 2358 4312 quoque
2381 4253 2446 4292 ac
2463 4238 2792 4312 daemonum
2813 4238 3299 4312 naturamdelabi
3326 4256 3495 4312 posse
3524 4242 3772 4312 angelos

2123 4308 2198 4363 sit
2228 4309 2521 4382 opinatus.
2557 4308 2791 4363 Nullam
2821 4309 3144 4382 econtrario
3167 4308 3385 4382 gradus
3414 4308 3773 4368 vicissitudi-

2123 4397 2253 4454 nem
2290 4381 2440 4433 inter
2471 4379 2752 4451 ipsosmct
2784 4381 3021 4454 angelos
3072 4379 3236 4454 ponit
3263 4381 3672 4454 Hieronymus,
3707 4390 3775 4440 ut

2121 4451 2368 4506 laudatae
2403 4457 2737 4506 contextum
2768 4451 3195 4523 Apologiaubi
3228 4469 3397 4508 suam
3430 4451 3605 4510 latius
3635 4451 3773 4510 sen-

2123 4523 2368 4577 tentiam
2414 4523 2688 4594 explicat,
2720 4523 3039 4578 attendenti
3087 4525 3411 4592 constabit;
3447 4526 3546 4580 sed
3577 4527 3773 4581 varios

2122 4597 2354 4649 tantum
2388 4593 2520 4648 illos
2565 4596 2804 4665 gradus,
2837 4595 3204 4667 Archangeli,
3237 4595 3624 4667 Principatus,
3658 4598 3770 4652 Po-

2123 4671 2422 4731 testatum,
2462 4671 2608 4738 etc.,
2639 4667 2720 4722 ita
2774 4666 2859 4720 vel
2909 4683 3010 4738 pro
3052 4666 3285 4738 meritis
3338 4683 3404 4722 ac
3435 4666 3773 4724 ’virtutibus

2125 4737 2349 4811 angelis
2379 4737 2502 4811 vult
2527 4738 2886 4811 assignatus,
2918 4737 3005 4792 Vel
3046 4737 3207 4808 ipsos
3256 4739 3408 4811 inter
3437 4755 3499 4794 se
3529 4739 3772 4811 angelos

2123 4810 2346 4882 diversa
2381 4809 2452 4863 ab
2479 4809 2692 4882 officio,
2723 4809 2815 4864 cui
2846 4811 3220 4882 deputantur,
3241 4809 3564 4866 etiamnum
3597 4809 3771 4882 posse

2119 4880 2318 4935 sortiri
2352 4879 2610 4934 nomina.

2189 4953 2212 5025 ξ
2242 4950 2402 5025 Unus
2443 4951 2865 5019 Cisterciensis,
2899 4950 3038 5021 quod
3082 4955 3368 5023 praefectos
3417 4955 3475 5008 in
3499 4957 3660 5025 parte
3686 4952 3770 5008 ci-

2119 5022 2473 5104 vit_i,_judices
2501 5039 2599 5093 per
2622 5025 2956 5104 provinciqs,
2989 5028 3099 5078 etc.

2191 5094 2211 5126 ⁵
2243 5094 2401 5166 Idem
2442 5093 2712 5166 pressius
2758 5094 2829 5166 ad
2880 5094 3167 5166 Grgscum,
3197 5095 3434 5164 subjecit
3477 5095 3576 5149 sub
3615 5093 3770 5166 pedi-

2121 5165 2236 5233 bus,
2271 5161 2518 5232 ὑπέταξεν
2566 5163 2665 5216 ὑπὸ
2694 5163 2838 5224 τοὺς
2871 5161 3061 5224 ποδας.
3095 5161 3222 5220 Mox
3269 5161 3420 5237 quod
3466 5161 3633 5237 super
3658 5183 3773 5221 0m-

2119 5251 2245 5309 nem
2274 5237 2590 5303 Ecclesium,
2623 5253 2725 5307 pro
2769 5253 2919 5309 super
2977 5239 3160 5292 omnia
3192 5238 3463 5303 Ecclesia’,
3495 5238 3772 5309 vulgatus

2119 5306 2409 5378 interpres
2459 5306 2744 5380 praeferat,
2780 5307 2978 5362 minus
3028 5311 3331 5380 probatur,
3384 5306 3770 5380 dicemusque

2121 5380 2262 5432 adeo
2296 5395 2429 5433 cum
2461 5380 2532 5433 ad
2565 5396 2698 5434 eum
2731 5379 2922 5434 locum
2957 5379 3364 5435 devenerimus
3393 5379 3452 5434 in
3486 5379 3769 5436 Hieronv-

2121 5450 2649 5524 mianaversione,
2699 5468 2814 5506 non
2876 5451 3055 5505 videri
3104 5451 3254 5506 hanc
3303 5451 3651 5524 particulam
3705 5450 3766 5508 S.

2119 5521 2382 5595 Doctoris
2408 5521 2628 5592 judicio
2659 5523 3048 5595 recognitam:
3083 5521 3424 5595 quanquam
3452 5540 3566 5578 non
3600 5523 3766 5595 igno-

2119 5610 2320 5721 fgmps
2364 5593 2423 5720 gn
2477 5610 2592 5651 uno
2639 5593 2890 5651 alterave
2927 5599 3121 5652 Grmco
3172 5593 3285 5652 ms}
3317 5594 3431 5671 legi
3449 5593 3762 5674 nanum

2177 5683 2244 5721 κκ
2286 5682 2357 5721 ησ
2381 5683 2465 5721 αν.

2177 5682 2465 5738 κκΛησιαν.
