4144 6202
369 317 488 380 493

1075 317 1590 380 COMMENTAR.
1638 318 1714 379 IN
1762 319 2008 381 EPlST.
2055 321 2159 380 AD
2207 320 2480 382 EPHES.
2530 323 2678 382 LIB.
2727 322 2775 395 l,
2824 324 2992 384 CAP.
3043 327 3122 408 1.,

3668 289 3790 391 494

369 452 524 536 quod
557 449 734 507 etiam
768 465 836 505 ea
867 465 996 521 qua;
1028 466 1143 505 non
1176 454 1313 505 sunt
1335 451 1386 506 ei
1407 449 1704 507 voluntate
1735 452 2016 524 subjecta,
2051 454 2104 520 Α
2135 452 2369 508 clinavit
2399 457 2454 509 et
2483 453 2609 525 ipse
2642 454 2740 526 qui
2775 453 3056 526 loquitur.
3107 456 3174 510 Et
3217 456 3353 512 alibi
3389 475 3400 512 :
3439 460 3542 530 Ego
3573 459 3700 514 dixi
3729 460 3791 514 in

368 546 591 597 naturae
623 539 958 596 conditione
985 539 1318 594 deserviant
1352 555 1364 594 :
1399 541 1556 596 verbi
1583 558 1782 613 causa,
1818 542 2028 596 deamo-

366 647 491 701 nes,
551 628 740 686 Judaei
797 632 974 700 atque
1031 627 1300 700 gentiles.
1364 628 1488 684 Non
1548 629 1703 685 enim
1763 631 2028 686 serviunt

369 719 623 786 Christo,
654 735 761 772 nec
790 717 1041 787 subjecti
1086 721 1224 772 sunt
1273 717 1521 789 pedibus
1563 719 1712 790 ejus,
1745 723 1801 774 et
1830 723 2027 775 tamen

369 810 511 883 quia
541 807 612 864 ab
644 823 710 862 eo
741 806 798 860 in
831 806 1049 861 bonam
1101 811 1326 877 partem
1377 808 1553 863 creati
1603 813 1762 878 sunt,
1807 807 2028 863 subditi

369 903 510 954 sunt
537 895 812 970 potestati
862 896 993 967 ejus
1042 894 1232 963 inviti,
1283 897 1517 951 tametsi
1549 897 1858 953 adversum
1892 914 2026 953 eum

370 989 701 1060 repugnent
729 984 897 1040 liberi
929 983 1155 1038 arbitrii
1177 983 1572 1040 voluntate.ln
1606 985 1762 1041 hunc
1785 1003 2026 1042 sensum

367 1083 426 1133 et
476 1075 622 1130 illud
669 1073 822 1146 quod
873 1073 1145 1144 sequitur
1186 1078 1494 1145 coaptatur
1527 1092 1539 1130 :
1577 1076 1640 1129 Et
1671 1075 1850 1145 ipsum
1882 1075 2028 1131 dedit

364 1161 532 1238 caput
573 1180 742 1236 super
781 1164 967 1218 omnia
1011 1162 1290 1229 Ecclesiae,
1324 1179 1446 1234 qua:
1495 1163 1648 1220 568
1699 1169 1780 1220 est
1827 1181 2020 1235 corpus

366 1259 562 1326 ipsius.
595 1251 893 1319 Quomodo
943 1251 1100 1307 enim
1151 1256 1327 1324 caput
1377 1252 1636 1323 plurima
1687 1253 1801 1308 sibi
1851 1254 2030 1309 habet

361 1343 634 1400 membra
661 1341 948 1412 subjecta,
981 1356 1011 1396 e
1041 1340 1258 1412 quibus
1307 1346 1445 1396 sunt
1492 1341 1785 1397 nonnulla
1814 1342 2026 1397 vitiosa

364 1438 423 1489 et
451 1431 668 1488 debilia
700 1449 713 1486 :
748 1429 832 1485 ita
880 1433 936 1485 et
978 1429 1261 1484 Dominus
1310 1435 1506 1485 noster
1550 1433 1727 1485 Jesus
1759 1430 2026 1486 Christus

365 1539 503 1594 cum
535 1520 613 1576 sit
645 1523 821 1592 caput
853 1517 1138 1589 Ecclesiae,
1169 1519 1342 1573 habet
1371 1520 1640 1574 membra
1677 1537 1777 1575 eos
1825 1537 2025 1575 omnes

365 1611 470 1684 qui
503 1609 563 1664 in
595 1607 854 1664 Ecclesia
889 1613 1338 1680 congregantur,
1371 1614 1491 1663 tam
1542 1615 1775 1664 sanctos
1821 1608 2026 1663 videli-

366 1701 460 1756 cet
525 1714 705 1770 quam
767 1701 1102 1769 peccatores
1161 1713 1174 1751 :
1242 1698 1341 1752 sed
1406 1702 1642 1753 sanctos
1704 1697 2023 1767 voluntate,

369 1791 704 1862 peccatores
747 1802 881 1841 vero
932 1785 1042 1841 Sibi
1094 1785 1438 1841 necessitate
1486 1787 1800 1857 subjectos.
1840 1789 2027 1858 Atque

371 1879 454 1932 ita
487 1876 572 1942 fit,
603 1881 668 1930 ut
699 1875 878 1929 etiam
909 1873 1133 1930 inimici
1164 1874 1414 1944 subjecti
1443 1874 1560 1930 sint
1590 1875 1838 1947 pedibus
1877 1877 2025 1946 ejus.

374 1968 740 2038 QuaprOpter
770 1965 827 2017 in
858 1980 923 2018 eo
955 1965 1107 2034 quod
1161 1963 1260 2034 ait,
1311 1965 1517 2032 omnia,
1569 1964 1798 2019 videtur
1846 1965 2030 2019 facere

377 2054 788 2127 quaestionem.
822 2052 968 2107 Nam
1004 2051 1147 2106 illud
1197 2053 1350 2124 quod
1401 2052 1622 2108 dictum
1664 2058 1794 2109 est:
1830 2053 1968 2108 Sede
1997 2069 2031 2107 a

372 2141 590 2198 dextris
621 2143 782 2206 meis,
815 2141 984 2197 donec
1009 2158 1219 2213 ponam
1250 2143 1512 2197 inimicos
1533 2151 1653 2197 tuos
1683 2142 1782 2197 sub
1802 2143 2033 2212 pedibus

374 2233 490 2289 tuis
535 2234 554 2268 ¹
598 2231 770 2303 (Psal.
828 2247 940 2298 uix,
977 2231 1047 2300 l).
1083 2235 1150 2284 Et
1192 2229 1330 2285 alibi
1381 2249 1394 2286 :
1445 2231 1659 2302 Oportet
1706 2234 1855 2286 enim
1903 2248 2031 2286 eum

373 2328 627 2393 regnare,
686 2319 852 2375 donec
891 2327 1063 2391 ponat
1109 2335 1294 2374 omnes
1353 2320 1613 2374 inimicos
1659 2319 1756 2374 sub
1800 2319 2030 2390 pedibus

369 2411 490 2478 eius
517 2410 568 2480 (ι
593 2409 714 2465 Cor.
748 2424 842 2478 xv,
873 2407 965 2479 25)
993 2425 1007 2463 :
1035 2424 1148 2462 non
1199 2424 1551 2480 magnopere
1601 2408 1810 2480 quaerit
1852 2407 2027 2462 inter-

371 2504 619 2571 pretem,
657 2502 716 2552 ut
748 2514 817 2552 ea
847 2514 969 2568 qua
1006 2496 1246 2552 inimica
1293 2502 1452 2564 sunt,
1504 2513 1637 2553 cum
1690 2497 1905 2552 fuerint
1937 2515 2032 2552 su-

372 2593 595 2660 perata,
637 2586 1031 2657 subjiciantur
1081 2586 1330 2657 pedibus
1381 2588 1532 2657 ejus,
1582 2590 1639 2641 et
1686 2586 1745 2641 in
1794 2585 2030 2642 victoris

371 2680 677 2732 transeant
734 2680 1104 2747 potestatem.
1155 2674 1272 2730 Cur
1320 2680 1516 2730 autem
1566 2675 1783 2742 omnia,
1817 2675 1875 2730 id
1919 2680 2026 2742 est,

375 2765 590 2838 angeli,
642 2764 860 2832 throni,
911 2763 1364 2834 dominationes,
1419 2770 1760 2837 potestates,
1810 2769 1866 2821 et
1916 2765 2024 2819 vir-

375 2860 533 2910 tutes
589 2859 826 2920 caeteras,
890 2870 1016 2925 quae
1077 2869 1382 2924 nunquam
1446 2855 1682 2909 fuerunt
1727 2854 2030 2909 contraria:

377 2943 518 3013 Deo,
551 2943 679 3015 eius
705 2942 954 3015 pedibus
986 2942 1397 3013 subjiciantur,
1430 2942 1657 2997 videtur
1691 2943 2026 2998 obscurum.

380 3032 579 3087 Potest
633 3031 828 3103 itaque
887 3031 1248 3102 reSpondcri,
1300 3032 1457 3103 quod
1517 3033 1738 3103 absque
1797 3037 2030 3103 peccato

381 3118 584 3174 nullus
613 3119 708 3186 sit,
741 3124 799 3174 et
831 3118 1023 3174 sidera
1059 3118 1187 3190 ipsa
1226 3135 1338 3173 non
1391 3119 1509 3173 sint
1560 3119 1781 3172 munda
1833 3132 2028 3173 coram

379 3213 517 3274 Deo,
536 3208 844 3279 omnisque
868 3212 1134 3263 creatura
1165 3212 1367 3278 paveat
1396 3206 1682 3262 Creatoris
1713 3207 2029 3268 adventum

381 3298 500 3368 (Job
551 3314 642 3364 xv,
707 3298 792 3367 14,
844 3297 956 3368 15.)
1015 3295 1177 3351 Unde
1226 3299 1283 3351 et
1337 3312 1478 3350 crux
1533 3294 1850 3351 Salvatoris
1917 3313 2031 3351 non

382 3385 578 3442 solum
611 3402 678 3441 ea
708 3403 836 3457 quae
885 3386 943 3440 in
993 3391 1168 3452 terra,
1221 3385 1322 3440 sed
1373 3384 1546 3442 etiam
1598 3400 1728 3456 quae
1771 3385 1830 3438 in
1874 3384 2034 3439 cmlis

383 3480 553 3530 erant
599 3491 882 3546 purgasse
934 3473 1273 3546 perhibetur
1318 3473 1358 3528 ²,
1406 3473 1572 3529 Alius
1619 3490 1774 3540 vero,
1827 3475 2032 3539 omnia,

383 3580 503 3619 non
562 3564 631 3619 ad
694 3563 1157 3632 universitatem,
1192 3563 1293 3617 sed
1327 3563 1399 3617 ad
1449 3579 1516 3618 ea
1556 3567 1784 3617 tantum
1839 3563 2034 3628 refert,

383 3655 457 3709 de
490 3653 704 3724 quibus
734 3652 1102 3724 disputatum
1136 3657 1225 3707 est
1257 3670 1269 3707 :
1303 3651 1391 3706 vel
1422 3651 1531 3707 hoc
1563 3653 1734 3707 modo
1776 3654 1813 3722 ί,
1845 3651 2038 3707 omnis

385 3742 593 3798 civitas
661 3740 1102 3808 conclamavit“
1128 3757 1244 3796 non
1315 3757 1430 3812 quo
1488 3739 1700 3812 aliquis
1769 3741 1826 3795 in
1894 3741 2040 3795 urbe

389 3848 509 3886 non
542 3831 730 3898 fuerit,
783 3831 883 3885 sed
933 3847 1000 3885 ex
1049 3833 1213 3901 parte
1262 3828 1520 3884 maxima
1563 3829 1739 3884 etiam
1791 3846 1859 3884 ea
1911 3846 2038 3899 qua:

391 3920 626 3976 minora
644 3924 783 3975 sunt
805 3917 1194 3992 appellantur.
1216 3918 1283 3973 Et
1303 3917 1428 3990 ipse
1449 3917 1667 3972 Paulus
1689 3917 1989 3989 apostolus
2025 3935 2037 3972 :

393 4009 608 4080 Omnes,
641 4009 854 4080 inquit,
892 4023 989 4062 sua
1020 4012 1288 4078 quaerunt,
1340 4023 1450 4062 non
1496 4023 1560 4061 ea
1609 4023 1729 4077 qum
1770 4015 1898 4061 sunt
1947 4007 2044 4061 Dei

393 4099 660 4170 (Philipp.
714 4114 774 4164 ιι,
821 4098 944 4168 21);
996 4104 1049 4150 et
1101 4115 1114 4152 :
1168 4095 1361 4152 Omnes
1399 4112 1486 4151 me
1532 4096 1942 4166 dereliquerunl
1973 4095 2044 4166 (II

399 4190 542 4242 Tim.
603 4204 675 4253 IV,
727 4187 908 4249 9-11).
966 4185 1092 4240 Νοιι
1150 4186 1306 4257 quod
1358 4186 1702 4241 Timotheus
1751 4191 1808 4240 et
1855 4185 2043 4240 caeteri

395 4275 691 4346 discipuli,
715 4275 815 4348 qui
842 4275 942 4330 illo
976 4279 1238 4346 tempore
1269 4291 1382 4346 quo
1410 4274 1681 4346 Epistolas
1713 4274 2047 4330 scribeban-

392 4369 518 4430 tur,
545 4380 678 4419 cum
707 4381 772 4419 eo
803 4370 990 4429 erant,
1021 4363 1191 4419 illum
1223 4363 1642 4435 relinquerint;
1674 4364 1775 4419 sed
1806 4362 2044 4431 idcirco,

398 4453 542 4526 quia
574 4469 607 4507 a
637 4451 902 4524 pluribus
948 4453 1027 4509 sit
1074 4453 1364 4519 desertus,
1402 4453 1473 4507 ab
1518 4452 1813 4520 omnibus,
1845 4451 1904 4506 id
1936 4456 2043 4520 est,

2058 1827 2105 1892 B
2136 1823 2414 1894 Sequitur

2135 558 2357 597 excessu
2411 545 2613 598 mentis
2661 558 2819 610 mem,
2867 546 3044 599 omnis
3098 546 3259 600 homo
3311 547 3556 603 mendax
3606 547 3785 620 (Psal.

2135 648 2259 697 cxv,
2297 633 2400 702 ll).
2435 633 2549 686 Aut
2579 631 2734 687 enim
2767 649 2967 687 verum
3000 637 3088 688 est
3125 633 3234 688 hoc
3283 636 3438 705 quod
3489 636 3654 705 dixit,
3688 641 3790 693 aut

2137 720 2374 775 falsum.
2409 721 2466 775 Si
2500 721 2694 776 omnis
2726 721 2900 777 homo
2934 723 3187 777 mendax
3224 728 3332 790 est,
3368 740 3505 796 ergo
3538 726 3789 781 mendax

2137 822 2227 873 est
2256 822 2313 872 et
2343 817 2467 889 ipse
2499 819 2599 889 qui
2630 818 2909 890 loquitur.
2945 819 3004 874 Si
3056 825 3252 875 autem
3298 821 3549 876 mendax
3595 824 3685 877 est
3734 825 3792 877 et

2138 907 2262 978 ipse
2293 907 2391 978 qui
2425 905 2705 978 loquitur,
2740 925 2809 963 ne
2842 908 2952 962 hoc
2983 908 3222 979 quidem
3272 909 3428 980 quod
3481 909 3561 964 ait
3590 925 3789 965 verum

2137 1000 2243 1064 est,
2296 1012 2530 1051 omnem
2580 995 2881 1052 hominem
2930 1013 3059 1053 esse
3107 987 3472 1054 mendacem.
3515 999 3693 1054 Porro
3738 998 3790 1054 si

2135 1101 2270 1140 vera
2299 1080 2586 1140 sententia
2634 1091 2744 1150 est,
2771 1102 2976 1141 omnes
3030 1086 3111 1141 sic
3161 1087 3485 1159 accipiendi
3535 1092 3693 1154 sunt,
3726 1091 3798 1143 ut

2138 1199 2316 1253 supra
2345 1182 2622 1253 diximus,
2676 1184 2830 1254 quod
2873 1201 3086 1257 magna
3115 1201 3251 1256 pars
3282 1185 3590 1241 hominum
3624 1202 3787 1241 men-

2135 1271 2334 1327 tiatur.
2371 1271 2586 1327 Scribit
2614 1276 2671 1326 et
2699 1270 2838 1327 alibi
2868 1272 3180 1345 Apostolus
3215 1293 3226 1329 :
3273 1276 3524 1330 Docentes
3571 1291 3792 1330 omnem

2136 1361 2411 1415 hominem
2504 1359 2732 1431 (Coloss.
2815 1378 2925 1429 ιιι,
2990 1364 3124 1430 16);
3186 1379 3301 1418 ιιοιι
3363 1364 3518 1435 quod
3584 1380 3790 1419 omnes

2137 1448 2404 1504 homines
2434 1450 2696 1505 docuerit
2747 1468 2759 1506 :
2811 1451 3014 1520 quanti
3054 1454 3213 1508 enim
3264 1458 3405 1507 sunt
3447 1453 3549 1524 qui
3601 1468 3790 1524 usque

2135 1537 2308 1593 hodie
2335 1555 2439 1593 nec
2470 1539 2796 1593 doctrinam
2820 1539 3081 1611 Apostoli
3116 1540 3373 1612 audiere,
3396 1557 3502 1596 nec
3533 1557 3746 1597 nomen
3770 1558 3786 1609 ;

2136 1636 2238 1691 sed
2271 1637 2423 1707 quod
2455 1653 2553 1692 eos
2584 1653 2787 1692 omnes
2839 1638 3046 1693 doceat
3093 1644 3151 1693 et
3201 1639 3533 1711 admoneat,
3583 1639 3686 1711 qui
3727 1637 3788 1695 in

2135 1725 2390 1780 Ecclesia
2449 1731 2610 1792 sunt,
2667 1730 2724 1780 et
2781 1726 3029 1797 cupiunt
3077 1727 3226 1782 scire
3285 1744 3412 1799 quae
3471 1727 3568 1783 Dei
3627 1731 3789 1783 sunt.

2463 1841 2475 1878 :
2526 1823 2821 1878 Plenitudo
2869 1825 2986 1894 ejus
3033 1826 3130 1896 qui
3178 1827 3372 1879 omnia
3424 1827 3484 1879 in
3534 1825 3790 1880 omnibus

2137 1911 2486 1984 adimpletur.
2510 1913 2670 1976 Quod
2702 1912 2936 1982 quidem
2989 1913 3072 1967 sic
3121 1913 3548 1984 accipiendum,
3583 1929 3788 1985 quem-

2138 2001 2457 2056 admodum
2517 2005 2573 2055 et
2617 2001 2760 2055 illud
2811 2018 2824 2055 :
2879 2003 3021 2056 Tunc
3063 2002 3387 2073 subjicietur
3433 2004 3486 2057 ei
3534 2003 3632 2072 qui
3681 2002 3790 2058 sibi

2137 2098 2365 2164 subiecit
2388 2100 2595 2162 omnia,
2627 2103 2690 2152 ut
2716 2099 2784 2152 sit
2817 2103 2959 2154 Deus
2986 2100 3174 2154 omnia
3205 2101 3261 2154 in
3293 2101 3546 2155 omnibus
3577 2101 3625 2171 (Ι
3663 2098 3783 2155 Cor.

2137 2204 2228 2254 xv,
2261 2188 2545 2257 28).Nunc
2575 2187 2731 2242 enim
2766 2192 2915 2243 Deus
2948 2204 3051 2259 per
3083 2193 3277 2259 partes
3308 2189 3366 2242 in
3403 2188 3653 2260 singulis
3676 2193 3786 2256 est,

2138 2275 2197 2332 in
2231 2275 2343 2331 alio
2367 2277 2620 2347 justitia,
2654 2277 2713 2331 in
2747 2276 2860 2331 alio
2893 2277 3153 2342 castitas,
3195 2277 3254 2332 in
3296 2277 3409 2332 alio
3456 2282 3788 2350 temperan-

2139 2365 2239 2431 tia,
2271 2367 2330 2419 in
2363 2365 2475 2420 alio
2507 2365 2813 2437 sapientia,
2844 2367 2902 2419 in
2944 2365 3058 2420 alio
3107 2365 3385 2421 fortitudo
3419 2384 3432 2422 :
3466 2371 3522 2421 et
3553 2365 3789 2422 difﬁcile

2140 2461 2229 2510 est
2257 2453 2431 2509 etiam
2477 2454 2537 2508 in
2581 2455 2804 2509 sanctis
2853 2454 2991 2509 viris
3040 2459 3214 2525 atque
3265 2454 3536 2525 perfectis
3583 2469 3787 2510 omnes

2140 2543 2356 2614 pariter
2386 2559 2513 2598 esse
2540 2542 2955 2598 virtutes.Cum
2987 2547 3184 2598 autem
3234 2543 3293 2598 in
3343 2543 3519 2598 finem
3564 2559 3784 2612 rerum,

2140 2645 2195 2696 et
2225 2641 2732 2695 consummatione
2764 2641 2989 2704 mundi,
3021 2641 3071 2695 ei
3105 2640 3321 2694 fuerint
3353 2641 3620 2696 universa
3650 2641 3788 2696 sub-

2133 2730 2308 2800 jecta,
2343 2727 2763 2800 adimplebitur
2783 2728 2979 2784 omnia
3010 2729 3068 2782 in
3104 2728 3379 2784 omnibus
3413 2745 3426 2784 :
3463 2728 3783 2799 utjuxtaid

2140 2819 2295 2890 quod
2329 2823 2478 2873 Deus
2509 2822 2597 2873 est
2627 2818 2850 2872 cunctis
2882 2816 3194 2872 virtutibus
3225 2816 3455 2887 plenus,
3490 2816 3688 2871 omnia
3725 2816 3785 2870 in

2141 2905 2416 2961 omnibus
2459 2906 2866 2976 adimpleatur,
2925 2911 2981 2960 et
3027 2904 3145 2960 sint
3194 2904 3448 2960 universi
3504 2904 3787 2960 habentes

2139 2995 2356 3065 omnia,
2391 3011 2517 3066 qua:
2548 3000 2682 3049 ante
2713 2993 2946 3065 singula
2987 2993 3203 3065 singuli
3243 2993 3639 3064 possidebant.
3675 2994 3788 3049 Sed

2141 3088 2198 3140 et
2227 3085 2333 3139 hoc
2363 3083 2518 3155 quod
2545 3082 2626 3137 ait
2658 3099 2670 3136 :
2709 3086 2777 3137 Et
2806 3084 2988 3153 ipsum
3018 3081 3162 3136 dedit
3188 3091 3354 3153 caput
3393 3098 3558 3154 super
3603 3085 3790 3138 omnia

2059 3197 2103 3260 ρ
2142 3183 2402 3237 Ecclesiae
2448 3195 2572 3252 quae
2616 3187 2695 3234 est
2741 3195 2934 3251 corpus
2964 3180 3138 3250 ipsius
3168 3197 3186 3232 :
3214 3179 3498 3250 plenitudo
3529 3182 3646 3251 ejus
3693 3181 3790 3251 qui

2143 3271 2328 3327 omnia
2357 3272 2416 3324 in
2446 3269 2695 3324 omnibus
2725 3269 3075 3339 adimpletur,
3110 3285 3227 3324 non
3258 3268 3449 3324 solum
3481 3268 3790 3325 hominum

2146 3361 2245 3416 sed
2276 3360 2450 3414 etiam
2485 3357 2826 3430 angelorum
2859 3362 3319 3429 cunctarumque
3347 3357 3630 3413 virtutum
3662 3359 3703 3424 ‘,
3734 3363 3793 3414 et

2146 3447 2580 3504 rationabilium
2615 3452 3014 3502 creaturarum
3039 3447 3293 3502 Ecclesia
3312 3446 3557 3520 intelligi
3579 3452 3789 3519 potest.

2146 3546 2261 3602 Nec
2294 3562 2406 3600 non
2439 3550 2496 3600 et
2521 3544 2632 3600 hoc
2665 3562 2677 3598 :
2713 3545 2817 3612 Qui
2847 3546 3030 3600 omnia
3063 3547 3119 3599 in
3152 3545 3404 3600 omnibus
3435 3545 3792 3617 adimpletur,

2149 3651 2518 3707 nequaquam
2552 3634 2634 3688 ita
2663 3639 2726 3688 ut
2757 3638 3009 3699 resonat,
3034 3633 3466 3706 accipiendum;
3501 3651 3614 3690 non
3637 3635 3796 3690 enim

2149 3725 2230 3778 ait
2274 3741 2285 3778 :
2339 3724 2443 3786 Qui
2495 3723 2694 3778 omnia
2742 3723 2800 3777 in
2850 3723 3125 3778 omnibus
3171 3723 3483 3796 adimplet;
3525 3724 3649 3790 sed,
3699 3726 3802 3795 qui

2149 3815 2338 3870 omnia
2364 3815 2423 3867 in
2454 3815 2706 3868 omnibus
2737 3815 2892 3869 570
2921 3812 3276 3884 adimpletur.
3302 3813 3603 3883 Siquidem
3635 3812 3795 3867 aliud

2152 3909 2239 3959 est
2269 3902 2533 3974 implere,
2565 3901 2724 3957 aliud
2756 3901 3020 3972 impleri;
3055 3901 3194 3973 quia
3224 3902 3283 3956 in
3329 3900 3508 3957 altero
3548 3901 3798 3971 agentis,

2153 4002 2212 4056 in
2243 3999 2424 4056 altero
2458 4000 2733 4070 patientis
2763 4004 2851 4055 est
2880 3999 3322 4054 verbum.Sicut
3351 4014 3488 4070 ergo
3515 3997 3798 4070 adimple-

2155 4095 2250 4145 tur
2281 4091 2616 4160 imperator,
2650 4089 2698 4143 si
2731 4088 2991 4159 quotidie
3021 4090 3148 4158 ejus
3179 4091 3464 4158 augeatur
3485 4089 3800 4152 exercitus,

2155 4184 2212 4234 et
2251 4178 2394 4232 ﬁant
2440 4194 2596 4232 nova:
2651 4177 2979 4248 provinciae,
3014 4182 3072 4231 et
3101 4174 3450 4248 populorum
3488 4174 3800 4230 multitudo

2097 4297 2113 4306 ~
2157 4272 2519 4332 succrescat;
2554 4267 2634 4320 ita
2662 4271 2718 4320 et
2754 4264 3032 4319 Dominus
3077 4268 3274 4320 noster
3319 4265 3488 4320 Jesus
3536 4263 3802 4320 Christus

2157 4356 2215 4410 in
2247 4372 2313 4410 eo
2345 4355 2498 4425 quod
2531 4354 2641 4408 sibi
2675 4354 2920 4408 credunt
2950 4354 3231 4425 omnia,et
3251 4370 3353 4426 per
3383 4353 3508 4409 dies
3539 4353 3807 4426 singulos

2158 4445 2228 4500 ad
2265 4444 2438 4499 ﬁdem
2471 4443 2600 4513 ejus
2630 4442 3024 4515 veniunt,ipse
3046 4443 3404 4515 adimpletur
3427 4443 3485 4497 in
3507 4443 3804 4514 omnibus,

398 4561 434 4598 a
474 4542 732 4598 maxima
777 4547 942 4614 parte
991 4543 1287 4598 desertum
1349 4558 1410 4596 se
1467 4558 1594 4597 esse
1645 4540 2044 4613 conqueritur.
2084 4563 2126 4626 Β
2159 4544 2242 4600 sic
2272 4548 2466 4597 tamen
2493 4540 2773 4596 utomnia
2803 4539 3196 4613 adimpleatur
3227 4541 3284 4595 in
3317 4541 3678 4611 omnibus,id
3699 4545 3806 4608 est,

401 4632 605 4688 Simile
634 4632 770 4686 huic
818 4631 960 4703 quid
1010 4636 1066 4686 et
1114 4633 1172 4686 in
1224 4631 1449 4703 psalmo
1481 4634 1652 4686 sonat
1683 4647 1696 4684 :
1733 4630 1928 4686 Omnes
1958 4630 2048 4686 de-

401 4722 766 4792 clinaverunt,
820 4721 988 4775 simul
1034 4721 1258 4776 inutiles
1304 4722 1444 4790 facti
1491 4728 1622 4775 sunt
1671 4737 1689 4774 :
1744 4719 1898 4776 569
1929 4722 2054 4774 Non

401 4819 483 4866 est
509 4811 605 4882 qui
631 4810 816 4885 faciat
847 4809 1067 4878 bonum,
1101 4825 1212 4865 non
1241 4812 1317 4865 est
1346 4825 1514 4882 usque
1561 4808 1631 4864 ad
1659 4825 1834 4864 unum
1880 4808 2050 4879 (Psal.

402 4917 526 4971 xm,
558 4900 634 4970 3).
665 4899 724 4954 Si
757 4899 913 4955 enim
963 4915 1168 4954 omnes
1218 4897 1656 4954 declinaverunt
1703 4915 1716 4952 :
1767 4914 1904 4969 ergo
1951 4897 2055 4952 de-

476 5082 492 5114 ¹
530 5085 654 5134 Duo
680 5077 1093 5136 Cistercienses
1119 5095 1286 5149 mss.,
1317 5078 1417 5133 sub
1438 5079 1668 5150 pedibus
1694 5079 1832 5150 ejus.

475 5151 500 5184 ²
533 5152 701 5206 Paria
732 5151 827 5206 his
859 5151 1103 5222 replicat
1150 5151 1394 5205 inferius
1444 5167 1571 5221 cap.
1607 5168 1668 5220 ιι,
1698 5167 1848 5206 vers.
1880 5151 1973 5214 24,
2005 5153 2061 5222 et

405 5219 510 5294 lib.
543 5239 604 5286 ιι,
635 5239 762 5294 cap.
799 5239 883 5289 ιιι,
913 5219 1070 5294 vers.
1113 5224 1198 5287 lO,
1240 5219 1601 5294 denique—et
1649 5219 1774 5294 cap.
1828 5239 1902 5294 1v.
1945 5221 2062 5294 Scif

404 5291 542 5348 licet
571 5295 628 5348 in
660 5291 791 5349 eam
841 5293 1107 5348 concedit
1155 5293 1372 5363 ubique
1405 5291 1798 5358 sententiam,
1848 5293 2060 5347 Christi

406 5381 642 5421 crucem
667 5381 782 5420 non
801 5365 994 5420 solum
1017 5364 1313 5428 nobis.sed
1340 5369 1395 5419 et
1417 5363 1641 5436 angelis
1672 5364 2062 5436 supernisque

407 5437 636 5508 ceteris
666 5437 982 5492 virtutibus
1016 5434 1710 5508 profuisse.Nonnullaet
1740 5451 1846 5490 nos
1878 5434 2066 5508 attigi:

408 5525 550 5580 mus
580 5507 690 5580 hac
721 5525 899 5580 super
947 5505 1126 5564 re_ad
1173 5507 1438 5580 Origenis
1488 5505 1794 5580 humiliam
1839 5508 1931 5572 23,
1967 5505 2066 5562 ubi

408 5579 560 5636 satis
589 5578 687 5652 ille
719 5578 968 5636 absurde
991 5579 1376 5652 pronuntiat,
1417 5578 1657 5652 angelos
1685 5647 1699 5652 _
1732 5595 1849 5632 non
1899 5595 2067 5652 secus

411 5667 595 5730 quam
653 5650 944 5722 homines,
976 5647 1192 5709 Christi
1249 5653 1435 5708 morte
1482 5647 1553 5708 ad
1616 5647 1867 5708 salutem
1915 5650 2070 5708 indi-

2161 4638 2227 4688 ut
2275 4631 2373 4703 qui
2407 4631 2462 4686 in
2497 4647 2630 4686 cum
2679 4631 2947 4700 credunt,
3002 4630 3229 4685 cunctis
3286 4629 3602 4686 virtutibus
3650 4627 3808 4700 pleni

2162 4722 2302 4787 sint,
2342 4726 2398 4776 et
2436 4721 2606 4792 juxta
2652 4720 3030 4792 Evangelium
3086 4719 3303 4774 faciant
3350 4735 3486 4774 eum
3532 4719 3815 4790 proficere

2163 4815 2354 4879 aetate,
2387 4810 2674 4882 sapientia
2705 4816 2762 4865 et
2792 4809 3000 4882 gratia,
3032 4825 3147 4864 non
3178 4807 3370 4864 solum
3403 4807 3557 4880 apud
3599 4807 3804 4882 Deum,

2165 4902 2267 4956 sed
2299 4905 2355 4955 et
2387 4900 2540 4972 apud
2573 4899 2839 4955 homines
2870 4901 3020 4969 (Luc.
3057 4916 3118 4966 ιι,
3153 4899 3264 4967 52).
3673 4909 3676 4914 ’

2169 5079 2634 5154 guisse._Verurn
2667 5095 2782 5154 non
2818 5095 3001 5149 usque
3033 5079 3175 5154 adeo
3204 5080 3510 5150 exaggerat
3543 5076 3813 5154 Hierony-

2171 5149 2323 5218 mus,
2359 5152 2602 5221 ejusque
2635 5150 2778 5221 satis
2813 5151 3118 5205 commodo
3161 5149 3337 5204 sensu
3387 5149 3595 5221 exponi
3641 5163 3819 5221 mens

2172 5220 2697 5296 potest,;quidquid
2736 5221 3284 5296 contra‘obganniat
3332 5220 3600 5296 Rufinus,
3640 5220 3742 5274 lib.
3776 5235 3794 5272 ι

2175 5291 2230 5349 ιι.
2264 5291 2502 5348 38.Nbs
2536 5294 2654 5347 haec
2683 5291 3298 5364 latiusediss’eremus
3345 5291 3518 5364 paulo
3569 5295 3701 5363 post
3747 5307 3779 5344 a

2174 5383 2300 5436 cap.
2337 5383 2376 5429 1,
2407 5381 2555 5420 vers.
2592 5366 2676 5430 lO,
2711 5380 2827 5435 quo
2877 5363 3002 5419 loco
3049 5366 3175 5437 ipse
3223 5382 3284 5420 se
3323 5363 3682 5420 luculentius
3733 5377 3824 5416 ex-

2176 5437 2354 5511 plicat
2383 5438 2441 5491 S.
2476 5437 2664 5511 Pater.

2247 5510 2268 5542 ³
2299 5508 2492 5563 Nostri
2526 5523 2692 5572 mss.,
2728 5507 2895 5562 veluti
2923 5507 3024 5563 hoc
3055 5509 3226 5565 modo.

2249 5579 2270 5614 ‘
2299 5579 2683 5659 Hinc_iterum
2717 5579 2964 5659 Rufinus
3007 5580 3356 5654 Origenismi
3412 5580 3823 5659 Hieronymum

2178 5657 2418 5716 accusat
2449 5650 2549 5707 lib.
2585 5667 2647 5721 II,
2684 5667 2848 5707 num.
2881 5651 2971 5708 34.
