4144 6202
366 326 484 405 495

1618 327 1682 386 S.
1729 323 2043 386 EUSEBII
2087 325 2537 388 HIERONYMI

3662 330 3777 419 496

439 459 597 530 (Cap.
632 456 700 512 II.
733 455 995 519 —,Vers.
1030 456 1054 510 1
1091 455 1281 528 seqq.)
1314 477 1342 506 «
1378 456 1444 511 Et
1481 472 1582 512 vos
1631 472 1765 511 cum
1808 454 2015 512 essetis
2042 457 2098 525 Α
2126 461 2532 528 pecccatorum
2558 457 2696 526 sint,
2729 474 2862 514 cum
2893 458 3165 534 cogitatio
3195 458 3375 515 tacita
3405 460 3692 534 subrepit,
3723 466 3782 520 et

366 544 582 603 mortui
639 543 890 614 delictis,
959 548 1015 600 et
1079 545 1333 617 peccatis
1389 545 1620 612 vestris,
1678 546 1738 600 in
1798 545 2014 617 quibus

364 634 680 707 aliquando
710 634 1082 706 ambulastis,
1111 634 1439 690 secundum
1476 633 1756 690 saeculum
1806 633 2015 689 mundi

364 722 565 796 hujus,
600 723 926 779 secundum
957 722 1281 795 principem
1313 722 1620 795 potestatis
1671 722 1841 789 aeris,
1893 724 2011 794 spi-

364 809 516 867 ritus
568 809 669 882 qui
720 826 877 867 nunc
927 814 1203 882 operatur
1249 811 1309 865 in
1358 810 1498 865 filiis
1547 809 1908 880 difﬁdentiae,
1954 810 2012 865 in

364 900 581 971 quibus
615 903 674 955 et
702 915 807 955 nos
840 915 1043 955 omnes
1074 898 1395 956 conversati
1441 916 1649 955 sumus
1698 898 2012 970 aliquando

362 988 425 1045 in
475 987 781 1045 desideriis
830 988 1025 1046 carnis
1073 995 1306 1061 nostrae,
1357 988 1637 1044 facientes
1683 987 2012 1044 voluntates

360 1078 557 1134 carnis
612 1082 671 1134 et
718 1076 1136 1150 cogitationum
1186 1078 1227 1143 ί,
1276 1081 1333 1132 et
1381 1092 1616 1133 eramus
1658 1080 1870 1132 natura
1908 1075 2013 1130 ﬁlii

364 1167 645 1243 irae,sicut
673 1170 730 1223 et
759 1165 1134 1221 caeteri.Deus
1156 1168 1349 1221 autem
1376 1165 1477 1237 qui
1498 1165 1659 1221 dives
1689 1169 1778 1221 est
1807 1165 1868 1220 in
1901 1164 2015 1219 mi-

365 1255 704 1323 sericordia,
733 1258 971 1328 propter
1000 1254 1250 1310 multam
1284 1254 1631 1310 charitatem
1679 1270 1848 1309 suam
1899 1269 2016 1324 qua

364 1342 563 1401 dilexit
593 1361 702 1402 nos
726 1348 783 1400 et
801 1360 935 1401 cum
959 1360 1227 1400 essemus
1249 1344 1464 1398 mortui
1490 1342 2016 1415 peccatis,convivi-

365 1433 620 1490 viﬁcavit
631 1450 738 1490 nos
754 1432 1340 1504 Cbristo.Antequam
1356 1433 1426 1487 de
1441 1431 1687 1504 singulis
1704 1432 2013 1487 verborum

364 1523 638 1580 sensibus
687 1522 1078 1595 disputemus,
1132 1520 1360 1576 videtur
1404 1521 1572 1577 nobis
1620 1521 1701 1575 ita
1747 1519 2014 1576 lectionis

366 1613 509 1668 ordo
539 1612 871 1669 reddendus
904 1627 918 1667 :
953 1611 1020 1666 Et
1046 1626 1150 1666 vos
1181 1626 1315 1665 cum
1347 1610 1563 1665 mortui
1612 1609 1818 1665 essetis
1865 1608 2015 1664 deli-

365 1700 477 1758 ctis
505 1706 564 1757 et
591 1702 843 1773 peccatis
870 1698 1101 1768 vestris,
1135 1699 1557 1755 conviviﬁcavit
1586 1699 1816 1755 Christo
1861 1698 2016 1754 Deus

366 1789 466 1863 qui
497 1790 661 1845 dives
690 1793 781 1845 est
807 1790 867 1844 in
898 1788 1301 1844 misericordia
1329 1792 1565 1860 propter
1595 1786 1844 1843 multam
1878 1787 2014 1843 cha-

364 1879 598 1935 ritatem
645 1894 815 1935 suam
865 1894 981 1950 qua
1029 1875 1233 1933 dilexit
1262 1893 1368 1933 nos
1403 1893 1415 1933 :
1449 1882 1506 1932 et
1534 1877 1555 1911 ²
1582 1894 1716 1932 cum
1747 1892 2014 1932 essemus

367 1967 583 2026 mortui
614 1967 940 2039 delictis,in
970 1967 1187 2039 quibus
1213 1965 1529 2038 aliquando
1557 1964 2011 2037 ambulavimus,

366 2058 693 2115 secundum
724 2056 1004 2114 saeculum
1036 2057 1244 2112 mundi
1276 2055 1479 2127 hujus,
1502 2055 1826 2111 secundum
1853 2056 2017 2128 prin-

373 2149 563 2220 cipem
594 2147 901 2221 potestatis
929 2147 1100 2218 aeris,
1134 2146 1378 2218 spiritus
1409 2145 1509 2217 qui
1540 2162 1697 2201 nunc
1745 2148 2018 2217 operatur

372 2235 433 2292 in
463 2235 603 2294 ﬁliis
630 2235 985 2306 difﬁdentiae,
1017 2236 1325 2307 inquibus
1370 2240 1425 2289 et
1471 2251 1578 2290 nos
1624 2251 1828 2289 omnes
1876 2250 2014 2290 con-

371 2326 586 2384 versati
607 2341 816 2382 sumus
838 2324 1227 2396 aliquandoin
1241 2323 1544 2380 desideriis
1567 2323 1759 2379 carnis
1780 2328 2014 2391 nostrae,

373 2415 654 2472 facientes
680 2413 1011 2471 voluntates
1041 2413 1234 2469 carnis
1263 2417 1319 2468 et
1348 2411 1655 2480 mentium,
1689 2417 1747 2468 et
1780 2428 2016 2468 eramus

372 2508 584 2560 natura
608 2502 715 2558 ﬁlii
744 2502 867 2572 iraa,
898 2500 1320 2558 conviviﬁcavit
1349 2518 1457 2556 nos
1485 2501 1735 2569 Christo,
1769 2505 1833 2556 ut
1859 2501 1882 2534 ³
1911 2499 2015 2553 ἀπὸ

371 2594 579 2664 κοινοῦ,
611 2591 1002 2649 subaudiatur
1047 2590 1215 2662 quasi
1263 2590 1354 2645 bis
1402 2590 1647 2657 dictum,
1678 2594 1729 2645 et
1758 2605 1854 2645 nos
1884 2605 2016 2646 con-

369 2682 668 2754 viviﬁcavit
715 2680 946 2737 Christo.
996 2679 1477 2751 Conjunctionem
1524 2695 1660 2735 vero
1720 2678 2015 2735 causalem

371 2771 431 2827 in
462 2786 530 2828 eo
560 2770 686 2828 loco
714 2769 776 2825 in
807 2785 921 2842 quo
948 2768 1032 2826 ait
1062 2787 1076 2826 :
1109 2769 1249 2824 Deus
1301 2771 1487 2823 autem
1537 2769 1684 2824 571
1739 2769 1835 2840 qui
1869 2767 2016 2823 dives

370 2869 453 2919 est
480 2861 542 2916 in
568 2858 1330 2931 misericordia,arbitramur
1359 2861 1459 2913 aut
1489 2857 1561 2913 ab
1592 2856 2016 2927 indoctis,scri-

370 2949 640 3024 ptoribus
669 2950 1013 3016 additam,et
1030 2948 1238 3004 vitium
1260 2946 1570 3003 inolevisse
1602 2944 2019 3018 paulatim,aut

373 3040 446 3098 ab
483 3040 612 3113 ipso
640 3038 842 3107 Paulo,
874 3039 975 3110 qui
1004 3042 1129 3094 erat
1160 3037 1473 3110 imperitus
1503 3051 1792 3106 sermone,
1824 3039 1880 3090 ct
1900 3051 2017 3090 non

370 3129 636 3196 scientia,
685 3127 979 3200 superﬂue
1025 3131 1372 3199 usurpatam
1402 3126 1477 3197 (ΙΙ
1507 3124 1625 3181 Cor.
1658 3141 1734 3192 χι,
1767 3123 1842 3197 ὃ).
1893 3128 2018 3180 Ma-

2044 1833 2093 1898 B

2122 562 2192 601 ex
2230 546 2427 618 aliqua
2479 551 2641 619 parte
2691 532 3141 604 conniventibus
3190 549 3295 620 [Αι.
3346 532 3779 623 cobibentibus]

2123 635 2312 700 nobis,
2347 636 2595 691 necdum
2625 640 2822 692 tamen
2854 653 2960 692 nos
2990 636 3230 708 impulit
3260 638 3331 693 ad
3364 638 3616 695 ruinam.
3651 640 3768 696 Un-

2122 724 2193 778 de
2224 728 2281 779 et
2311 727 2367 779 in
2398 729 2597 780 octavo
2627 725 2854 780 decimo
2902 725 3128 798 psalmo
3173 725 3454 783 scribitur
3485 745 3498 783 :
3546 728 3777 799 Delicta,

2122 812 2230 868 hoc
2278 817 2386 880 est,
2430 814 2845 886 παραπτώματα
2892 815 3014 884 quis
3056 815 3331 885 intelligit
3382 816 3564 888 (Psat.
3612 833 3774 888 xvm,

2127 901 2253 971 13)?
2282 901 2423 971 quia
2453 900 2673 964 scilicet
2722 900 2960 956 difﬁcile
3001 902 3079 958 sit
3120 902 3365 974 radices,
3401 908 3458 958 et
3486 903 3658 961 initia
3686 906 3774 961 in-

2121 987 2380 1062 telligere
2437 994 2826 1061 peccatorum.
2888 995 3195 1046 Peccatum
3253 1008 3388 1048 vero
3436 1009 3586 1063 esse,
3638 1010 3773 1050 cum

2123 1076 2260 1148 quid
2294 1094 2465 1149 opere
2495 1082 2970 1134 consummatum
3005 1080 3267 1152 pervenit
3295 1081 3369 1136 ad
3400 1082 3775 1148 ﬁnem.Qua2-

2123 1167 2310 1221 rimus
2342 1183 2574 1239 quoque
2604 1167 2745 1239 quid
2789 1167 2887 1235 sit,
2920 1169 2978 1222 in
3009 1169 3208 1238 quibus
3245 1170 3545 1241 aliquando
3574 1172 3777 1228 ambu-

2124 1256 2280 1310 lastis
2306 1255 2601 1311 secundum
2637 1257 2900 1311 saeculum
2947 1257 3143 1313 mundi
3189 1258 3375 1329 hujus,
3426 1264 3770 1317 utrumnam

2124 1347 2181 1398 et
2210 1342 2367 1398 aliud
2401 1343 2679 1399 saeculum
2708 1344 2804 1411 sit,
2839 1345 2991 1416 quod
3026 1362 3142 1400 non
3174 1347 3464 1418 pertineat
3491 1348 3562 1403 ad
3596 1350 3775 1404 mun-

2124 1432 2264 1486 dum
2294 1431 2498 1503 istum,
2530 1433 2630 1487 sed
2663 1433 2732 1487 ad
2754 1433 3023 1488 "mundos
3052 1432 3220 1500 alios,
3243 1436 3315 1505 de
3337 1435 3555 1507 quibus
3575 1441 3633 1492 et
3651 1436 3776 1494 Cle-

2124 1536 2291 1576 mens
2321 1520 2382 1575 in
2413 1519 2673 1592 Epistola
2702 1537 2811 1576 sua
2841 1521 3047 1577 scribit
3078 1538 3128 1577 ει
3162 1522 3448 1590 Oceanus,
3481 1529 3539 1580 et
3568 1525 3776 1581 mundi

2124 1609 2434 1680 qui'trans
2481 1608 2676 1680 ipsum
2728 1614 2868 1665 sunt
2908 1609 2972 1665 ‘?
3018 1612 3105 1665 An
3153 1628 3307 1668 unus
3360 1612 3469 1669 iste
3516 1615 3778 1670 mundus

2125 1699 2222 1763 sit,
2251 1697 2351 1770 qui
2378 1698 2450 1753 ab
2479 1697 2647 1753 initio
2680 1698 2874 1755 saeculi
2906 1715 3022 1770 quo
3053 1699 3243 1755 factus
3265 1705 3354 1756 est
3377 1702 3559 1758 Adam
3586 1718 3778 1776 usque

2126 1787 2196 1841 ad
2227 1785 2547 1842 terminum
2578 1803 2751 1842 suum
2772 1785 3058 1856 volvatur,
3092 1793 3152 1844 et
3182 1793 3443 1846 transeat
3466 1808 3480 1846 :
3504 1791 3603 1863 vel
3622 1796 3778 1848 certe

2127 1876 2384 1931 mundus
2399 1875 2511 1931 alio
2525 1876 2760 1931 nomine
2778 1876 3103 1949 appelletur
3116 1877 3385 1951 princeps
3400 1880 3548 1936 aeris
3571 1880 3773 1952 hujus,

2124 1964 2225 2036 qui
2252 1981 2406 2020 nunc
2438 1970 2711 2036 operatur
2738 1964 2800 2020 in
2832 1966 2969 2022 {iliis
2999 1967 3378 2024 difﬁdentiae?
3407 1968 3696 2025 Scribitur
3714 1975 3776 2027 et

2124 2054 2194 2109 ad
2228 2053 2482 2109 Galatas.
2519 2056 2582 2111 Ut
2609 2058 2767 2110 eruat
2796 2071 2895 2111 nos
2923 2054 2988 2111 de
3012 2058 3283 2128 praesenti
3312 2056 3513 2115 saeculo
3532 2074 3777 2133 nequam

2125 2140 2332 2214 (Galat.
2366 2160 2404 2211 ι,
2438 2145 2511 2214 4).
2547 2143 2617 2198 Et
2646 2143 2705 2198 in
2737 2142 2846 2199 hac
2876 2145 3078 2200 eadem
3120 2144 3377 2217 Epistola
3425 2163 3438 2201 :
3491 2148 3778 2204 Redimen-

2126 2235 2202 2287 tes
2233 2240 2462 2301 tempus,
2495 2234 2757 2305 quoniam
2804 2233 2922 2288 dies
2964 2235 3103 2290 mali
3148 2240 3280 2290 sunt
3323 2236 3541 2308 (Ephes.
3574 2254 3629 2303 v,
3660 2237 3774 2310 l6).

2127 2322 2193 2375 Et
2242 2321 2367 2377 dies
2417 2322 2596 2377 Jacob
2646 2322 2859 2377 modici
2906 2322 3184 2379 dicuntur
3226 2329 3282 2380 et
3326 2325 3569 2396 pessimi
3617 2326 3774 2398 (Gen.

2125 2426 2298 2477 xnvn,
2328 2410 2405 2481 9),
2438 2410 2556 2465 sive
2589 2411 2742 2482 quod
2789 2414 3024 2482 tempus
3071 2412 3201 2467 vitae
3252 2412 3424 2469 istius
3471 2430 3574 2486 per
3616 2416 3777 2487 quod

2126 2498 2307 2553 clausi
2339 2503 2606 2554 tenemur
2635 2499 2694 2553 in
2727 2498 2959 2571 seculo,
2984 2516 3158 2572 grave
3187 2500 3265 2556 sit
3302 2506 3361 2557 et
3386 2501 3772 2574 laboriosum,

2126 2586 2247 2642 sive
2295 2587 2451 2659 quod
2499 2588 2624 2658 ipse
2674 2588 2921 2644 Satanas
2970 2589 3173 2644 mundi
3217 2589 3398 2660 hujus
3429 2591 3472 2658 δ,
3504 2596 3569 2647 ut
3596 2610 3778 2665 supra

2126 2675 2404 2743 diximus,
2436 2680 2491 2731 et
2522 2674 2720 2731 saeculi
2766 2676 3046 2732 vocabulo
3100 2682 3494 2750 nuncupetur.
3526 2679 3607 2736 De
3655 2697 3773 2753 quo

2127 2764 2329 2820 statim
2360 2763 2420 2818 in
2452 2765 2837 2837 sequentibus
2872 2782 2884 2821 :
2918 2766 3227 2822 Secundum
3258 2768 3409 2825 512
3435 2770 3766 2842 principem,

2125 2853 2335 2926 inquit,
2367 2856 2649 2924 potestatis
2677 2855 2847 2921 aeris,
2865 2857 3095 2927 spiritus
3125 2858 3221 2927 qui
3247 2874 3397 2912 nunc
3424 2862 3683 2930 operatur
3712 2860 3774 2914 in

2126 2944 2259 3013 ﬁliis
2287 2942 2629 3013 difﬁdentiae.
2662 2943 2938 3016 Princeps
2968 2946 3184 3018 quippe
3216 2945 3386 3015 aeris,
3442 2952 3499 3002 et
3529 2947 3778 3020 spiritus

2128 3032 2455 3103 potestatis,
2487 3032 2585 3103 qui
2615 3033 2674 3086 in
2707 3048 2837 3089 aere
2860 3033 2970 3088 isto
2994 3033 3378 3106 est,diabolus
3399 3035 3773 3108 intelligitur,

2127 3121 2227 3192 qui
2251 3137 2405 3176 nunc
2419 3124 2694 3193 operatur
2709 3120 2767 3175 in
2792 3120 2929 3177 ﬁliis
2941 3121 3374 3179 difﬁdentiae.ln
3397 3123 3660 3201 hisenim
3674 3124 3778 3196 qui

369 3217 578 3275 nifeste
608 3220 801 3273 autem
829 3232 988 3272 mors
1019 3216 1231 3272 animae
1261 3214 1474 3269 dicitur
1514 3230 1642 3270 esse
1689 3217 2014 3286 peccatum,
2045 3201 2089 3267 C
2125 3209 2371 3265 Domino
2393 3211 2661 3276 credunt,
2680 3226 2791 3265 non
2816 3215 3010 3282 potest
3028 3212 3275 3283 operari.
3305 3216 3384 3268 De
3405 3229 3520 3284 quo
3548 3218 3605 3269 et
3624 3213 3779 3270 infra

370 3324 442 3364 ex
466 3323 533 3364 eo
564 3306 720 3380 quod
766 3306 849 3362 ait
880 3322 893 3361 :
921 3307 986 3361 Et
1033 3320 1120 3361 vos
1164 3320 1291 3360 cum
1321 3305 1507 3359 essetis
1548 3304 1758 3359 mortui
1809 3303 2018 3359 delictis

368 3402 421 3455 et
445 3396 680 3470 peccatis
706 3396 920 3464 vestris,
944 3395 1113 3466 juxta
1142 3392 1287 3447 illud
1319 3408 1552 3464 quoque
1584 3391 1738 3462 quod
1786 3392 1847 3446 in
1882 3394 2015 3447 Eze-

370 3485 553 3542 chiele
602 3485 886 3556 scriptum
933 3486 1023 3559 est
1068 3498 1081 3536 :
1131 3483 1337 3537 Anima
1380 3496 1506 3552 qua
1547 3482 1849 3553 peccaverit
1897 3482 2018 3552 ipsa

370 3576 637 3630 morietur
664 3572 878 3644 (Ezech.
906 3588 1068 3642 xvm,
1089 3570 1203 3642 20).
1234 3572 1304 3625 Et
1335 3571 1473 3642 quia
1501 3569 1700 3625 delicta
1724 3585 1850 3640 quae
1868 3569 2015 3624 Gras-

372 3678 437 3720 ce
463 3660 881 3735 παραπτώματα
910 3663 1346 3732 nuncupantur,
1372 3661 1542 3730 juxta
1590 3658 1856 3727 eiusdem
1902 3657 2014 3712 lin-

369 3768 498 3826 guas
519 3749 931 3824 etymologiam
954 3749 1186 3821 proprie
1202 3748 1445 3803 verbum
1472 3750 1561 3803 est
1580 3746 2015 3819 Scripturarum

370 3840 529 3914 (licet
578 3838 793 3896 delicta
848 3833 1232 3910 πλημμέλειαι
1290 3837 1504 3893 rectius
1559 3835 2013 3907 transferantur)

370 3928 691 4003 quaerimus
719 3927 861 4000 quid
891 3926 1438 4000 signiﬁcent,quove
1467 3923 1683 3979 distent
1713 3923 2016 3993 apeccatis

369 4019 427 4076 id
458 4022 569 4087 est,
600 4018 742 4090 quid
772 4016 1002 4073 intersit
1043 4015 1196 4071 inter
1239 4012 1674 4093 παραπτώματρι,
1728 4016 1785 4067 et
1832 4012 2013 4083 ἁμαρ-

366 4106 505 4170 τίας.
536 4107 715 4163 Aiunt
743 4106 899 4163 enim
954 4103 1111 4177 quod
1157 4101 1591 4178 παραπτώματα,
1634 4101 1805 4172 quasi
1847 4100 2016 4157 initia

436 4235 455 4269 ι
483 4233 777 4290 Victorius
805 4230 1076 4289 rescribit
1109 4230 1398 4296 mentium,
1445 4243 1548 4299 pro
1595 4227 2010 4299 cogitationum,

408 4305 523 4361 uod
552 4304 699 4360 illud
750 4321 819 4359 ex
869 4303 1132 4360 subnexa
1177 4297 1536 4374 expositione
1567 4297 1865 4374 colligeret
1887 4298 2011 4374 _abs

418 4377 716 4448 ieronymo
763 4375 1001 4448 lectum,
1052 4368 1389 4448 quanquam
1438 4375 1519 4448 et_
1540 4368 1789 4448 Vulgata
1836 4368 2011 4448 editio

365 4440 748 4520 Graecufnque
809 4440 1085 4499 verbu‘m'
1105 4440 1364 4520 _Btav'ovi‘uv
1389 4519 1402 4520 γ
1427 4440 1809 4520 refragantur.
1874 4441 2010 4520 liaec

364 4535 501 4576 eum
561 4512 793 4574 mo'vere
845 4532 979 4571 cum
1031 4515 1237 4587 primis
1283 4519 1338 4569 S.
1384 4512 1724 4587 lnterpietis
1772 4512 1947 4567 verba
1992 4529 2006 4568 :

2127 3298 2208 3354 ait
2238 3315 2251 3354 :
2285 3299 2409 3363 Non,
2431 3307 2510 3355 est
2536 3299 2691 3355 nobis
2719 3315 2906 3371 pugna
2932 3299 3193 3356 adversus
3219 3317 3444 3357 carnem
3464 3305 3515 3357 et
3542 3304 3778 3371 sangui-

2123 3403 2271 3454 nem,
2301 3388 2398 3443 sed
2423 3388 2717 3443 adversum
2738 3389 3097 3460 principatus
3144 3397 3196 3445 et
3235 3394 3543 3463 potestates,
3574 3391 3773 3448 adver-

2123 3493 2216 3531 sus
2245 3481 2482 3533 rectores
2511 3477 2861 3533 tenebrarum
2891 3478 3148 3543 istarum,
3165 3478 3423 3536 adversus
3449 3481 3774 3552 spirituatia

2124 3567 2389 3637 nequitiae
2438 3569 2499 3621 in
2542 3567 2840 3622 caelestibus
2889 3567 3108 3638 (Ephes.
3160 3584 3235 3635 vx,
3300 3569 3408 3642 12).
3467 3570 3592 3626 Non
3653 3587 3771 3644 quo

2125 3654 2413 3723 diabolus,
2482 3660 2541 3710 et
2606 3654 2884 3710 satellites
2943 3656 3092 3728 ejus,
3153 3656 3253 3728 qui
3320 3674 3425 3728 per
3479 3660 3772 3716 mundum

2124 3742 2304 3799 istum
2341 3747 2640 3816 vagantes,
2671 3747 2912 3817 peccata
2956 3743 3297 3801 hominibus
3342 3746 3663 3815 insinuant,
3708 3747 3771 3803 in

2124 3830 2266 3887 coelo
2295 3832 2510 3888 versari
2542 3837 2778 3905 queant,
2813 3833 2883 3888 de
2908 3847 3023 3903 quo
3054 3833 3126 3888 ob
3157 3850 3266 3889 sua
3296 3835 3507 3891 merita
3536 3851 3771 3892 corrue-

2124 3926 2292 3990 runt;
2326 3923 2427 3978 sed
2458 3921 2669 3977 coelum
2701 3920 2935 3989 dicitur,
2985 3937 3084 3977 aer
3111 3921 3240 3989 iste,
3274 3923 3378 3995 qui
3406 3927 3627 3997 supra6
3661 3942 3771 3983 nos

2123 4015 2230 4079 est,
2277 4013 2447 4083 juxta
2491 4011 2635 4066 illud
2685 4009 3001 4066 Salvatoris
3038 4010 3336 4084 eloquium
3372 4029 3387 4069 :
3422 4013 3774 4070 Considerate

2124 4100 2370 4156 volatilia
2398 4101 2525 4157 caeli
2551 4101 2770 4171 (Matth.
2804 4117 2883 4172 v1,
2913 4101 3028 4173 26),
3060 4105 3118 4157 et
3146 4106 3371 4159 caetera.
3392 4102 3770 4160 Manifestum

2191 4227 2212 4301 ἓ
2265 4226 2445 4301 Iidem
2508 4243 2651 4282 mss.
2704 4237 2765 4282 ut
2810 4227 3016 4301 vocula
3066 4228 3481 4301 praetermissa,
3538 4227 3769 4301 legunt,

2118 4297 2449 4379 subauditur
2495 4314 2513 4351 :
2560 4313 2811 4369 moxque
2854 4298 3001 4354 duos
3044 4297 3188 4354 alias
3237 4297 3493 4368 voculas,
3543 4297 3769 4372 et'nos,

2119 4373 2532 4512 onzlihlbggrius
2562 4441 2619 4496 in
2652 4441 2847 4497 Graeco
2875 4440 3144 4512 habetS.
3178 4440 3495 4512 Clementis
3523 4442 3695 4512 epist.
3720 4461 3763 4512 ι,

2118 4512 2187 4567 ad
2253 4510 2510 4589 Gori'nth.
2546 4530 2647 4589 _n..
2690 4513 2759 4589 {:0
2811 4530 2841 4589 :_
2873 4510 3121 4589 ’stavoc
3168 4511 3473 4589 ἀνθρώποις
3523 4510 3767 4589 Δοἷτςσςέρςινὲ-

364 4572 740 4661 (ﬂauius,
770 4572 1066 4659 inquiens,
1098 4603 1211 4643 non
1232 4602 1443 4661 _unam
1476 4572 1843 4661 voluntatem
1884 4599 2008 4661 car-

2122 4602 2208 4661 τρς
2237 4582 2326 4661 καὶ
2360 4583 2411 4636 οἱ
2446 4583 2559 4656 μετ’
2582 4580 3000 4661 ἀύτὸΥ-ξιόσμοι.
3033 4572 3381 4661 Quanquam
3412 4572 3484 4661 ab
3514 4572 3766 4659 Orig'ene

364 4663 479 4732 nis,
511 4663 613 4719 sed
654 4654 872 4733 plures:
905 4663 963 4714 et
1000 4654 1115 4714 nan
1164 4655 1354 4733 solum
1402 4655 1763 4733 vpluntatem
1790 4654 2003 4733 carnis,

363 4726 476 4791 sed
495 4726 674 4791 etiam
716 4732 1002 4797 mentium,
1049 4745 1152 4801 pro
1196 4745 1312 4801 quo
1340 4727 1401 4783 in
1434 4727 1658 4783 Latinis
1706 4726 2006 4801 codicibus

361 4805 611 4862 habetur
638 4797 1230 4875 cogitationum—Inter-
1251 4805 1552 4875 peccatum
1584 4803 1777 4875 autem
1810 4797 2003 4852 carnis

360 4882 427 4933 et
446 4871 732 4953 mentium
746 4875 866 4953 _h-oc
893 4890 1022 4953 esse
1052 4876 1212 4953 puto,
1263 4871 1436 4953 quod.
1466 4871 1659 4925 carnis
1697 4874 2003 4951 peccatum

359 4945 867 5026 estimpudicitia,
894 4940 1356 5026 atquenluauria,
1389 4940 1715 5026 et‘eaiquie
1742 4940 2002 5026 pernmi-

358 5010 667 5076 nisterium
695 5019 824 5089 ejus
854 5010 913 5071 in
942 5010 1285 5089 libidinibus
1332 5010 1665 5089 explentur;
1716 5010 2002 5089 mentium

354 5106 490 5148 vero
520 5083 798 5147 delictum
830 5089 902 5143 ad
935 5088 1212 5159 dogmata
1246 5083 1495 5159 pertinet
1522 5083 1813 5159 contraria
1850 5083 1996 5138 veri-

352 5163 482 5228 tati,
509 5166 567 5218 et
593 5160 921 5231 haereticam
947 5156 1314 5231 pravitatem.
1342 5179 1369 5206 ››
1391 5156 1571 5231 Nobis
1601 5156 1823 5227 absque
1854 5170 2001 5210 mss.

352 5233 631 5306 suffragio
657 5231 810 5306 nihil
842 5229 1011 5306 licere
1061 5230 1357 5306 duximus,
1411 5229 1827 5306 munimecum
1860 5243 1995 5297 una,

392 5321 480 5361 uae
528 5297 587 5360 in
638 5304 833 5360 Greece
884 5303 1090 5368 variat,
1140 5300 1310 5356 lectio
1344 5297 1577 5355 codicis
1625 5299 1728 5353 abs
1774 5297 2001 5353 Joanne

401 5377 626 5449 regorio
659 5374 904 5449 laudati,
936 5368 1178 5449 scilicet,
1213 5369 1531 5449 ἐπιθυμιῶν,
1556 5369 1788 5449 longius
1811 5373 1996 5449 multo

346 5442 607 5505 abludat.
641 5445 821 5502 Paulo
850 5449 983 5517 post
1010 5442 1383 5517 Cisterciens.
1419 5460 1563 5498 mss.
1595 5442 1832 5496 nimiam
1863 5442 1991 5496 cha-

340 5524 566 5577 ritatem
597 5519 935 5593 praferunt,
969 5532 1082 5593 pro_
1103 5516 1357 5583 multam,
1388 5520 1495 5593 etc.

413 5593 437 5629 ²
464 5583 827 5649 Interserunt
848 5583 1214 5646 Cistérciens.
1266 5602 1409 5642 mss.
1449 5585 1547 5642 hic
1576 5583 1767 5654 verba,
1799 5584 1993 5641 miser-

342 5668 431 5728 tus
459 5667 544 5757 est
569 5662 767 5725 nostri.

2116 4654 2695 4729 videturisu‘mpsisse
2726 4654 2983 4729 Hieran.;
3016 4671 3155 4710 nam
3205 4654 3262 4711 et
3306 4656 3429 4729 haec
3468 4657 3599 4729 ipsa
3616 4654 3763 4729 ἒβη·
3869 4706 3880 4720 .

2113 4727 2295 4782 tentia
2324 4727 2425 4782 lib.
2457 4725 2649 4802 η’περὶ
2685 4725 2902 4802 Ἀρχῶν
2936 4743 3065 4802 cap.
3107 4729 3159 4794 3,
3196 4725 3602 4802 semel‘atque
3651 4728 3757 4802 ite-

2114 4815 2244 4853 rum
2277 4803 2396 4854 tota
2442 4798 3013 4854 recitatur.'0ceanus
3044 4798 3521 4855 intransmeabitis
3549 4803 3628 4856 est
3657 4800 3759 4856 ho-

2110 4872 2465 4952 minibus,'et
2492 4871 2553 4925 hi
2579 4870 2785 4952 mundi
2812 4871 2909 4952 qui
2926 4878 3052 4941 post
3080 4871 3263 4952 ipsum
3289 4878 3432 4926 sunt.
3458 4872 3636 4952 Porro
3666 4871 3756 4952 di-_

2112 4940 2582 5014 citurOrigenes
2630 4941 2767 4996 hinc
2807 4940 3028 5014 inferre
3073 4940 3328 4998 Voluisse
3372 4942 3548 5014 quod
3577 4943 3761 4999 Graeci

2111 5011 2435 5086 ἀντίχθοναξ
2460 5013 2685 5081 dicunt,
2717 5016 2774 5067 et
2805 5012 2927 5086 Lati
2939 5012 2995 5065 ni
3026 5011 3428 5086 antichthones.
3456 5012 3630 5086 vulgo
3660 5030 3759 5086 an-

2108 5083 2321 5154 tipodas
2350 5089 2578 5140 vocant.
2608 5083 3002 5157 Quamobrem
3052 5101 3086 5139 a
3133 5083 3336 5157 Photio
3372 5083 3757 5157 repreliendi-

2110 5160 2205 5210 tur
2249 5156 2375 5211 cod.
2432 5157 2553 5210 126.
2585 5156 2838 5228 WVeteres
2887 5155 3043 5210 enim
3096 5155 3635 5228 pleriqueemnes,
3691 5160 3760 5213 ut

2109 5233 2311 5282 notum
2342 5232 2451 5300 est,
2483 5244 2552 5282 ex
2582 5226 2902 5300 Lactantio,
2936 5225 3284 5300 Augustino,
3334 5225 3627 5300 aliisque,
3648 5244 3752 5300 ne-

2106 5300 2323 5370 gabant
2343 5298 2589 5354 existere
2618 5296 3153 5370 antipodas.S.vero
3184 5296 3450 5354 Clemens
3481 5296 3598 5354 non
3627 5296 3757 5370 plu:

2106 5369 2199 5426 res
2235 5370 2614 5443 mundos,sed
2647 5369 2900 5443 remotas
2922 5385 2989 5443 ac
3012 5370 3171 5441 prius
3194 5370 3523 5443 incognitas
3539 5369 3754 5443 mundi

2105 5450 2303 5514 partes
2336 5441 2489 5497 ultra
2519 5442 2812 5497 Oceanum
2845 5441 3152 5513 designare
3184 5441 3431 5499 fortasse
3459 5441 3666 5499 voluit.

2174 5514 2194 5548 ⁵
2222 5513 2331 5569 Alii
2366 5513 2525 5569 libri.
2554 5516 2616 5569 in
2647 5513 2843 5568 mundi
2870 5513 3051 5569 huius.
3084 5517 3193 5569 etc.

2294 5530 2331 5567 ιι
2367 5529 2525 5578 non,
2554 5531 2616 5569 in
2647 5529 2840 5568 munaz
2870 5529 3051 5578 hujus,
3084 5529 3193 5569 etc.

2174 5530 2194 5548 "
2222 5530 2331 5569 All]
2367 5530 2525 5578 llDl‘l,
2554 5531 2616 5569 tn
2647 5530 2840 5568 munaz
2870 5530 3051 5584 hujus,
3084 5530 3193 5569 θιο.

2172 5586 2193 5621 ³
2222 5586 2285 5642 In
2314 5585 2678 5643 Cisterciens.
2710 5585 2927 5643 aerium
2950 5586 3047 5661 qui
3070 5600 3261 5663 supra,
3293 5589 3404 5645 etc.
