4144 6202
386 408 497 474 49⁸7

1084 408 1599 476 COMMENTAR.
1645 410 1724 472 IN
1771 409 2023 474 EPIST.
2069 399 2174 473 AD
2217 408 2499 472 EPHES.
2542 407 2692 471 LIB.
2740 407 2788 487 Ι,
2834 409 3008 472 CAP.
3051 404 3131 472 lI.

3674 408 3795 471 498

383 541 605 616 quippe
639 544 751 614 est,
785 541 942 616 quod
972 541 1230 600 volatilia
1256 560 1371 600 non
1402 561 1507 617 per
1527 543 1738 600 cmlum
1762 542 2029 612 volitent,
2059 543 2114 611 Α
2143 559 2248 598 cur
2276 542 2612 610 timeamus,
2646 542 2824 599 etiam
2855 546 3015 621 retro.
3039 544 3271 601 sanctos
3294 538 3448 601 viros
3486 539 3639 603 ﬁlios
3687 540 3789 601 iraa

380 631 482 688 sed
516 648 623 704 per
651 648 863 689 aerem.
899 632 1212 704 Sequitur:
1244 634 1307 688 In
1337 634 1545 704 quibus
1584 641 1640 688 et
1693 649 1795 687 nos
1847 648 2035 688 omnes

382 723 690 778 conversati
716 737 911 777 sumus
942 720 1247 793 aliquando
1275 724 1336 777 in.
1377 723 1673 778 desideriis
1702 725 1887 777 carnis
1933 738 2030 777 no-

380 809 539 876 strae,
558 812 828 882 facientes
860 812 1159 867 voluntates
1186 812 1376 866 carnis
1416 816 1465 867 et
1523 813 1808 868 mentium.
1868 810 2031 874 Quod

381 900 486 964 ait,
522 902 581 955 in
611 901 831 970 quibus,
864 900 936 954 ad
970 898 1179 955 delicta
1208 900 1579 956 referendum
1612 904 1719 957 est.
1751 900 2032 972 Superius

381 988 539 1044 enim
570 988 712 1059 quia
740 988 856 1043 duo
878 987 1097 1060 pariter
1127 994 1400 1060 posuerat
1426 1007 1450 1058 ι
1482 992 1545 1045 Et
1573 992 1664 1047 vos
1689 1007 1813 1045 cum
1842 992 2031 1045 essetis

378 1079 587 1133 mortui
614 1078 826 1133 delictis
854 1080 905 1133 et
929 1080 1175 1150 peccatis
1204 1081 1418 1144 vestris,
1450 1083 1508 1135 et
1561 1080 1634 1134 ad
1667 1082 1906 1152 peccata
1934 1094 2031 1133 re-

379 1165 599 1222 tulerat
653 1166 889 1222 dicens:
943 1168 1006 1223 In
1059 1168 1262 1239 quibus
1313 1168 1612 1241 aliquando
1671 1167 2028 1223 ambulastis:

380 1255 456 1312 ad
483 1253 700 1310 delicta
726 1271 859 1311 vero
891 1254 1036 1310 nihil
1066 1255 1181 1312 tale
1226 1257 1537 1312 videbatur
1567 1260 1837 1313 secutum
1874 1256 2028 1328 quod

378 1358 625 1400 sensum
656 1347 852 1415 posset
880 1343 1147 1417 explere:
1201 1363 1357 1402 nunc
1386 1346 1505 1402 ait:
1567 1347 1632 1401 In
1689 1346 1882 1418 quz'bas
1937 1345 2029 1399 de-

377 1432 544 1502 lictis,
575 1441 631 1488 et
657 1448 755 1489 nos
779 1449 965 1489 omnes
1004 1437 1311 1501 conversati
1335 1452 1562 1491 sumus:
1612 1434 1904 1506 simulque
1958 1450 2029 1489 ne

376 1520 439 1578 in
463 1538 530 1577 eo
561 1522 717 1594 quod
748 1521 994 1591 dixerat,
1026 1527 1080 1579 et
1100 1525 1343 1595 peccatis
1373 1525 1575 1581 vestris
1604 1526 1665 1579 in
1693 1525 1892 1595 quibus
1921 1523 2029 1578 ali-

379 1609 605 1682 quando
633 1611 979 1680 ambulastis,
1012 1628 1076 1668 se
1106 1629 1210 1685 per
1249 1613 1585 1685 superbiam
1618 1630 1651 1668 a
1684 1616 1916 1684 peccato
1947 1610 2027 1665 vi-

378 1697 617 1757 deretur
645 1699 909 1771 excipere
939 1700 1227 1771 adjunxit,
1260 1703 1324 1757 in
1361 1703 1552 1774 quibus
1607 1705 1657 1757 et
1704 1718 1801 1757 nos
1848 1717 2029 1756 omnes

374 1788 689 1846 conversati
716 1804 928 1843 sumus.
956 1789 1064 1854 Qui
1095 1793 1293 1846 autem
1328 1794 1736 1846 conversatum
1788 1806 1917 1846 esse
1964 1804 2027 1844 se

374 1874 536 1944 dicit,
570 1878 643 1931 de
673 1877 981 1949 prmteritis
1012 1877 1261 1946 delictis,
1291 1884 1349 1935 et
1379 1896 1495 1935 non
1522 1880 1594 1936 de
1641 1879 2027 1952 praesentibus

374 1965 708 2021 conﬁtetur.
764 1967 1097 2023 Conversati
1148 1984 1378 2037 sumus,
1437 1968 1631 2040 inquit
1687 1967 2024 2040 aliquando,

382 2070 498 2110 non
556 2054 620 2109 in
673 2071 789 2110 uno
845 2056 1154 2124 desiderio,
1205 2057 1307 2113 sed
1359 2056 1420 2112 in
1472 2056 1779 2114 desideriis
1834 2056 2029 2113 carnis

382 2148 620 2199 nostras.
656 2143 792 2200 Caro
821 2145 1018 2216 quippe
1044 2145 1315 2201 desiderat
1336 2146 1593 2203 adversus
1646 2148 1926 2218 spiritum,
1980 2150 2033 2201 et

379 2232 607 2307 spiritus
637 2234 898 2290 adversus
925 2250 1147 2290 carnem
1193 2237 1393 2307 (Gatat.
1445 2254 1499 2303 v,
1563 2236 1670 2308 17).
1732 2236 2031 2291 Facientes

382 2336 503 2377 non
530 2338 707 2377 unam
738 2321 1098 2379 voluntatem
1129 2324 1348 2392 carnis,
1376 2325 1477 2380 sed
1508 2323 1737 2397 plures:
1800 2328 1857 2379 et
1916 2340 2030 2379 non

383 2409 577 2467 solum
608 2410 937 2468 voluntates
968 2412 1182 2484 carnis,
1215 2414 1318 2469 sed
1377 2413 1554 2469 etiam
1585 2413 1895 2479 mentium,
1929 2428 2032 2483 pro

381 2516 499 2571 quo
532 2500 592 2555 in
648 2500 870 2557 Latinis
924 2502 1223 2558 codicibus
1277 2502 1548 2568 habetur,
1609 2504 2029 2574 cogitationum.

380 2589 541 2645 Inter
596 2593 897 2661 peccatum
948 2594 1146 2646 autem
1198 2590 1392 2646 carnis
1451 2594 1508 2646 et
1576 2591 1864 2646 mentium
1923 2590 2033 2645 hoc

382 2692 511 2734 esse
539 2681 717 2750 puto:
751 2679 907 2751 quod
934 2678 1126 2735 carnis
1150 2684 1464 2751 peccutum
1514 2684 1605 2736 est
1665 2679 2036 2751 impudicitia

383 2769 559 2838 atque
587 2765 838 2838 luxuria,
872 2772 929 2823 et
957 2784 1031 2823 ea
1058 2785 1184 2840 qua
1218 2768 1614 2825 ministerium
1647 2769 1948 2839 ejus573
1972 2769 2031 2823 in

381 2853 733 2912 libidinibus
762 2856 1084 2928 explentur.
1107 2857 1388 2913 Mentium
1444 2873 1579 2914 vero
1629 2857 1905 2913 delictum
1960 2858 2032 2912 ad

383 2945 664 3016 dogmata
694 2945 945 3018 pertinet
973 2946 1266 3003 contraria
1296 2946 1523 3004 veritati
1583 2950 1641 3002 et
1699 2946 2033 3002 haereticam

385 3034 753 3106 pravitatem,
780 3035 864 3091 ita
893 3040 958 3091 ut
987 3037 1286 3109 possimus
1317 3037 1508 3093 dicere
1528 3036 1839 3109 plerosque
1860 3036 2036 3092 haere-

386 3123 638 3178 ticorum
667 3127 1031 3198 (quanquam
1062 3126 1171 3181 hoc
1193 3142 1392 3182 rarum
1411 3127 1508 3199 sit)
1526 3124 1855 3182 voluntates
1877 3141 2037 3180 men-

385 3211 536 3267 tium
564 3211 774 3281 facere,
807 3217 864 3269 et
893 3231 1009 3270 non
1064 3214 1395 3271 voluntates
1455 3215 1648 3271 carnis
1706 3219 1764 3270 et
1817 3213 2035 3269 multos

385 3306 593 3357 contra
622 3301 1067 3374 ecclesiasticos,
1096 3304 1292 3359 carnis
1322 3308 1380 3360 et
1400 3321 1515 3359 non
1539 3304 1825 3360 mentium
1846 3302 2035 3359 facere
2065 3282 2108 3348 (ἶ

383 3388 737 3459 voluntates,
772 3395 829 3447 et
852 3409 981 3449 esse
1010 3392 1207 3465 plures
1238 3392 1340 3465 qui
1387 3398 1445 3449 et
1492 3392 1707 3460 carnis,
1766 3397 1823 3447 et
1877 3408 2047 3448 mena

385 3478 540 3534 tium
570 3479 790 3551 pariter
812 3481 1031 3537 faciant
1062 3481 1411 3538 voluntates.
1462 3482 1591 3538 Heeo
1641 3485 1837 3538 autem
1886 3480 2035 3537 dixi-

387 3583 546 3633 mus,
578 3584 695 3624 non
726 3585 841 3640 quo
871 3575 928 3625 et
946 3569 1200 3627 haeretici
1226 3571 1419 3627 carnis
1452 3588 1568 3627 non
1602 3571 1818 3627 faciant
1836 3570 2038 3627 volun-

384 3653 538 3712 tates
568 3656 761 3729 (plura
791 3658 1011 3730 quippe
1043 3660 1196 3730 apud
1228 3676 1328 3716 eos
1386 3660 1648 3733 corporis
1705 3664 1845 3717 sunt
1902 3659 2039 3715 vitia

387 3760 566 3815 quam
597 3747 752 3818 apud
785 3751 1043 3817 nostros)
1075 3749 1178 3804 sed
1216 3754 1302 3817 ut,
1333 3748 1598 3820 exemplo
1637 3748 1848 3820 posito,
1899 3749 2035 3804 faci-

388 3832 507 3890 lius
538 3835 693 3907 quod
718 3834 1061 3892 volebamus
1108 3836 1297 3909 possit
1343 3836 1611 3909 intelligi.
1674 3839 1739 3892 Et
1796 3854 2036 3904 eramus,

387 3921 604 3993 inquit,
634 3928 840 3980 natura
864 3923 987 3994 ﬁlii
1014 3926 1119 3983 ira?
1145 3928 1290 3981 sicut
1316 3935 1373 3982 et
1391 3928 1598 3982 caeteri.
1631 3926 2043 3999 Respondeant

390 4010 646 4066 haeretici
677 4011 779 4084 qui
809 4011 1071 4068 diversas
1104 4018 1347 4068 naturas
1367 4028 1495 4068 esse
1518 4012 2041 4082 contendunt,quo-

388 4098 565 4156 modo
594 4099 837 4166 Paulus,
871 4117 1046 4173 quem
1077 4102 1283 4173 utique
1309 4100 1632 4173 spiritualis
1662 4104 1881 4156 naturae
1912 4117 2043 4157 esse

389 4203 506 4243 non
531 4187 779 4244 dubium
809 4193 918 4255 est,
951 4189 1123 4245 fuerit
1144 4192 1355 4245 natura
1399 4188 1556 4245 ﬁlius
1610 4190 1731 4257 iras,
1781 4188 1932 4245 sicut
1987 4195 2044 4244 et

388 4276 585 4333 caeteri
616 4277 717 4349 qui
746 4277 940 4333 adhuc
970 4277 1031 4333 in
1067 4294 1259 4334 errore
1290 4286 1431 4335 sunt
1485 4279 1682 4352 positi.
1743 4279 1860 4335 Nos
1909 4294 2042 4334 vero

389 4364 686 4422 dicimus‘
745 4382 876 4423 esse
934 4366 1193 4439 primum
1248 4383 1452 4424 omnes
1509 4368 1778 4424 homines
1833 4371 2046 4423 natura

391 4451 549 4508 ﬁlios
575 4452 695 4523 ira,
719 4455 809 4511 vel
840 4459 1080 4529 propter
1103 4471 1314 4528 corpus
1337 4455 1689 4512 humilitatis
1715 4471 2044 4529 corpusque

393 4541 605 4598 mortis
632 4543 907 4616 (Philipp.
938 4562 1026 4613 ιιι,
1058 4546 1123 4599 21
1152 4563 1165 4613 ;
1200 4546 1352 4600 Rom.
1377 4562 1475 4611 vu,
1508 4546 1622 4613 24),
1664 4550 1722 4601 et
1768 4546 1924 4617 quod
1971 4545 2044 4600 ab

2144 631 2327 686 fuisse
2357 631 2608 687 testari?
2630 631 2710 686 De
2732 630 2947 704 quibus
2977 632 3252 688 omnibus
3270 649 3403 689 vere
3423 633 3537 689 dici
3559 633 3788 706 possit:

2146 722 2281 777 Cum
2310 726 2493 777 autem
2521 724 2667 777 venit
2704 720 3048 787 mandatum,
3076 730 3363 794 peccatum
3391 724 3617 792 revixit,
3675 724 3788 796 ipsi

2142 829 2268 869 vero
2298 814 2500 867 mortui
2525 819 2653 867 sunt
2682 814 2859 880 (Rom.
2909 827 3012 877 v11,
3069 813 3124 880 9,
3178 812 3285 882 10).
3346 810 3528 867 Filius
3580 810 3778 869 autem

2142 901 2239 956 irze
2270 902 2355 957 sic
2385 901 2895 973 accipiendum,ut
2918 900 3076 957 ﬁlius
3106 900 3469 973 perditionis,
3489 898 3647 958 ﬁlius
3667 900 3787 957 ini-

2142 990 2408 1063 quitatis,
2443 990 2599 1045 ﬁliu's
2629 990 2836 1046 mortis
2866 990 3043 1061 (Joan.
3075 1007 3213 1056 xvu,
3247 992 3344 1057 12;
3368 992 3432 1046 In
3463 989 3609 1046 Thes.
3636 992 3787 1062 11,3).

2139 1080 2263 1135 Non
2295 1091 2411 1151 quo
2442 1079 2639 1152 aliqua
2670 1079 2777 1145 ira,
2833 1095 3011 1145 mors,
3079 1077 3364 1151 iniquitas
3421 1083 3480 1135 et
3532 1078 3785 1152 perditio

2141 1169 2426 1225 subsistat
2451 1168 2512 1223 in
2542 1173 2751 1224 natura
2799 1185 2927 1239 sua,
2988 1184 3115 1240 quae
3170 1166 3322 1227 ﬁlios
3377 1168 3627 1236 haheat;
3683 1169 3785 1226 sed

2141 1274 2256 1329 quo
2273 1256 2378 1313 ﬁlii
2409 1258 2681 1314 dicantur
2708 1259 2837 1328 ejus
2866 1257 2947 1313 rei
2978 1274 3106 1329 quae
3137 1257 3483 1330 opereturin
3505 1256 3785 1332 singulis:

2140 1347 2294 1401 sicut
2323 1346 2428 1401 ﬁlii
2458 1345 2827 1419 appellantur
2879 1346 3157 1419 gehennae
3190 1346 3409 1417 (Matth.
3475 1363 3638 1415 xxm,
3672 1346 3785 1418 15).

2139 1436 2239 1506 qui
2286 1435 2570 1509 gehennae
2598 1436 2837 1508 ignibus
2884 1437 3269 1492 consumendi
3299 1439 3457 1492 sunt.
3488 1435 3655 1493 Alius
3685 1435 3784 1492 iraa

2138 1524 2291 1580 ﬁlios
2314 1525 2405 1591 sic
2436 1530 2671 1581 vocatos
2702 1528 2887 1597 putat,
2920 1529 2987 1581 ut
3016 1524 3169 1582 ﬁlios
3208 1524 3445 1582 diaboli.
3505 1524 3786 1583 Diabolus

2138 1612 2295 1668 enim
2326 1613 2575 1685 perditio
2607 1617 2718 1679 est,
2750 1616 2808 1668 et
2835 1613 2943 1683 ira,
2971 1617 3029 1670 et
3058 1629 3238 1669 mors.
3297 1613 3584 1670 Devoravit
3637 1627 3787 1668 mors

2138 1703 2478 1758 invalescens
2510 1704 2682 1776 (Psal.
2718 1720 2814 1769 LII,
2837 1718 2942 1758 sec.
2972 1702 3157 1768 LXX).
3189 1702 3289 1760 Et:
3316 1690 3647 1758 Novissiinus
3667 1700 3783 1773 (Al.

2136 1792 2456 1863 novissime]
2484 1793 2745 1847 inimicus
2773 1792 3082 1848 destruetur
3108 1807 3255 1848 mors
3284 1792 3330 1862 (l
3350 1793 3476 1849 Cor.
3507 1808 3601 1858 xv,
3639 1792 3731 1862 26)
3760 1807 3785 1857 ι

2140 1884 2197 1935 et
2224 1880 2297 1935 ad
2353 1880 2552 1953 ipsum
2610 1880 2944 1937 diabolum:
2991 1882 3225 1953 perditio
3282 1882 3439 1940 574
3484 1884 3662 1952 factus
3725 1896 3781 1937 es

2139 1968 2351 2035 (Ezech.
2383 1986 2581 2037 xxvm,
2611 1969 2680 2023 2t
2710 1984 2814 2024 sec.
2868 1967 3051 2037 LXX).
3108 1968 3340 2035 Factus,
3371 1966 3584 2039 inquit,
3645 1982 3782 2039 pro-

2138 2058 2266 2131 pria
2293 2058 2610 2125 voluntate,
2644 2074 2759 2113 non
2790 2057 2862 2112 ab
2891 2056 3057 2112 initio
3085 2056 3171 2112 sic
3200 2059 3449 2112 creatus.
3484 2054 3785 2119 Quomodo

2138 2147 2320 2220 igitur
2348 2164 2507 2203 mors
2554 2146 2790 2210 dicitur,
2850 2162 2919 2201 ex
2966 2161 3032 2200 eo
3087 2146 3242 2218 quod
3293 2143 3516 2199 invidia
3567 2141 3786 2199 diaboli

2141 2254 2300 2293 mors
2329 2236 2588 2292 introivit
2616 2235 2676 2291 in
2707 2235 2907 2291 orbem
2938 2238 3226 2291 terrarum
3267 2232 3417 2305 (Sap.
3466 2250 3528 2301 ιι,
3585 2232 3700 2303 24),
3730 2235 3790 2287 et

2141 2341 2246 2399 per
2274 2325 2441 2380 illum
2472 2329 2613 2380 sunt
2646 2324 2861 2379 mortui
2894 2322 2995 2395 qui
3026 2326 3159 2379 ante
3203 2321 3494 2387 vivebant,
3545 2324 3602 2377 et
3655 2336 3786 2395 per-

2143 2415 2306 2482 ditio,
2359 2415 2515 2487 quod
2546 2415 2752 2487 perdat
2782 2428 3166 2485 quoscunque
3197 2410 3491 2484 deceperit
3528 2426 3541 2467 :
3601 2409 3686 2466 sic
3733 2412 3793 2466 et

2141 2505 2229 2561 ira
2256 2501 2472 2560 dicitur
2501 2507 2737 2575 propter
2768 2519 2897 2558 eam
2958 2518 3139 2574 quam
3195 2504 3422 2557 exercet
3472 2500 3787 2556 adversum

2142 2594 2442 2649 hominem
2471 2591 2800 2649 veritatem.
2836 2580 3117 2663 Sunt'qui
3166 2588 3311 2645 illud
3342 2589 3403 2645 in
3451 2589 3788 2662 Regnorum

2141 2682 2329 2749 libris,
2363 2682 2596 2755 quando
2628 2680 2810 2737 David
2867 2678 3195 2737 numeravit
3247 2677 3532 2752 populum
3588 2675 3789 2745 Israel,

2143 2773 2290 2828 iram
2338 2772 2400 2828 in
2464 2789 2526 2829 se
2556 2772 2657 2828 Dei
2688 2787 3030 2846 provocans,
3064 2769 3365 2840 Scriptura
3410 2767 3672 2823 dicente:
3722 2766 3789 2821 Et

2144 2863 2395 2934 apposita
2423 2866 2502 2918 est
2521 2864 2609 2918 ira
2638 2863 2739 2917 Dei
2768 2860 3021 2916 succendi
3049 2861 3110 2915 in
3165 2856 3366 2927 Israel,
3421 2863 3474 2912 et
3530 2854 3787 2911 incitavit

2143 2951 2320 3007 David
2373 2951 2557 3007 dicens
2604 2952 2677 3021 (II
2729 2951 2858 3018 Reg.
2891 2966 3047 3014 xx1v,
3080 2946 3152 3019 1),
3184 2945 3334 3001 iram
3393 2942 3623 3000 Domini
3660 2942 3784 2999 dia-

2142 3038 2344 3096 bolum
2382 3038 2711 3112 signiﬁcare
2742 3041 2948 3109 putent
2974 3052 2987 3091 :
3017 3033 3231 3091 etenim
3255 3033 3428 3103 juxta
3447 3032 3657 3087 Graecae
3680 3028 3791 3086 lin-

2142 3143 2272 3200 gur.
2304 3128 2720 3200 proprietatem
2752 3143 2867 3182 non
2918 3123 3063 3180 dixit
3103 3137 3316 3196 genere
3371 3119 3654 3177 feminino
3700 3118 3790 3176 ira

2144 3218 2245 3272 Dei
2276 3213 2531 3291 λέγουσα,
2563 3216 2673 3271 hoc
2702 3219 2810 3282 est,
2842 3229 2969 3287 quae
2995 3213 3226 3279 diceret,
3285 3210 3387 3267 sed
3428 3209 3516 3265 ira
3564 3208 3667 3265 Dei
3696 3204 3789 3262 λέ-

2144 3326 2283 3380 γων,
2310 3306 2366 3361 id
2390 3310 2479 3361 est
2508 3307 2603 3378 qui
2646 3304 2867 3370 diceret,
2926 3318 3135 3376 genere
3190 3298 3550 3356 masculino:
3611 3295 3792 3354 mittit

2145 3395 2441 3468 siquidem
2475 3393 2757 3450 Dominus
2787 3392 2930 3448 itam
2951 3395 3008 3447 et
3035 3391 3291 3446 furorem
3323 3404 3499 3445 suum
3553 3402 3658 3458 per
3684 3402 3788 3441 an-

2145 3482 2303 3555 gelos
2330 3481 2622 3555 pessimos
2650 3482 2822 3553 (Psal.
2858 3495 3064 3545 Lxxvu,
3116 3478 3227 3549 49).
3287 3476 3444 3532 Deus
3490 3490 3627 3548 ergo
3684 3473 3786 3546 qui

2145 3572 2315 3629 Dives
2340 3576 2431 3627 est
2458 3571 2518 3625 in
2549 3567 2967 3639 misericordia,
2999 3571 3057 3623 et
3078 3566 3237 3623 dives
3259 3569 3498 3638 propter
3534 3562 3786 3620 charita-

2146 3665 2265 3717 tem
2297 3676 2466 3715 suam
2498 3676 2617 3731 qua
2650 3657 2852 3714 dilexit
2880 3655 3189 3713 hominum
3218 3670 3428 3728 genus,
3457 3655 3514 3709 et
3535 3651 3788 3709 charita-

2146 3754 2265 3806 tem
2296 3765 2412 3805 non
2470 3746 2819 3820 simplicem,
2856 3747 2954 3802 sed
3002 3743 3272 3815 multam,
3332 3758 3468 3798 cum
3524 3756 3793 3798 essemus

2148 3835 2367 3893 mortui
2396 3841 2633 3908 propter
2663 3833 2877 3890 delicta
2912 3836 3133 3898 nostra,
3187 3830 3500 3887 viviﬁcavit
3546 3820 3681 3897 nos;
3734 3831 3793 3885 et

2149 3944 2264 3982 non
2297 3924 2492 3982 solum
2522 3924 2835 3981 viviﬁcavit
2889 3923 3120 3995 (parum
3151 3920 3367 3993 quippe
3396 3919 3507 3975 hoc
3537 3921 3661 3974 erat
3687 3917 3790 3973 bo-

2147 4014 2317 4070 nitati
2372 4018 2429 4070 et
2485 4012 2878 4086 magnitudini
2925 4011 3100 4085 ejus),
3146 4010 3247 4066 sed
3296 4005 3609 4063 viviﬁcavit
3656 4020 3793 4060 cum

2149 4104 2378 4160 Christo
2407 4103 2570 4171 Jesu,
2604 4119 2783 4158 unam
2817 4106 2991 4173 atque
3019 4098 3288 4155 eamdem
3319 4096 3489 4152 nobis
3528 4093 3794 4150 tribuens

2148 4192 2328 4249 vitam
2359 4193 2573 4248 habere
2602 4208 2735 4247 cum
2765 4190 3014 4246 Christo.
3047 4186 3297 4252 Quidam
3356 4200 3458 4257 pro
3517 4198 3583 4240 eo
3638 4180 3795 4254 quod

2153 4298 2311 4338 nunc
2343 4282 2757 4354 exposuimus:
2801 4282 2867 4335 Et
2896 4292 3116 4334 eramus
3133 4279 3340 4331 natura
3366 4273 3477 4344 ﬁlii
3505 4275 3631 4350 irae,
3691 4287 3796 4343 pro

2150 4375 2377 4439 natura,
2433 4385 2676 4438 prorsus,
2736 4367 2857 4424 sive
2926 4366 3151 4421 omnino
3206 4362 3345 4435 quia
3388 4361 3633 4418 verbum
3698 4356 3799 4437 φύ-

2152 4478 2253 4526 σει,
2289 4458 2636 4530 ambiguum
2666 4460 2774 4521 est,
2815 4453 3270 4511 transtulerunt.
3326 4451 3491 4517 Quod
3542 4448 3652 4506 etsi
3712 4446 3798 4503 sic

2154 4552 2339 4615 sonet,
2375 4548 2539 4618 juxta
2567 4561 2634 4602 ea
2680 4562 2806 4617 quae
2836 4543 3116 4608 diximus,
3148 4540 3557 4614 exponendum
3588 4540 3697 4593 est.
3730 4566 3798 4577 —

394 4630 789 4688 adolescentia
818 4650 985 4689 mens
1006 4633 1315 4689 hominum
1344 4634 1611 4706 apposita
1642 4634 1719 4689 sit
1749 4635 1818 4689 ad
1871 4632 2043 4689 mali«
2074 4653 2122 4717 D
2155 4661 2182 4687 ‹‹
2216 4636 2415 4693 Gratia
2444 4634 2651 4692 salvati
2685 4634 2847 4691 estis.
2878 4656 2906 4683 ››
2936 4632 2993 4687 Si
3025 4649 3140 4688 non
3172 4633 3313 4717 sunt
3342 4628 3532 4717 dignm
3569 4623 3796 4699 passio-

393 4719 539 4775 tiam
570 4719 786 4791 (Cenes.
817 4738 941 4789 vm,
974 4722 1104 4794 21):
1139 4722 1295 4777 unde
1324 4725 1381 4777 et
1412 4718 1685 4778 Salomon
1746 4722 1862 4778 ait:
1922 4726 2046 4778 Non
2074 4714 2110 4717 —
2157 4740 2262 4781 nes
2294 4724 2470 4796 hujus
2501 4720 2785 4794 temporis
2815 4720 2887 4776 ad
2920 4718 3177 4774 futuram
3207 4714 3457 4789 gloriam
3482 4730 3609 4785 quae
3639 4725 3796 4767 reve-

395 4808 684 4880 estjustus
712 4811 772 4865 in
800 4813 950 4866 terra
974 4813 1072 4882 qui
1096 4813 1271 4882 faciat
1328 4811 1550 4878 bonum,
1608 4814 1663 4866 et
1716 4827 1825 4866 non
1868 4818 2047 4883 peccet

395 4896 591 4967 (Eccle.
630 4915 733 4967 vn,
761 4899 874 4971 21).
906 4898 1008 4954 Vel
1039 4899 1195 4971 quod
1243 4896 1426 4955 ex'eo
1450 4902 1713 4970 tempore
1741 4916 1854 4971 quo
1910 4916 2047 4971 pos-

395 5002 609 5044 sumus
638 4986 854 5045 habere
884 4988 1150 5045 notitiam
1171 4986 1295 5054 Dei,
1319 4991 1377 5042 et
1404 4987 1477 5042 ad
1500 4987 1868 5058 pubertatem
1888 4987 2048 5043 veni-

397 5090 555 5143 mus,
589 5091 817 5143 omnes,
847 5082 950 5133 aut
978 5092 1171 5149 opere,
1195 5081 1297 5131 aut
1328 5075 1554 5148 lingua,
1578 5080 1679 5132 aut
1700 5076 2049 5149 cogitatione

337 5228 348 5237 ,
396 5179 730 5236 peccemus.
762 5166 1012 5222 Eramus
1042 5164 1223 5232 igitur
1254 5167 1467 5221 natura
1518 5163 1623 5220 ﬁlii
1671 5165 1769 5221 irae
1800 5166 1955 5222 sicut
1992 5169 2051 5221 et

401 5253 615 5323 θείνει-ἱ,
647 5259 705 5311 et
735 5271 941 5312 omnes
970 5254 1182 5322 sancti,
1204 5255 1306 5328 qui
1325 5254 1396 5311 ab
1420 5254 1511 5310 ira
1528 5255 1814 5328 sanguine
1835 5255 2048 5311 Christi

400 5341 689 5415 redempti
713 5347 872 5401 sunt.
904 5344 964 5400 Si
992 5342 1149 5401 enim
1180 5342 1399 5400 Paulus
1428 5343 1529 5416 qui
1551 5343 1723 5415 juxta
1751 5344 2048 5416 justitiam

403 5444 533 5503 qua
561 5431 622 5488 in
643 5430 771 5506 lege
800 5432 911 5489 fuit
930 5430 1524 5505 irreprehensibiliter
1552 5436 1642 5488 est
1670 5436 2048 5490 conversatus

400 5517 669 5594 (Philipp.
702 5538 788 5592 ιιι,
818 5522 896 5594 6),
927 5521 1071 5578 dicit
1097 5538 1163 5579 se
1190 5526 1401 5578 natura
1452 5521 1634 5578 fuisse
1690 5520 1877 5577 ﬁlium
1926 5523 2047 5592 irae,

479 5735 498 5772 ί
528 5734 705 5798 Adito
731 5737 1012 5801 Ruﬁnum
1039 5737 1144 5802 lib.
1173 5739 1494 5801 Invectivar.
1525 5756 1569 5812 1,
1598 5753 1763 5800 num.
1792 5737 1882 5795 38.

2154 4814 2373 4869 labitur
2404 4812 2462 4867 in
2495 4810 2663 4867 nobis
2689 4811 2861 4883 (Rom.
2893 4826 3018 4879 VIII,
3053 4802 3355 4878 18),gratia
3374 4800 3564 4874 magis
3592 4814 3801 4877 sumus

2157 4918 2337 4974 quam
2370 4917 2541 4973 opere
2571 4898 2794 4956 salvati.
2828 4896 2987 4953 Nihil
3019 4894 3175 4951 enim
3206 4906 3527 4966 possumus
3556 4887 3802 4965 Domino

2158 4990 2477 5046 retribuere
2507 5006 2607 5061 pro
2630 4987 3060 5057 omnibusquae
3091 4980 3361 5040 retribuit
3406 4978 3576 5036 nobis
3628 4976 3801 5051 (Psal.

2159 5096 2278 5148 cxv,
2316 5079 2422 5151 12).

2230 5258 2420 5330 (Vere.
2446 5257 2526 5329 6.)
2559 5279 2579 5307 α
2615 5257 2686 5312 Et
2714 5251 3074 5322 coexcitavit,
3116 5248 3417 5322 simulque
3445 5245 3809 5325 fecitqsedere

2159 5348 2218 5404 in
2250 5345 2587 5403 cmlestibus
2636 5345 2695 5400 in
2753 5342 2984 5399 Christo
3032 5341 3196 5398 Jesu.
3236 5360 3263 5389 >2
3321 5339 3512 5412 Supra
3558 5335 3805 5400 dixerat,

2159 5436 2315 5508 quod
2357 5434 2725 5491 suscitaverit
2752 5436 2904 5489 Dens
2929 5430 3226 5488 Christum
3258 5446 3293 5485 a
3322 5425 3590 5495 mortuis,
3622 5427 3680 5481 et
3707 5438 3804 5480 se-

2158 5525 2294 5581 dere
2323 5522 2524 5580 fecerit
2553 5522 2625 5578 ad
2657 5521 2922 5578 dextram
2952 5536 3124 5577 suam
3154 5519 3215 5575 in
3245 5515 3587 5575 ccelestibus
3626 5527 3809 5585 super
