4144 6202
300 286 418 378 m
456 242 464 255 ,,

1539 291 1606 355 S.
1651 291 1966 356 EUSEBII
2010 290 2458 356 HIERONYMI

3593 288 3712 351 500

302 442 536 486 omnem
569 423 988 500 principatum,
1020 428 1076 483 et
1106 429 1471 500 potestatem,
1539 431 1595 482 et
1650 427 1946 493 virtutem,
1979 429 2028 493 Α
2065 444 2177 498 que
2203 427 2430 482 divitias
2463 428 2916 482 monstraturus.
2943 421 3104 489 Quod
3128 439 3236 478 nos
3274 421 3376 495 qui
3407 422 3708 495 quondam

305 523 363 574 et
386 516 866 583 dominationem,
900 522 956 572 et
987 534 1157 572 omne
1189 534 1400 573 nomen
1431 517 1586 588 quod
1619 517 1954 572 nominatur

305 604 421 664 non
451 605 642 661 solum
702 607 760 661 in
792 606 900 662 hoc
953 606 1185 677 saeculo,
1235 607 1337 662 sed
1404 607 1579 662 etiam
1638 606 1696 660 in
1757 607 1953 662 futuro

295 695 518 768 \(Ephes.
553 713 593 762 1,
619 697 710 766 20,
741 697 852 767 24).
887 696 1051 750 Nunc
1082 711 1215 752 vero
1247 695 1507 752 addidit:
1572 698 1710 764 Quia
1750 701 1801 751 et
1858 712 1954 750 nos

306 787 653 841 suscitaverit
682 802 802 840 cum
834 802 916 855 eo,
949 789 999 841 et
1054 785 1238 841 sedere
1299 787 1487 856 fecerit
1533 788 1602 844 in
1657 786 1957 840 caelestibus

309 875 646 930 addextram
673 891 851 929 suam.
909 874 1197 939 Quaeritur
1251 891 1408 947 ergo,
1459 875 1750 946 quomodo
1803 874 1956 929 Deus

312 964 412 1036 qui
442 981 557 1020 non
591 963 784 1019 salvos
817 964 950 1018 fecit
979 968 1033 1019 et
1063 963 1386 1031 suscitavit,
1421 964 1599 1019 simul
1631 965 1779 1021 575
1816 963 1956 1018 fece-

310 1052 388 1108 rit
419 1053 620 1109 sedere
650 1069 784 1108 cum
817 1053 1047 1109 Christo
1070 1053 1097 1106 ?
1129 1053 1196 1107 Et
1226 1053 1464 1124 quidem
1498 1054 1594 1124 qui
1628 1051 1956 1123 simplicius

310 1146 398 1198 est
427 1158 838 1214 responsurus,
865 1141 974 1196 hoc
1005 1141 1230 1211 asserit,
1265 1143 1418 1213 quod
1444 1143 1615 1211 juxta
1644 1141 1956 1213 praascien—

309 1231 452 1287 tiam
490 1231 606 1296 Dei,
639 1230 696 1285 id
732 1232 887 1302 quod
919 1232 1184 1286 futurum
1218 1236 1326 1300 est,
1363 1231 1529 1303 quasi
1580 1232 1798 1286 factum
1830 1246 1958 1286 esse

303 1321 431 1393 jam
472 1319 696 1376 dixerit.
732 1322 799 1374 Et
827 1319 966 1390 quia
993 1337 1121 1375 mos
1149 1319 1258 1375 iste
1298 1320 1375 1374 sit
1406 1319 1861 1391 Scripturarum,
1894 1322 1958 1373 ut

310 1409 608 1465 interdum
641 1409 836 1463 futura
892 1413 1154 1481 tempore
1211 1408 1499 1480 praeterito
1560 1408 1954 1463 declinentur:

313 1497 488 1554 Verbi
522 1515 719 1566 causa,
765 1498 837 1554 de
868 1515 1038 1553 cruce
1094 1498 1363 1552 Domini:
1425 1498 1708 1553 For/erunt
1763 1513 1961 1551 manus

313 1603 466 1643 meas
496 1591 549 1643 et
573 1587 739 1660 pedes
769 1587 946 1659 (Psal.
980 1604 1095 1653 χχι,
1131 1587 1236 1656 17).
1272 1589 1342 1642 Et
1372 1586 1511 1642 alibi
1564 1588 1633 1642 de
1689 1586 1962 1658 passione

316 1677 445 1746 ejus
471 1692 483 1729 :
519 1677 689 1744 Quasi
717 1678 832 1731 ovis
860 1675 930 1731 ad
960 1677 1243 1732 victimam
1272 1676 1463 1731 [luctus
1491 1684 1566 1731 est
1592 1677 1725 1748 (Isa.
1758 1677 1958 1746 L111,7).

317 1765 388 1821 Et
418 1763 609 1864 adhuc
640 1765 967 1864 de
998 1764 1399 1864 ﬂagellorum:
1449 1768 1662 1864 livore
1696 1767 1812 1837 ejus
1994 1799 2041 1864 B

315 1854 502 1909 sanati
528 1870 716 1908 sumus
747 1854 903 1926 (Ibid.
936 1855 1014 1922 5).
1071 1855 1138 1909 Et
1196 1854 1332 1909 alibi
1382 1855 1484 1926 [Λι.
1546 1854 1833 1925 ibidem”
1888 1854 1964 1909 Ab

317 1942 704 2014 iniquitatibus
722 1944 916 2014 populi
930 1945 1040 1999 mei
1068 1943 1258 1998 ductus
1287 1947 1364 1998 est
1395 1946 1456 1999 in
1478 1947 1710 1998 mortem
1729 1942 1964 2012 (Ibid.8,

316 2048 422 2088 sec.
455 2032 617 2103 LXX).
653 2036 772 2088 Hoc
805 2037 1002 2088 autem
1035 2033 1183 2101 ideo,
1217 2049 1288 2088 ne
1314 2033 1454 2105 quia
1484 2032 1682 2088 futura
1739 2049 1968 2104 semper

318 2120 541 2176 incerta
566 2125 724 2186 sunt,
759 2122 1062 2177 hominum
1096 2139 1230 2194 spes
1253 2123 1495 2177 ﬂuctuet
1536 2127 1591 2177 et
1623 2121 1869 2190 vacillet,
1902 2139 1968 2177 ea

320 2227 450 2282 quas
481 2215 632 2266 Deus
663 2211 861 2266 futura
900 2211 1172 2283 cognovit
1202 2213 1376 2282 (apud
1412 2229 1585 2283 quem
1611 2211 1756 2266 nihil
1787 2210 1969 2266 ambi-

319 2316 501 2372 guum
534 2300 643 2371 est)
676 2300 847 2370 quasi
878 2303 998 2371 jam
1034 2301 1184 2355 facta
1216 2306 1648 2356 memorantur:
1712 2305 1775 2355 ut
1832 2301 1972 2372 quia

321 2388 613 2460 praterita
627 2389 950 2443 secundum
967 2389 1347 2461 philosophos
1365 2405 1598 2461 quoque
1621 2387 1971 2446 tier1infecta

321 2492 439 2531 non
470 2481 737 2547 possunt,
762 2477 860 2548 qui
884 2477 1371 2548 audierint,quasi
1385 2478 1513 2548 jam
1538 2479 1690 2533 tacta
1717 2477 1973 2532 habeant

325 2581 453 2636 quae
487 2564 684 2619 futura
714 2565 1050 2620 sunt.Alius
1079 2582 1213 2621 vero
1246 2567 1344 2638 qui
1378 2566 1883 2632 resurrectionem,
1917 2571 1973 2622 et

325 2669 573 2724 regnum
605 2652 823 2708 Christi
851 2654 1233 2727 spiritualiter
1262 2654 1556 2728 intelligit,
1609 2671 1723 2710 non
1765 2653 1972 2711 delibe-

327 2741 476 2798 ravit
501 2741 715 2809 dicere,
742 2743 865 2814 jam
897 2737 1382 2811 sanctos‘sedere,
1425 2749 1484 2799 et
1536 2760 1778 2816 regnare
1839 2760 1967 2798 cum

329 2831 591 2888 Christo:
627 2833 918 2904 quomodo
950 2833 1105 2888 enim
1140 2849 1513 2905 nequaquam
1545 2833 1602 2888 in
1635 2849 1808 2888 carne
1838 2850 1970 2889 san-

331 2924 461 2976 ctus
491 2924 599 2986 est,
642 2937 777 2976 cum
808 2920 961 2976 vivat
991 2921 1048 2976 in
1077 2938 1269 2989 carne,
1323 2926 1380 2977 et
1437 2923 1612 2978 habet
1667 2939 1970 2977 conversa-

329 3009 550 3064 tionem
582 3009 644 3064 in
675 3009 1009 3066 omlestibus
1039 3011 1308 3083 (Philipp.
1345 3012 1556 3082 111,20),
1592 3028 1726 3066 cum
1750 3012 1974 3083 gradia-

329 3101 429 3152 tur
457 3097 516 3152 in
549 3102 723 3165 terra,
752 3103 808 3154 et
839 3116 970 3154 caro
1000 3117 1128 3156 esse
1158 3099 1468 3165 desistens,
1500 3103 1660 3155 totus
1717 3103 1975 3155 vertatur

326 3185 387 3240 in
416 3185 728 3257 spiritum:
764 3187 844 3241 ita
875 3205 1008 3243 cum
1069 3189 1128 3243 in
1187 3189 1523 3244 coelestibus
1580 3190 1780 3244 sedere
1838 3206 1970 3244 cum
2006 3169 2049 3235 (ἶ

325 3273 594 3330 Christo:
631 3292 876 3346 regnum
910 3277 1127 3349 quippe
1158 3278 1268 3332 Dei-
1307 3277 1462 3333 intra
1519 3295 1624 3333 nos
1681 3283 1769 3333 est
1827 3279 1973 3349 (Luc.

323 3379 466 3420 xvn.
498 3363 587 3434 21)
615 3381 628 3430 ;
663 3369 720 3418 et
749 3364 848 3419 ubi
883 3365 1059 3420 fuerit
1086 3365 1405 3420 thesaurus
1437 3371 1655 3437 noster,
1679 3365 1759 3420 ibi
1783 3367 1893 3421 erit
1921 3374 1980 3422 et

324 3467 422 3506 cor
445 3455 712 3507 nostrum
749 3453 957 3524 (Matth.
990 3470 1067 3519 v,
1117 3455 1240 3525 21);
1300 3454 1573 3525 ﬁrmique
1630 3459 1687 3509 et
1736 3455 1992 3530 stabiles~

326 3538 602 3594 sedemus
635 3556 769 3595 cum
801 3540 1050 3609 Christo,
1086 3542 1394 3614 sapientia,
1453 3543 1663 3614 Verbo,
1718 3542 1972 3613 justitia,

324 3626 586 3682 veritate.
619 3627 816 3684 Potest
864 3635 1057 3686 autem
1111 3637 1168 3686 et
1211 3631 1320 3687 hoc
1373 3631 1505 3699 dici,
1568 3635 1631 3686 ut
1683 3633 1975 3704 quomodo

327 3714 717 3772 arrhabonem
767 3717 1020 3790 Spiritus
1067 3721 1252 3775 sancti
1311 3721 1664 3793 accepimus,
1723 3721 1974 3777 necdum

326 3807 506 3859 totam
541 3806 670 3876 ejus
703 3807 1125 3878 plenitudinem
1168 3811 1498 3876 consecuti;
1534 3811 1618 3865 sic
1672 3814 1728 3865 et
1777 3811 1976 3866 sedere

329 3909 438 3948 nos
469 3911 602 3950 eum
634 3895 866 3953 Christo
891 3902 1066 3968 atque
1097 3914 1360 3970 regnare,
1381 3900 1629 3954 necdum
1663 3901 1974 3971 perfectam

328 3981 652 4039 sessionem
680 3984 740 4040 in
772 3986 1106 4042 coelestibus
1146 3987 1492 4042 obtinentes.

355 4093 359 4097 ‘
402 4071 585 4143 (Vers.
617 4073 696 4145 7.)
734 4096 761 4124 ι(
797 4074 870 4130 Ut
925 4076 1257 4131 ostenderet
1307 4076 1366 4130 in
1426 4075 1651 4131 saeculis
1703 4092 1975 4150 superve-

329 4160 630 4218 nientibus
661 4163 1029 4221 abundantes
1060 4164 1294 4220 divitias
1325 4164 1523 4238 gratia:
1555 4183 1675 4221 sua:
1704 4166 1761 4219 in
1810 4166 1974 4221 boni-

329 4253 448 4305 tate
479 4265 657 4321 super
688 4267 794 4306 nos
828 4252 887 4307 in
929 4252 1164 4309 Christo
1184 4255 1342 4309 Jesu.
1379 4277 1406 4302 ››
1439 4255 1668 4317 Quanta
1699 4254 1776 4310 sit
1806 4255 1976 4310 bene-

328 4337 443 4392 ﬁcii
476 4338 840 4409 magnitudo,
875 4346 932 4396 et
963 4357 1141 4412 quam
1174 4342 1476 4414 multiplex
1507 4344 1694 4416 gratia
1723 4360 1840 4414 qua
1870 4360 1976 4398 nos

337 4426 627 4484 Dominus
668 4429 739 4484 de
760 4430 957 4485 saeculi
981 4430 1151 4486 istius
1186 4431 1641 4503 perturbationis
1697 4431 1976 4488 liberatos

334 4515 540 4571 sedere
565 4517 722 4584 fecit,
754 4524 809 4573 et
841 4535 1083 4591 regnare
1112 4537 1243 4574 cum
1277 4521 1525 4586 Christo,
1559 4521 1692 4577 hinc
1741 4521 1827 4577 vel
1858 4539 1976 4576 ma-
2008 4539 2055 4604 D

330 4604 490 4660 xime
521 4607 956 4678 comprobatur,
991 4608 1145 4679 quod
1178 4610 1332 4666 576
1387 4608 1443 4662 in
1484 4609 1701 4665 futuris
1749 4610 1979 4666 saeculis

329 4711 446 4750 non
472 4711 610 4762 uno,
641 4696 741 4751 sed
775 4697 1049 4752 omnibus
1081 4714 1248 4753 suam
1284 4699 1509 4752 cunctis
1532 4698 1978 4754 rationabilibus

334 4784 620 4840 creaturis
651 4802 830 4857 super
861 4803 968 4842 nos
999 4790 1346 4843 ostensurus
1377 4791 1466 4842 est
1495 4786 1764 4859 gloriam,
1810 4805 1976 4844 suas-

357 4976 368 4985 _
407 4911 420 4943 ι
456 4911 750 4985 integrius
781 4911 920 4984 legit
965 4913 1230 4979 Rutinus,
1264 4916 1315 4966 et
1359 4928 1522 4983 super
1549 4928 1704 4967 omne
1757 4929 1973 4982 nomen,

332 4978 475 5053 q'uod
503 4978 974 5053 nominatum'est,
1004 5001 1112 5038 non
1140 4978 1315 5038 solum
1349 4978 1436 5038 in'
1462 4985 1560 5039 hoc
1609 4986 1823 5052 saeculo,
1885 4978 1976 5042 sed

322 5051 468 5128 etin
494 5053 703 5128 futuro,
735 5057 786 5128 et
812 5071 909 5128 nos
962 5051 1288 5128 sedebimus,
1346 5051 1816 5128 regnabimusque
1847 5073 1970 5112 cum

333 5121 570 5199 Christo,
592 5129 701 5178 etc.
732 5124 1068 5199 Confer_._lib.
1103 5145 1167 5199 11,
1204 5121 1363 5182 num.
1397 5127 1468 5181 35
1497 5131 1553 5182 et
1592 5121 1756 5199 seqq.

402 5193 424 5227 ²
449 5197 661 5270 Rerum
688 5195 868 5270 paulo
901 5196 1068 5252 aliter
1099 5198 1366 5262 Rufinus,
1399 5214 1566 5270 super
1593 5193 1780 5265 hisfet
1811 5216 1977 5270 super

330 5280 450 5338 quae
477 5265 628 5340 sedet
658 5267 771 5332 ille,
806 5272 912 5323 etc.
939 5273 1112 5324 Porro
1137 5287 1318 5340 quem
1352 5269 1446 5325 hic
1469 5265 1531 5324 Β.
1575 5271 1785 5326 Doctor
1842 5265 1972 5326 dili-

327 5336 563 5408 gentem
595 5336 1088 5413 lectoremvocat,
1121 5336 1424 5413 O'rigenem
1459 5358 1586 5396 esse
1617 5360 1733 5397 non
1768 5343 1974 5397 difﬁte-

329 5414 461 5483 tur:
496 5410 993 5483 quemadmodum
1026 5416 1083 5466 et
1113 5410 1272 5475 eum,
1305 5414 1374 5465 de
1407 5429 1522 5483 quo
1555 5413 1802 5468 inferius
1832 5415 1974 5468 sub-

329 5425 461 5463 tur:
496 5425 993 5534 quemaamoaum
1026 5425 1083 5466 et
1113 5428 1272 5475 eum,
1305 5425 1374 5465 de
1407 5429 1522 5483 quo
1555 5425 1802 5468 Interius
1832 5425 1974 5468 sub-

469 5483 507 5535 A
655 5497 777 5537 vero
808 5484 909 5560 ho_c_
928 5483 1067 5560 quod
1106 5484 1219 5560 ait,
1240 5489 1348 5536 etc.
1370 5485 1974 5560 _Apolli_nariun1gpro-

326 5547 412 5626 dit
433 5553 726 5626 exstitisse
755 5570 766 5608 :
803 5578 835 5626 «7
864 5547 999 5626 Nos,
1035 5554 1229 5626 inquit
1252 5547 1450 5626 contra
1478 5557 1754 5626 Ruﬁnum,
1798 5547 1897 5611 11h.
1933 5574 1971 5622 1,

325 5621 615 5694 triplicem
645 5621 1062 5697 expositionem
1094 5621 1439 5698 posuimus:
1475 5625 1532 5682 in
1560 5621 1779 5700 prima,
1830 5621 1973 5700 quid

2062 515 2187 588 lege
2212 519 2556 572 tenebamur
2584 515 2816 582 inferni,
2850 519 2907 570 et
2937 518 3171 586 pr0pter
3199 512 3340 568 vitia
3369 515 3544 584 atque
3576 529 3709 584 pec-

2064 611 2228 662 cata:
2263 612 2327 660 ut
2356 605 2631 678 operibus
2663 605 2878 670 carnis,
2907 604 2988 658 ita
3016 619 3254 658 eramus
3301 606 3357 658 et
3399 597 3710 675 suppliciis

2063 695 2336 750 destinati
2363 712 2375 750 :
2412 711 2568 750 nunc
2600 695 2659 749 in
2693 693 2920 749 Christo
2943 709 3257 764 regnemus
3279 691 3711 763 sedeamusque

2065 801 2198 840 cum
2231 801 2316 840 eo.
2351 785 2673 841 Sedeamus
2701 787 2894 838 autem
2926 799 3040 838 non
3069 782 3128 836 in
3187 780 3397 836 humili
3447 797 3710 851 quocun-

2066 890 2179 946 que
2209 873 2356 939 loco,
2390 874 2490 930 sed
2524 889 2700 944 super
2731 889 2966 927 omnem
2999 869 3415 944 principatum,
3456 874 3514 925 et
3551 875 3712 942 pote-

2066 967 2299 1033 statem,
2336 967 2393 1018 et
2416 962 2713 1028 virtutem,
2771 967 2828 1016 et
2875 961 3363 1026 dominationem,
3429 962 3487 1014 et
3541 975 3713 1013 omne

2067 1069 2301 1123 nomen,
2335 1053 2488 1122 quod
2523 1051 2862 1106 nominatur
2891 1067 3006 1104 non
3040 1048 3229 1105 solum
3263 1048 3323 1103 in
3356 1048 3464 1104 hoc
3498 1046 3709 1103 saeculo

2067 1142 2167 1197 sed
2199 1141 2374 1196 etiam
2397 1142 2457 1196 in
2483 1142 2678 1195 tuturo
2711 1140 2927 1211 (Ep/tes.
2961 1157 2999 1207 1,
3031 1140 3143 1207 21).
3176 1138 3233 1192 Si
3264 1137 3422 1192 enim
3448 1126 3718 1192 Christus

2069 1231 2389 1286 suscitatus
2418 1248 2452 1286 a
2483 1230 2730 1285 mortuis
2762 1230 2925 1285 sedet
2954 1230 3024 1283 ad
3057 1228 3319 1283 dextram
3351 1226 3453 1282 Dei
3495 1226 3554 1281 in
3600 1243 3710 1282 cm-

2068 1320 2317 1377 lestibus
2349 1336 2526 1392 supra
2555 1335 2786 1375 omnem
2819 1317 3236 1390 principatum,
3261 1321 3319 1371 et
3339 1319 3713 1388 potestatem,

2069 1415 2126 1466 et
2150 1409 2445 1473 virtutem,
2478 1413 2533 1463 et
2562 1411 2804 1463 caetera:
2839 1412 2895 1462 et
2925 1423 3031 1462 nos
3063 1407 3336 1462 sedemus
3370 1421 3716 1476 regnamus-

2070 1515 2182 1571 que
2209 1515 2344 1553 cum
2372 1497 2601 1553 Christo
2628 1499 2678 1553 1:
2711 1513 2949 1552 necesse
2977 1500 3066 1552 est
3095 1499 3160 1550 ut
3207 1511 3387 1566 super
3442 1494 3537 1550 his
3587 1511 3718 1566 qua:

2071 1587 2232 1643 sedet
2259 1586 2352 1642 ille
2368 1589 2408 1654 ³,
2444 1587 2775 1642 sedeamus.
2804 1585 2913 1641 Sed
2939 1585 3038 1657 qui
3067 1583 3317 1657 diligens
3367 1582 3545 1639 lector
3603 1587 3718 1651 est,

2072 1677 2269 1732 statim
2302 1676 2547 1748 requirit
2578 1680 2634 1730 et
2663 1675 2836 1731 dicit:
2869 1674 3017 1738 Quid
3077 1691 3235 1746 ergo,
3299 1673 3489 1744 major
3543 1672 3719 1728 homo

2073 1765 2293 1838 angelis
2321 1770 2377 1820 et
2415 1764 2640 1821 cunctis
2672 1764 2728 1819 in
2763 1763 2903 1820 ccelo
2936 1762 3366 1836 potestatibus?
3387 1761 3550 1827 Quod
3581 1761 3723 1833 quia

2077 1855 2469 1928 periculosum
2503 1859 2593 1910 est
2623 1853 3010 1926 respondere:
3044 1851 3418 1924 Principatus
3445 1855 3501 1906 et
3551 1851 3720 1906 Pote-
3773 1867 3784 1873 ‘

2077 1948 2280 2012 states,
2308 1947 2364 1998 et
2391 1941 2674 2013 Virtutes,
2708 1946 2765 1997 et
2804 1941 3263 2009 Dominationes,
3296 1945 3353 1996 et
3395 1955 3568 1995 omne
3615 1956 3720 1994 no-

2079 2049 2211 2088 men
2246 2033 2400 2104 quod
2434 2031 2775 2087 nominatur
2797 2047 2909 2085 non
2934 2029 3124 2085 solum
3159 2029 3217 2084 in
3248 2028 3357 2084 hoc
3383 2026 3721 2091 saeculo,sed

2080 2120 2252 2176 etiam
2289 2120 2346 2174 in
2379 2120 2573 2174 iuturo
2606 2119 2881 2186 (maxime
2913 2117 3050 2190 quia
3089 2117 3287 2173 omnia
3343 2116 3556 2172 Christi
3589 2116 3725 2171 sub-

2074 2212 2227 2280 jecta
2259 2213 2399 2264 sunt
2428 2207 2698 2280 pedibus)
2729 2225 2842 2263 non
2871 2208 2941 2262 ad
2977 2207 3189 2262 bonam
3224 2210 3472 2279 partem,
3517 2206 3620 2262 sed
3649 2206 3724 2261 ad

2081 2299 2433 2355 contrariam
2459 2298 2793 2354 referetzut
2823 2297 2976 2352 dicat
3008 2313 3107 2352 eas
3154 2311 3283 2352 esse
3340 2294 3580 2368 angelos
3636 2312 3724 2351 re-

2081 2389 2272 2461 fugas,
2308 2392 2363 2442 et
2393 2386 2713 2458 principem
2747 2386 2948 2440 mundi
2983 2385 3155 2441 istius
3195 2387 3374 2451 (Joan.
3433 2401 3551 2451 xxv,
3609 2384 3724 2455 30),

2082 2482 2139 2534 et
2170 2477 2502 2532 Luciferum
2537 2475 2639 2548 qui
2675 2491 2847 2530 mane
2899 2474 3197 2530 oriebatur
3251 2475 3386 2547 (Isa.
3438 2491 3553 2544 x1v,
3614 2472 3725 2543 12),

2082 2582 2259 2637 super
2289 2564 2874 2636 quibussancticum
2933 2563 3163 2619 Christo
3222 2563 3283 2618 in
3337 2564 3452 2618 fine
3504 2561 3728 2618 sessuri

2057 2659 2238 2722 .sunt,
2270 2653 2387 2709 illis
2419 2669 2652 2725 quoque
2673 2653 2997 2708 tribuentes
3029 2652 3402 2718 beneﬁcium,
3436 2651 3537 2724 qui
3570 2667 3728 2706 nunc

2081 2742 2292 2798 infreni
2324 2747 2380 2797 et
2427 2741 2576 2797 male
2605 2741 2874 2797 libertate
2924 2759 3033 2797 sua
3089 2741 3445 2797 abutentes3
3504 2740 3726 2813 passim

2081 2837 2368 2904 vagantur
2399 2830 2513 2903 [Αι.
2536 2832 2867 2903 vagentur],
2889 2835 2944 2886 et
2976 2848 3076 2902 per
3105 2829 3425 2903 praecipitia
3445 2833 3728 2886 corruunt

2085 2922 2194 2990 [ΑΙ.
2227 2919 2545 2992 corruant],
2579 2924 2969 2991 peccatorum.
3009 2920 3150 2975 Cum
3185 2925 3380 2975 autem
3426 2919 3570 2975 tales
3620 2918 3725 2974 ha-

2082 3009 2318 3066 buerint
2347 3026 2626 3073 sessores,
2652 3009 2820 3079 juxta
2851 3009 3179 3065 sedentium
3203 3008 3560 3064 voluntatem
3589 3007 3728 3063 inci-

2084 3100 2247 3172 pient
2276 3099 2608 3171 gubernari.
2639 3098 2795 3154 Alius
2826 3113 2958 3153 vero
2989 3098 3099 3154 hoc
3131 3099 3285 3170 quod
3317 3098 3432 3153 ait:
3461 3099 3523 3155 Ut
3551 3100 3740 3170 osten-I

2085 3188 2236 3243 deret
2270 3190 2326 3242 in
2359 3188 2581 3244 swculis
2609 3188 3126 3258 supervenientibus
3154 3186 3491 3243 abundantes
3511 3185 3746 3258 divitias~

2085 3279 2283 3349 gratia?
2311 3291 2431 3334 suae
2479 3278 2538 3330 in
2573 3277 2816 3332 bonitate
2843 3292 3017 3345 supra
3063 3293 3183 3342 nos,
3255 3277 3312 3330 in
3345 3274 3556 3330 Christo
3583 3275 3729 3340 Jesu,

2087 3367 2158 3422 ad
2181 3365 2342 3420 illam
2374 3364 2820 3436 intelligentiam
2853 3365 3181 3428 transferet,
3208 3365 3360 3433 quod
3395 3379 3508 3419 non
3545 3363 3732 3418 simus

2087 3455 2294 3510 merito
2321 3458 2542 3521 nostro,
2576 3454 2675 3509 sed
2710 3452 2900 3525 gratia
2934 3453 3062 3523 ejus
3106 3451 3332 3520 salvati,
3385 3456 3443 3507 et
3491 3450 3742 3528 majoris)

2087 3542 2364 3599 bonitatis
2422 3542 2707 3597 indicium
2762 3541 2838 3596 sit
2895 3559 2997 3614 pro
3052 3541 3474 3614 peccatoribus,
3541 3539 3732 3613 magis

2086 3647 2264 3704 quam
2287 3648 2390 3704 pro
2414 3632 2597 3702 justis
2629 3631 2809 3688 mori:
2840 3633 2950 3687 Pro
2980 3632 3115 3687 bono
3155 3632 3304 3686 enim
3338 3631 3579 3701 forsitan
3612 3630 3732 3701 quis

2085 3720 2283 3776 audeat
2313 3721 2539 3776 interire
2570 3722 2746 3793 (Rom.
2780 3738 2836 3786 v,
2869 3721 2924 3792 7)
2953 3746 2966 3777 ;
2997 3723 3056 3775 et
3087 3720 3334 3775 daturus
3375 3720 3523 3776 577
3561 3717 3730 3774 nobis

2086 3810 2181 3879 sit,
2215 3827 2340 3882 quae
2371 3826 2476 3865 nec
2508 3809 2712 3865 oculus
2742 3809 2906 3880 vidit,
2933 3812 3035 3865 nec
3085 3808 3244 3864 auris
3283 3807 3506 3863 audivit
3536 3823 3639 3863 nec
3668 3807 3746 3861 in-

2086 3915 2183 3953 cor
2213 3898 2470 3954 hominis
2504 3899 2894 3954 ascenderunt
2951 3898 2997 3970 (I
3023 3899 3150 3955 Cor.
3186 3915 3249 3963 ιι,
3279 3898 3356 3969 9).
3411 3897 3546 3961 Quae
3603 3912 3728 3951 om-

2086 3987 2183 4042 nia
2202 4004 2271 4043 ex
2317 3995 2480 4060 parte
2525 3988 2650 4058 jam
2683 3987 2907 4042 dederit
2965 3987 3023 4041 in
3083 3985 3311 4042 Christo
3363 3986 3543 4043 Jesu:
3595 3983 3748 4063 quia

2088 4076 2312 4131 nullum
2349 4077 2569 4148 absqhe
2600 4076 2829 4132 Christo
2862 4077 3082 4131 bonum
3107 4074 3221 4130 dici
3255 4079 3464 4148 potest.

2157 4165 2350 4237 (Vers.
2375 4167 2428 4230 8,
2461 4165 2543 4233 9.)
2581 4164 2838 4221 «Gratia
2862 4164 3018 4220 enim
3047 4164 3188 4220 estis
3239 4163 3384 4219 salvi
3440 4163 3577 4219 facti
3630 4179 3735 4236 per

2084 4255 2282 4319 ﬁdem,
2317 4257 2373 4308 et
2403 4253 2514 4308 hoc
2545 4270 2659 4308 non
2691 4269 2758 4309 ex
2786 4254 2986 4309 vobis:
3031 4252 3132 4308 Dei
3181 4252 3337 4308 enim
3370 4253 3591 4307 donum
3621 4256 3733 4322 est,

2085 4359 2200 4398 non
2231 4359 2299 4398 ex
2329 4342 2626 4414 Operibus,
2661 4349 2726 4398 ut
2757 4359 2827 4398 ne
2859 4342 2992 4413 quis
3039 4341 3391 4414 glorietur.»
3428 4341 3582 4408 ideo,
3646 4341 3734 4395 in-

2086 4431 2232 4502 quit,
2266 4431 2630 4486 abundantes
2662 4431 2891 4487 divitias
2921 4431 3120 4503 gratiis
3171 4447 3312 4496 suae,
3361 4429 3423 4485 in
3475 4428 3734 4484 bonitate

2087 4519 2146 4573 in
2170 4519 2610 4591 superventuris
2643 4520 2872 4576 saeculis
2906 4525 3252 4576 ostensurus
3280 4522 3391 4588 est,
3421 4517 3561 4590 quia
3597 4533 3730 4591 gra-

2087 4608 2169 4663 tia
2199 4607 2339 4664 salvi
2376 4610 2508 4664 facti
2550 4610 2692 4666 estis
2724 4627 2825 4682 per
2865 4610 3062 4676 fidem,
3093 4625 3208 4664 non
3260 4625 3363 4680 per
3418 4624 3615 4680 opera.
3665 4607 3735 4662 Et

2087 4697 2209 4754 haec
2245 4697 2370 4770 ipsa
2403 4699 2546 4754 fides
2577 4716 2694 4754 non
2747 4704 2933 4755 estex
2989 4697 3174 4766 vobis,
3235 4698 3334 4754 sed
3384 4713 3454 4752 ex
3505 4713 3571 4752 eo
3629 4696 3731 4768 qui

2085 4787 2307 4842 vocavit
2334 4804 2456 4843 vos.
2489 4792 2609 4843 Hoc
2667 4792 2861 4843 autem
2921 4787 3070 4855 ideo,
3131 4804 3202 4842 ne
3257 4786 3504 4842 forsitan
3565 4784 3733 4841 nobis

2086 4911 2255 4967 nobis
2286 4911 2616 4973 videretur;
2647 4913 2704 4966 in
2737 4912 3019 4983 secunda,
3069 4911 3209 4983 quid
3243 4910 3523 4983 Drigenes
3553 4925 3735 4981 oppo-

2086 4988 2286 5055 neret;
2323 4985 2380 5037 in
2415 4983 2602 5050 tertia,
2636 4983 2773 5053 quid
2804 4980 3613 5055 Appollinariussimpliciter
3637 4980 3736 5038 ex-

2086 5000 2286 5049 nerei;
2323 5000 2380 5037 1n
2415 5000 2602 5050 tertia,
2636 5000 2773 5053 qum
2804 5000 2850 5036 Α
2898 5000 3243 5054 pouinanus
3265 5000 3613 5055 SimpllCltet‘
3642 5000 3734 5038 ex-

2082 5054 2370 5180 planaret,
2411 5079 2430 5101 ιν
2469 5055 2566 5110 ubi
2594 5060 2650 5109 et
2671 5054 2825 5126 quod
2856 5000 3165 5126 Brigenem
3197 5053 3346 5110 dixit
3391 5051 3734 5125 diligentem

2105 5131 2355 5180 actorem
2389 5125 2654 5180 pluribus
2688 5129 2944 5180 excusat.

2105 5131 2355 5181 ectorem
2389 5125 2654 5196 pluribus
2688 5125 2944 5182 excusat.

2153 5197 2173 5231 ³
2209 5196 2369 5268 Legit
2391 5194 2700 5267 presbyter
2721 5195 3138 5269 Aquileiensis,
3166 5198 3227 5252 in
3253 5197 3363 5266 [ine
3389 5194 3585 5269 saeculi
3613 5209 3730 5269 ses-
3753 5205 3756 5212 ‘

2081 5270 2209 5323 suri
2235 5266 2363 5323 sunt
2428 5270 2542 5326 illis
2571 5266 3073 5341 Quoque'lribuenle
3101 5268 3179 5338 (id
3214 5273 3301 5341 est
3326 5267 3584 5341 Christo)
3641 5266 3758 5321 be—-

2083 5342 2363 5412 ne/icium,
2415 5342 2511 5412 qui
2568 5339 2714 5396 nunc
2743 5341 2955 5411 infreni
2995 5343 3056 5401 et
3124 5340 3265 5412 male
3319 5339 3579 5394 libertate
3626 5353 3733 5392 sua

2081 5411 2381 5486 abutentes,
2410 5411 2524 5486 etc.
2558 5413 2840 5486 Equidem
2889 5428 2991 5486 pro
3051 5411 3284 5486 infreni,
3345 5426 3472 5486 quae
3500 5484 3504 5486 Α
3531 5415 3758 5486 tamen

2079 5499 2200 5624 prae
2233 5482 2425 5538 Rufini
2457 5481 2699 5539 lectione
2730 5481 2937 5554 placet,
2968 5481 3080 5555 legi
3113 5481 3312 5538 malim
3346 5481 3406 5536 in
3427 5484 3604 5549 recto,
3639 5482 3751 5535 in-'

2107 5570 2282 5609 renes.

2107 5570 2282 5609 renes.
