4144 6202
408 403 521 471 501

1043 470 1046 472 .
1094 407 1612 473 COMMENTAR.
1658 408 1738 471 IN
1783 408 2032 474 EPIST.
2081 411 2183 472 AD
2225 407 2505 473 EPHES.
2554 409 2700 474 LIB.
2746 412 2792 488 Ι,
2841 409 3011 476 CAP.
3055 402 3137 476 Πὶ

3700 408 3822 472 502

407 536 686 618 cogitatio
708 540 937 600 occulta
965 543 1305 615 subreperet
1335 560 1348 600 :
1383 543 1432 599 si
1467 560 1569 616 per
1635 560 1808 616 Opera
1855 548 2057 599 nostra
2085 547 2138 612 Α
2169 547 2387 613 fecerit,
2421 551 2478 602 et
2508 563 2634 618 quae
2667 546 2940 618 deinceps
2968 545 3246 618 loquitur,
3281 559 3349 603 ea
3377 541 3497 603 sint
3526 559 3657 620 qua
3687 549 3823 620 post

407 632 618 690 ealvati
677 650 795 688 non
855 649 1084 698 sumus,
1126 645 1278 690 certe
1324 633 1416 689 vel
1465 650 1568 706 per
1623 634 1797 688 fidem
1858 633 2062 689 salvati

412 739 660 780 sumus:
693 726 750 777 et
781 720 894 777 alio
925 737 1132 794 genere
1171 727 1369 778 nostro
1404 728 1492 777 est
1530 723 1684 794 quod
1744 722 2059 778 salvamur.

408 811 652 868 Addidit
707 810 904 882 itaque
984 815 1040 866 et
1099 811 1262 877 dixit,
1325 812 1500 868 fidem
1589 813 2062 884 quoquegipsam

409 917 525 958 non
558 905 775 956 nostris
804 898 1121 956 voluntatis
1151 918 1298 967 esse,
1333 903 1432 956 sed
1467 901 1563 956 Dei
1597 900 1878 956 muneris.
1939 902 2063 956 Non

412 990 570 1064 quod
603 989 854 1044 liberum
887 989 1111 1044 homini
1169 989 1413 1046 tollatur
1469 990 1799 1056 arbitrium,
1861 994 1918 1045 et
1974 1006 2063 1046 se-

413 1079 678 1136 cundum
710 1077 855 1133 illud
884 1078 1139 1149 Apostoli
1170 1079 1241 1134 ad
1273 1079 1586 1143 Romanos,
1629 1097 1741 1134 non
1802 1079 1879 1133 sit
1934 1096 2064 1134 cur-

409 1169 601 1225 rentis
634 1183 819 1238 neque
848 1167 1116 1239 volentis,
1150 1169 1250 1224 sed
1286 1168 1617 1224 miserantis
1651 1167 1744 1224 Dei
1777 1171 1950 1236 (Rom.
1984 1185 2061 1238 rx,

411 1259 505 1330 16)
530 1277 544 1327 ;
574 1273 771 1312 verum
801 1256 958 1328 quod
992 1257 1217 1312 arbitrii
1249 1257 1379 1330 ipsa
1427 1257 1666 1313 libertas
1729 1259 1905 1312 Deum
1961 1257 2064 1312 ha-

407 1347 544 1402 beat
573 1350 894 1414 auctorem,
926 1351 985 1403 et
1015 1347 1085 1401 ad
1119 1345 1280 1401 illius
1309 1347 1656 1402 beneficium
1714 1351 1922 1402 cuncta
1978 1361 2065 1401 re-

407 1437 695 1500 ferantur,
767 1451 898 1490 cum
950 1435 1126 1491 etiam
1166 1436 1388 1490 bonum
1448 1453 1554 1491 nos
1583 1435 1727 1491 velle
1758 1437 1881 1508 ipse
1939 1450 2065 1508 per-

411 1523 659 1580 miserit.
717 1528 836 1580 Hoc
893 1529 1089 1580 autem
1175 1529 1364 1580 totum
1432 1530 1756 1597 propterea,
1817 1541 1888 1580 ne
1934 1525 2068 1596 quis

412 1613 696 1687 glorietur
726 1631 760 1670 a
790 1614 1125 1688 semetipso,
1187 1620 1244 1670 et
1295 1632 1407 1670 non
1470 1633 1503 1671 a
1557 1621 1668 1671 Deo
1701 1631 1762 1671 se
1801 1631 1928 1671 esse
1959 1613 2068 1669 sal-

413 1708 635 1759 vatum.

483 1792 672 1861 (Vers.
710 1793 820 1865 10.)
851 1815 879 1842 ‹‹
912 1793 1102 1864 Ipsius
1133 1792 1287 1849 enim
1321 1811 1530 1850 sumus
1587 1795 1830 1858 factura,
1891 1793 2068 1849 creati

411 1881 471 1937 in
501 1881 733 1981 Christo
762 1882 906 1981 Jesu
935 1882 996 1937 in
1028 1882 1305 1981 operibus
1336 1883 1525 1951 bonis,
1725 1882 2070 1956 preparavit
2098 1916 2146 1981 Β

413 1974 587 2040 Deus,
621 1974 686 2024 ut
716 1969 775 2024 in
825 1969 941 2025 illis
973 1971 1389 2028 ambulemus.-
1426 1993 1453 2021 ››
1513 1971 1786 2027 Reddidit
1837 1988 2066 2040 causas,

413 2076 594 2132 quare
622 2059 814 2132 gratia
837 2059 1041 2116 salvati
1075 2077 1282 2116 sumus
1307 2076 1410 2133 per
1440 2062 1635 2126 ﬁdem,
1660 2065 1716 2116 et
1737 2061 1844 2116 hoc
1872 2060 2068 2133 ipsum

412 2164 530 2204 non
564 2165 634 2204 ex
663 2148 856 2216 nobis,
887 2150 986 2205 sed
1018 2167 1086 2205 ex
1125 2166 1367 2205 munere
1418 2151 1536 2215 Dei,
1596 2150 1830 2206 dicens:
1893 2151 2070 2222 Ipsius

410 2253 566 2293 enim
595 2240 814 2307 factum
841 2254 1052 2302 sumus,
1087 2238 1194 2293 hoc
1223 2243 1330 2311 est,
1367 2240 1524 2311 quod
1581 2238 1852 2310 vivimus,
1912 2239 2068 2310 quod

415 2326 735 2398 spiramus,
765 2328 921 2398 quod
953 2327 1358 2401 intelligimus,
1382 2333 1438 2384 et
1469 2329 1700 2384 credere
1730 2346 2067 2401 possumus,

413 2414 605 2488 ipsius
634 2419 740 2484 est,
775 2417 912 2488 quia
941 2416 1066 2490 ipse
1097 2419 1364 2475 conditor
1393 2422 1591 2474 noster
1643 2423 1750 2473 est.
1812 2418 1880 2474 Et
1937 2417 2068 2473 dili-

415 2507 626 2578 genter
656 2504 918 2574 observa,
951 2505 1090 2577 quia
1145 2524 1259 2563 non
1310 2506 1538 2563 dixerit.
1581 2507 1756 2579 Ipsius
1809 2508 2070 2579 ﬁguratio

413 2610 609 2650 sumus
639 2603 809 2666 atque
833 2595 1129 2667 plasmatio
1157 2613 1176 2650 :
1205 2596 1317 2668 sed,
1361 2598 1534 2668 ipsius
1588 2598 1804 2669 factura
1857 2613 2068 2653 sumus.

419 2683 735 2740 Plasmatio
766 2685 979 2757 quippe
1006 2685 1291 2758 originem
1325 2686 1394 2742 de
1441 2691 1608 2743 terrae
1665 2685 1804 2742 limo
1851 2686 2067 2744 trahit:

415 2771 647 2828 factura
673 2789 806 2828 vero
829 2773 1001 2845 juxta
1039 2773 1487 2830 similitudinem
1519 2779 1577 2830 et
1607 2775 1918 2847 imaginem
1974 2774 2068 2831 Dei

417 2861 676 2933 sumpsit
733 2862 1057 2918 exordium.
1118 2863 1279 2926 Quod
1346 2864 1405 2918 in
1463 2864 1780 2920 centesimo
1837 2880 2072 2936 quoque

417 2956 619 3006 octavo
650 2951 876 3007 decimo
908 2951 1140 3008 Psalmo
1169 2952 1345 3008 simul
1389 2953 1647 3026 positum
1705 2954 1934 3008 diversa
1991 2953 2069 3008 si-

419 3039 695 3111 gniﬁcat:
732 3044 930 3096 Manus
975 3049 1078 3096 tuae
1105 3043 1352 3113 fecerunt
1395 3059 1502 3114 me,
1559 3046 1613 3096 et
1661 3043 2073 3115 plasmaverunt

417 3144 503 3182 me
558 3128 731 3198 (Psal.
774 3145 966 3196 cxvm,
997 3131 1110 3202 73).
1139 3131 1386 3186 Factura
1415 3130 1674 3202 primum
1731 3131 1921 3185 locum
1985 3135 2068 3186 te-

415 3221 553 3272 net:
588 3218 797 3274 deinde
826 3217 1157 3290 plasmatio.
1182 3220 1252 3274 Et
1282 3220 1422 3291 quia
1450 3221 1778 3286 creationis,
1838 3224 1894 3275 et
1932 3236 2067 3275 con-

414 3305 661 3362 ditionis
692 3289 906 3363 nomen
937 3308 1009 3362 ad
1043 3325 1256 3380 magna
1288 3289 1519 3381 semper
1549 3308 1696 3364 solet
1751 3325 1924 3380 opera
1973 3325 2066 3364 co-
2099 3289 2141 3355 Ο

416 3393 632 3466 pulari,
663 3395 820 3450 verbi
855 3413 1070 3453 causa:
1105 3396 1207 3451 illa
1235 3397 1376 3452 urbs
1434 3397 1668 3453 condita
1723 3403 1830 3463 est,
1889 3401 1945 3452 et
2001 3398 2072 3451 ab

419 3483 587 3539 initio
619 3489 848 3540 creatus
907 3489 996 3541 est
1052 3487 1333 3551 mundus,
1369 3487 1520 3543 578
1553 3491 1610 3540 et
1666 3485 2074 3558 unusquisque

421 3576 759 3629 sanctorum
819 3590 922 3645 per
950 3573 1108 3630 varia
1155 3575 1430 3648 dogmata
1482 3580 1657 3648 atque
1688 3577 1954 3646 virtutes,
2011 3575 2071 3630 in

420 3661 738 3734 semetipso
795 3663 1054 3719 mundus
1129 3668 1219 3719 est
1271 3669 1476 3720 totus:
1537 3670 1846 3738 propterea
1917 3681 2074 3720 nunc

419 3750 602 3806 creati
633 3750 692 3805 in
719 3751 945 3808 Christo
975 3752 1248 3819 dicimus,
1282 3758 1338 3808 et
1368 3755 1541 3809 creati
1577 3754 1633 3808 in
1666 3752 1939 3826 operibus
1971 3755 2073 3808 bo-

418 3839 536 3910 nis,
570 3839 686 3896 sive
717 3857 845 3911 quae
875 3840 988 3912 ipsi
1015 3841 1286 3907 fecimus,
1308 3841 1393 3897 vel
1427 3842 1635 3897 facturi
1669 3859 1896 3908 sumus,
1954 3841 2074 3897 sive

419 3927 481 3982 in
515 3927 644 3983 aliis
675 3929 977 3996 creaturis,
1012 3931 1080 3985 ad
1116 3947 1242 4002 quae
1274 3935 1472 3986 nostra
1503 3931 1861 3986 conversatio
1880 3934 2071 3987 trans-

418 4016 658 4073 ferenda
685 4021 799 4088 est,
832 4028 899 4072 ut
930 4035 1058 4090 quae
1091 4019 1435 4091 praeparavit
1467 4023 1635 4087 Deus,
1669 4019 1727 4073 in
1783 4018 1898 4074 illis
1955 4037 2075 4075 am-

416 4105 712 4177 bulemus,
745 4123 848 4178 spe
879 4124 1095 4180 magna
1115 4109 1240 4179 jam
1275 4107 1445 4163 nobis
1475 4109 1632 4174 data,
1690 4109 1830 4162 dum
1890 4109 1948 4163 in
1978 4108 2072 4164 his

416 4194 774 4252 ambulaturi
809 4213 1042 4263 sumus,
1075 4214 1201 4269 qua:
1233 4202 1384 4253 Deus
1416 4213 1768 4270 magnopere
1789 4215 2073 4270 praepara-

411 4283 516 4339 vit.
551 4285 620 4339 Et
648 4284 788 4356 quia
809 4287 986 4341 semel
1019 4285 1090 4340 ad
1126 4303 1337 4342 nomen
1369 4291 1646 4341 creatura:
1677 4285 1964 4352 venimus,
2018 4293 2074 4342 et

414 4371 792 4443 Sapientiain
820 4373 1148 4429 Proverbiis
1177 4373 1503 4429 Salomonis
1533 4374 1674 4429 dicit
1703 4391 1764 4429 se
1817 4378 2070 4430 creatam

415 4459 658 4515 initium
687 4461 908 4517 viarum
943 4462 1041 4517 Dei
1094 4463 1276 4531 (Prov.
1337 4479 1457 4530 VIII,
1489 4464 1602 4534 22),
1663 4462 1949 4534 multique
2006 4463 2074 4517 ti-

415 4565 602 4621 more,
637 4566 707 4606 ne
736 4550 1030 4606 Christum
1083 4557 1407 4607 creaturam
1467 4552 1658 4606 dicere
1715 4552 2072 4623 compellan-

415 4643 536 4708 tur,
596 4642 784 4694 totum
843 4639 1058 4695 Christi
1093 4640 1436 4713 mysterium
1492 4645 1726 4713 negant,
1761 4646 1824 4695 ut
1853 4641 2072 4710 dicant,

418 4743 534 4782 non
566 4726 864 4783 Christum
896 4728 955 4784 in
987 4729 1097 4784 hac
1126 4729 1434 4801 sapientia,
1468 4730 1568 4786 sed
1613 4729 1817 4786 mundi
1850 4731 2075 4802 sapien-

416 4815 562 4871 tiam
618 4815 980 4890 signiﬁcari:
1043 4835 1147 4874 nos
1204 4817 1383 4876 libere
1444 4819 1898 4892 proclamamus,
1957 4837 2074 4876 non

415 4918 547 4959 esse
571 4903 896 4975 periculum
928 4921 1062 4961 eum
1096 4905 1287 4962 dicere
1330 4911 1680 4972 creaturam,
1740 4923 1912 4978 quem
1947 4925 2074 4963 ver-

415 5007 596 5058 mem,
626 4997 684 5049 et
713 4992 1038 5059 hominem,
1071 4999 1127 5050 et
1169 4996 1539 5066 cruciﬁxum,
1601 4999 1657 5050 et
1713 4995 2073 5051 maledictio-

413 5097 574 5146 nem,
602 5086 725 5138 tota
755 5081 881 5154 spei
915 5088 1124 5138 nostrae
1152 5083 1370 5139 ﬁducia
1399 5084 1744 5156 profitemur
1773 5103 1786 5140 :
1823 5085 2076 5140 maxime

411 5185 547 5225 cum
579 5186 652 5226 ex
681 5170 916 5227 duobus
945 5171 1246 5228 versiculis
1277 5189 1404 5245 quae
1437 5173 1792 5244 praecedunt,
1825 5174 1953 5246 ipsa
1981 5191 2072 5230 sa-

410 5256 632 5329 pientia
663 5260 970 5332 promittat
1000 5276 1061 5316 se
1079 5277 1206 5316 esse
1227 5262 1518 5318 dicturam
1549 5279 1677 5334 quae
1704 5267 1836 5335 post
1865 5263 2076 5319 saecula

411 5352 552 5404 sunt
580 5349 748 5411 (Ibid.
779 5350 870 5416 20,
901 5349 1014 5418 21).
1076 5349 1218 5406 Cum
1279 5355 1475 5406 autem
1537 5351 1751 5407 saecula
1806 5351 2074 5408 Christus

490 5475 504 5508 ί
540 5474 602 5531 In
634 5475 1090 5534 Commentariis
1119 5475 1179 5532 in
1211 5475 1368 5533 Isaiae
1394 5495 1550 5545 xxvr,
1586 5478 1688 5534 13:
1724 5499 1752 5528 «
1786 5477 1856 5532 Et
1885 5478 1957 5534 de
1988 5477 2078 5534 sa'

415 5544 641 5620 pientia
666 5546 942 5620 legimus,
977 5565 1104 5620 qua:
1127 5549 1298 5620 juxta
1325 5544 1677 5607 Hebraicum
1721 5548 1983 5620 loquitur
2011 5549 2070 5604 in

413 5617 776 5692 Proverbiis:
813 5623 960 5692 Deus
986 5617 1220 5692 possedit
1247 5638 1331 5692 me
1385 5623 1612 5678 initium
1668 5617 1887 5676 viarum
1942 5637 2070 5677 sua-

415 5705 566 5766 rum,
599 5689 733 5747 licet
752 5689 1018 5764 quedam
1037 5691 1557 5766 exemplariamale
1577 5709 1681 5766 pro
1703 5692 2073 5765 possessione

416 5759 677 5820 habeant
707 5759 1052 5822 creaturam.
1075 5759 1246 5822 Paria
1274 5763 1366 5821 his
1397 5759 1646 5823 habet'et
1665 5759 1723 5820 in
1773 5767 2072 5822 Commen-

2173 635 2384 690 smcula
2411 635 2706 690 dicturum
2730 651 2791 690 se
2803 651 2932 691 esse
2953 633 3821 708 promiserit,adincarnationis

2173 723 2537 797 mysterium,
2563 741 2677 779 non
2701 724 2772 779 ad
2796 729 3065 780 naturam
3091 724 3189 780 Dei
3221 723 3520 780 referenda
3540 729 3676 781 sunt
3693 742 3822 794 quis

2173 817 2534 886 sequuntur:
2571 811 2704 867 licet
2728 811 2786 867 in
2822 813 3074 870 Hebraeis
3105 811 3404 869 codicibus
3437 830 3554 869 non
3611 813 3822 872 habea-

2171 907 2307 958 tur:
2340 904 2603 958 Dominus
2631 905 2833 957 creavit
2861 918 2949 957 me
2988 904 3217 958 initium
3272 904 3492 958 viarum
3544 918 3817 960 suarum:

2173 994 2297 1064 sed,
2331 993 2597 1048 Dominus
2625 992 2860 1062 possedit
2887 1009 2971 1048 me
3013 992 3171 1063 (Ibid.
3203 993 3316 1064 22).
3379 994 3532 1048 Inter
3586 1008 3828 1065 posses-

2175 1083 2399 1138 sionem
2431 1086 2649 1150 autem,
2682 1085 2736 1136 et
2767 1081 3116 1137 creationem
3145 1081 3331 1137 multa
3361 1081 3642 1138 distantia
3696 1085 3824 1139 est:

2174 1173 2313 1244 quia
2343 1172 2444 1242 qui
2475 1171 2830 1242 possidetur,
2861 1171 2914 1226 is
2942 1170 3147 1242 utique
3175 1175 3265 1227 est
3295 1175 3468 1243 atque
3526 1170 3824 1246 subsistit,

2174 1266 2231 1317 et
2261 1265 2349 1316 est
2379 1259 2670 1333 proprius,
2705 1259 2805 1330 qui
2836 1260 3171 1332 possidetur
3198 1261 3238 1314 '.
3283 1259 3519 1316 Creator
3543 1277 3678 1317 vero
3725 1259 3828 1318 ille

2175 1350 2277 1422 qui
2333 1367 2445 1404 non
2505 1353 2629 1405 erat
2680 1353 2994 1421 antequam
3055 1350 3262 1406 ﬁeret:
3322 1353 3422 1405 aut
3476 1352 3630 1405 certe
3658 1349 3732 1406 de
3755 1365 3822 1408 eo

2177 1441 2328 1512 quod
2361 1443 2505 1505 erat,
2538 1439 2888 1495 transfertur
2919 1439 2977 1493 in
3011 1438 3191 1508 aliud,
3224 1438 3375 1494 sicut
3417 1441 3475 1494 et
3503 1455 3611 1495 nos
3667 1455 3826 1496 nunc

2175 1528 2349 1585 creati
2383 1527 2634 1583 dicimur
2660 1527 2720 1582 in
2752 1527 2980 1583 Christo
3018 1527 3179 1584 Jesu.
3213 1527 3400 1584 Creati
3432 1527 3658 1599 utique,
3708 1544 3826 1585 non

2176 1617 2312 1689 quia
2342 1621 2474 1672 ante
2497 1635 2611 1672 non
2645 1617 2886 1682 fuimus,
2921 1617 3022 1672 sed
3054 1616 3231 1672 creati
3269 1616 3329 1672 in
3385 1616 3661 1690 operibus
3719 1617 3825 1674 bo-

2176 1708 2288 1762 nis.
2323 1707 2483 1772 Quod
2515 1706 2694 1762 David
2727 1723 2960 1778 quoque
2980 1707 3038 1761 in
3071 1707 3304 1762 Psalmo
3336 1707 3826 1780 quinquagesimo

2176 1797 2539 1868 deprecatur,
2575 1795 2774 1850 dicens
2798 1811 2812 1852 :
2873 1795 2976 1851 Cor
3003 1795 3272 1851 mundum
3300 1811 3428 1852 crca
3458 1797 3520 1850 in
3545 1811 3656 1864 me,
3685 1796 3826 1851 Deus

2177 1885 2353 1957 (Psal.
2387 1903 2435 1951 ι,
2474 1885 2582 1953 11).
2616 1885 2687 1938 Et
2716 1888 2871 1939 certe
2901 1884 3189 1940 mundum
3222 1900 3320 1940 cor
3349 1888 3484 1941 ante
3523 1889 3826 1958 peccatum

2179 1973 2486 2043 habuerat,
2522 1973 2755 2044 quando
2786 1973 2856 2027 de
2885 1989 2952 2027 eo
2984 1972 3266 2028 Dominus
3296 1971 3646 2043 loquebatur
3673 1988 3686 2028 :
3736 1974 3829 2029 In-

2178 2064 2305 2119 veni
2332 2063 2503 2118 David
2523 2061 2706 2132 ﬁlium
2733 2063 2876 2118 Iesse
2903 2063 3203 2118 secundum
3231 2077 3328 2117 cor
3354 2076 3537 2117 meum
3584 2062 3634 2133 (I
3682 2063 3816 2131 Reg.

2178 2170 2293 2219 xvr,
2332 2154 2380 2220 1,
2417 2152 2481 2205 12
2510 2169 2522 2219 ;
2559 2152 2672 2206 Act.
2704 2167 2831 2218 xm,
2861 2151 2951 2221 22)
2979 2167 2991 2204 :
3025 2151 3126 2206 sed
3156 2154 3222 2205 ut
3249 2149 3333 2206 ibi
3362 2148 3576 2206 creatio
3600 2149 3827 2206 instau-

2181 2242 2463 2297 rationem
2495 2243 2667 2296 sonat
2700 2256 2713 2294 :
2747 2239 2827 2294 ita
2856 2243 2913 2295 et
2941 2239 3000 2294 in
3031 2238 3202 2295 nobis
3231 2242 3288 2295 et
3329 2239 3389 2294 in
3445 2238 3671 2295 Christo
3727 2253 3833 2311 per

2180 2325 2414 2398 singula
2442 2342 2616 2399 opera
2646 2330 2704 2382 et
2733 2326 3044 2399 profectus,
3078 2329 3345 2382 creatura
3373 2329 3548 2399 atque
3576 2325 3830 2383 conditio

2180 2417 2364 2488 accipi
2395 2420 2629 2488 potest:
2672 2419 2738 2470 ut
2792 2415 3051 2487 quotidie
3105 2415 3165 2471 in
3222 2415 3616 2484 credentibus,
3674 2414 3828 2472 579

2180 2505 2317 2576 quia
2344 2506 2500 2561 varie
2528 2505 2853 2560 secundum
2885 2505 3092 2562 merita
3120 2503 3351 2561 diversa
3375 2508 3604 2561 montes
3624 2503 3831 2561 dicun-

2178 2598 2295 2661 tur,
2329 2599 2386 2650 et
2412 2594 2616 2661 valles,
2649 2599 2706 2650 et
2735 2593 2934 2661 colles,
2967 2598 3142 2668 atque
3171 2594 3544 2667 campestria,
3562 2592 3829 2651 Christus

2181 2689 2433 2755 creatus,
2465 2688 2641 2740 natus
2672 2687 2728 2739 et
2758 2682 3030 2740 conditus
3060 2683 3156 2740 sit.

2251 2774 2435 2845 (Vers.
2470 2773 2580 2844 13.)
2615 2794 2642 2824 ‹‹
2682 2777 2925 2844 Propter
2964 2773 3120 2844 quod
3145 2788 3434 2829 memores
3455 2774 3658 2842 estote,
3692 2771 3831 2843 quia

2180 2862 2496 2935 aliquando
2516 2880 2617 2918 vos
2638 2865 2840 2935 gentes
2870 2863 2930 2916 in
2963 2878 3155 2927 carne,
3189 2861 3290 2934 qui
3317 2859 3667 2917 dicebamini
3689 2875 3832 2932 prae-

2180 2951 2433 3024 putium,
2477 2951 2550 3006 ab
2577 2968 2642 3007 ea
2667 2968 2794 3023 quae
2826 2949 3155 3022 appellatur
3181 2947 3550 3006 circumcisio
3571 2948 3630 3003 in
3657 2965 3832 3006 carne

2181 3057 2359 3096 manu
2430 3041 2614 3096 facta:
2671 3039 2948 3110 quoniam
3007 3037 3182 3094 eratis
3239 3037 3338 3095 illo
3385 3042 3646 3111 tempore
3705 3036 3833 3094 sine

2179 3128 2430 3192 Christo,
2462 3127 2747 3184 alienatis.
2777 3127 3213 3183 conversatione
3239 3125 3438 3192 Israel,
3460 3131 3519 3182 et
3541 3126 3806 3198 peregrin

2179 3221 2663 3273 testamentorum
2695 3215 3102 3288 promissionis
3145 3217 3251 3289 [Αἰ.
3311 3215 3830 3289 repromissionis],

2182 3322 2346 3378 spem
2379 3323 2493 3362 non
2527 3305 2828 3371 habentes,
2861 3309 2918 3360 et
2947 3304 3072 3361 sine
3107 3306 3216 3361 Deo
3246 3304 3304 3360 in
3340 3304 3582 3360 mundo.
3619 3327 3648 3354 »
3679 3304 3831 3362 Gen-

2182 3399 2270 3450 tes
2302 3394 2584 3467 Ephesios
2615 3395 2674 3450 in
2706 3411 2877 3450 carne
2907 3411 3140 3461 vocans,
3189 3393 3444 3450 ostendit
3497 3394 3558 3452 in
3616 3392 3832 3466 spiritu

2182 3501 2309 3540 esse
2341 3501 2455 3539 non
2485 3489 2720 3555 gentes:
2756 3483 2910 3539 sicut
2937 3483 3228 3539 contrario
3280 3482 3464 3539 Judaei
3498 3483 3559 3539 in
3618 3482 3830 3554 spiritu

2182 3577 2384 3645 gentes
2414 3577 2572 3639 sunt,
2606 3577 2663 3628 et
2702 3572 2761 3626 in
2822 3588 2993 3627 carne
3049 3571 3343 3628 Israelita.
3403 3570 3830 3638 Quadrifariam

2182 3663 2363 3733 igitur
2390 3662 2577 3717 Judaei
2601 3661 2940 3716 dividuntur
2960 3664 3016 3716 et
3035 3665 3255 3733 gentes.
3275 3660 3386 3716 Alii
3407 3663 3548 3717 sunt
3566 3659 3626 3716 in
3659 3676 3835 3717 carne

2183 3751 2535 3818 circumcisi,
2569 3754 2627 3806 et
2656 3751 2713 3806 in
2747 3749 2976 3822 spiritu,
3010 3749 3200 3822 qualis
3234 3749 3342 3805 fuit
3371 3750 3598 3823 Moyses
3627 3752 3685 3806 et
3714 3754 3833 3804 Aa-

2184 3857 2306 3909 ron,
2341 3839 2598 3912 Apostoli
2630 3844 2687 3895 et
2717 3838 3046 3910 Nathaniel,
3079 3841 3247 3910 cujus
3277 3838 3570 3895 occultum
3599 3837 3834 3895 Judais—

2183 3945 2346 3984 mum
2379 3929 2693 3984 Dominum
2725 3928 2962 3984 intuens
2993 3929 3109 3984 ait:
3142 3930 3273 3984 Ecce
3302 3944 3425 3984 vere
3451 3927 3708 3994 Isralites,
3769 3928 3833 3981 in

2182 4034 2286 4090 quo
2314 4018 2478 4074 dolus
2505 4035 2616 4073 non
2646 4021 2723 4074 est
2753 4021 2927 4085 (Joan.
2961 4035 3000 4083 ι,
3035 4017 3143 4088 47).
3168 4015 3279 4072 Alii
3335 4015 3434 4088 qui
3495 4030 3599 4071 nec
3656 4030 3832 4071 carne

2182 4125 2287 4163 nec
2318 4108 2528 4180 spiritu
2564 4107 2897 4163 circumcisi
2929 4111 3088 4172 sunt,
3137 4104 3326 4178 qualis
3359 4103 3465 4160 fuit
3519 4101 3828 4160 Nabucho-

2182 4197 2435 4253 donosor
2464 4201 2520 4252 et
2547 4195 2791 4262 Pharao,
2834 4196 2904 4250 de
2947 4193 3118 4249 hodie
3176 4193 3556 4248 barbararum
3615 4195 3673 4248 et
3724 4191 3833 4247 Ro-

2182 4302 2490 4340 manarum
2521 4285 2783 4356 gentium
2814 4283 3150 4348 multitudo,
3184 4298 3311 4354 quae
3342 4298 3457 4338 non
3493 4280 3741 4338 credunt
3769 4279 3831 4339 in

2183 4379 2384 4429 Deum.
2418 4373 2612 4439 Tertii,
2640 4373 2738 4445 qui
2761 4376 2991 4427 tantum
3024 4371 3084 4426 in
3111 4387 3285 4427 carne
3315 4375 3455 4427 sunt
3473 4369 3830 4442 circumcisi,

2181 4467 2236 4519 et
2266 4463 2539 4534 spiritum
2570 4460 3047 4516 incircumcisum
3085 4460 3328 4528 habent,
3358 4460 3429 4516 ad
3490 4475 3639 4533 quos
3697 4475 3830 4532 pro-

2183 4550 2358 4622 pheta
2389 4551 2562 4606 dicit:
2602 4549 3091 4607 Circumcidimini
3145 4551 3250 4605 Deo
3309 4552 3502 4614 vestro,
3554 4557 3606 4608 et
3662 4548 3832 4606 nolite

2105 4661 2152 4726 Β
2183 4641 2582 4697 circumcidere
2611 4655 2830 4695 carnem
2856 4639 3129 4711 praeputii
3177 4640 3346 4694 vestri
3392 4638 3608 4710 (Jerem.
3641 4653 3718 4707 ιν,
3749 4636 3826 4708 4),

2184 4731 2253 4784 Et
2281 4728 2456 4784 alibi:
2492 4729 2685 4784 Omnes
2713 4732 2897 4800 gentes
2927 4728 3304 4783 incircumcisi
3358 4725 3471 4800 [ΑΙ.
3529 4725 3828 4782 incircum-

2181 4821 2315 4889 cisa]
2374 4834 2577 4874 carne:
2631 4819 2825 4874 domus
2877 4833 3002 4873 vero
3051 4817 3221 4872 Israel
3279 4814 3656 4871 incircumcisi
3696 4817 3831 4870 sunt

2182 4906 2338 4962 corde
2366 4907 2590 4978 (Jerem.
2622 4923 2700 4972 rx,
2730 4905 2842 4976 26).
2876 4903 3130 4960 Extremi
3161 4904 3232 4959 de
3262 4902 3477 4976 quibus
3523 4919 3682 4958 nunc
3737 4900 3830 4958 div

2183 4995 2373 5052 citur:
2409 4996 2547 5063 Quia
2576 4993 2873 5065 aliquando
2903 5010 2995 5048 vos
3021 5001 3206 5064 gentes
3236 4994 3296 5047 in
3325 5008 3506 5060 carne,
3538 4994 3634 5065 qui
3685 4990 3832 5049 dice-

2185 5085 2398 5140 bamini
2421 5085 2758 5156 praZputium
2787 5083 2854 5138 ab
2883 5099 2944 5138 ea
2975 5098 3092 5154 quae
3120 5082 3331 5138 dicitur
3365 5081 3709 5139 circumcisio
3767 5081 3830 5138 in
3860 5125 3869 5135 .

2181 5189 2346 5229 carne
2375 5189 2547 5228 manu
2574 5175 2744 5244 facta,
2777 5169 2967 5243 qualis
2996 5171 3167 5227 hodie
3210 5171 3484 5227 universa
3510 5174 3601 5226 est
3653 5169 3828 5227 turba

2183 5261 2564 5327 credentium,
2583 5266 2638 5317 et
2659 5264 2819 5316 totus
2849 5276 2880 5314 e
2901 5259 3176 5332 gentibus
3201 5260 3458 5315 mundus
3479 5263 3568 5315 est
3595 5259 3825 5332 plenus.

2185 5351 2264 5405 Ad
2298 5349 2732 5406 distinctionem
2764 5348 2944 5421 igitur
2968 5347 3362 5421 spiritualium
3401 5347 3666 5422 gentium
3721 5348 3831 5405 Ju-

2183 5481 2292 5533 tar.
2325 5475 2384 5530 in
2417 5473 2824 5547 Michaazecap.
2861 5491 2935 5539 IV,
2966 5478 3023 5530 et
3047 5474 3112 5547 in
3145 5473 3316 5546 epist.
3353 5475 3455 5547 uo
3482 5476 3555 5530 ad
3594 5473 3829 5547 Cypria-

2182 5565 2338 5632 num,
2372 5564 2534 5602 num.
2567 5548 2621 5601 6.
2653 5545 2794 5602 Vide
2833 5562 2960 5617 quae
2991 5546 3062 5602 ad
3094 5545 3214 5602 haec
3245 5563 3350 5603 nos
3381 5545 3506 5603 loca
3556 5545 3828 5603 observa-

2179 5635 2411 5747 “?Kslii
2442 5688 2598 5760 libri,
2625 5693 2677 5745 et
2700 5691 2796 5760 qui
2823 5693 2905 5745 est
2927 5691 3207 5762 proprius,
3235 5687 3566 5762 possidetur.
