4144 6202
336 295 454 371 803

1580 290 1647 356 S.
1693 290 2007 357 EUSEBII
2052 288 2498 355 HIERONYMI

3631 285 3752 368 50.4

338 422 887 503 daeorumLEphesii
920 426 1122 498 gentes
1149 429 1435 483 vocantur
1486 427 1547 482 in
1605 443 1799 493 carne,
1852 443 1991 498 quia
2019 426 2074 492 Α
2104 424 2475 492 intuendum,
2511 425 2664 498 quod
2694 425 2914 499 absque
2935 437 3139 479 cruore
3160 418 3394 478 Domini
3414 418 3752 493 Jesu,nemo

337 517 663 591 secundum
697 514 973 587 spiritum
996 515 1283 583 Israelita:
1316 521 1474 573 sunt.
1511 517 1656 571 Nam
1689 520 1745 571 et
1786 516 1844 570 in
1877 513 1990 570 alio

335 607 462 665 loco
494 622 770 663 carneum
824 603 1098 660 Israelem
1159 605 1465 678 Scriptura
1523 620 1992 660 commemorans

338 698 456 755 ait:
522 695 699 752 Videte
757 695 927 750 Israel
980 694 1276 749 secundum
1326 711 1548 751 carnem
1581 695 1629 766 (Ι
1655 694 1777 749 Cor.
1811 711 1867 761 χ,
1898 694 1951 761 8)
1979 711 1990 747 :

310 787 480 862 quia
511 785 571 841 in
615 784 830 857 spiritu
887 800 1002 838 non
1061 786 1185 839 erat
1245 784 1443 840 Israel.
1505 783 1752 839 Pulchre
1799 786 1995 838 autem

315 872 518 933 ‘etiam
547 874 723 930 verba
753 872 1091 927 moderatus
1122 874 1247 926 est:
1281 873 1377 942 qui
1406 871 1743 926 dicebamini
1777 887 1991 943 praepu-

306 967 497 1022 ‘tium.
532 961 911 1042 Dicebamini,
943 959 1138 1032 inquit
1195 961 1571 1033 praeputium,
1634 977 1737 1016 nec
1796 959 1993 1030 eratis,

313 1040 413 1110 ~ab
439 1056 541 1109 ea1
576 1069 704 1125 quae
737 1040 951 1105 dicitur
980 1049 1354 1104 circumcisio
1388 1049 1447 1103 in
1480 1066 1654 1104 carne
1684 1066 1859 1104 manu
1912 1048 1985 1103 fa-

339 1147 453 1199 cta.
486 1142 611 1198 Non
645 1156 760 1213 quo
793 1138 869 1194 sit
900 1138 1293 1206 circumcisio,
1326 1139 1427 1194 sed
1459 1155 1574 1209 quo
1606 1139 1734 1210 ipsa
1755 1137 1867 1194 sibi
1888 1138 1998 1193 hoc

342 1248 557 1288 nomen
588 1233 874 1297 assumat,
909 1231 966 1283 et
994 1227 1070 1282 sit
1100 1243 1232 1283 vere
1262 1227 1631 1282 circumcisio
1674 1244 1853 1282 manu
1914 1227 1997 1281 fa-

248 1366 249 1369 η
343 1324 457 1389 cta,
488 1336 604 1375 non
634 1314 1082 1390 spirituJSimul
1126 1320 1182 1371 et
1238 1314 1381 1371 illud
1441 1319 1531 1371 est
1578 1315 1998 1371 attendendum

344 1409 498 1483 quod
532 1422 639 1464 nos
670 1423 817 1479 quos
849 1405 975 1461 sine
1009 1405 1236 1460 Christo
1268 1404 1551 1460 alienatos
1612 1404 1907 1476 quondam
1968 1421 2002 1459 a

344 1496 781 1556 conversatione
823 1494 977 1551 580
1009 1492 1185 1549 Israel
1216 1509 1344 1549 esse
1378 1492 1739 1558 memoravit,
1783 1497 1840 1547 et
1897 1510 2000 1564 pe-

343 1587 609 1664 regrinos
641 1603 674 1640 a
695 1582 1193 1656 promissionibus
1215 1587 1273 1638 et
1295 1584 1667 1638 Testamento
1693 1581 1817 1637 Dei:
1847 1599 2003 1637 nunc

324 1680 660 1750 postquam
685 1674 745 1728 in
770 1672 1067 1729 Christum
1092 1671 1471 1738 credidimus,
1506 1671 1658 1727 sicut
1688 1671 2001 1743 repromis-

352 1765 550 1822 siones
581 1768 637 1818 et
665 1765 1018 1818 testamenta
1042 1762 1168 1833 ejus
1190 1760 1548 1833 accepimus,
1582 1761 1665 1815 ita
1699 1777 2002 1816 conversa-
2034 1788 2082 1853 B

344 1853 565 1909 tionem
598 1866 834 1923 quoque
864 1849 1079 1906 habere
1119 1849 1385 1905 dicamur
1433 1849 1651 1906 Israel:
1711 1850 1999 1920 quomodo

345 1939 703 1999 conversatio
736 1940 1011 1995 universa
1034 1938 1240 2010 legalis
1263 1938 1530 2010 expletur
1559 1939 1618 1993 in
1651 1940 1842 2011 nobis,
1865 1938 2004 2011 quia

342 2014 615 2085 videlicet
644 2027 735 2083 lex
766 2026 1091 2101 spiritualis
1130 2031 1219 2083 est
1251 2028 1421 2097 (Rom.
1454 2043 1551 2094 vn,
1602 2027 1708 2099 1-4),
1765 2031 1822 2083 et
1879 2043 2000 2082 ma-

345 2117 436 2192 gis
474 2116 989 2185 circumcidamur,
1049 2121 1106 2171 et
1162 2115 1594 2172 sabbatizemus
1651 2115 1712 2171 in
1766 2115 2001 2188 spiritu,

344 2205 680 2284 spirituales
710 2204 978 2260 victimas
1009 2208 1030 2240 ²
1062 2206 1371 2260 offerentes
1413 2205 1460 2270 (1
1488 2207 1638 2260 Pelr.
1676 2222 1737 2272 ιι,
1767 2205 1823 2277 5)
1860 2221 1873 2260 :
1933 2204 2001 2259 il-

345 2296 538 2353 lorum
564 2294 785 2367 templo
816 2294 1104 2365 altarique
1137 2294 1452 2349 destructis
1481 2312 1493 2348 :
1548 2311 1653 2348 nos
1712 2295 1827 2349 Deo
1883 2295 2004 2348 fru-

347 2388 549 2440 ctuum
584 2388 918 2438 nostrorum
950 2375 1595 2438 decimas‘oil‘eramus:
1631 2399 1736 2437 nos
1793 2382 2003 2437 immo-

347 2472 540 2527 lemus
571 2487 788 2544 agnum
829 2470 1275 2525 immaculatum
1334 2474 1391 2525 et
1443 2470 1687 2525 accincti
1747 2469 2004 2537 lumbos,

348 2558 601 2631 expediti
627 2558 848 2614 Pascha
866 2559 1247 2613 comedamus
1270 2558 1466 2630 (Exod.
1498 2576 1599 2627 xu,
1631 2560 1686 2625 6,
1721 2558 2007 2626 tl).Sicut

349 2648 505 2704 enim
539 2646 909 2703 circumcisio
942 2647 1157 2702 dicitur
1186 2646 1243 2702 in
1268 2664 1439 2702 carne
1492 2664 1666 2702 manu
1704 2648 1892 2703 facta:
1926 2648 2008 2703 ita

347 2721 419 2793 ad
452 2736 896 2816 distinctionem
929 2737 1059 2808 ejus
1092 2736 1444 2808 intelligitur
1465 2736 1581 2791 alia
1608 2753 1736 2792 esse
1765 2739 2008 2803 circurn-

354 2812 521 2892 cisio,
557 2812 685 2898 quaa
716 2842 831 2881 non
864 2825 940 2881 sit
979 2824 1085 2894 [Αι.
1119 2824 1312 2897 sicut],
1376 2830 1441 2880 ut
1491 2824 1767 2893 diximus,
1827 2842 2003 2881 manu

347 2915 520 2984 facta,
554 2915 651 2971 sed
684 2914 918 2986 spiritu.
944 2913 1106 2980 Quod
1132 2917 1327 2968 autem
1353 2914 1434 2968 ait
1458 2932 1470 2968 :
1497 2914 1657 2985 Spem
1680 2930 1786 2969 non
1811 2913 2011 2970 haben-

347 3012 443 3077 tes,
476 3012 527 3060 et
556 3005 677 3059 sine
704 3006 810 3060 Deo
842 3005 902 3058 in
940 3001 1187 3058 mundo:
1241 3020 1352 3058 non
1412 3019 1527 3074 quo
1590 3003 1789 3075 plures
1845 3003 2004 3073 deos,

348 3096 662 3163 antequam
696 3092 753 3145 in
786 3092 1084 3147 Christum
1117 3092 1439 3162 crederent,
1472 3092 1705 3163 Ephesii
1739 3109 1851 3147 non
1900 3092 2003 3146 ha-

330 3158 609 3246 .buerint,
644 3184 818 3251 atque
846 3181 1104 3235 venerati
1137 3181 1255 3234 sint
1283 3206 1296 3246 ;
1330 3158 1435 3236 sed
1461 3158 1576 3253 quo
1621 3182 1722 3252 qui
1780 3182 2005 3252 absque
2035 3158 2076 3224 C

333 3273 464 3325 'Deo
494 3285 627 3324 vero
658 3269 755 3337 sit,
788 3268 1019 3325 nullum
1053 3270 1226 3325 deum
1261 3268 1495 3325 habeat.
1517 3271 1587 3325 Et
1603 3271 2008 3343 significanter

349 3346 616 3414 additum
647 3363 755 3428 est,
787 3360 910 3413 sine
940 3359 1042 3413 Deo
1076 3359 1139 3412 in
1162 3358 1384 3413 mundo.
1428 3358 1731 3414 Habebant
1790 3359 2007 3431 quippe

350 3446 560 3513 Deum,
596 3463 771 3518 quem
804 3462 903 3500 eos
934 3445 1241 3501 habituros
1271 3446 1425 3501 Deus
1457 3451 1592 3502 ante
1636 3452 2005 3517 cognoverat,

350 3539 408 3590 et
438 3535 595 3606 apud
636 3534 1065 3606 prescientiam
1101 3535 1195 3590 Dei
1226 3552 1341 3591 non
1370 3541 1537 3590 erant
1566 3536 1692 3591 sine
1720 3536 1857 3607 Deo,
1904 3536 2002 3591 sed

347 3622 405 3679 in
441 3610 663 3678 mundo
694 3627 861 3678 erant
890 3624 1111 3696 absque
1140 3625 1275 3679 Deo.

419 3711 609 3782 (Vers.
644 3712 731 3781 13,
764 3711 879 3780 lli.)
911 3734 938 3762 ι(
968 3713 1135 3767 Nunc
1172 3718 1368 3768 autem
1402 3713 1461 3768 in
1492 3713 1720 3768 Christo
1748 3717 1887 3769 Jesu
1906 3731 2006 3770 vos

336 3788 450 3873 'qui
474 3799 790 3871 aliquando
821 3801 998 3856 eratis
1022 3802 1211 3872 longe,
1244 3801 1380 3857 facti
1412 3803 1554 3857 estis
1584 3820 1763 3875 prOpe
1784 3802 1842 3857 in
1876 3821 2008 3858 san-

350 3890 528 3961 guine
557 3888 811 3958 Christi;
847 3889 972 3961 ipse
1030 3893 1119 3946 est
1166 3888 1321 3945 enim
1374 3908 1485 3962 pax
1545 3896 1762 3947 nostra.
1803 3915 1823 3940 υ
1852 3893 2006 3948 Deus

347 3979 570 4051 ubique
600 3983 711 4045 est,
743 3982 799 4034 et
829 3983 988 4033 totus
1019 3978 1236 4049 ubique
1268 3982 1374 4044 est,
1409 3997 1443 4034 a
1491 3996 1606 4051 quo
1656 3980 1787 4051 quis
1819 3985 2009 4052 potest

345 4054 628 4141 separari,
661 4084 793 4123 cum
824 4066 885 4123 in
915 4084 981 4123 eo
1013 4068 1133 4123 sint
1163 4068 1407 4124 omnia?
1436 4073 1492 4124 et
1527 4068 1654 4140 ipse
1712 4086 1815 4140 per
1874 4086 2004 4141 pro-

341 4156 584 4229 phetam
616 4157 928 4227 loquatur:
964 4158 1070 4228 Ego
1100 4157 1241 4212 Deus
1270 4159 1740 4228 appropinquans,
1788 4162 1839 4213 et
1896 4174 2007 4214 non

344 4246 420 4302 de
452 4246 609 4316 longe
634 4246 850 4317 (Jerem.
885 4263 1051 4317 xxm,
1081 4247 1195 4313 23).
1228 4247 1295 4301 Et
1351 4246 1668 4302 Psalmista
1718 4251 2005 4303 testatur:

346 4326 407 4389 Si
437 4334 731 4390 ascendero
760 4337 818 4389 in
852 4336 1062 4399 ccelum,
1096 4344 1156 4390 tu
1187 4336 1305 4389 illic
1332 4352 1422 4391 es:
1475 4338 1527 4391 si
1569 4336 1891 4392 descendero
1947 4339 2007 4391 in

345 4425 654 4495 infernum,
679 4423 821 4478 ades
857 4424 879 4458 ³
908 4423 1076 4495 (Psal.
1112 4440 1380 4491 cxxxvm,
1407 4426 1482 4497 8).
1517 4425 1662 4480 Cum
1712 4425 1893 4497 igitur
1946 4429 2003 4479 in

2102 516 2532 587 apprOpiuquet
2567 515 2700 582 Deo,
2737 513 2876 586 quia
2906 513 3000 585 ipe
3021 517 3111 568 est
3132 528 3245 585 pax
3270 513 3489 575 nostra,
3514 510 3750 567 dicens:

2103 606 2303 660 Pacem
2327 622 2505 660 meam
2534 605 2599 661 dc
2631 604 2814 660 vobis:
2844 619 3034 673 pacem
3061 618 3241 657 meam
3296 600 3550 671 relinquo
3608 599 3755 656 vobis

2104 696 2281 766 (Joan.
2317 712 2431 765 xw,
2462 695 2573 767 27).
2608 693 2909 759 Quomodo
2939 692 3096 746 enim
3138 688 3427 762 sapientia
3459 689 3755 762 sapientes

2107 783 2245 838 facit
2277 789 2332 838 et
2355 783 2585 854 justitia
2612 784 2829 855 justos,
2862 787 2920 838 et
2948 778 3333 836 sanctificatio
3391 782 3644 850 sanctos,
3703 783 3760 835 et

2103 871 2223 927 vita
2253 872 2550 928 viventes:
2586 872 2669 927 sic
2693 876 2750 927 et
2777 871 2903 943 ipse
2945 887 3057 942 pax
3114 885 3222 923 nos
3280 867 3418 923 facit
3473 882 3603 923 esse
3656 884 3759 940 pa-

2105 966 2288 1029 catos,
2324 966 2389 1017 ut
2418 962 2722 1018 dicamus:
2762 961 2910 1019 581
2948 976 3073 1015 cum
3101 959 3188 1014 his
3232 959 3330 1029 qui
3378 957 3611 1013 oderunt
3656 974 3757 1028 pa-

2105 1067 2239 1120 cem,
2270 1067 2421 1105 eram
2449 1053 2707 1122 paciﬁcus
2734 1050 2907 1123 (Psal.
2939 1064 3086 1112 cx1x,
3114 1047 3192 1118 7).
3235 1045 3294 1101 Si
3342 1050 3538 1101 autem
3595 1043 3757 1100 Chri-

2108 1144 2238 1194 stus
2270 1139 2634 1195 credentium
2671 1155 2780 1211 pax
2812 1143 2920 1206 est,
2954 1136 3288 1208 quicunque
3318 1135 3445 1191 sine
3479 1150 3619 1207 pace
3649 1138 3754 1202 est,

2107 1232 2534 1300 consequenter
2562 1245 2678 1283 non
2709 1228 2885 1283 habet
2914 1225 3232 1281 Christum.

2181 1317 2367 1390 (Vers.
2404 1318 2470 1372 15
2500 1316 2688 1389 seqq.)
2719 1340 2747 1365 «
2795 1315 2902 1381 Qui
2961 1314 3096 1371 fecit
3149 1318 3400 1386 utraque
3437 1330 3644 1384 unum,
3704 1316 3762 1369 et

2111 1405 2371 1462 medium
2404 1407 2684 1479 parietem
2720 1404 2982 1461 macerias
3014 1402 3244 1461 solvens
3274 1402 3645 1459 inimicitiam
3702 1402 3760 1457 in

2111 1512 2285 1551 carne
2317 1512 2442 1562 sua,
2477 1495 2666 1568 legem
2695 1495 3109 1550 mandatorum
3142 1493 3203 1548 in
3234 1492 3609 1566 dogmatibus
3630 1508 3761 1549 eva-

2113 1601 2295 1640 cuans
2325 1601 2338 1638 :
2374 1587 2438 1639 ut
2468 1584 2583 1639 duo
2616 1584 2889 1638 conderet
2918 1582 2977 1637 in
3008 1581 3199 1654 seipso
3230 1581 3291 1636 in
3322 1597 3504 1636 unum
3547 1596 3760 1636 novum

2113 1672 2435 1743 hominem,
2460 1672 2679 1728 faciens
2697 1688 2921 1745 pacem,
2942 1676 3004 1726 ut
3026 1670 3426 1726 reconciliaret
3445 1673 3765 1741 utrumque

2112 1761 2171 1817 in
2204 1779 2321 1817 uno
2346 1776 2583 1833 corpore
2612 1762 2748 1832 Deo,
2782 1778 2885 1834 per
2914 1776 3144 1816 crucem
3175 1758 3531 1815 interficiens
3560 1757 3765 1827 inimi-

2112 1850 2315 1906 citiam
2346 1850 2404 1906 in
2437 1867 2525 1917 ea,
2557 1855 2614 1905 et
2640 1849 2874 1905 veniens
2903 1847 3319 1922 evangelizavit
3346 1863 3549 1919 pacem
3598 1846 3765 1902 vobis

2113 1940 2213 2011 qui
2245 1939 2415 2013 longe
2445 1939 2645 2006 eratis,
2676 1943 2731 1994 et
2761 1955 2962 2012 pacem
2986 1937 3078 1992 bis
3110 1937 3211 2009 qui
3242 1952 3459 2009 prope;
3484 1934 3761 2007 quoniam

2113 2045 2215 2102 per
2242 2028 2436 2100 ipsum
2468 2029 2756 2084 habemus
2787 2043 3088 2083 accessum
3119 2030 3366 2097 uterque
3403 2025 3461 2079 in
3495 2041 3609 2080 uno
3639 2025 3765 2097 spi-

2118 2117 2232 2172 ritu
2264 2118 2336 2174 ad
2368 2118 2618 2173 Patrem.
2656 2140 2681 2166 »
2714 2118 2829 2173 Iste
2858 2122 2914 2173 et
2949 2116 3180 2172 medius
3211 2115 3402 2189 paries
3455 2118 3513 2171 et
3570 2129 3768 2170 mace-

2115 2206 2222 2276 ria,
2256 2224 2385 2278 quaz
2418 2210 2736 2278 utrumque
2758 2223 2791 2260 a
2821 2222 2883 2262 se
2912 2204 3196 2278 populum
3230 2203 3630 2259 dividebatDe
3651 2217 3767 2274 quo

2115 2300 2172 2350 et
2200 2295 2257 2349 in
2291 2295 2498 2351 Genesi
2530 2295 2588 2350 in
2620 2299 2791 2367 partu
2821 2293 3213 2366 geminorum,
3245 2291 3524 2348 obstetrix
3579 2289 3769 2362 loqui-

2117 2388 2249 2439 tur:
2316 2384 2516 2458 thuid
2568 2388 2799 2457 prapler
2849 2390 2897 2439 te
2954 2383 3181 2454 dirupta
3228 2387 3309 2437 est
3380 2381 3525 2452 scpis
3615 2380 3768 2451 (Gen.

2114 2490 2349 2541 xxxvm,
2379 2473 2518 2545 29)?
2550 2472 2865 2544 Postquam
2888 2487 3025 2544 ergo
3056 2470 3404 2543 sapientiam
3429 2468 3623 2525 carnis
3642 2485 3768 2540 qua:

2118 2565 2209 2617 est
2237 2560 2475 2615 inimica
2504 2560 2619 2616 Deo
2642 2560 2815 2631 (Rom.
2840 2577 2963 2627 vm,
2992 2561 3071 2631 7),
3095 2560 3154 2614 in
3187 2576 3294 2615 sua
3314 2557 3579 2614 Salvator
3597 2573 3770 2612 carne

2086 2632 2428 2714 :destruxit,
2462 2654 2519 2704 et
2549 2653 2834 2721 praecepta
2862 2647 3094 2722 legalia,
3128 2646 3478 2721 evangelicis
3527 2646 3768 2719 dogma-

2114 2737 2273 2793 tibus
2304 2738 2703 2805 commutavit,
2737 2743 2803 2793 ut
2832 2738 2903 2793 de
2930 2738 3115 2793 Judeo
3145 2742 3320 2809 atque
3350 2734 3553 2810 gentili
3583 2751 3768 2803 unum

2117 2825 2398 2899 populum
2436 2826 2648 2883 faceret
2672 2827 3092 2895 Christianum,
3144 2824 3546 2897 evangelizans
3602 2823 3771 2880 nobis

2117 2916 2217 2987 qui
2250 2914 2423 2987 longe
2450 2931 2688 2971 eramus
2718 2920 2775 2971 et
2805 2915 3070 2987 reliquiis
3119 2915 3476 2985 Judaeorum,
3539 2913 3640 2985 qui
3698 2912 3769 2969 de

2118 3004 2293 3061 Israel
2326 3020 2428 3077 per
2457 3004 2753 3076 apostolos
2775 3005 3168 3070 crediderunt,
3202 3020 3403 3075 pacem
3434 3007 3609 3074 atque
3639 3018 3772 3059 cou-

2119 3094 2379 3149 cordiam
2406 3111 2419 3148 :
2451 3098 2593 3149 tunc
2624 3094 2981 3150 accessimus
3012 3110 3114 3165 per
3142 3093 3336 3165 ipsum
3370 3093 3437 3148 ad
3484 3097 3688 3157 Deum,
3715 3094 3773 3149 et

2117 3199 2301 3238 unum
2336 3184 2394 3237 in
2425 3183 2635 3255 spiritu
2669 3184 2896 3239 Patrem
2927 3200 3041 3239 non
3081 3182 3294 3238 habere
3351 3180 3768 3254 cognovimus:

2117 3270 2603 3345 completumque
2624 3275 2712 3327 est
2742 3270 2884 3326 illud
2919 3272 3074 3343 quod
3105 3270 3165 3326 in
3209 3268 3517 3343 Evangelio
3580 3267 3770 3324 Domi-

2118 3378 2231 3415 nus
2262 3360 2629 3432 loquebatur,
2662 3361 2900 3417 dicens:
2935 3361 2998 3415 Et
3026 3360 3117 3430 ﬁet
3136 3376 3278 3414 unus
3307 3360 3492 3430 pastor
3521 3361 3573 3412 et
3628 3374 3771 3415 unus

2115 3464 2251 3520 grex
2282 3450 2463 3519 (Joan.
2496 3465 2554 3515 x,
2590 3450 2677 3520 16)
2708 3466 2721 3510 ;
2755 3452 2813 3504 et
2838 3448 3047 3504 iterum
3077 3462 3091 3502 :
3129 3450 3208 3503 Et
3237 3448 3383 3503 alias
3428 3462 3548 3503 oves
3600 3446 3771 3501 habeo

2116 3552 2242 3608 quae
2270 3554 2380 3593 non
2410 3542 2542 3593 sunt
2570 3538 2636 3593 de
2663 3538 2796 3593 ovili
2826 3539 2927 3593 isto
2957 3537 3169 3609 (Ibid),
3203 3553 3311 3593 nos
3342 3536 3680 3608 signiﬁcans
3701 3550 3772 3591 ex

2119 3624 2391 3698 gentibus
2423 3626 2881 3698 congregandos.
2926 3623 3241 3682 Inimicitia
3295 3628 3491 3680 autem
3550 3640 3677 3696 quae
3709 3622 3769 3677 in

2119 3714 2436 3770 Salvatoris
2467 3730 2641 3770 carne
2670 3715 2964 3769 destructa
2993 3718 3103 3784 est,
3146 3713 3320 3769 etiam
3381 3728 3484 3785 per
3538 3728 3764 3768 crucem

2116 3807 2207 3859 est
2244 3802 2569 3859 interfecta.
2606 3802 2899 3875 Scriptum
2933 3808 3021 3859 est
3049 3802 3244 3859 enim:
3282 3807 3344 3857 ut
3390 3802 3769 3858 reconciliaret

2116 3896 2408 3963 utrumque
2439 3895 2499 3947 in
2528 3909 2641 3947 uno
2663 3908 2883 3964 corpore
2916 3894 3039 3961 Deo,
3068 3908 3168 3964 per
3194 3907 3412 3947 crucem
3432 3891 3769 3962 interﬁciens

2116 3981 2476 4037 inimicitiam
2501 3984 2562 4036 in
2600 3998 2681 4036 ea.
2705 3982 2830 4037 Non
2864 3986 2927 4036 ut
2956 3982 3014 4035 in
3052 3980 3272 4036 Latinis
3301 3980 3604 4036 codicibus
3663 3979 3771 4035 ha-

2116 4070 2306 4139 betur,
2367 4071 2425 4125 in
2486 4072 2817 4141 semetipso:
2878 4074 3113 4142 propter
3172 4068 3354 4124 Graeci
3406 4066 3772 4141 pronominis

2116 4158 2565 4230 ambiguitatem
2592 4176 2605 4213 :
2638 4156 2689 4210 ἐν
2720 4157 2865 4211 αὑτῶ
2897 4159 3075 4225 enim,
3108 4163 3163 4213 et
3197 4161 3255 4212 in
3309 4160 3590 4230 semetipso
3623 4158 3663 4221 ‘,
3722 4165 3775 4214 et

2116 4249 2179 4303 in
2211 4263 2294 4317 ea,
2328 4247 2382 4302 id
2416 4252 2525 4318 est,
2561 4263 2730 4304 cruce
2755 4247 3001 4321 intelligi
3033 4251 3244 4320 potest,
3303 4247 3442 4320 quia
3497 4262 3659 4314 crux;
3713 4246 3773 4301 id

2117 4340 2225 4406 est,
2260 4334 2511 4409 σταυρὸς,
2537 4337 2708 4406 juxta
2738 4340 2964 4393 Grecos
2994 4336 3226 4408 generis
3275 4333 3588 4392 masculini
3634 4338 3764 4395 est.

2116 4428 2222 4479 Lex
2256 4441 2489 4496 quoque
2520 4425 2930 4480 mandatorum
2966 4425 3243 4482 subversa
3272 4430 3360 4482 est
3390 4425 3449 4480 in
3481 4424 3771 4497 dogmati-

351 4531 417 4571 eo
448 4512 567 4568 sint
596 4513 817 4581 omnia,
846 4511 1048 4584 procul
1081 4518 1277 4569 tamen
1315 4530 1443 4570 esse
1465 4516 1535 4569 ab
1572 4514 1767 4586 impiis
1796 4515 2011 4569 dicitur
2041 4514 2264 4592 D’bus:
2302 4514 3034 4592 postquamcircumcisio,
3075 4521 3133 4572 et
3189 4513 3608 4583 sabbatismus,
3667 4513 3769 4585 qui

341 4603 513 4675 juxta
542 4601 685 4657 illud
729 4619 741 4656 :
788 4603 963 4673 Longe
1018 4605 1095 4656 est
1154 4604 1424 4657 Dominus
1476 4605 1544 4659 ab
1602 4605 1791 4675 impiis
1822 4604 2007 4674 (Prov.

348 4698 444 4760 xv,
476 4692 588 4763 29).
622 4692 735 4746 Iste
766 4707 799 4746 a
828 4708 943 4763 quo
976 4689 1142 4762 impii
1184 4691 1353 4763 longe
1411 4698 1570 4762 sunt,
1630 4691 1855 4747 vicinus
1921 4696 2009 4747 est

349 4781 593 4838 sanctis.
626 4780 890 4852 Denique
920 4797 1052 4834 cum
1086 4784 1144 4834 et
1178 4780 1249 4835 ab
1282 4779 1551 4850 Ephesiis
1600 4785 1753 4835 esset
1784 4779 2005 4851 procul,

350 4870 411 4925 in
443 4870 734 4942 sanguine
756 4870 896 4925 Jesu
924 4885 1102 4940 prope
1124 4868 1208 4924 eis
1234 4869 1420 4923 factus
1441 4874 1547 4923 est.
1575 4870 1641 4923 Et
1669 4868 2007 4941 diligentius

354 4978 364 4985 “
409 4974 447 5007 ’¹
480 4973 601 5027 1)υο
631 4973 1044 5029 Cistercienses
1076 4990 1245 5038 mss.,
1285 4975 1335 5029 et
1390 4976 1561 5028 eratis
1611 4975 1678 5028 ab
1735 4990 1819 5041 ea,
1870 4980 2005 5042 etc.,

357 5043 415 5099 id
449 5048 557 5108 est,
588 5046 846 5112 aberatis,
877 5049 985 5101 etc.

427 5115 449 5149 ²
481 5114 659 5189 Iidem
694 5132 865 5183 mss.,
891 5117 1292 5172 sabbata-emus
1322 5133 1418 5172 nos
1469 5118 1529 5171 in
1580 5117 1801 5189 spiritu,
1854 5119 2007 5173 victi-

357 5202 477 5241 mas
504 5186 826 5243 deserentes.

362 5253 370 5264 ’
430 5257 736 5314 3Rursum
791 5258 1204 5315 Cistercienscs
1264 5278 1429 5329 1115s.,
1489 5261 1547 5316 Si
1592 5261 1880 5316 ascendere
1949 5263 2008 5314 in

356 5330 574 5395 caelum,
607 5346 673 5384 ac
701 5331 750 5385 si
782 5330 1096 5385 iescendero
1130 5332 1187 5383 in.
1222 5333 1519 5401 infernum,
1556 5337 1615 5386 tu
1646 5334 1761 5386 illic
1790 5350 1861 5387 es.

360 5459 373 5468 ,
425 5401 701 5475 fScilicet
733 5401 781 5475 si
814 5402 1004 5472 ipsam
1036 5401 1203 5467 αὑτῶ,
1238 5420 1433 5475 vocem
1462 5405 1706 5475 aspires,
1769 5403 2008 5475 perinde

355 5473 468 5544 erit
520 5475 694 5544 atque
744 5472 982 5544 ὲμαυτῶ,
1042 5476 1266 5541 cauata),
1334 5472 1548 5539 ὲκυτῶξ
1590 5478 1647 5531 ίη
1692 5472 2002 5544 semetipso.

358 5540 714 5611 Econtra'rio,
748 5540 903 5615 quod
935 5544 1322 5615 Hieronymus
1355 5545 1595 5612 mavult,
1630 5546 1854 5615 sicum
1880 5540 2003 5600 leni

357 5616 570 5688 spiritu
612 5614 832 5692 scribas
892 5614 1055 5684 αὐτὼ,
1113 5614 1327 5672 referas
1385 5618 1454 5671 ad
1516 5614 1727 5690 σταυρῷ
1785 5632 2002 5687 vocem,

2120 4602 2359 4657 relictus
2391 4608 2481 4658 est
2500 4602 2713 4675 pOpulo
2749 4588 2845 4658 Dei
2872 4604 3056 4675 (Hebr.
3089 4622 3164 4675 ιν,
3194 4605 3272 4675 9),
3317 4609 3374 4660 et
3406 4601 3644 4671 Pascha,
3712 4605 3770 4657 et

2123 4691 2481 4758 Pentecoste,
2542 4696 2598 4746 et
2650 4708 2765 4747 non
2798 4709 3074 4765 apparere
3132 4692 3283 4749 582
3338 4692 3396 4747 in
3455 4694 3770 4763 conspectu

2123 4780 2223 4835 Dei
2259 4797 2508 4835 vacuum
2538 4781 2729 4851 (Exod.
2762 4798 2922 4853 xxm,
2960 4783 3066 4853 15),
3108 4785 3244 4837 sunt
3272 4780 3446 4837 altius
3477 4778 3774 4836 intellecta

2119 4885 2296 4940 quam
2330 4874 2630 4940 resonant,
2663 4875 2718 4924 et
2748 4870 2818 4924 ob
2851 4870 3147 4926 occidente
3168 4871 3364 4925 littera
3407 4869 3769 4935 recedentes,

2119 4975 2468 5049 sonabitquc
2502 4978 2577 5049 in
2598 4993 2684 5049 ea,
2716 4975 2772 5031 id
2805 4980 2914 5045 est,
2946 4993 3123 5034 cruce.
3153 4977 3359 5033 Totam
3390 4977 3585 5049 itaque
3644 4991 3771 5049 pro-

2120 5046 2376 5121 nominis
2429 5048 2872 5121 ambiguitatem
2920 5050 3193 5121 neglectac
3250 5046 3770 5121 grammaticorum

2117 5117 2330 5192 regulae
2362 5117 2727 5192 pepererunt.
2762 5117 3477 5192 Caetera'llierony'mianas
3534 5124 3767 5192 senten-

2119 5189 2208 5243 tias
2239 5189 2530 5247 c‘alculum
2562 5191 2788 5247 addunt
2817 5190 2998 5247 Graeci
3035 5189 3420 5248 Patres'haud
3455 5189 3663 5248 nauci:
3698 5191 3772 5247 de

2120 5260 2860 5335 nomineUChrysostomus,
2916 5263 3324 5328 Theodoritus,
3400 5260 3797 5335 Theophyla-‘

2117 5339 2269 5416 ct‘u‘s‘,
2297 5331 2534 5416 aliique,
2562 5333 2659 5416 ubi
2683 5351 2960 5416 perquam
2986 5334 3454 5416 sim_ilcm_locum_
3472 5331 3763 5416 est—Epist.

2117 5404 2187 5477 ad
2221 5403 2441 5477 Coloss’.
2476 5422 2537 5471 II,
2572 5407 2660 5469 15,
2684 5403 3005 5477 explanant
3035 5408 3106 5461 ad
3138 5406 3329 5477 verba,
3361 5406 3548 5477 palam
3565 5403 3764 5461 trium-

2112 5476 2288 5549 phans
2319 5476 2443 5530 illos
2469 5478 2528 5530 in
2556 5475 2856 5549 semetipso,
2890 5494 3139 5549 prorquo
3174 5475 3224 5533 ἐν
3255 5475 3424 5549 ξύλῳ,
3474 5479 3536 5549 in
3592 5479 3764 5549 ligno,

2120 5547 2177 5601 id
2211 5552 2317 5614 est,
2351 5564 2543 5629 cruce,
2577 5547 2906 5629 praeferunt
2920 5547 3219 5629 Origenes,
3243 5547 3599 5629 ‘Primasius,
3630 5547 3764 5604 alii-

2116 5633 2247 5689 que,
2286 5619 2501 5690 quibus
2535 5619 2803 5693 opposita
2833 5619 3332 5695 magis—probatur
3350 5619 3662 5682 sententia.
