4144 6202
385 399 503 462 505

1074 399 1592 463 COMMENTAR.
1640 398 1714 462 ΙΝ
1768 399 2018 462 EPIST.
2064 401 2168 463 AD
2211 400 2489 464 EPHES.
2538 402 2688 464 LIB.
2733 403 2780 463 Ι.
2828 401 2995 465 CAP.
3040 399 3121 464 ῙῙ.

3684 397 3802 464 306

384 531 674 604 coepimus
695 530 1082 588 vivificantem
1114 532 1384 604 Spiritum
1416 533 1604 606 sequi.
1652 534 1813 598 Quod
1846 539 2041 590 autem
2073 534 2120 600 Α
2157 535 2227 589 ad
2262 534 2511 589 Patrem.
2544 533 2748 590 Nescio
2798 534 2938 605 quid
2989 533 3102 589 tale
3148 533 3206 588 in
3265 531 3379 590 alia
3424 531 3686 606 Epistola
3724 533 3799 606 (si

380 623 499 679 ait:
555 622 782 678 Veniens
831 623 1230 692 evangelimvit
1277 639 1465 694 pacem
1516 623 1660 677 vobis
1709 625 1806 693 qui
1863 625 2039 694 longe,

383 712 491 768 hoc
521 716 632 777 est,
664 710 961 783 gentibus,
994 715 1045 765 et
1088 728 1277 782 pacem
1307 712 1394 766 his
1419 715 1516 784 qui
1558 729 1746 784 prope,
1795 713 1902 768 hoc
1931 718 2037 780 est,

377 800 618 871 Judeis,
650 801 882 855 videtur
912 800 1057 854 mihi
1090 801 1160 855 de
1192 801 1340 856 Isaia
1373 801 1503 857 aliis
1560 803 1666 873 [ΑΙ.
1698 803 1812 874 his]
1847 802 2042 857 verbis

378 890 787 946 testimonium
846 887 1187 961 protulisse,
1254 895 1310 946 et
1367 891 1676 963 Scripturae
1753 893 2042 947 sententia

382 980 635 1035 abusum
684 982 854 1049 quasi
897 995 1022 1034 sua.
1097 979 1390 1050 Scriptum
1445 985 1534 1035 est
1579 980 1793 1053 quippe
1841 982 1900 1035 in
1933 997 2037 1036 eo:

385 1070 507 1124 νέαις
539 1069 654 1140 ejus
680 1069 817 1132 vidi,
853 1071 1119 1123 eisanavi
1157 1085 1301 1136 eum,
1345 1074 1395 1124 et
1416 1070 1725 1125 consolatus
1754 1087 1874 1126 sum
1893 1087 2038 1137 eum,

377 1161 434 1215 et
463 1157 594 1213 dedi
621 1160 674 1213 ei
706 1159 1131 1213 consolationem
1171 1174 1393 1213 veram:
1446 1176 1637 1230 pacem
1666 1176 1829 1230 super
1854 1176 2044 1231 pacem

381 1246 472 1301 his
504 1249 603 1316 qui
631 1247 790 1314 longe
819 1255 999 1311 erant,
1035 1256 1084 1301 et
1125 1248 1222 1318 qui
1269 1263 1436 1319 prepe
1468 1249 1592 1320 (Isa.
1631 1265 1762 1314 LVII,
1796 1249 1883 1314 18,
1932 1248 2039 1319 19)-

381 1335 453 1390 Et
484 1333 608 1388 haec
658 1333 894 1404 quidem
935 1335 1107 1404 juxta
1151 1333 1458 1404 Vulgatam
1503 1334 2041 1405 interpretationem

378 1421 538 1478 dicta
569 1421 748 1477 siuti.
801 1421 1088 1476 Caeterum
1142 1422 1239 1493 qui
1291 1421 1438 1478 illud
1487 1423 1750 1494 Apostoli
1781 1423 1939 1494 legit,
1973 1424 2042 1478 de

377 1509 610 1566 Christo
642 1510 1031 1565 memorantis
1059 1528 1070 1564 :
1106 1512 1306 1566 Pacem
1334 1513 1546 1580 faciens
1573 1529 1677 1583 per
1717 1513 2046 1581 sanguinem

379 1600 559 1654 crucis
588 1615 722 1669 sua,
756 1599 842 1654 his
874 1615 994 1670 qua
1024 1601 1084 1653 in
1103 1607 1249 1654 terra
1278 1607 1460 1665 erant,
1493 1606 1546 1655 et
1589 1601 1674 1655 his
1692 1616 1820 1674 quae
1850 1603 1911 1656 in
1939 1617 2041 1656 cte-

379 1688 474 1754 lis_,
508 1692 563 1742 et
615 1691 823 1743 caetera
879 1704 1006 1759 qua
1060 1688 1118 1743 in
1151 1689 1353 1744 eodem
1411 1689 1688 1744 dicuntur
1736 1690 1880 1757 loco,
1926 1707 2040 1745 non

379 1775 617 1849 putabis
678 1792 805 1845 nos,
867 1776 966 1848 qui
999 1778 1168 1846 juxta
1224 1778 1494 1848 spiritum
1546 1778 1722 1834 Israel
1769 1795 2043 1834 vocamur

383 1865 568 1920 fuisse
597 1863 806 1937 longe:
858 1871 915 1920 et
959 1867 1212 1936 Judasos,
1268 1867 1366 1938 qui
1407 1869 1816 1923 tantummodo
1864 1868 2040 1923 Israel

381 1959 802 2026 nuncupentur
830 1954 889 2009 in
923 1971 1114 2022 carne,
1149 1954 1330 2011 fuisse
1363 1973 1558 2028 prope.
1585 1958 1651 2012 Et
1673 1957 1823 2012 hanc
1855 1962 2038 2012 totam

379 2042 834 2114 intelligentiam
867 2044 938 2099 ad
990 2045 1230 2115 angelos
1259 2045 1617 2116 virtutesque
1668 2046 1952 2109 cmlestes,
1985 2051 2042 2100 et

383 2133 458 2187 ad
490 2132 721 2187 animas
752 2133 1100 2204 temperabit
1131 2133 1460 2188 humanas:
1494 2134 1648 2205 quod
1681 2134 1950 2191 Christus
1981 2136 2040 2190 in

382 2238 490 2276 suo
521 2220 808 2292 sanguine
837 2226 1068 2276 terrena
1098 2227 1153 2276 et
1183 2221 1440 2277 cmlestia
1461 2223 1770 2294 capularit,
1803 2241 1932 2295 quas
1960 2224 2046 2278 in-

382 2313 474 2364 ter
503 2325 564 2364 se
596 2313 765 2364 antea
806 2310 1198 2365 dissidebant:
1246 2316 1302 2365 et
1342 2311 1532 2366 bonus
1580 2319 1776 2384 pastor
1822 2314 2044 2368 morbi-

399 2399 537 2452 dam
567 2399 633 2453 ad
670 2405 897 2454 montes
951 2404 1252 2455 revectans
1285 2415 1471 2466 ovem,
1502 2401 1702 2456 fecerit
1742 2418 1870 2457 esse
1909 2419 2042 2458 cum

385 2487 614 2543 ceteris
647 2489 799 2557 (Luc.
825 2505 916 2554 xv,
952 2489 1062 2554 4-7)
1089 2507 1100 2555 ;
1136 2489 1596 2560 drachmamque
1628 2507 1752 2561 quae
1775 2491 2042 2562 perierat,

380 2575 680 2631 drachmis
729 2593 854 2648 qua;
906 2576 1074 2631 salvae
1125 2578 1359 2632 fuerant
1391 2578 1750 2648 copulaverit
1792 2579 1955 2649 (Ibid.
1988 2581 2043 2646 8,

377 2665 456 2735 9),
489 2671 546 2719 et
569 2665 849 2720 mandata
877 2665 1090 2736 legalia
1122 2667 1193 2720 ad
1252 2665 1354 2720 illa
1384 2667 1692 2722 retraxerit
1739 2669 2042 2740 dogmata,

381 2752 455 2807 ad
479 2769 730 2824 quorum
763 2758 969 2825 typum
1001 2759 1059 2808 et
1088 2755 1407 2826 imaginem
1441 2755 1667 2827 Moyses
1691 2773 1818 2827 qua
1851 2762 2047 2812 essent

381 2841 443 2896 in
495 2841 872 2897 tabernaculo
933 2842 1294 2909 fabricanda,
1345 2845 1648 2916 conspexit
1687 2845 1882 2913 (Exod.
1916 2864 2044 2917 xxv,

379 2930 494 3000 40).
545 2933 734 3002 Atque
791 2931 870 2986 ita
918 2931 1062 3002 fieri,
1116 2936 1180 2986 ut
1233 2948 1374 2987 crux
1405 2933 1635 2988 Domini
1686 2951 1798 2989 non
1855 2935 2045 2990 solum

381 3023 574 3084 terrae,
603 3020 704 3074 sed
739 3024 796 3075 et
838 3019 980 3075 caelo
1013 3020 1372 3092 profuerit’;
1407 3039 1522 3077 non
1568 3022 1760 3077 solum
1791 3023 2046 3079 homini-

382 3107 518 3172 bus,
552 3108 652 3164 sed
685 3113 746 3163 et
775 3107 1036 3180 angelis;
1069 3114 1125 3164 et
1155 3110 1350 3165 omnis
1397 3115 1661 3166 creatura
1688 3113 1916 3168 Domini
1950 3115 2044 3168 sui

377 3211 586 3251 cruore
617 3201 870 3268 purgata
901 3197 998 3263 sit,
1049 3199 1209 3263 Quod
1259 3203 1454 3253 autem
1507 3200 1624 3254 ait:
1662 3203 1725 3258 Ut
1764 3201 1872 3256 duo
1918 3219 2042 3257 ron-

2151 624 2283 694 quis
2333 629 2528 678 tamen
2578 639 2704 678 eam
2755 622 2980 694 recipit)
3032 621 3416 693 prudentibus
3463 622 3799 694 quibusque

2149 711 2467 767 lectoribus
2527 712 2745 767 Paulus
2796 711 3149 779 subindicat,
3208 709 3442 766 dicens:
3501 713 3570 766 Hi
3610 727 3798 768 omnes

2149 804 2522 865 testimonium
2579 804 2902 873 accipientes
2957 802 3103 871 ﬁdei,
3157 816 3263 855 non
3321 801 3624 855 retulerunt
3671 818 3798 872 pro-

2149 893 2489 958 missionem,
2537 893 2641 947 Deo
2683 907 2783 962 pro
2812 891 2966 947 nobis
3021 891 3221 946 melius
3269 890 3400 960 quid
3439 889 3800 960 providente:

2152 989 2212 1036 ut
2239 997 2346 1035 non
2380 981 2580 1051 absque
2608 981 2764 1035 nobis
2809 987 3318 1034 consummarentur
3366 979 3547 1049 (Hebr.
3580 995 3660 1049 x1,
3709 979 3798 1044 39,

2153 1071 2262 1139 40).
2319 1069 2628 1141 Pr0pterea
2685 1074 2742 1123 et
2791 1067 3062 1123 universa
3106 1071 3372 1123 creatura
3420 1067 3804 1138 congemiscit

2153 1158 2457 1214 nobiscum
2491 1159 2666 1229 (Rom.
2697 1174 2819 1226 vm,
2850 1157 2962 1228 22),
3013 1157 3113 1228 qui
3145 1157 3205 1211 in
3253 1155 3630 1212 tabernaculo
3682 1155 3796 1212 isto

2153 1247 2598 1319 ingemiscimus
2647 1248 2718 1317 (II
2764 1246 2882 1301 Cor.
2917 1263 2972 1310 ν,
3001 1246 3079 1312 4),
3112 1249 3170 1300 et
3209 1244 3496 1309 condolet,
3537 1245 3636 1316 qui
3670 1261 3703 1299 a
3733 1244 3801 1300 ti-

2155 1354 2314 1392 more
2362 1337 2460 1392 Dei
2510 1336 2569 1390 in
2624 1341 2788 1390 utero
2820 1334 3194 1404 concepimus
3239 1338 3297 1388 et
3349 1333 3616 1390 dolemus
3672 1334 3799 1403 (Isa.

2153 1426 2329 1495 xxvr),
2359 1430 2416 1480 et
2468 1424 2875 1496 praestolamur
2925 1423 3030 1491 [Αἰ.
3079 1421 3470 1493 praestolatur]
3503 1421 3802 1478 revelatio-

2154 1531 2288 1570 nem
2319 1514 2575 1569 filiorum
2607 1513 2708 1568 Dei
2767 1515 2937 1582 (Rom.
2991 1529 3115 1577 VIII,
3150 1511 3274 1582 19):
3323 1516 3388 1566 ut
3424 1511 3494 1565 de
3551 1510 3806 1566 vanitate

2155 1601 2474 1668 servitutis,
2524 1601 2614 1655 cui
2661 1617 2818 1655 nunc
2859 1600 3120 1670 subjecta
3168 1603 3276 1669 est,
3325 1597 3606 1654 liberetur
3643 1598 3802 1668 (Ibid.

2151 1693 2265 1762 20),
2299 1695 2355 1744 et
2385 1691 2486 1744 fiat
2516 1707 2671 1744 unus
2705 1694 2907 1761 pastor
2936 1697 2992 1744 et.
3024 1705 3176 1743 unus
3206 1704 3344 1759 grex
3367 1689 3554 1749 (Joan.
3585 1705 3640 1757 x,
3675 1687 3762 1757 16)
3789 1704 3801 1741 :

2155 1784 2212 1835 et
2239 1779 2434 1835 Oratio
2470 1779 2694 1834 Domini
2726 1777 3091 1850 compleatur
3134 1777 3420 1833 dicentis:
3453 1778 3572 1831 Fiat
3613 1777 3806 1832 volun-

2151 1874 2235 1924 tas
2266 1878 2359 1924 tua
2386 1871 2529 1924 sicut
2562 1871 2620 1923 in
2651 1869 2776 1924 caelo
2807 1876 2857 1924 et
2886 1869 2947 1922 in
2976 1871 3126 1922 terra
3156 1867 3364 1937 (Matth.
3399 1883 3475 1935 v1,
3510 1866 3618 1938 10).

2223 1958 2409 2028 (Vers.
2446 1959 2511 2012 19
2542 1958 2732 2029 seqq.)
2770 1980 2790 2006 α
2829 1958 2976 2028 Ergo
3028 1957 3143 2026 iam
3180 1973 3292 2010 non
3346 1954 3487 2010 estis
3518 1953 3807 2026 peregrini

2151 2050 2209 2102 et
2239 2045 2480 2102 accolae:
2516 2046 2616 2102 sed
2653 2045 2806 2100 cives
2852 2049 3214 2111 sanctorum,
3266 2047 3324 2098 et
3352 2042 3656 2098 domestici
3688 2042 3806 2106 Dei,

2157 2135 2604 2207 superaedificati
2638 2151 2815 2206 super
2847 2133 3296 2189 fundamentum
3330 2130 3727 2204 apostolorum
3751 2135 3809 2186 et

2153 2225 2596 2296 prophetarum,
2629 2223 2754 2293 ipso
2786 2239 3019 2277 summo
3049 2220 3315 2292 angulari
3348 2219 3538 2292 lapide
3575 2218 3804 2274 Christo

2151 2313 2312 2369 Jesu.
2348 2313 2410 2366 In
2438 2329 2552 2383 quo
2585 2311 2778 2366 omnis
2810 2310 3118 2365 azditicatio
3140 2309 3573 2381 compaginata,
3605 2307 3812 2363 crescit

2154 2401 2212 2456 in
2240 2400 2524 2471 templum
2559 2403 2830 2455 sanctum
2865 2399 2922 2452 in
2955 2397 3218 2463 Domino,
3251 2397 3313 2451 In
3347 2413 3462 2468 quo
3491 2399 3549 2451 et
3577 2411 3676 2450 vos
3707 2413 3807 2451 co-

2154 2489 2523 2545 aedificamini
2556 2489 2613 2543 in
2647 2487 3047 2543 habitaculum
3084 2487 3200 2554 Dei,
3230 2486 3287 2540 in
3315 2484 3546 2557 spiritu.
3583 2508 3604 2537 ι
3641 2484 3727 2540 Ad
3752 2485 3809 2540 id

2155 2579 2310 2650 quod
2357 2595 2535 2650 supra
2592 2577 2858 2632 dixerat:
2926 2577 3227 2649 Peregrini
3274 2578 3718 2631 testamentorum
3764 2581 3816 2630 et

2152 2669 2622 2739 repromissionis,
2655 2683 2812 2722 nunc
2842 2667 3155 2738 respondet
3182 2683 3193 2719 :
3244 2681 3372 2732 ergo
3394 2665 3516 2736 jam
3543 2680 3654 2719 non
3683 2664 3814 2719 estis

2153 2759 2438 2828 peregrini
2467 2762 2523 2811 et
2553 2756 2772 2812 accolw.
2834 2756 2900 2810 Et
2930 2756 3000 2809 ad
3048 2753 3192 2809 illud
3243 2753 3396 2824 quod
3430 2751 3810 2824 praemiserat,

2154 2848 2388 2902 alienati
2433 2864 2464 2900 (ι
2514 2847 2922 2902 conversatione
2968 2844 3163 2910 Israel,
3207 2843 3379 2897 modo
3421 2841 3570 2895 redit
3609 2857 3620 2896 :
3655 2843 3811 2895 Estis

2153 2937 2292 2992 cives
2319 2949 2650 3001 sanctorum,
2681 2943 2732 2988 et
2761 2933 3042 2988 domestici
3087 2933 3202 2986 Dei.
3258 2930 3360 2985 Hic
3409 2928 3570 2984 lacus
3603 2929 3809 2984 adver-

2156 3041 2255 3080 sus
2277 3041 2375 3079 eos
2405 3022 2492 3078 vel
2527 3023 2777 3077 maxime
2809 3021 2964 3087 facit,
2999 3021 3095 3091 qui
3145 3019 3404 3074 diversas
3449 3022 3689 3072 naturas
3722 3017 3808 3070 ni-

2153 3117 2361 3167 tuntur
2392 3111 2782 3166 introducere.
2815 3109 3115 3174 Quomodo
3163 3107 3315 3162 enim
3351 3105 3642 3178 peregrini
3673 3104 3810 3161 facti

2157 3207 2295 3258 sunt
2352 3201 2503 3256 cives
2549 3203 2910 3263 sanctorum,
2942 3202 2998 3251 et
3045 3195 3337 3270 quomodo
3369 3194 3672 3250 domestici
3712 3194 3812 3249 Dei

378 3285 544 3340 deret
575 3287 632 3340 in
693 3289 979 3358 semetipso
1035 3289 1099 3342 in
1156 3304 1332 3342 unum
1384 3305 1586 3343 novum
1634 3290 1930 3360 hominem,
1989 3297 2045 3346 et
2077 3271 2118 3336 (ἶ
2159 3292 2567 3348 fuerunt584
2594 3289 2889 3361 quondam
2910 3285 3592 3342 alieniaconversatione
3614 3283 3812 3349 Israel,

378 3374 538 3444 quod
575 3373 765 3446 magis
795 3375 1025 3429 videtur
1053 3375 1341 3448 superiori
1365 3377 1435 3431 de
1457 3376 1677 3433 Judaeis
1695 3383 1870 3450 atque
1902 3396 2042 3450 gen-

378 3462 586 3518 tilibus
619 3462 819 3518 sensui
851 3463 1194 3519 convenire:
1241 3464 1322 3519 sic
1369 3483 1487 3520 suae
1517 3464 1918 3539 intelligentiae
1951 3486 2042 3524 co-

381 3551 646 3623 aptabat,
680 3556 745 3606 ut
764 3552 925 3607 dicat
950 3551 1247 3608 hominem
1271 3556 1440 3625 juxta
1465 3555 1780 3627 imaginem
1804 3564 1861 3613 et
1879 3558 2043 3613 simi-

377 3639 697 3696 litudinem
734 3641 830 3696 Dei
865 3642 1107 3708 factum,
1133 3643 1399 3699 eamdem
1435 3649 1566 3715 post
1614 3647 2045 3702 reconciliatio-

378 3745 519 3784 nem
569 3730 817 3786 formam
875 3735 1265 3802 recepturum,
1301 3749 1478 3804 quam
1530 3739 1588 3788 et
1640 3752 1796 3790 nunc
1853 3736 2044 3809 angeli

386 3817 628 3885 habent,
663 3823 721 3874 et
748 3818 875 3890 ipse
902 3819 1237 3890 perdiderit.
1272 3821 1494 3876 Novum
1529 3827 1721 3878 autem
1746 3824 2040 3881 hominem

381 3923 515 3962 esse
546 3907 710 3973 dicit,
742 3907 898 3964 588
930 3908 1030 3979 qui
1062 3908 1322 3979 quotidie
1353 3915 1682 3978 renovatur,
1716 3917 1771 3966 et
1810 3913 2043 3969 habita-

381 3999 557 4050 turus
585 4001 673 4051 est
705 3996 764 4051 in
791 4013 939 4052 novo
984 3997 1227 4063 mundo,
1272 4000 1504 4069 quando
1535 3999 1643 4054 erit
1674 4000 1885 4055 cmlum
1935 4020 2041 4058 no-

382 4100 523 4139 vum
555 4088 613 4140 et
643 4089 794 4140 terra
837 4102 984 4141 nova
1029 4088 1163 4155 (Isa.
1199 4103 1325 4142 va.
1380 4088 1488 4158 17),
1521 4093 1577 4142 et
1616 4088 1908 4146 hibiturus
1956 4097 2042 4147 est

382 4172 626 4228 calicem
654 4174 794 4229 Jesu
830 4191 1046 4229 novum
1078 4175 1137 4230 in
1191 4192 1368 4248 regno
1399 4175 1500 4232 Dei
1542 4176 1734 4247 (Marc.
1767 4196 1882 4246 xxv,
1924 4182 2040 4250 25),

384 4266 443 4315 et
500 4265 848 4317 cantaturus
899 4263 1195 4318 canticum
1242 4281 1456 4319 novum
1505 4265 1673 4337 (Psal.
1725 4283 1878 4322 xxxn
1931 4270 2042 4325 3et

380 4366 558 4417 xcvu,
595 4349 669 4416 1),
725 4355 780 4405 et
811 4349 1036 4406 Veteris
1082 4356 1139 4406 et
1188 4352 1329 4407 Novi
1379 4355 1738 4410 Testamenti
1799 4356 2042 4414 lectione

381 4436 685 4508 gaudebit.
714 4437 864 4494 [llud
892 4456 1124 4511 quoque
1157 4441 1313 4512 quod
1364 4441 1502 4497 alibi
1549 4444 1864 4501 scribitur:
1900 4450 2042 4503 Ecce

379 4527 530 4596 facio
578 4541 719 4581 nova
765 4543 890 4599 quae
937 4546 1086 4584 nunc
1126 4532 1388 4584 oriuntur
1438 4532 1563 4596 (Isa.
1622 4549 1776 4603 XLIII,
1822 4535 1909 4601 49,
1958 4537 2041 4591 sic

2157 3379 2206 3436 si
2239 3396 2354 3434 non
2385 3383 2576 3450 potest
2620 3376 2708 3431 vel
2759 3375 2817 3430 in
2869 3375 3099 3445 melius,
3132 3372 3220 3428 vel
3277 3373 3334 3428 in
3388 3374 3554 3445 pejus
3604 3377 3814 3428 natura

2155 3468 2419 3527 mutari?
2479 3466 2641 3530 Quod
2692 3469 2889 3520 autem
2949 3464 3256 3534 sequitur:
3316 3461 3603 3537 (Ediﬂcati
3648 3477 3813 3532 super

2154 3557 2574 3627 fundamentum
2635 3555 3007 3626 apostolorum
3052 3556 3103 3607 et
3162 3551 3570 3622 prophetarum,
3622 3549 3812 3620 magis

2156 3645 2333 3718 priori
2366 3662 2542 3716 quam
2571 3642 2840 3698 secundm
2888 3639 3353 3711 interpretationi
3400 3639 3688 3696 convenit.
3749 3638 3809 3692 in

2155 3753 2273 3806 qua
2320 3734 2592 3805 superius
2625 3733 2983 3798 dixeramus,
3039 3734 3173 3784 ante
3218 3727 3553 3800 passionem
3598 3725 3810 3781 Christi

2152 3822 2407 3877 vicinum
2442 3820 2641 3889 Israel,
2677 3826 2734 3874 et
2763 3824 2963 3891 gentes
3015 3819 3195 3872 fuisse
3221 3818 3292 3871 de
3324 3817 3514 3888 longe.
3548 3818 3665 3870 Hoc
3694 3820 3809 3870 tes-

2153 3912 2400 3966 timonio
2434 3917 2488 3965 et
2539 3915 2740 3964 contra
2780 3907 3134 3962 Marcionem
3189 3910 3544 3975 caterosque
3590 3907 3810 3959 veteres

2156 4001 2475 4068 haereticos,
2513 4000 2614 4070 qui
2668 3997 2847 4052 alium
2880 3997 3045 4068 legis,
3080 3995 3262 4050 alium
3283 3992 3575 4066 Evangelii
3608 3992 3811 4064 pradi-

2157 4093 2292 4143 cant
2325 4094 2530 4155 Deum,
2562 4087 2645 4141 uti
2675 4101 3014 4157 possumus.
3038 4080 3097 4138 Si
3122 4082 3276 4137 enim
3305 4096 3675 4152 nequaquam
3711 4075 3808 4151 pe-

2153 4177 2365 4249 regrini
2418 4182 2473 4230 et
2504 4175 2733 4237 accola.
2781 4174 2880 4229 sed
2936 4173 3090 4227 cives
3143 4176 3482 4225 sanctorum
3515 4174 3572 4224 et
3609 4169 3808 4225 dome-

2152 4266 2280 4321 stici
2315 4265 2408 4320 Dei
2447 4263 2894 4335 supermdiﬁcati
2917 4266 3054 4315 sunt
3086 4260 3466 4314 fundamento
3513 4256 3809 4329 apostolo-

2152 4372 2283 4409 rnm
2319 4359 2375 4409 et
2409 4353 2848 4424 prophetarum,
2880 4350 3008 4420 ipso
3048 4365 3282 4402 summo
3315 4347 3580 4418 angulari
3612 4346 3808 4419 lapide

2151 4443 2378 4498 Christo
2396 4442 2571 4496 Jesu:
2605 4441 2663 4494 in
2688 4455 2802 4509 quo
2827 4437 3020 4494 omnis
3043 4435 3345 4492 aediﬁcatio
3377 4435 3805 4509 compaginata,

2151 4532 2359 4586 crescit
2385 4531 2440 4584 in
2477 4527 2762 4600 templum
2798 4529 3064 4582 sanctum
3098 4525 3158 4580 in
3204 4524 3483 4580 Domino:
3516 4525 3574 4578 in
3608 4541 3722 4596 quo
3753 4529 3810 4578 et

383 4613 617 4684 sentiet,
642 4620 709 4670 ut
739 4615 1092 4688 principium
1116 4617 1508 4673 innovationis
1542 4619 1598 4674 in
1633 4625 1906 4693 praesenti
1937 4643 2040 4682 saa-
2078 4638 2123 4702 Β
2155 4619 2388 4693 Ephesii
2421 4618 2853 4673 coaedificantur
2884 4615 2942 4668 in
2976 4612 3422 4669 tabernaculum
3454 4612 3550 4666 Dei
3599 4612 3657 4666 in
3686 4611 3808 4682 spi-

391 4702 522 4758 culo
553 4703 677 4759 fieri
718 4705 1030 4762 existimet.
1069 4706 1358 4762 Caeterum
1414 4709 1726 4779 perfectam
1768 4727 2040 4772 consum-

384 4796 728 4864 matamque
759 4795 1096 4862 novitatem,
1122 4796 1370 4851 necdum
1402 4796 1461 4851 in
1497 4797 1607 4852 isto‘
1639 4804 1805 4870 putet
1833 4801 2042 4857 saeculo

381 4895 556 4950 posse
605 4881 909 4954 compleri.
970 4885 1037 4939 Et
1067 4885 1359 4956 quomodo
1400 4903 1554 4941 nunc
1585 4904 1686 4959 per
1735 4890 2040 4960 speculum

379 4969 655 5025 videmus
686 4971 745 5026 in
769 4972 1102 5044 aenigmate,
1141 4978 1283 5028 tunc
1314 4978 1506 5030 autem
1560 4977 1702 5031 facie
1732 4978 1803 5032 ad
1837 4979 2040 5034 faciem

377 5057 428 5128 (l
457 5057 578 5115 Cor.
628 5077 754 5126 xm,
814 5063 941 5133 12):
992 5062 1075 5118 sic
1107 5067 1163 5118 et
1211 5064 1698 5121 instaurationem
1749 5067 1879 5123 novi
1940 5069 2039 5123 ho-

380 5147 561 5204 minis
593 5152 733 5204 tunc
785 5149 954 5222 plene
998 5152 1368 5223 perfectaque
1426 5154 1855 5227 complendum,
1906 5175 2040 5214 cum

380 5234 639 5292 coalestia
683 5241 1030 5310 terrenaque
1094 5240 1311 5294 fuerint
1361 5241 1655 5312 copulata,
1703 5249 1759 5298 et
1816 5244 1875 5299 in
1926 5262 2042 5302 uno

381 5323 618 5392 spiritu,
654 5329 712 5381 et
740 5343 916 5383 sensu
949 5328 1264 5399 eademque
1285 5331 1596 5410 sententia,
1618 5333 2041 5390 accesserimus

451 5573 474 5656 ί.
501 5572 750 5659 Omnem
782 5577 900 5664 fere
933 5578 1263 5664 subnexam
1290 5579 1538 5664 h‘ujunsce
1566 5579 1839 5636 versiculi
1867 5596 2041 5664 expo-

375 5643 662 5773 sitionem
702 5647 987 5776 invzigcsliose
1018 5650 1273 5706 traducit
1316 5643 1592 5721 Ruﬁnus,
1624 5668 1799 5724 quem
1826 5643 2040 5731 videsis

375 5733 420 5776 ιι
470 5759 482 5771 .
521 5734 563 5776 ι.
594 5733 758 5776 num.
868 5762 880 5776 .

375 5733 482 5789 ιιι).
521 5734 563 5790 ι,
594 5733 758 5777 num.
791 5733 880 5776 3U.

2154 4711 2295 4780 ritu,
2327 4724 2483 4763 unus
2514 4713 2602 4760 cst
2636 4706 2804 4770 Deus,
2854 4705 3032 4757 unius
3062 4700 3464 4757 aadiﬁcationis
3495 4703 3552 4754 et
3581 4698 3805 4771 templi,

2155 4798 2308 4870 quod
2330 4793 2856 4867 superaediticatum
2882 4796 2972 4846 est
3001 4790 3382 4844 fundamento
3411 4785 3808 4860 apostolorum

2153 4891 2209 4941 et
2241 4885 2681 4958 prophetarum.
2715 4881 2877 4944 Quod
2910 4880 2959 4935 si
2992 4880 3263 4934 universa
3294 4876 3596 4932 rediﬁcatio
3644 4892 3808 4930 com—

2158 4976 2455 5048 paginata,
2480 4971 2690 5028 crescit
2719 4971 2777 5024 in
2823 4967 3107 5040 templum
3142 4971 3409 5022 sanctum
3451 4966 3507 5020 in
3537 4965 3804 5029 Domino,

2156 5064 2315 5119 omni
2367 5062 2562 5117 labore
2606 5059 2910 5114 nitendum
2961 5063 3050 5111 est
3093 5061 3158 5110 ut
3207 5056 3418 5110 fiamus
3449 5054 3532 5110 illi
3582 5054 3806 5126 lapides

2154 5153 2225 5207 de
2255 5152 2470 5223 quibus
2519 5148 2804 5218 scriptum
2837 5151 2964 5201 est:
3020 5145 3258 5217 Lapides
3286 5147 3473 5200 sancti
3517 5145 3808 5201 volvuntur

2151 5257 2316 5314 super
2362 5249 2565 5295 terram
2593 5237 2776 5304 (Zach.
2811 5252 2888 5300 1x,
2942 5236 3048 5303 16).
3083 5235 3152 5289 Et
3198 5251 3332 5289 cum
3363 5234 3647 5289 fuerimus
3694 5233 3806 5286 vivi

2151 5330 2396 5402 lapides,
2446 5345 2515 5382 ex
2562 5323 2722 5381 omni
2782 5328 2945 5395 parte
2991 5323 3193 5390 delati,
3222 5322 3392 5378 lzrves
3453 5325 3566 5379 'At.
3603 5322 3802 5394 leves],

2221 5584 2242 5616 ε
2272 5581 2474 5637 Recole
2506 5596 2632 5652 quas
2686 5578 2874 5652 paulo,
2916 5576 3188 5652 superius
3237 5593 3363 5648 cap.
3413 5595 3451 5647 ι,
3513 5591 3664 5631 vers.
3712 5575 3804 5648 33,

2153 5654 2262 5711 hac
2293 5670 2467 5729 super
2498 5647 2790 5713 sententia
2820 5647 3094 5706 diximus.
