4144 6202
335 358 454 429 807

1585 361 1650 423 S.
1696 360 2009 426 EUSEBII
2057 355 2501 425 HIERONYMI

3634 333 3760 424 sos

340 492 527 568 politi,
560 489 784 549 nullam
833 490 1117 549 habentes
1164 492 1589 563 scabredinem,
1637 495 1992 550 aediﬁcemur
2020 496 2074 562 Α
2104 510 2231 564 quae
2264 494 2319 548 in
2353 491 2682 549 cmlestibus
2714 495 2827 548 Deo
2849 490 2997 551 585
3035 488 3316 559 serviunt,
3365 487 3439 547 ab
3486 489 3594 548 hac
3625 490 3754 550 feli-

339 583 396 639 in
431 577 743 654 templum,
768 587 826 638 et
849 582 1062 638 ﬁamus
1088 582 1486 639 habitaculum
1513 589 1644 639 Deo.
1680 584 1997 640 Condatur-

341 689 455 744 que
485 672 544 726 in
574 671 744 726 nobis
775 687 908 726 arca
939 674 1271 728 testamenti
1318 677 1514 728 custos
1563 674 1708 745 legis
1741 673 1991 742 Domini,

347 766 407 817 et
433 759 752 827 Cherubin,
783 761 1033 816 scientia?
1057 760 1373 829 multitudo,
1407 766 1463 817 et
1491 761 1768 818 interiora
1799 767 1997 834 pecto-

343 850 426 905 ris
479 849 660 904 nostri
701 849 760 903 in
805 865 1018 904 novum
1067 850 1414 906 vocabulum
1464 855 1799 907 transeant:
1835 851 1996 906 dica-

346 954 598 1009 murque
649 954 819 992 mnia
867 940 1065 1009 (νει-τ),
1125 939 1280 1010 quod
1351 957 1457 996 nos
1513 941 1817 1007 oraculum,
1876 939 1995 995 sive

347 1042 663 1099 responsum
692 1030 1010 1098 pessumus
1040 1027 1354 1100 appellare,
1389 1034 1446 1084 et
1475 1033 1540 1084 ut
1576 1029 1997 1085 contentiosius

348 1116 592 1172 verbum
623 1115 1045 1187 exprimamus,
1077 1134 1108 1172 e
1161 1117 1358 1184 verbo,
1391 1114 1756 1192 λαλητήριον,
1802 1118 1858 1173 id
1910 1123 1999 1173 est

347 1206 694 1275 locutorium,
726 1204 954 1260 dicere:
989 1210 1204 1260 utcum
1228 1208 1504 1278 Apostolo
1534 1223 1916 1279 erumpamus
1939 1207 1995 1261 in

345 1310 581 1350 vocem:
615 1294 698 1349 An
745 1295 1177 1366 experimentum
1220 1298 1474 1366 qumriiis
1514 1297 1628 1366 ejus
1681 1299 1776 1367 qui
1821 1299 2000 1352 inme

354 1383 601 1454 loquitur
645 1383 895 1438 Christus
944 1383 1017 1454 (II
1067 1387 1192 1441 Cor.
1242 1401 1364 1439 xm.
1414 1385 1517 1455 3)?
1565 1390 1761 1441 Potest
1802 1391 1998 1440 autem

350 1470 544 1527 omnis
571 1471 878 1526 aediﬁcatio
911 1489 1088 1546 super
1117 1474 1567 1529 fundamentum
1599 1474 1998 1546 apostolorum

347 1560 886 1632 prophetarumque
935 1567 1292 1629 constructa,
1342 1580 1456 1618 non
1495 1562 1684 1618 solum
1720 1580 1846 1630 nos,
1898 1563 1997 1618 sed

349 1655 407 1724 et
434 1647 696 1705 cmlestes
729 1647 1062 1719 signiﬁcare
1092 1651 1398 1720 virtutes‘,
1433 1657 1499 1706 ut
1543 1651 1796 1707 universi
1854 1652 2004 1724 pari-

351 1743 441 1793 ter
466 1737 610 1791 ﬁant
640 1735 1047 1793 habitaculum
1076 1739 1175 1794 Dei
1205 1739 1262 1795 in
1312 1741 1557 1813 spiritu:
1612 1743 2000 1812 incongruum

354 1824 570 1897 quippe
619 1839 748 1880 esse
805 1825 990 1894 aiunt,
1042 1843 1110 1883 ex
1162 1828 1500 1884 hominibus
1558 1829 2001 1886 aediﬁcationem

354 1916 720 1985 compactam
753 1919 928 1986 atque
956 1919 1302 1973 concordem
1335 1934 1594 1974 crescere
1625 1919 1683 1973 in
1717 1919 2005 1989 templum

353 2006 628 2060 sanctum
685 2001 744 2056 in
817 2003 1064 2062 Domino
1147 2007 1273 2062 ﬁeri
1329 2007 1729 2063 habitaculum
1788 2008 1888 2064 Dei
1947 2009 2006 2064 in

356 2090 566 2164 spiritu
593 2106 606 2158 ;
643 2091 882 2163 angelos
908 2099 1105 2153 autem
1135 2100 1192 2152 et
1220 2097 1418 2153 beatas
1449 2112 1714 2168 quasque
1742 2097 2006 2165 virtutes,

2105 585 2278 639 citate
2309 581 2530 638 alienas
2551 581 2892 638 existimari.
2916 583 3197 637 Summus
3228 584 3421 636 autem
3453 580 3755 652 angularia

2103 671 2271 744 lapis,
2308 671 2405 743 qui
2442 672 2724 743 populum
2756 675 3074 742 utrumque
3100 668 3393 725 contineat
3421 669 3564 740 (sive
3586 671 3759 742 juxta

2103 762 2422 816 secundam
2470 759 3009 832 interpretationem
3041 758 3300 814 ccelestia
3330 759 3550 831 jungat
3578 763 3756 831 atque

2104 853 2375 922 terrena),
2407 850 2672 906 Christus
2704 854 2792 906 est
2808 849 3092 905 Dominus
3123 853 3341 915 noster,
3373 848 3524 920 lapis
3556 849 3755 920 praeci-

2105 958 2207 997 sus
2237 941 2306 995 de
2339 944 2536 996 monte
2583 939 2710 995 sine
2759 940 3034 994 manibus
3065 939 3232 1010 (Dan.
3268 955 3329 993 ιι.
3363 937 3478 1009 45),
3521 937 3592 992 de
3642 954 3756 1008 quo

2105 1034 2162 1086 et
2190 1028 2502 1085 Psalmista
2532 1031 2799 1098 testatur,
2833 1028 3068 1083 dicens:
3103 1027 3365 1099 Lapidem
3393 1042 3552 1099 quem
3581 1039 3759 1098 repro-

2109 1119 2378 1174 baverunl
2405 1119 2758 1188 aedificantes,
2789 1119 2878 1172 hic
2921 1121 3097 1188 [actus
3149 1125 3226 1172 est
3255 1118 3312 1172 in
3344 1119 3509 1186 caput
3537 1105 3756 1185 anguli.

2107 1209 2144 1263 Α
2183 1209 2413 1263 Domino
2442 1209 2648 1278 factum
2683 1214 2763 1262 est
2793 1206 2935 1262 istud
2966 1206 3139 1272 (Psal.
3171 1222 3366 1275 cxvm,
3387 1205 3504 1275 22).
3540 1204 3758 1275 Repre-

2107 1297 2280 1353 batus
2311 1295 2527 1368 quippe
2556 1300 2645 1352 est
2665 1313 2698 1351 a
2725 1295 3052 1363 Pharisaais,
3087 1295 3186 1365 qui
3221 1293 3570 1349 videbantur
3608 1292 3760 1348 586

2108 1385 2253 1457 legis
2278 1385 2492 1441 habere
2527 1384 2813 1440 notitiam.
2866 1383 3079 1456 Deique
3136 1382 3425 1455 templum
3474 1379 3762 1453 legalibus

2109 1473 2394 1529 aediﬁcare
2424 1473 2717 1529 mandatis
2741 1489 2754 1528 :
2780 1477 2838 1528 et
2857 1477 3203 1544 assumptus
3223 1489 3257 1528 a
3286 1472 3400 1528 Deo
3426 1471 3487 1526 in
3520 1469 3761 1543 angula-

2111 1579 2233 1618 rem
2263 1562 2540 1634 lapidem,
2570 1567 2634 1616 ut
2681 1563 2830 1618 duos
2865 1561 3114 1634 parietes
3161 1561 3287 1633 ipse
3317 1559 3548 1616 medius
3579 1559 3763 1615 conti-

2111 1657 2306 1707 neret:
2337 1656 2394 1707 et
2425 1669 2528 1723 per
2575 1650 2743 1706 illum
2785 1655 3029 1722 uterque
3060 1649 3310 1722 populus
3339 1666 3405 1705 ac
3435 1649 3622 1706 Deum
3654 1647 3765 1703 ha-

2111 1741 2272 1797 beret
2301 1756 2623 1796 accessum.
2657 1741 2772 1796 Iste
2821 1739 3117 1810 angularis
3163 1738 3334 1811 lapis,
3368 1753 3484 1793 non
3525 1737 3767 1793 creden-

2112 1828 2270 1885 tibus
2291 1828 2440 1902 lapis
2469 1828 2808 1885 oii‘ensionis
2838 1833 2944 1896 est,
2980 1832 3037 1884 et
3065 1831 3228 1900 petra
3257 1825 3514 1883 scandali
3541 1842 3554 1880 :
3590 1842 3770 1896 super

2116 1935 2290 1990 quem
2314 1919 2415 1990 qui
2445 1916 2736 1985 ceciderit,
2769 1907 3184 1990 quassabitur;
3217 1933 3394 1988 super
3422 1931 3595 1987 quem
3627 1931 3762 1970 vero

2118 2007 2242 2080 ipse
2271 2008 2572 2074 corruerit,
2621 2007 2983 2065 comminuet
3030 2023 3165 2062 eum
3205 2008 3360 2079 (Luc.
3403 2022 3496 2072 xx,
3536 2004 3621 2072 17,
3653 2003 3767 2076 28).

427 2222 552 2278 Duo
583 2223 996 2280 Cistercienses
1025 2240 1194 2289 mss.,
1251 2225 1483 2282 cwlestes
1510 2225 1871 2294 magnificare
1903 2225 2154 2280 virtutes.

1443 2543 1834 2630 LIBER
1921 2537 2682 2627 SECUNDUS.

433 2851 771 2908 Secundum
802 2852 1162 2910 orationibus
1189 2854 1417 2921 vestris,
1443 2872 1475 2910 ο
1505 2853 1684 2910 Paula
1713 2857 1770 2908 et
1807 2852 2012 2908 Eusto-

364 2940 588 3006 chium,
616 2942 686 2996 ad
718 2941 1000 3014 Ephesios
1017 2944 1626 3016 aggredimurlibrum
1658 2961 1670 2998 :
1696 2959 1842 2998 nova
1865 2958 2012 3013 quo-

365 3045 478 3100 que
507 3031 748 3086 Romam
800 3031 1156 3088 munuscula
1199 3033 1629 3089 transmissuri.
1681 3031 1804 3086 Non
1856 3030 2010 3102 quod

364 3117 486 3173 hanc
519 3118 792 3191 dignetur
833 3120 1022 3194 legere
1071 3122 1374 3178 doctorum
1423 3127 1682 3189 senatus,
1717 3125 1772 3177 et
1802 3119 2010 3176 biblio-

363 3205 551 3294 thecis
597 3212 856 3264 veterum
907 3210 1228 3266 ascribere:
1279 3213 1377 3267 sed
1429 3212 1584 3283 quod
1634 3215 1835 3267 sancta
1862 3212 2011 3264 Mar-
2047 3226 2091 3294 ρ

366 3293 512 3351 cella
541 3295 798 3369 idipsum
831 3298 954 3353 ﬁeri
987 3315 1088 3370 per
1117 3299 1392 3371 epistolas
1431 3299 1670 3373 ﬂagitet.
1701 3300 1878 3368 Cujus
1911 3313 2012 3368 ego

366 3385 829 3458 quotiescunque
869 3387 1222 3452 studiorum,
1271 3388 1512 3460 ingenii,
1545 3387 1783 3453 laboris,
1827 3403 2013 3442 recor-

367 3475 494 3539 dor,
523 3475 694 3531 toties
747 3492 840 3531 me
881 3476 1095 3531 damno
1143 3477 1385 3544 inertiae,
1419 3477 1516 3548 qui
1564 3477 1620 3531 in
1676 3475 2016 3532 monasterii

368 3563 709 3619 sollitudine
741 3565 1120 3632 constitutus,
1146 3570 1203 3622 et
1231 3566 1376 3622 illud
1427 3582 1684 3638 praesepe
1715 3579 1914 3621 contra
1939 3565 2018 3619 vi-

366 3653 533 3722 dens,
564 3651 623 3706 in
651 3669 766 3723 quo
795 3653 1122 3727 vagientem
1152 3655 1459 3728 parvulum
1480 3655 1673 3711 festini
1707 3654 2017 3709 adoravere

368 3744 630 3813 pastores
677 3741 830 3812 (Luc.
864 3759 925 3808 11,
960 3744 1046 3812 16,
1093 3745 1203 3814 17),
1250 3743 1307 3799 id
1349 3744 1536 3800 facere
1584 3761 1699 3799 non
1750 3759 2014 3814 possum,

369 3829 523 3902 quod
556 3829 770 3886 mulier
799 3830 1013 3887 nobilis
1060 3831 1212 3887 inter
1239 3838 1587 3904 strepentem
1622 3830 1928 3896 familiam,
1961 3836 2019 3888 et

369 3915 836 3992 procurationem
859 3922 1071 3977 domus
1092 3921 1283 3994 explet
1311 3922 1504 3994 operis
1525 3921 1848 3977 succisivis.
1873 3923 2016 3985 Qua-

369 4013 608 4081 propter
636 4012 693 4064 et
715 4007 873 4063 illam
900 4014 956 4064 et
983 4027 1106 4075 vos,
1132 4014 1192 4065 et
1214 4010 1263 4065 si
1295 4011 1392 4082 qui
1444 4011 1589 4065 forte
1618 4009 1823 4065 lecturi
1855 4013 2017 4076 sunt,

368 4097 428 4152 in
481 4114 794 4154 commune
849 4115 1071 4171 precor,
1114 4104 1180 4154 ut
1229 4098 1429 4155 sciatis
1485 4115 1577 4153 me
1635 4115 1751 4154 non
1798 4097 2016 4170 cogita-

368 4191 497 4242 tum
529 4187 630 4242 diu
670 4186 1062 4261 limatumque
1091 4188 1348 4260 proferre
1395 4204 1723 4244 sermonem
1751 4205 1763 4242 :
1797 4187 1898 4242 sed
1944 4187 2015 4240 ad

370 4273 679 4331 revelanda
719 4277 998 4348 mysteria
1044 4278 1498 4350 Scripturarum,
1537 4278 1619 4332 uti
1650 4277 1844 4332 verbis
1875 4293 2018 4348 pene

371 4365 443 4419 de
471 4363 661 4430 trivio,
693 4369 749 4421 et
778 4365 1075 4422 interdum
1107 4383 1209 4439 per
1251 4366 1516 4440 singulos
1555 4367 1681 4422 dies
1729 4382 1913 4438 usque
1944 4366 2015 4420 ad

370 4468 684 4508 numerum
737 4454 896 4509 mille
941 4471 1216 4511 versuum
1262 4456 1586 4530 pervenire,
1613 4460 1678 4511 ut
1727 4459 1913 4527 coepta
1958 4455 2016 4508 in

369 4542 710 4616 Apostolum
745 4543 1092 4616 explanatio,
1143 4545 1331 4616 ipsius
1373 4545 1554 4612 Pauli,
1589 4544 1760 4616 cujus
1790 4543 2018 4615 Episto-

371 4631 460 4689 las
482 4648 769 4689 conamur
796 4649 1104 4705 exponere,
1127 4633 1494 4690 orationibus
1523 4633 1903 4706 compleatur.

442 4723 603 4794 (Cap.
638 4723 730 4778 ΙΙΙ.
765 4754 834 4764 -
898 4723 1063 4779 Vere.
1094 4723 1118 4776 1
1172 4724 1362 4795 seqq.)
1397 4745 1425 4772 «
1464 4722 1652 4794 Hujus
1683 4721 1763 4776 rei
1812 4720 2019 4793 gratia,

370 4827 476 4884 ego
493 4810 710 4868 Paulus
733 4813 962 4867 vinctus
984 4813 1121 4867 Jesu
1150 4811 1386 4875 Christi,
1409 4827 1513 4884 pro
1537 4811 1701 4866 vobis
1714 4810 2018 4882 gentibus:

372 4900 419 4955 si
445 4904 643 4957 tamen
692 4901 943 4957 audistis
991 4899 1488 4972 dispensationen,
1515 4900 1713 4972 gratim
1745 4899 1864 4966 Dei,
1898 4915 2023 4970 quas

371 4989 508 5044 data
537 4994 625 5044 est
655 4989 798 5046 mihi
832 4990 890 5044 in
921 4990 1104 5046 vobis.
1139 4988 1424 5054 Quoniam
1455 4989 1780 5045 secundum
1811 4989 2022 5044 revela-

369 5076 590 5132 tionem
620 5078 918 5151 cognitum
944 5080 1159 5134 factum
1191 5083 1280 5135 est
1311 5078 1454 5134 mihi
1487 5078 1851 5152 mysterium,
1872 5079 2025 5134 sicut

372 5166 702 5240 praescripsi
733 5168 791 5223 in
825 5168 1088 5237 modico;
1123 5173 1297 5241 prout
1341 5168 1584 5241 potestis
1630 5167 1889 5240 legentes
1926 5170 2020 5223 in-

444 5329 462 5364 ¹
494 5327 668 5400 Quasi
713 5327 1073 5400 Origonianzs
1124 5328 1424 5385 sententiae
1460 5332 1676 5400 teneat
1713 5329 2020 5386 manifeste

373 5415 536 5457 reum
569 5399 626 5455 S.
662 5399 984 5466 Doctorem,
1026 5400 1275 5456 Ruﬁnus
1320 5400 1426 5456 hoc
1458 5399 1582 5456 loco
1634 5399 1886 5457 exsultat
1913 5400 2015 5458 lib.

376 5473 426 5538 1,
456 5487 620 5526 num.
651 5471 739 5526 40.
773 5475 986 5527 Verum
1019 5471 1175 5543 quod
1208 5471 1292 5526 illi
1344 5471 1572 5543 reponit
1616 5473 1673 5529 S.
1718 5473 1883 5528 Pater
1912 5471 2014 5528 lib.

376 5544 402 5598 1
446 5543 730 5616 Apologia:
757 5542 1162 5616 totumeludit
1217 5542 1533 5616 adversarii
1577 5543 1897 5616 impetum,
1915 5544 2015 5600 ubi

374 5613 544 5688 suam
575 5615 785 5688 cuique
815 5614 1007 5688 reddit
1033 5615 1255 5688 auctori
1285 5613 1607 5688 doctrinam
1631 5632 1643 5672 :
1664 5613 1697 5667 ἀ
1721 5615 1788 5671 Et
1807 5613 2012 5688 inlhoc,

373 5685 584 5761 inquit,
617 5685 896 5761 et‘supra
932 5686 1221 5762 triplicem
1271 5687 1692 5762 expositionem
1722 5686 1915 5762 posui.
1948 5689 2012 5745 In

2122 2848 2380 2922 telligere
2411 2865 2648 2905 sensum
2674 2866 2870 2906 meum
2896 2851 2956 2907 in
2981 2851 3256 2925 mysterio
3281 2849 3559 2908 Christi.»
3581 2851 3776 2917 Quan-

2122 2941 2248 2993 tum
2281 2937 2352 2992 ad
2384 2939 2862 3010 consequentiam
2891 2940 3180 2996 sermonis
3196 2943 3538 3012 textumque
3560 2938 3772 3011 eloquii

2123 3026 2396 3099 pertinet,
2424 3027 2498 3082 ad
2548 3027 2605 3082 id
2639 3030 2795 3100 quod
2845 3029 3160 3100 praemisit:
3214 3030 3396 3100 Hujus
3441 3030 3528 3084 rei
3571 3030 3774 3100 gratia,

2121 3131 2214 3187 ego
2247 3117 2453 3171 Paulus
2483 3118 2698 3172 vinctus
2723 3121 2862 3175 Jesu
2918 3119 3127 3174 Christi
3168 3135 3267 3191 pro
3296 3119 3459 3174 vobis
3500 3117 3775 3188 gentibus,

2123 3204 2570 3276 diligentissime
2600 3206 3022 3279 perquirentes,
3059 3207 3205 3264 nihil
3236 3209 3390 3280 quod
3421 3206 3473 3262 ei
3505 3207 3777 3263 reddide-

2124 3292 2220 3361 rit,
2255 3294 2556 3364 potuimus
2599 3295 2877 3352 invenire.
2912 3297 3109 3370 Neque
3155 3297 3312 3354 enim
3373 3296 3540 3362 dixit,
3599 3296 3778 3366 hujus

2124 3381 2205 3436 rei
2238 3382 2424 3454 gratia
2472 3399 2578 3455 ego
2621 3385 2842 3440 Paulus
2864 3385 2970 3442 hoc
3000 3386 3091 3442 vel
3121 3386 3230 3443 hoc
3261 3386 3391 3457 feci,
3422 3385 3512 3441 vel
3543 3385 3690 3441 illud
3719 3388 3780 3440 et

2127 3468 2272 3524 illud
2333 3470 2545 3526 docui:
2607 3474 2707 3528 sed
2767 3490 3055 3546 suspensa
3127 3478 3400 3531 manente
3464 3474 3778 3539 sententia,

2126 3563 2538 3630 transgressus
2570 3561 2640 3616 ad
2675 3561 2790 3618 alia
2819 3569 2926 3619 est.
2959 3564 3082 3620 Nisi
3115 3565 3260 3621 forte
3307 3565 3670 3635 ignoscentes
3702 3563 3777 3630 ei,

2125 3647 2285 3718 quod
2319 3651 2375 3703 et
2405 3647 2530 3720 ipso
2561 3650 2862 3708 confessus
2907 3657 2998 3708 est
3045 3652 3244 3710 dicens
3268 3669 3282 3709 ε
3305 3657 3376 3709 Et
3402 3655 3456 3709 si
3484 3653 3777 3724 imperitus

2123 3751 2394 3802 sermone,
2426 3754 2539 3794 non
2561 3743 2743 3795 tamen
2776 3741 3008 3798 scientia
3031 3731 3090 3814 (ι’
3107 3742 3228 3798 Cor.
3260 3760 3337 3805 x1.
3381 3742 3459 3812 6),
3493 3757 3777 3798 sensuum

2126 3825 2316 3896 magis
2339 3826 2396 3880 in
2431 3843 2497 3882 eo
2550 3845 2885 3900 quaeramus
2916 3831 3205 3896 ordinem,
3238 3848 3414 3904 quam
3445 3831 3776 3887 verborum.

2126 3913 2235 3977 Qui
2268 3913 2352 3970 sic
2389 3916 2551 3972 reddi
2601 3924 2829 3989 potest:
2873 3919 3052 3992 hujus
3080 3920 3159 3976 rei
3185 3919 3392 3993 gratia,
3425 3936 3530 3994 ego
3560 3919 3779 3975 Paulus

2124 4003 2355 4059 vinctus
2384 4005 2592 4062 Christi
2624 4008 2784 4077 Jesu,
2827 4013 2883 4064 et
2919 4009 3149 4066 vinctus
3183 4026 3285 4082 pro
3317 4010 3480 4065 vobis
3509 4009 3610 4081 qui
3637 4009 3779 4064 estis

2126 4107 2196 4147 ex
2225 4094 2518 4163 gentibus,
2559 4098 2800 4169 cognovi
2860 4099 3227 4172 mysterium,
3259 4103 3325 4154 ut
3352 4099 3516 4155 vobis
3545 4114 3782 4170 quoque

2124 4179 2270 4235 illud
2304 4183 2595 4240 traderem
2627 4203 2640 4240 :
2676 4186 2828 4242 sicut
2861 4187 2921 4243 in
2971 4187 3079 4244 hac
3109 4189 3313 4244 eadem
3344 4187 3601 4260 Epistola
3646 4192 3784 4244 ante

2127 4268 2437 4340 paululum
2469 4273 2619 4330 581
2647 4291 2778 4330 sum
2802 4276 3052 4334 locutus.
3087 4277 3319 4334 Debetis
3352 4282 3546 4333 autem
3579 4276 3783 4332 audire

2126 4356 2625 4428 dispensationem
2673 4365 2871 4436 gratiae
2914 4366 3033 4434 Dei,
3082 4382 3209 4439 quas
3252 4366 3389 4422 data
3423 4370 3512 4422 est
3542 4364 3689 4421 mihi
3720 4365 3779 4421 in

2125 4445 2295 4502 vobis
2326 4449 2426 4520 qui
2473 4451 2614 4506 estis
2647 4469 2715 4508 ex
2764 4454 3054 4526 gentibus,
3081 4472 3184 4527 pro
3217 4454 3432 4528 quibus
3462 4458 3520 4510 et
3547 4454 3780 4511 vinctus

2128 4551 2261 4590 sum
2317 4538 2457 4595 Jesu
2517 4541 2750 4597 Christi.
2809 4543 3085 4600 Vinctum
3129 4549 3324 4600 autem
3372 4544 3514 4601 Jesu
3561 4542 3780 4599 Christi

2125 4623 2372 4682 Paulum
2414 4646 2541 4686 esse
2590 4648 2693 4703 pro
2722 4634 3015 4705 gentibus,
3051 4638 3242 4707 potest
3269 4639 3327 4690 et
3379 4634 3450 4689 de
3494 4631 3777 4704 martyrio

2129 4714 2414 4789 intelligi:
2451 4720 2603 4790 quod
2653 4720 2846 4776 Romae
2906 4719 2966 4776 in
2995 4720 3230 4777 vincula
3276 4720 3592 4791 coniectus,
3625 4717 3777 4774 hanc

2132 4807 2454 4880 Epistolam
2488 4808 2716 4864 miserit
2744 4826 2810 4866 eo
2841 4814 3103 4883 tempore
3125 4827 3240 4883 quo
3258 4811 3330 4866 ad
3353 4807 3778 4876 Philemonem,

2131 4902 2188 4953 et
2217 4898 2288 4953 ad
2321 4897 2718 4962 Colossenses.
2764 4903 2823 4955 et
2853 4899 2924 4972 ad
2957 4899 3362 4973 Philippenses
3392 4897 3451 4954 in
3483 4896 3596 4954 alio
3652 4895 3778 4952 loco

2132 4988 2383 5060 scriptas
2415 5004 2543 5044 esse
2565 4988 3044 5044 monstravimus.
3067 4987 3171 5044 Vel
3199 4991 3353 5044 certe
3383 4985 3523 5060 quia
3549 4985 3610 5041 in
3640 4985 3781 5058 plu-

2130 5077 2294 5132 ribus
2343 5076 2484 5133 locis
2533 5076 2749 5134 lectum
2780 5081 2870 5133 est
2893 5076 2934 5145 ¹,
2983 5076 3283 5134 vinculum
3323 5077 3532 5134 anime
3563 5091 3780 5147 corpus

2128 5165 2238 5222 hoc
2287 5165 2422 5237 dici,
2473 5182 2587 5240 quo
2646 5165 2815 5238 quasi
2854 5165 3055 5224 clausa
3094 5170 3361 5223 teneatur
3401 5165 3462 5222 in
3515 5179 3776 5221 carcere:

2129 5327 2340 5400 prima,
2397 5326 2539 5399 quid
2597 5326 2744 5384 mihi
2792 5327 3124 5400 videretur:
3181 5326 3575 5400 inisecunda,
3635 5325 3777 5400 quid

2125 5397 2721 5472 Origenes—assereret
2755 5415 2770 5454 :
2820 5398 2881 5455 in
2924 5399 3118 5465 tertia,
3178 5399 3317 5472 quid
3359 5397 3776 5472 Appolinarius

2125 5470 2330 5528 contra
2356 5470 2514 5545 illius
2544 5471 2762 5528 vadens
2792 5472 3042 5545 dogma,
3077 5470 3342 5545 sentiret.
3377 5470 3521 5545 Lege
3547 5474 3776 5545 Graecos

2121 5544 2607 5674 1Commentarios,
2639 5547 2696 5600 et
2745 5542 2859 5600 nisi
2891 5542 2995 5599 'ita
3041 5543 3329 5615 reperesis
3358 5542 3578 5602 crimen
3626 5542 3776 5600 fate-

2163 5631 2248 5674 or.

2163 5631 2248 5676 0P.
