4144 6202
310 371 432 438 509

978 366 1494 434 COMMENTAR.
1541 370 1619 434 IN
1661 367 1914 432 EPIS'I‘.
1959 367 2063 432 AD
2108 366 2388 432 EPHES.
2434 370 2587 434 LIB.
2629 369 2709 435 Il.
2755 367 2925 435 CAP.
2971 366 3081 435 ῙῙῙ.

3603 369 3722 434 510

314 504 572 563 dicimus
601 505 908 576 propterea
933 503 1174 560 Paulum
1205 504 1465 576 corporis
1516 504 1758 561 nexibus
1797 521 1956 560 coer-
1986 504 2042 571 Α
2070 504 2489 576 gelium,cujus
2511 503 2700 560 factus
2724 521 2857 560 sum
2875 502 3142 559 mlnister
3160 505 3481 562 secundum
3498 504 3721 563 donum

315 595 455 664 ceri,
489 610 597 650 nec
630 594 834 648 reverti
880 597 938 648 et
993 609 1121 649 esse
1177 611 1308 649 cum
1340 593 1588 662 Christo,
1623 598 1688 649 ut
1719 594 1972 666 perfecta

310 685 372 742 in
405 687 611 758 gentes
667 698 770 754 per
800 698 936 737 eum
995 683 1330 754 praedicatio
1376 683 1754 754 compleatur.
1814 684 1972 739 Licet

319 774 560 847 quidam
623 770 804 827 alium
837 787 1074 827 sensum
1110 772 1170 827 in
1202 772 1309 828 hoc
1340 772 1714 828 introducunt
1740 775 1780 839 ί,
1815 773 1970 844 quod

311 861 533 919 Paulus
589 860 1063 934 praadestinatus,
1117 865 1176 917 et
1205 862 1628 926 sanetiﬁcatus,
1681 878 1749 916 ex
1807 867 1970 916 utero

319 951 529 1008 matris
563 949 916 1018 suce,(Galat.
949 950 1185 1020 1,15),ad
1217 950 1684 1023 praedicationem
1708 951 1970 1022 gentium

317 1045 635 1109 antequam
668 1043 1026 1108 nasceretur,
1087 1044 1288 1110 postea
1324 1039 1556 1096 vincula
1585 1039 1778 1096 carnis
1811 1056 1970 1095 acce-

313 1129 492 1202 perit.
525 1129 671 1184 Puto
726 1132 920 1183 autem
951 1128 1105 1199 quod
1137 1133 1193 1183 et
1219 1128 1428 1184 vitiosa
1457 1129 1518 1184 in
1566 1128 1676 1184 hoc
1703 1128 1830 1184 loco
1859 1129 1974 1185 elo-

310 1218 478 1277 cutio
511 1217 610 1274 sit.
649 1218 753 1274 Pro
785 1234 850 1274 eo
878 1217 1036 1273 enim
1069 1218 1225 1289 quod
1257 1217 1458 1273 debuit
1504 1217 1695 1273 dicere
1746 1236 1760 1273 :
1794 1217 1973 1289 hujus

311 1308 395 1364 rei
428 1307 642 1379 gratia,
703 1321 808 1379 ego
865 1304 1085 1362 Paulus
1142 1306 1370 1362 vinctus
1429 1308 1569 1362 Jesu
1625 1306 1835 1362 Christi
1871 1323 1972 1378 pro

310 1397 480 1453 vobis
510 1395 808 1470 gentibus,
841 1395 1082 1467 cognovi
1137 1395 1500 1468 mysterium,
1554 1396 1708 1451 sicut
1737 1400 1793 1451 et
1823 1413 1971 1468 prae-

313 1486 526 1558 scripsi
554 1484 615 1541 in
648 1484 898 1552 modico,
953 1488 1127 1557 prout
1175 1485 1418 1556 potestis
1468 1485 1724 1556 legentes
1755 1484 1971 1539 intelli-

315 1591 477 1649 gere,
512 1573 626 1629 ait:
659 1573 840 1645 hujus
872 1573 950 1629 rei
985 1572 1170 1647 gratia
1227 1589 1332 1645 ego
1375 1573 1592 1630 Paulus
1621 1574 1851 1630 vinctus
1883 1590 1972 1629 se-

314 1663 577 1718 cundum
635 1661 1072 1734 revelationem,
1128 1663 1428 1736 cognitum
1463 1663 1680 1717 factum
1711 1667 1800 1718 est
1828 1661 1973 1717 mihi

312 1751 690 1826 mysterium,
722 1756 778 1806 et
832 1751 1078 1824 reliqua.
1133 1753 1188 1808 Si
1219 1768 1356 1807 vero
1406 1752 1539 1824 quis
1571 1755 1762 1823 potest
1791 1752 1972 1807 etiam

301 1841 480 1912 juxta
543 1840 834 1897 sermonis
864 1845 920 1896 et
951 1840 1166 1914 eloquii
1198 1844 1532 1897 contextum
1564 1841 1787 1908 docere,
1820 1847 1970 1912 Apo-
2005 1876 2054 1942 Β

310 1930 536 1988 stolum
597 1930 781 1986 fuisse
839 1930 1185 2002 perfectum,
1245 1934 1301 1985 et
1357 1930 1415 1985 in
1475 1930 1617 1984 artis
1647 1930 1976 2002 gramaticaa

322 2019 468 2075 vitia
513 2036 630 2074 non
683 2019 1021 2086 incurrisse,
1054 2019 1152 2075 ille
1182 2019 1378 2090 potius
1410 2019 1838 2075 auscultandus
1869 2024 1973 2076 est.

325 2108 448 2166 Nos
503 2108 969 2181 quotiescunque
1022 2107 1382 2165 soloecismos
1439 2109 1479 2174 ³,
1511 2114 1611 2162 aut
1668 2107 1782 2163 tale
1838 2109 1976 2180 quid

269 2185 276 2190 i
325 2198 883 2262 adnotavimus,non
915 2196 1258 2269 Apostolum
1291 2196 1694 2269 pulsamus,ut
1724 2197 1978 2253 malivoli

323 2287 846 2353 criminantur,sed
879 2285 1068 2358 magis
1101 2285 1360 2358 Apostoli
1400 2290 1718 2341 assertores
1749 2303 1977 2358 sumus,

336 2375 498 2447 quod
533 2375 805 2431 Hebraeus
836 2391 905 2430 ex
932 2375 1189 2431 Hebraeis
1216 2376 1480 2446 (Philipp.
1505 2391 1590 2440 ιιι,
1625 2375 1736 2444 15),
1759 2375 1981 2447 absque

339 2464 614 2520 rhetorici
675 2464 864 2520 nitore
901 2465 1210 2534 sermonis,
1243 2469 1300 2520 et
1335 2464 1645 2520 verborum
1689 2465 1990 2536 composi;

322 2552 510 2620 tione,
565 2557 622 2608 et
675 2552 892 2626 eloquii
941 2557 1267 2620 venustate,
1320 2571 1622 2626 nunquam
1684 2555 1752 2609 ad
1806 2554 1977 2610 fidem

321 2640 538 2698 Christi
569 2645 759 2697 totum
792 2642 1086 2698 mundum
1118 2643 1499 2699 transducere
1528 2641 1831 2710 valuisset,
1865 2644 1980 2699 nisi

320 2729 780 2804 evangelizasset
828 2748 962 2787 eum
1017 2748 1130 2787 non
1164 2732 1224 2787 in
1256 2731 1545 2804 sapientia
1570 2733 1751 2800 verbi,
1785 2735 1885 2789 sed
1919 2733 1978 2788 in

319 2820 535 2876 virtute
564 2820 686 2875 Dei.
722 2820 866 2875 Nam
900 2825 958 2876 et
987 2820 1113 2893 ipse
1143 2821 1212 2876 ad
1246 2820 1578 2878 Corinthios
1629 2822 1712 2878 ait
1745 2839 1756 2877 :
1793 2823 1855 2877 Et
1884 2838 1980 2890 ego

321 2926 446 2965 cum
476 2911 742 2966 venissem
772 2909 842 2965 ad
870 2926 981 2975 vos,
1011 2910 1232 2979 fratres,
1264 2912 1390 2966 veni
1416 2927 1528 2966 non
1579 2913 1636 2966 in
1676 2912 1981 2966 eminentia

321 2997 478 3053 verbi
537 3007 633 3054 aut
677 3000 971 3071 sapientiae
1000 2999 1154 3056 588
1186 3001 1529 3056 annuntians
1560 3001 1705 3055 vobis
1732 3002 1978 3054 testimo-

321 3089 484 3141 nium
507 3089 616 3143 Dei
653 3089 701 3157 (I
727 3087 828 3143 Cor
858 3104 921 3152 ιι,
949 3088 1101 3156 1).1⁴]ῒ
1131 3105 1364 3143 rursum
1397 3106 1408 3144 :
1433 3091 1496 3144 Et
1525 3089 1746 3144 verbum
1774 3104 1979 3154 meum,

321 3184 377 3232 et
427 3176 754 3248 praedicatio
807 3193 950 3246 mea,
978 3193 1090 3233 non
1125 3178 1184 3232 in
1235 3179 1499 3233 suasoriis
1542 3180 1829 3249 sapientiae
1857 3193 1978 3232 ver-

2080 593 2280 667 gratiae
2311 593 2566 665 Dei,qua°.
2586 594 2723 649 data
2743 599 2834 650 est
2855 593 2998 649 mihi
3021 595 3185 664 juxta
3197 594 3593 665 operationem
3612 596 3721 651 vir-

2079 685 2224 740 tutis
2254 685 2438 754 ejus.»
2468 683 2809 754 Mysterium
2831 683 3045 740 Christi
3069 684 3226 754 quod
3253 699 3322 739 ex
3352 688 3514 756 parte
3542 703 3723 757 supra

2078 773 2390 846 Apostolus
2420 776 2727 830 exsecutus
2757 777 2868 837 est,
2902 772 3195 846 quomodo
3238 771 3368 828 aliis
3397 773 3722 841 generatio-

2083 862 2258 918 nibus
2289 861 2466 917 fuerit
2494 862 2784 933 ignotum,
2809 862 3040 932 plenius
3090 862 3526 917 retractandum
3573 862 3724 918 vide-

2081 955 2218 1007 tur:
2255 955 2532 1007 utrumne
2575 950 2892 1021 Abraham,
2939 951 3120 1007 Jacob
3171 955 3228 1006 et
3257 951 3505 1024 Moyses,
3538 950 3722 1008 Isaias

2083 1046 2139 1096 et
2169 1040 2358 1096 caeteri
2390 1040 2683 1112 propheta
2723 1039 2867 1095 illud
2907 1039 3318 1112 ignoraverint,
3352 1057 3425 1096 an
3457 1055 3572 1095 non
3602 1040 3630 1092 ‘2
3678 1043 3724 1096 A

2085 1131 2301 1202 quibus
2331 1146 2460 1186 esse
2490 1129 2832 1202 pradictum
2864 1129 3179 1184 adventum
3211 1128 3427 1188 Christi
3471 1133 3528 1184 et
3554 1146 3723 1185 voca-

2081 1219 2303 1276 tionem
2334 1218 2624 1282 Gentium,
2658 1217 2958 1290 Scriptura
2986 1217 3726 1274 commemorat.Abraham

2083 1310 2299 1380 quippe
2327 1308 2472 1364 vidit
2502 1308 2656 1363 diem
2687 1308 2836 1378 ejus,
2895 1312 2951 1363 et
2981 1307 3208 1363 laetatus
3255 1312 3344 1363 est
3380 1309 3569 1376 (Joan.
3601 1325 3725 1378 vui,

2081 1398 2197 1468 56),
2228 1402 2285 1453 et
2316 1397 2530 1453 dicitur
2568 1396 2618 1453 ei
2653 1397 3091 1454 :Benedicentur
3129 1398 3186 1451 in
3242 1399 3450 1454 semine
3499 1406 3588 1453 tuo
3617 1414 3728 1454 om-

2082 1504 2182 1543 nes
2207 1495 2387 1559 gentes
2418 1487 2569 1560 (Gen.
2602 1505 2737 1552 xxu,
2770 1488 2878 1559 18).
2906 1489 2977 1543 Et
3000 1487 3174 1543 Jacob
3204 1488 3275 1542 de
3305 1503 3371 1542 eo
3401 1487 3502 1559 qui
3529 1486 3726 1542 oriun-

2083 1577 2196 1632 dus
2226 1582 2383 1633 esset
2411 1594 2480 1633 ex
2507 1577 2538 1634 J
2547 1578 2662 1632 uda
2693 1576 3028 1649 prophetica
3050 1576 3313 1647 loquitur
3342 1592 3354 1630 :
3393 1580 3457 1634 Et
3477 1578 3598 1646 ipse
3624 1579 3729 1634 erit

2083 1669 2414 1738 exspectatio
2443 1668 2680 1737 gretium
2710 1665 2866 1736 (Gen.
2914 1683 3064 1731 xux,
3103 1665 3210 1736 18).
3245 1669 3467 1738 Moyses
3497 1682 3730 1738 quoque

2085 1756 2337 1827 majores
2394 1755 2626 1811 divitias
2693 1756 2920 1828 ngypti
2977 1755 3292 1823 thesauris,
3352 1755 3731 1828 opprobrium

2083 1844 2300 1902 Christi
2367 1844 2688 1900 arbitratus
2753 1847 2843 1900 est
2907 1844 3090 1915 (Hebr.
3157 1861 3235 1910 x1,
3294 1845 3407 1916 26).
3469 1844 3621 1901 589
3665 1843 3737 1904 Et

2090 1933 2316 1989 Isaias:
2361 1935 2510 2002 Ecce,
2551 1933 2764 2004 inquit,
2819 1935 2973 2002 virgo
3031 1934 3092 1987 in
3147 1936 3300 1989 utero
3357 1935 3646 2001 concipiet,
3685 1938 3736 1989 et

2087 2024 2266 2094 pariet
2322 2025 2453 2090 (Isa.
2487 2039 2586 2088 vn,
2648 2022 2756 2092 14).
2821 2021 2888 2076 Et
2935 2020 3075 2076 alibi
3107 2037 3121 2076 :
3153 2022 3274 2076 Erit
3302 2023 3462 2091 virga
3487 2023 3651 2091 Iesse,
3683 2025 3738 2076 et

2087 2114 2184 2185 qui
2212 2115 2394 2183 surget
2443 2111 2514 2167 ad
2556 2111 2900 2183 regnandum
2946 2110 3203 2181 gentibus
3229 2127 3251 2172 ;
3282 2112 3340 2165 in
3384 2112 3503 2178 ipso
3551 2113 3736 2182 gentes

2087 2202 2384 2272 sperabunt
2413 2201 2538 2271 (Isa.
2597 2217 2677 2270 χι,
2739 2200 2846 2271 10).
2897 2200 2965 2254 Et
3011 2216 3084 2255 ne
3123 2198 3362 2272 longum
3395 2199 3515 2266 fiat,
3548 2215 3736 2272 pauca

2089 2291 2161 2346 de
2189 2289 2441 2345 Psalmis
2473 2289 2688 2345 dixisse
2719 2288 2974 2345 sufﬁciat
3031 2305 3044 2344 :
3095 2289 3160 2344 Et
3186 2289 3490 2345 adorabunt
3518 2291 3579 2345 in
3607 2305 3736 2346 con-

2085 2382 2276 2452 spectu
2305 2381 2426 2451 ejus
2456 2395 2639 2435 omnes
2692 2379 2934 2450 familiae
2987 2379 3233 2446 gentium
3262 2378 3436 2449 (Psal.
3465 2394 3584 2444 χχι,
3622 2378 3737 2448 28).

2089 2471 2160 2524 Et
2189 2468 2401 2524 iterum
2462 2484 2475 2524 :
2538 2467 2736 2524 Omnes
2773 2471 2960 2539 gentes
2987 2469 3224 2523 servient
3252 2468 3306 2523 ei
3361 2467 3534 2537 (Psal.
3589 2483 3740 2535 LXXI,

2091 2558 2198 2625 11).
2243 2557 2309 2613 Et
2337 2557 2528 2612 adhuc
2581 2556 2956 2613 manifestius
3003 2557 3074 2612 de
3105 2555 3320 2628 populo
3350 2555 3550 2623 Israel,
3584 2562 3642 2612 et
3670 2557 3740 2612 de

2088 2647 2335 2702 Domino
2365 2645 2658 2702 Salvatore
2690 2663 2703 2701 :
2743 2647 2926 2702 Visita
2980 2647 3198 2703 vineam
3241 2647 3433 2713 istam,
3464 2653 3517 2702 et
3543 2645 3742 2716 perﬁce

2087 2752 2206 2791 eam
2255 2751 2421 2807 quam
2466 2736 2745 2807 plantavit
2795 2735 3026 2790 dextera
3081 2737 3197 2801 tua,
3259 2737 3309 2789 et
3362 2749 3527 2804 super
3555 2734 3738 2803 ﬁlium

2087 2841 2248 2898 quem
2276 2826 2618 2895 conﬁrmasti
2645 2825 2747 2880 tibi
2775 2825 2949 2892 (Psal.
2984 2840 3171 2884 Lxxix,
3231 2823 3319 2887 15,
3388 2824 3495 2889 16).
3556 2821 3739 2892 Cujus

2088 2914 2266 2970 etiam
2299 2913 2556 2984 corporis
2586 2913 2945 2984 dispensatio
3005 2912 3063 2967 in
3103 2910 3596 2983 consequentibus
3647 2909 3738 2965 in-

2089 3002 2320 3058 dicatur
2354 3020 2366 3059 :
2398 3004 2519 3058 Fiat
2544 3019 2742 3057 manus
2771 3011 2868 3058 tua
2922 3016 3084 3073 super
3112 3001 3293 3056 virum
3333 3000 3573 3056 dextera
3601 3007 3735 3068 tuae,

2087 3099 2138 3147 et
2164 3107 2326 3162 super
2353 3091 2535 3159 ﬁlium
2567 3091 2804 3146 hominis
2859 3105 3018 3161 quem
3050 3088 3389 3158 conﬁrmasti
3436 3089 3538 3144 tibi
3565 3088 3734 3160 (Ibid.

2092 3180 2201 3248 18).
2256 3181 2372 3235 Aut
2427 3179 2606 3252 igitur
2645 3181 2815 3249 juxta
2871 3178 3233 3243 Montanum,
3287 3177 3648 3249 patriarchas
3681 3181 3739 3232 et

322 3266 428 3334 bis,
459 3265 550 3327 sed
603 3267 669 3321 in
725 3267 1024 3322 ostensione
1076 3266 1306 3337 spiritus
1353 3274 1406 3322 et
1458 3269 1698 3337 virtutis,
1749 3274 1808 3321 ut
1846 3266 1976 3336 ﬁdes
2008 3249 2052 3318 Ο
2092 3266 2406 3340 pr0phetas
2449 3249 2507 3322 in
2561 3267 2770 3323 ecstasi
2819 3267 3046 3324 locutos
3094 3266 3521 3339 accipiendum,
3552 3271 3610 3322 et
3637 3283 3739 3322 ne-

321 3362 500 3410 vestra
531 3370 643 3410 non
672 3357 743 3410 sit
774 3357 832 3410 in
885 3357 1162 3427 sapientia
1219 3355 1522 3426 hominum,
1554 3355 1644 3411 sed
1682 3357 1743 3410 in
1773 3357 1982 3410 virtute

320 3443 422 3499 Dei
461 3443 646 3513 (lbid.,
676 3445 730 3515 4,
761 3445 836 3514 5).
872 3444 984 3500 Iste
1016 3444 1197 3518 igitur
1228 3445 1330 3517 qui
1362 3444 1725 3500 solrecismos
1770 3443 1829 3499 in
1861 3461 1983 3499 ver-

323 3532 418 3587 bis
450 3531 608 3600 facit,
641 3533 738 3605 qui
771 3549 886 3588 non
928 3538 1120 3606 potest
1167 3533 1526 3606 hyperbaton
1557 3533 1820 3600 reddere,
1848 3550 1980 3589 sen-

319 3622 690 3692 tentiamque
719 3621 1087 3688 concludere,
1122 3624 1400 3678 audacter
1427 3623 1541 3679 sibi
1589 3623 1847 3678 vindicat
1895 3641 1981 3679 sa-

320 3709 632 3784 pientiam,
664 3715 720 3765 et
747 3710 889 3766 dicit
919 3727 931 3767 :
969 3713 1237 3780 Quoniam
1266 3714 1562 3769 secundum
1594 3713 1982 3768 reuelationem

319 3801 604 3868 cognitum
636 3804 720 3854 est
767 3800 912 3855 Mihi
966 3803 1316 3872 mysterium,
1367 3804 1506 3857 sicut
1556 3801 1870 3873 praescripsi
1923 3803 1983 3856 in

319 3889 553 3944 modia).
588 3888 736 3944 Vere
769 3889 926 3945 enim
952 3889 1001 3944 si
1034 3889 1166 3961 quis
1193 3890 1495 3962 superiora
1515 3890 1695 3959 hujus
1724 3889 1982 3962 epistola:

321 3977 774 4049 contempletur,
806 3977 1025 4035 videbit
1043 3979 1094 4034 ei
1125 3978 1378 4035 revelata
1399 3979 1696 4052 mysteria,
1730 3995 1979 4050 quorum

319 4070 550 4138 partem
580 4067 902 4138 quamdam
937 4068 1230 4124 modicam
1265 4084 1370 4123 suo
1401 4083 1669 4124 sermone
1699 4066 1981 4139 perstrin-

316 4155 407 4212 xit
439 4172 555 4211 non
589 4159 710 4211 tam
764 4159 952 4212 totum
986 4157 1143 4228 quod
1177 4161 1415 4214 noverat
1444 4156 1771 4230 proferens,
1805 4172 1981 4227 quam

323 4243 648 4299 ostendens
679 4258 749 4299 ex
779 4244 1009 4300 modico
1041 4244 1178 4316 quid
1212 4247 1448 4300 taceret.
1509 4242 1686 4298 Prout
1715 4243 1981 4314 potestis,

311 4331 512 4403 inquit
565 4331 824 4404 legentes
885 4331 1217 4404 intelligere
1290 4349 1530 4388 sensum
1589 4348 1808 4402 meum,
1864 4332 1985 4388 sive

316 4419 687 4492 sapientiam
718 4421 775 4476 in
810 4421 1086 4494 mysterio
1115 4421 1350 4477 Christi.
1385 4421 1504 4478 Hoc
1534 4425 1622 4476 est
1652 4419 1796 4475 illud
1830 4420 1980 4492 quod

312 4509 376 4564 in
413 4508 756 4580 praefatione
797 4510 1056 4565 diximus
1089 4527 1101 4565 :
1136 4508 1358 4566 nullam
1395 4508 1785 4582 Epistolarum
1822 4507 1984 4564 Pauli

316 4600 488 4686 tanta
547 4596 764 4654 habere
821 4597 1131 4671 mysteria,
1172 4603 1292 4686 tam
1333 4596 1646 4653 reconditis
1713 4597 1984 4686 sensibus
2015 4617 2065 4686 D

322 4683 678 4754 involutam,
738 4703 888 4758 quos
946 4691 1004 4744 et
1048 4685 1362 4760 Apostolus
1393 4702 1566 4741 nosse
1592 4700 1653 4741 se
1684 4685 1989 4773 gloriatur,

318 4778 378 4829 et
410 4775 583 4831 nobis
618 4775 907 4832 indicatos
950 4777 1206 4832 breviter
1261 4774 1535 4840 ostendit,
1589 4778 1654 4829 ut
1710 4774 1987 4829 attentius

321 4879 456 4935 qua
487 4869 633 4920 sunt
662 4864 904 4937 scripta,
938 4864 1292 4938 relegamus.

392 4952 584 5023 (Vere.
615 4955 652 5008 5
686 4953 878 5027 seqq.)
912 4977 940 5003 «
973 4955 1044 5010 Et
1076 4952 1182 5026 [AL
1216 4952 1399 5024 quod]
1434 4950 1566 5008 aliis
1597 4950 1986 5025 generationi-

321 5039 442 5095 bus
501 5058 618 5098 non
652 5041 763 5098 fuit
819 5047 1023 5098 notum
1086 5040 1222 5096 ﬁliis
1279 5040 1610 5108 hominum,
1649 5040 1800 5098 sicut
1829 5057 1987 5096 nunc

327 5129 653 5186 revelatum
688 5135 779 5187 est
807 5131 1028 5187 sanctis
1049 5131 1178 5202 ejus
1210 5129 1492 5202 apostolis
1522 5135 1580 5186 et
1606 5130 1906 5204 prophetis
1927 5130 1988 5185 in

316 5217 564 5289 Spiritu,
597 5235 726 5276 esse
757 5224 964 5292 gentes
997 5217 1350 5286 cohaaredes,
1409 5223 1467 5273 et
1523 5217 1984 5290 concorporales,

316 5311 381 5362 et
413 5307 858 5382 comparticipes
889 5305 1308 5380 promissionis
1326 5305 1384 5362 in
1417 5305 1647 5363 Christo
1671 5322 1776 5379 per
1801 5306 1986 5363 Evan-

396 5490 412 5524 ¹
451 5490 631 5544 Penes
663 5488 964 5556 Ruﬁnum,
1000 5489 1056 5545 in
1091 5488 1187 5546 hoc
1217 5490 1328 5546 loco
1358 5487 1701 5545 introducat.

389 5559 414 5594 ²
445 5560 806 5634 Conferenda
835 5559 1082 5634 epistola
1122 5561 1224 5634 12_O
1264 5561 1335 5634 ad
1391 5560 1722 5634 Hedibiam,
1775 5565 1984 5634 quast.

319 5630 414 5696 11,
448 5635 509 5705 et
538 5645 666 5704 quae
698 5630 1083 5705 subsequitur
1132 5632 1527 5705 aduAlg'gasiam
1560 5630 1904 5705 quaest.i10,
1928 5637 1986 5687 et

320 5699 504 5776 paulo
525 5699 798 5778 superius
827 5699 1248 5764 Co'mmentarii
1279 5699 1351 5762 ad
1381 5699 1616 5764 Galatas
1647 5721 1724 5777 ιν,
1751 5704 1841 5762 24.
1877 5699 1987 5762 Re-

2091 3357 2272 3412 scisse
2306 3374 2432 3428 quas
2462 3357 2714 3413 dixerint
2748 3375 2760 3412 :
2794 3360 2896 3412 aut
2923 3357 2970 3411 si
3002 3356 3113 3411 hoc
3169 3355 3418 3428 impium
3450 3360 3541 3412 est
3569 3355 3738 3428 spiri~

2089 3447 2186 3499 tus
2243 3443 2460 3515 quippe
2516 3442 2934 3515 prophetarum
2968 3442 3266 3514 prophetis
3295 3443 3597 3510 subjectus
3627 3443 3738 3515 est)

2089 3531 2497 3586 intellexerunt
2545 3531 2747 3602 utique
2808 3549 2935 3603 quae
2967 3529 3146 3587 locuti
3187 3536 3346 3588 sunt.
3391 3531 3458 3586 Et
3487 3531 3536 3587 si
3566 3531 3736 3587 intel-

2091 3619 2375 3691 lexerunt,
2427 3619 2690 3691 queritur
2759 3620 3051 3692 quomodo
3100 3635 3257 3676 nunc
3306 3619 3522 3676 Paulus
3561 3620 3738 3688 dicat,

2092 3710 2248 3781 quod
2279 3709 2409 3764 aliis
2440 3709 2915 3781 generationibus
2945 3726 3058 3764 non
3117 3709 3228 3764 fuit
3279 3713 3504 3777 notum,
3558 3709 3740 3766 fuisse

2091 3797 2303 3852 Christi
2363 3796 2643 3868 apostolis
2701 3797 3040 3853 revelatum.
3098 3801 3212 3854 Aut
3242 3797 3423 3871 igitur
3470 3796 3611 3852 illud
3650 3801 3740 3854 est

2091 3885 2590 3955 respondendum,
2653 3886 2810 3957 quod
2850 3890 3020 3942 caute
3048 3885 3267 3942 Paulus
3325 3885 3738 3958 signanterque

2089 3977 2339 4029 testatus
2372 3973 2468 4041 sit,
2500 3973 2637 4029 filiis
2669 3975 2976 4030 hominum
3009 3975 3274 4048 ignotum
3310 3974 3490 4030 fuisse
3521 3978 3734 4046 myste-

2091 4061 2266 4129 rium,
2301 4079 2415 4118 non
2449 4061 2587 4118 filiis
2619 4062 2736 4132 Dei,
2769 4064 2839 4118 ad
2875 4081 3024 4135 quos
3077 4064 3340 4136 loquitur
3370 4080 3384 4119 :
3418 4066 3524 4134 Ego
3556 4062 3684 4118 dixi
3718 4079 3736 4116 :

2095 4152 2184 4206 Dii
2235 4151 2385 4214 estis,
2445 4159 2494 4206 et
2551 4153 2663 4221 Ῑὶἰεὶ
2725 4153 2958 4208 Excelsi
3013 4169 3201 4208 omnes
3231 4153 3623 4224 (Psal.Lxxx1,
3655 4151 3734 4222 6).

2093 4240 2252 4307 Quod
2287 4239 2506 4295 scilicet
2527 4240 2586 4296 hi
2619 4241 2718 4312 qui
2741 4240 3012 4311 spiritum
3038 4241 3368 4313 adOptionis
3389 4240 3738 4314 acceperint,

2094 4328 2164 4382 de
2195 4327 2412 4399 quibus
2459 4327 2825 4399 patriarchae,
2876 4333 2934 4384 et
2990 4328 3285 4401 prophetae
3342 4328 3579 4398 fuerint,
3639 4327 3741 4384 Dei

2095 4416 2335 4472 scierint
2365 4422 2824 4472 sacramentum.
2860 4421 2976 4473 Aut
3007 4417 3056 4474 si
3086 4417 3197 4474 hoc
3229 4435 3344 4474 non
3374 4417 3672 4490 recipitur,
3689 4422 3746 4473 et

2096 4505 2344 4560 nimium
2366 4505 2683 4561 violentum
2715 4510 2773 4562 et
2799 4511 3066 4563 coactum
3097 4507 3349 4575 videtur,
3383 4507 3524 4562 illuc
3551 4523 3744 4563 sermo

2095 4593 2390 4665 transibit,
2425 4598 2490 4649 ut
2520 4595 2675 4649 dicat
2730 4612 2845 4651 non
2903 4597 3140 4652 definite
3173 4601 3229 4652 et
3275 4594 3623 4668 generaliter
3651 4594 3744 4649 di-

2096 4681 2254 4740 xisse
2283 4682 2530 4739 Paulum
2560 4682 2690 4738 aliis
2745 4685 3222 4756 generationibus
3251 4685 3517 4756 ignotum
3565 4681 3745 4739 fuisse

2097 4770 2337 4827 omnino
2396 4771 2624 4827 Domini
2687 4779 3122 4829 sacramentum
3159 4789 3171 4827 :
3205 4773 3306 4829 sed
3339 4772 3422 4829 sic
3452 4772 3745 4845 quomodo

2097 4876 2254 4916 nunc
2287 4860 2608 4917 revelatum
2672 4867 2759 4917 est
2788 4862 3007 4918 sanctis
3066 4863 3195 4934 ejus
3225 4867 3284 4918 et
3311 4861 3612 4935 apostolis,
3644 4877 3744 4917 ne-

2097 4948 2279 5006 scisse
2308 4950 2670 5022 patriarchas
2699 4955 2944 5018 veteres,
2975 4956 3031 5006 et
3059 4952 3393 5024 prophetas.
3452 4951 3626 5006 Aliud
3657 4955 3747 5009 est

2095 5037 2252 5093 enim
2307 5039 2366 5094 in
2400 5039 2607 5111 spiritu
2638 5044 2880 5095 ventura
2938 5057 3307 5114 cognoscere,
3338 5039 3497 5096 aliud
3527 5058 3595 5097 ea
3623 5056 3745 5096 cer-

2097 5143 2234 5183 nere
2264 5144 2434 5200 opere
2465 5128 2772 5200 completa.
2835 5128 2997 5185 Unde
3050 5135 3108 5187 et
3157 5129 3412 5188 Joannes
3441 5134 3747 5204 propterea

2096 5216 2285 5288 major
2341 5216 2642 5289 prophetis
2701 5217 2978 5274 omnibus
3034 5218 3250 5277 dicitur
3278 5224 3432 5288 (Luc.
3462 5237 3565 5282 vn,
3595 5220 3686 5288 28)
3728 5235 3740 5274 :

2097 5305 2236 5378 quia
2292 5320 2467 5377 quem
2522 5303 2714 5362 caeteri
2772 5305 3218 5380 prophetarunt,
3278 5307 3404 5382 ipse
3431 5323 3744 5382 conspexe-

2093 5487 2369 5560 ferendus
2399 5486 2524 5560 huc,
2545 5502 2778 5560 quoque
2807 5491 2898 5544 est
2925 5487 3380 5560 Chrysostomus
3410 5486 3652 5544 homil.3
3681 5487 3738 5560 in

2094 5561 2120 5617 Ι
2150 5559 2380 5636 ad_Cor.
2416 5575 2429 5614 :
2463 5557 2970 5636 Theodoritusjzde
3015 5557 3279 5617 curandis
3310 5558 3740 5636 ϐνκσοροαηιζαίε

2097 5631 2322 5690 fectibus
2365 5632 2608 5704 serm.|8
2638 5636 2747 5688 etc.
