4144 6202
393 347 506 410 511

397 479 492 546 rit,
528 483 585 535 et
613 479 798 554 digito
857 481 1293 556 demonstrarit,
1353 486 1552 544 dicens

396 571 542 625 Dei:
574 585 691 625 ecce
731 572 826 642 qui
885 573 1027 626 tollit
1077 583 1299 644 peccata
1364 577 1557 632 mundi
1615 577 1793 648 (Joan.
1844 597 1880 645 1,
1933 580 2046 649 29).

401 657 576 715 Juxta
606 675 778 730 quem
813 676 1052 716 sensum
1100 667 1156 717 et
1183 662 1326 718 illud
1358 666 1564 736 exponi
1599 672 1789 739 potest
1823 685 1834 722 :
1879 669 2052 724 Multi

397 748 679 821 pr0phctee
735 758 788 804 et
833 751 984 819 justi
1036 755 1326 823 cupierunt
1381 755 1563 811 videre
1598 773 1721 827 quae
1751 757 1962 824 videtis,
1997 768 2051 814 et
2095 757 2100 760 ’

400 853 511 892 non
541 838 814 909 viderunt,
873 845 926 894 et
976 841 1175 897 audire
1230 859 1349 913 quae
1379 845 1603 913 auditis,
1637 851 1688 902 et
1719 865 1830 901 non
1862 849 2049 903 audie-

401 934 532 980 runt
559 927 711 997 (Luc.
769 945 802 982 ι
858 930 968 994 2-1).
1023 930 1151 985 I-lozc
1182 931 1384 1003 utique
1413 933 1605 990 videre
1635 939 1690 990 et
1720 937 1918 992 audire
1949 954 2048 992 cu-

403 1014 660 1086 piebant,
695 1032 824 1087 quae
863 1019 1059 1072 futura
1116 1026 1522 1092 cognoverant.
1557 1024 1719 1086 Quod
1751 1024 1798 1078 si
1831 1025 2050 1081 nescie-

402 1103 546 1158 bant
575 1109 838 1168 ventura,
883 1108 1171 1174 quomodo
1218 1109 1549 1166 desiderare
1597 1118 1886 1184 poterant,
1924 1131 2050 1186 quae

405 1192 640 1264 penitus
671 1193 1068 1265 ignorabant?
1099 1197 1372 1268 Legimus
1405 1199 1462 1254 in
1497 1201 1828 1272 Regnorum
1861 1203 2048 1271 libris,

405 1280 720 1336 Dominum
753 1285 907 1339 5'90
939 1283 1234 1340 Salomoni
1275 1287 1334 1342 in
1394 1290 1625 1344 somnia
1681 1290 2051 1362 pollicentem

407 1374 584 1440 atque
650 1371 935 1427 dicentem
1006 1391 1018 1428 :
1089 1380 1198 1430 Pro
1255 1391 1314 1431 eo
1344 1377 1482 1447 quod
1510 1380 1715 1449 petiisti
1744 1397 1778 1434 α
1819 1397 1904 1436 me
1930 1398 2052 1436 ver-

408 1459 535 1512 bum
588 1461 750 1527 istud,
815 1467 865 1516 et
921 1478 1029 1518 non
1081 1466 1300 1534 petiisti
1355 1467 1456 1520 tibi
1519 1467 1632 1522 dies
1699 1470 1917 1539 multos,
1955 1487 2055 1525 nec

401 1550 689 1620 postulasti
733 1550 980 1618 divitias,
1027 1569 1126 1607 nec
1182 1556 1400 1610 animas
1430 1557 1783 1612 inimicorum
1813 1567 2051 1625 tuorum,

406 1637 488 1691 sal
514 1641 705 1708 petisti
761 1647 820 1694 ut
865 1641 1198 1710 intelligeres
1245 1652 1296 1698 et
1342 1643 1564 1700 audires
1583 1647 1860 1717 judicium
1894 1665 1906 1703 :
1940 1664 2055 1704 ecce

405 1727 514 1796 feci
543 1728 767 1782 verbum
795 1731 954 1783 tuum
988 1733 1080 1796 ‘,et
1133 1731 1256 1787 dedi
1285 1733 1386 1787 tibi
1413 1750 1509 1790 cor
1556 1735 1804 1805 prudens
1861 1740 1908 1791 et
1963 1753 2055 1791 sa-

403 1815 562 1885 piens
589 1817 735 1871 sicut
762 1824 818 1872 tu
845 1816 952 1887 (Al.
1011 1820 1114 1885 tui)
1169 1837 1275 1875 non
1331 1821 1450 1894 fuit
1497 1831 1623 1878 ante
1668 1828 1741 1894 te,
1773 1833 1823 1880 et
1853 1831 1974 1893 post
2006 1830 2056 1881 te
2087 1857 2134 1923 Β

406 1919 517 1958 non
573 1909 756 1975 surget
811 1908 1011 1962 similis
1067 1909 1169 1963 tibi
1225 1910 1322 1982 (III
1374 1913 1498 1982 Reg.
1555 1930 1637 1979 in,
1701 1915 1785 1981 11,
1849 1915 1952 1982 12).
1992 1915 2058 1970 Et

406 1995 699 2065 quomodo
717 1995 956 2065 quidam
982 2001 1188 2068 putant
1207 1999 1485 2070 apostolis
1508 2000 1719 2056 Christi
1739 2001 2056 2058 revelatum

403 2098 532 2139 esse
561 2086 929 2154 mysterium,
990 2087 1144 2157 quod
1179 2087 1444 2159 ignotum
1510 2089 1682 2145 fuerit
1737 2091 2057 2159 Salomoni,

407 2187 540 2226 cum
574 2173 853 2244 apostolis
883 2176 1158 2231 omnibus
1211 2177 1622 2249 sapientiorem
1681 2179 1860 2236 fuisse
1900 2180 2057 2236 Salo-

407 2277 664 2328 monem,
725 2266 781 2317 et
840 2267 989 2318 retro
1042 2265 1394 2336 patriarchis
1423 2283 1530 2322 vox
1573 2267 1769 2322 divina
1802 2268 2062 2340 pollicita

408 2347 534 2403 sit?
564 2350 663 2421 qui
694 2350 764 2405 de
796 2367 858 2406 se
889 2369 1122 2424 quoque
1177 2352 1302 2424 ipse
1331 2353 1596 2426 loquitur
1633 2356 1991 2412 conﬁdenter
2043 2375 2055 2411 :

409 2437 548 2491 Deus
588 2438 771 2494 docuit
823 2457 910 2495 me
956 2443 1307 2512 sapientiam,
1363 2444 1700 2499 intellectum
1750 2455 2063 2501 sanctorum

407 2528 636 2597 cognovi
662 2527 811 2600 (Sep.
845 2545 942 2598 vn,
976 2530 1087 2600 22).
1127 2529 1360 2586 Necnon
1395 2535 1451 2586 et
1510 2533 1685 2587 David
1716 2534 1786 2588 de
1817 2535 2065 2590 scientia

411 2613 620 2671 occulti
655 2617 916 2688 mysterii
949 2617 1458 2689 gloriatur,dicens
1489 2637 1501 2674 ε
1535 2624 1746 2677 Incerta
1778 2627 1827 2677 et
1856 2625 2064 2680 occulta

417 2706 708 2776 sapientia?
732 2710 839 2760 tua:
868 2708 1237 2778 manifestasti
1263 2709 1405 2764 mihi
1434 2712 1604 2770 (Psat.
1664 2731 1712 2766 1..
1772 2712 1849 2783 8).
1895 2713 1962 2766 Et
1991 2713 2062 2768 ad

411 2809 545 2849 eum
578 2793 678 2866 qui
709 2794 819 2850 sibi
870 2797 941 2851 de
996 2796 1284 2871 sapientia
1314 2798 1762 2870 supplaudebat,
1803 2805 1950 2856 Deus
1981 2801 2063 2856 lo-

413 2882 615 2955 quitur
644 2899 747 2954 per
795 2884 1138 2957 prophetam
1174 2901 1187 2940 :
1218 2888 1495 2960 Numquid
1551 2897 1609 2942 tu
1663 2891 1965 2960 sapientior
2012 2905 2066 2944 es

416 2973 646 3029 Daniele
675 2973 889 3044 (Ex-erit.
924 2991 1119 3029 xxvm.
1170 2975 1225 3046 3)
1254 2977 1282 3030 ’ἰ
1330 2980 1444 3030 Aut
1491 2976 1587 3032 ille
1634 2977 1813 3050 igitur
1849 2979 1918 3034 de
1951 2993 2065 3050 quo

412 3062 539 3133 jam
600 3079 782 3133 supra
810 3062 1223 3132 disseruimus,
1250 3066 1540 3122 tenendus
1586 3071 1676 3122 est
1724 3083 1953 3136 sensus,
1989 3067 2068 3122 ita

415 3150 782 3221 patriarchas
813 3157 871 3207 et
928 3154 1261 3225 prophetas,
1291 3162 1357 3209 ut
1413 3173 1568 3211 nunc
1603 3157 1880 3227 apostolis
1912 3174 2067 3212 reve-

1656 354 1722 415 S.
1768 350 2083 417 EUSEBII
2129 349 2572 414 HIEBONYMI

1603 503 1615 542 :
1666 489 1798 545 Ecce
1853 495 2045 561 Agnus
2075 488 2130 552 Α
2160 483 2514 557 praedicandi
2537 483 2858 541 necessitas
2888 480 3305 540 imcumbehat.
3341 481 3489 540 591
3526 481 3688 548 Quod
3723 485 3816 539 est

3691 347 3806 411 512

2159 579 2350 629 autem
2385 573 2492 629 hoc
2551 573 2917 646 mysterium,
2953 572 3128 644 quod,
3162 571 3317 626 sicut
3345 586 3522 638 nunc,
3555 569 3689 626 aliis
3717 586 3818 642 ge-

2160 663 2561 719 nerationibus
2617 681 2734 718 non
2791 662 2900 717 fuit
2957 661 3274 717 revelatum
3315 661 3376 732 ’ἶκῇ
3397 659 3608 731 Utique
3665 658 3812 715 illud

2159 754 2313 824 quod
2348 753 2636 825 sequitur,
2669 769 2781 808 esse
2810 755 2995 823 gentes
3022 749 3349 814 colueredes,
3380 750 3808 820 concorporales.

2159 851 2209 898 et
2265 845 2685 914 comparticipes
2728 843 3112 913 promissionis
3169 841 3230 893 in
3290 838 3502 894 Christo
3557 840 3683 894 Iesu
3715 854 3818 910 per

2160 933 2546 1002 Evangelium,
2580 931 2752 1001 cujus
2785 931 2973 985 factus
3003 934 3092 985 est
3130 928 3346 983 Paulus
3398 927 3689 992 minister,
3721 941 3813 982 se-

2162 1022 2422 1077 cundum
2453 1021 2676 1075 donum
2708 1019 2907 1092 gratiae
2939 1017 3062 1088 Dei,
3112 1035 3238 1089 qua
3284 1018 3421 1072 data
3452 1021 3542 1072 est
3571 1016 3620 1070 ei
3643 1017 3816 1086 juxta

2163 1109 2562 1182 operationem
2611 1109 2841 1164 virtutis
2892 1108 3042 1176 ejus.
3088 1107 3218 1162 Scio
3265 1106 3325 1160 in
3383 1104 3812 1177 appositionem

2161 1198 2590 1270 conjunctionis
2635 1183 2783 1268 ejus,
2836 1214 2938 1268 per
2984 1212 3161 1266 quam
3195 1195 3430 1264 dicitur,
3489 1193 3814 1262 cohc’eredes,

2160 1287 2588 1358 eoncorporales,
2635 1293 2687 1340 et
2741 1286 3173 1356 comparticipes,
3233 1283 3568 1339 indecorem
3625 1282 3815 1338 facere

2162 1376 2220 1432 in
2252 1375 2454 1431 Latino
2511 1390 2783 1430 sermone
2814 1373 3185 1429 sententiam.
3216 1373 3326 1428 Sed
3357 1373 3496 1444 quia
3525 1371 3606 1426 ita
3633 1371 3814 1427 habe-

2161 1469 2258 1521 tur
2287 1465 2345 1520 in
2377 1469 2592 1528 Graeco,
2625 1468 2681 1518 et
2711 1462 2930 1535 singuli
2967 1478 3293 1529 sermones,
3315 1460 3570 1533 syllabae,
3601 1461 3820 1532 apices,

2163 1559 2399 1627 puncta,
2433 1554 2490 1608 in
2525 1552 2737 1608 divinis
2768 1551 3086 1623 Scripturis
3118 1550 3291 1622 plena
3321 1555 3460 1606 sunt
3491 1550 3768 1606 sensibus
3798 1568 3817 1604 .-

2165 1649 2469 1716 propterea
2500 1642 2688 1713 magis
2717 1640 2987 1696 volumus
3018 1640 3078 1695 in
3111 1639 3533 1711 compositione
3561 1644 3820 1694 structu-

2163 1749 2344 1804 raque
2410 1731 2740 1798 verborum,
2802 1747 2979 1802 quam
3052 1728 3438 1802 intelligentia
3476 1727 3812 1799 periclitari.

2164 1821 2376 1878 Gentes
2424 1820 2606 1892 igitur
2643 1819 2970 1875 coheredes
3015 1823 3157 1874 sunt
3199 1817 3419 1885 lsraeli,
3471 1817 3610 1884 sive,
3663 1817 3822 1888 quod

2169 1910 2384 1966 melius
2433 1909 2810 1976 arbitramur,
2881 1907 3113 1964 Christo
3172 1906 3501 1962 cohazredes
3539 1911 3698 1971 sunt,
3760 1909 3827 1959 ut

2169 1997 2477 2054 hereditas
2526 2001 2728 2052 nostra
2758 2001 2908 2052 Deus
2963 1995 3058 2062 sit,
3108 1999 3165 2051 et
3220 1995 3552 2051 coheredes
3581 1993 3820 2050 Christi.

2170 2087 2330 2152 Quod
2365 2091 2420 2142 et
2451 2086 2510 2140 in
2562 2083 2674 2140 alio
2725 2084 2850 2140 loco
2905 2083 3191 2156 scriptum
3243 2090 3353 2139 est.
3395 2083 3652 2140 Han-edes
3698 2084 3820 2150 Dei,

2170 2175 2473 2232 coheredes
2503 2182 2683 2230 autem
2740 2173 2944 2229 Christi
3001 2175 3176 2245 (Rom.
3210 2189 3332 2243 vni,
3368 2174 3476 2242 17).
3509 2173 3632 2228 Non
3666 2172 3821 2242 quod

2171 2264 2368 2336 aliqua
2411 2264 2563 2319 inter
2619 2279 2724 2318 nos
2783 2261 3075 2335 possessio
3131 2261 3462 2330 dividatur;
3504 2261 3605 2316 sed
3665 2261 3821 2332 quod

2171 2355 2298 2427 ipse
2330 2353 2615 2410 Dominus
2646 2352 2722 2408 sit
2742 2351 3050 2406 hmreditas
3076 2354 3277 2406 nostra
3299 2354 3473 2422 atque
3500 2352 3823 2421 possessio.

2172 2445 2438 2500 Dominus
2478 2442 2714 2514 quippe,
2757 2445 2857 2508 ait,
2899 2440 3194 2497 haereditas
3253 2444 3431 2496 vestra
3493 2447 3572 2495 est
3637 2441 3820 2508 (Deut.

2173 2549 2334 2590 xvm.
2365 2534 2420 2603 2)
2446 2550 2458 2598 ;
2492 2536 2550 2586 et
2579 2529 2717 2586 alibi
2752 2547 2764 2585 :
2796 2529 3058 2586 Dominus
3087 2546 3217 2601 pars
3275 2545 3416 2596 mea,
3449 2532 3498 2584 et
3529 2527 3827 2584 hereditas

2174 2624 2302 2678 mea
2356 2621 2524 2692 (Psal.
2585 2637 2676 2690 xv,
2747 2619 2823 2689 5).
2891 2618 3343 2690 Concorporales
3417 2621 3612 2674 autem
3679 2616 3827 2672 illud

2175 2710 2488 2782 signiﬁcat,
2521 2712 2585 2764 ut
2615 2707 3116 2780 quemadmodum
3151 2708 3209 2762 in
3242 2724 3358 2764 uno
3389 2723 3629 2778 corpore
3659 2705 3832 2778 plura

2177 2803 2317 2856 sunt
2345 2798 2611 2853 membra
2637 2815 2658 2860 ;
2688 2797 2846 2852 verbi
2879 2813 3082 2864 causa,
3139 2794 3314 2867 oculi,
3373 2812 3608 2861 manus,
3658 2811 3832 2850 aures

2178 2888 2375 2961 pedes,
2402 2891 2624 2952 venter,
2655 2890 2712 2942 et
2749 2901 2942 2958 genua
2975 2903 2986 2941 :
3020 2889 3078 2941 et
3133 2902 3267 2941 cum
3322 2884 3382 2940 in
3414 2901 3529 2941 uno
3561 2884 3681 2939 sint
3711 2900 3835 2939 cor-

2177 2994 2335 3050 pore,
2369 2976 2625 3032 habeant
2655 2975 3014 3030 differentias
3053 2991 3217 3042 suas,
3269 2977 3327 3030 et
3355 2990 3457 3046 pro
3489 2989 3550 3029 se
3581 2972 3830 3028 invicem

2178 3067 2468 3132 laetentur,
2499 3069 2556 3120 et
2605 3063 2840 3120 doleant
2894 3081 2906 3118 :
2961 3063 3064 3132 sic,
3125 3062 3260 3119 licet
3289 3063 3548 3118 diversas
3577 3061 3835 3118 habeant

2182 3155 2420 3228 gratias,
2449 3153 2511 3208 hi
2533 3152 2631 3224 qui
2661 3153 2720 3206 in
2752 3151 2983 3207 Christo
3037 3151 3355 3218 credidere,
3397 3152 3456 3206 in
3487 3167 3602 3206 uno
3633 3155 3831 3206 tamen

415 3238 602 3294 latum
635 3244 745 3310 est,
769 3222 978 3296 Christi
1011 3222 1309 3314 ignorasse
1343 3222 1710 3316 mysterium,
1741 3246 1879 3316 quia
1908 3246 2067 3302 aliud
2100 3222 2142 3289 (ἶ
2182 3222 2302 3300 sint
2332 3222 2594 3298 Ecclesiae
2629 3257 2869 3312 corpore
2925 3239 3277 3313 conglobati.
3320 3241 3390 3295 Et
3418 3239 3476 3294 in
3508 3238 3832 3310 superiori-

418 3329 494 3383 sit
536 3333 732 3384 tenere
763 3330 904 3401 quid
952 3332 1245 3400 manibus,
1280 3331 1434 3386 aliud
1471 3333 1734 3388 futurum
1764 3333 1822 3388 iu
1856 3334 2066 3406 spiritu

418 3417 750 3490 praevidere,
802 3424 919 3473 Aut
948 3419 1282 3491 dicendum,
1345 3422 1638 3492 quomodo
1682 3439 1795 3478 non
1828 3426 1966 3478 sunt
1997 3422 2070 3477 si-

418 3507 587 3562 miles
619 3507 796 3562 facies
829 3507 1108 3574 faciebus,
1144 3509 1226 3564 sic
1257 3525 1362 3565 nec
1393 3511 1568 3566 corda
1599 3527 1726 3565 esse
1755 3511 2065 3578 cordibus;

419 3599 476 3649 et
523 3594 694 3664 juxta
758 3595 1127 3668 Apostolum,
1198 3598 1425 3654 diversa
1491 3615 1619 3654 esse
1689 3598 2067 3667 charismata,

420 3682 601 3738 alium
633 3683 845 3740 habere
873 3686 1445 3758 prophetiam,alium
1465 3705 1680 3760 genera
1710 3687 2072 3761 linguarum,

421 3771 602 3828 alium
670 3773 822 3828 dona
879 3775 1268 3845 curationum,
1332 3776 1513 3832 alium
1563 3777 1977 3849 Opitulationes
2017 3783 2074 3834 et

421 3862 895 3934 gubernationes,
930 3861 1093 3918 illum
1118 3880 1245 3920 esse
1287 3865 1794 3937 sapientem,hunc
1818 3867 2068 3938 ﬁdelem,

421 3951 601 4007 istum
632 3951 849 4024 pollere
880 3951 1124 4008 scientia
1180 3959 1558 4022 secretorum,
1619 3954 1782 4010 illum
1819 3955 2074 4028 simplici

422 4045 655 4096 tantum
715 4041 828 4097 ﬁde
885 4058 1014 4097 esse
1067 4046 1406 4098 contentum
1467 4044 1517 4114 (Ι
1557 4047 1678 4100 Cor.
1739 4061 1838 4112 χιι,
1876 4046 2069 4113 4,11).

421 4129 619 4202 Neque
648 4131 805 4186 enim
837 4149 1044 4188 omnes
1076 4131 1129 4186 in
1163 4132 1494 4206 exemplum
1519 4132 1848 4189 Salomonis
1869 4135 1940 4189 de
1973 4151 2071 4189 na-

425 4219 569 4274 turis
594 4219 914 4276 bestiarum
937 4227 994 4276 et
1023 4220 1347 4294 volucrum,
1373 4228 1427 4277 et
1457 4222 1772 4278 herbarum
1804 4221 2078 4279 similiter

426 4311 565 4362 sunt
595 4307 797 4376 locuti,
830 4315 892 4365 ut
924 4310 1297 4383 disputarent
1348 4329 1382 4367 a
1412 4312 1581 4368 cedro
1628 4311 1855 4374 Libani.
1890 4328 2077 4384 usque

424 4397 493 4452 ad
528 4396 847 4469 hyssopum
879 4416 1006 4471 quae
1063 4400 1202 4455 exiit
1253 4416 1357 4472 per
1386 4402 1668 4472 parietem
1699 4401 1803 4470 (III
1842 4403 1964 4473 Reg.
2001 4418 2073 4472 IV,

424 4485 536 4558 33).
574 4487 904 4543 Econtrario
935 4487 1205 4544 Salomon
1259 4507 1374 4545 non
1419 4490 1502 4546 ita
1557 4491 1799 4546 forsitan
1846 4491 2072 4559 viderit,

2178 3333 2290 3389 bus
2321 3331 2560 3403 quidem
2591 3331 2824 3386 duobus
2854 3330 3068 3397 verbis,
3103 3329 3160 3384 id
3193 3333 3302 3394 est,
3345 3329 3404 3383 in
3437 3346 3501 3384 eo
3541 3328 3698 3400 quod
3732 3328 3832 3393 ait,

2180 3421 2484 3479 cohaeredes
2511 3429 2562 3476 et
2608 3420 3039 3492 concorporales,
3073 3422 3299 3491 poterat
3353 3419 3413 3472 in
3445 3434 3561 3473 uno
3592 3434 3837 3489 corpore

2179 3511 2476 3566 diversum
2508 3507 2730 3581 aliquid
2763 3507 3073 3580 suspicari.
3106 3507 3187 3563 Ex
3219 3525 3284 3564 eo
3322 3511 3515 3563 autem
3548 3507 3702 3578 quod
3735 3506 3838 3561 ad-

2181 3599 2328 3655 didit
2388 3617 2399 3654 :
2459 3601 2525 3654 Et
2588 3599 3000 3669 comparticipes
3053 3597 3440 3668 promissionis
3491 3597 3553 3650 in
3624 3593 3837 3650 Christo

2178 3693 2338 3755 Jesu,
2373 3685 2565 3743 omnis
2622 3685 2856 3758 penitus
2887 3684 3198 3741 diversitas
3247 3690 3550 3756 amputata
3577 3689 3683 3740 est.
3718 3681 3830 3738 Ubi

2181 3779 2338 3835 enim
2368 3793 2487 3832 una
2515 3774 3017 3848 eompartieipatio
3048 3779 3156 3842 est,
3189 3773 3460 3830 universa
3489 3771 3832 3830 communia

2181 3871 2340 3923 sunt.
2395 3863 2641 3921 Pulchre
2687 3863 2864 3920 etiam
2915 3862 3155 3933 addidit,
3202 3880 3302 3935 per
3328 3863 3707 3935 Evangelium,
3739 3877 3831 3918 cu-

2181 3957 2267 4027 ius
2321 3957 2500 4026 factus
2567 3970 2686 4009 sum
2738 3955 2997 4009 minister
3050 3952 3350 4008 secundum
3386 3953 3593 4009 donum
3630 3952 3833 4021 gratim

2183 4062 2303 4118 qua
2332 4045 2461 4100 data
2517 4047 2597 4099 est
2647 4043 2787 4097 mihi
2805 4044 2975 4114 juxta.
3003 4043 3371 4114 operationem
3400 4041 3624 4098 virtutis
3653 4041 3772 4111 ejus
3810 4056 3831 4094 :

2186 4140 2249 4192 ut
2278 4134 2378 4190 Dei
2409 4133 2680 4205 gratiam,
2716 4149 2830 4186 non
2860 4148 3033 4188 suum
3071 4132 3344 4188 meritum
3377 4133 3828 4188 demonstraret.

2184 4221 2410 4279 Sciebat
2439 4237 2501 4277 se
2533 4237 2788 4292 namque
2820 4225 3250 4292 persecutorem
3282 4221 3485 4288 fuisse,
3527 4225 3585 4276 et
3613 4216 3832 4274 Christi

2185 4310 2501 4368 Ecclesium
2533 4311 2887 4377 devastasse,
2918 4326 2988 4365 ex
3017 4327 3135 4382 qua
3164 4309 3517 4378 humilitate,
3550 4324 3837 4380 arrogan-

2186 4401 2278 4458 tiae
2331 4399 2566 4472 penitus
2608 4398 2830 4456 crimen
2889 4399 3236 4456 excluditur.
3291 4401 3479 4472 Super
3520 4415 3638 4470 qua
3694 4413 3839 4454 non-

2186 4488 2331 4545 nulli
2395 4505 2529 4544 eum
2597 4487 3142 4560 reprehendendum
3218 4492 3484 4561 putant:
3527 4487 3664 4558 quia
3720 4485 3837 4542 sibi

427 4579 492 4630 ut
521 4575 748 4648 Moyses
787 4593 990 4632 omnes
1050 4579 1277 4649 species
1306 4579 1702 4648 victimarum,
1752 4584 1808 4635 et
1839 4579 2076 4635 culturae
2109 4593 2154 4657 Ι)
2185 4578 2393 4636 dixerit
2421 4578 2765 4649 mysterium
2798 4576 3134 4649 revelatum,
3187 4577 3344 4650 quod
3375 4574 3723 4649 patriarchis
3780 4578 3840 4630 et

432 4665 566 4734 Dei;
602 4682 703 4722 nec
733 4666 783 4721 ei
829 4665 970 4723 facie
1001 4667 1072 4721 ad
1106 4667 1310 4723 faciem
1373 4669 1450 4723 sit
1503 4667 1736 4724 loeutus
1767 4668 2074 4735 Dominus,

432 4771 536 4811 nec
563 4773 837 4812 vasorum
869 4760 1096 4813 tantam
1152 4756 1238 4812 vel
1270 4756 1560 4828 habuerit,
1595 4757 1680 4813 vel
1733 4756 2083 4813 intellexerit

433 4845 1136 4919 supellectilem,quorum
1168 4851 1371 4919 typum
1393 4845 1476 4901 illi
1497 4846 1556 4902 in
1580 4850 1774 4903 monte
1797 4846 2080 4903 Dominus

432 4935 690 4990 ostendit
712 4936 902 5008 (Exod.
939 4953 1138 5004 xxxm,
1172 4937 1232 4990 41
1263 4954 1275 5004 ;
1309 4953 1438 5004 xxv,
1472 4937 1495 4989 1
1535 4936 1644 5007 40).
1674 4937 1740 4991 Et
1789 4936 2080 5007 quomodo

432 5023 792 5094 patriarchae,
851 5031 908 5081 et
967 5025 1259 5099 prophetae
1318 5025 1652 5081 habuerunt
1701 5023 1899 5098 aliqua
1954 5042 2079 5097 qua:

434 5112 728 5182 apostolos
769 5132 881 5169 non
914 5115 1195 5170 habuisse
1226 5115 1581 5172 credendum
1605 5118 1694 5171 est
1727 5131 1738 5170 :
1777 5115 1860 5170 sic
1886 5132 1915 5171 e
1946 5131 2081 5170 con-

433 5201 611 5257 trario
644 5219 747 5274 pro
778 5204 1214 5275 opportunitate
1254 5205 1555 5276 temporis,
1615 5209 1672 5261 et
1731 5221 1832 5278 pro
1900 5208 2080 5260 Evan-

432 5286 566 5360 gelii
600 5288 1367 5360 przedicatione,habuerunt
1387 5291 1633 5364 apostoli
1658 5293 1846 5365 magis
1878 5297 2081 5348 notum

434 5379 780 5450 mysterium
810 5378 1045 5434 Christi.
1067 5380 1228 5445 Quod
1260 5380 1520 5436 scierunt
1539 5382 1776 5454 quidem
1809 5386 1868 5437 et
1896 5381 2081 5437 sancti

433 5466 760 5538 antiquitus
817 5467 946 5536 viri,
1009 5469 1109 5523 sed
1143 5485 1258 5524 non
1316 5468 1397 5525 ita
1447 5476 1509 5525 ut
1565 5470 1834 5544 apostoli,
1866 5469 2082 5542 quibus

2188 4666 2488 4742 prophetis
2520 4666 2694 4722 fuerit
2747 4666 2902 4723 592
2963 4667 3254 4739 ignotum.
3304 4666 3619 4738 Nunquam
3675 4663 3834 4719 enim

2189 4755 2540 4813 humilitatis
2624 4754 2969 4827 discipulus,
3039 4753 3230 4812 verbis
3285 4754 3624 4827 arrogantiae
3685 4753 3842 4809 intu—

2188 4849 2494 4916 mesceret,
2533 4843 2911 4917 Evangelium
2942 4845 3115 4915 cujus
3155 4844 3427 4901 minister
3455 4849 3564 4911 est,
3597 4859 3714 4900 non
3747 4842 3839 4900 sui

2194 4935 2387 4992 meriti
2435 4934 2638 4991 dicens
2687 4933 2886 5003 fuisse,
2954 4935 3057 4990 sed
3093 4934 3290 5007 gratiae
3323 4933 3441 4990 Dei.
3473 4933 3579 4998 Qui
3637 4933 3844 4989 volunt

2189 5024 2516 5098 prophetas
2548 5039 2685 5096 non,
2714 5022 3068 5080 intellexisse
3116 5024 3270 5095 quod
3319 5022 3589 5089 dixerint,
3643 5027 3700 5078 et
3731 5022 3841 5091 [Αι.

2192 5115 2315 5184 sed]
2347 5114 2513 5186 quasi
2547 5113 2605 5168 in
2664 5112 2878 5169 ecstasi
2937 5111 3186 5184 locutos,
3221 5129 3355 5170 cum
3383 5112 3656 5186 praesenti
3687 5111 3848 5168 testi-

2193 5201 2560 5272 monio,illud
2588 5218 2820 5274 quoque
2851 5202 3005 5273 quod
3028 5202 3100 5257 ad
3132 5203 3428 5260 Romanos
3455 5201 3514 5258 in
3545 5199 3846 5273 plerisque

2190 5291 2490 5348 codicibus
2520 5290 2910 5358 invenitur,ad
2931 5291 3449 5348 conformationem
3472 5290 3564 5347 sui
3596 5293 3846 5364 dogma-

2190 5379 2265 5435 tis
2297 5380 2559 5449 trahunt,
2589 5379 2845 5454 legentes
2880 5397 2892 5436 :
2929 5382 3000 5437 Ei
3025 5385 3212 5436 autem
3268 5383 3366 5454 qui
3412 5384 3588 5454 petest
3631 5395 3725 5436 vos
3754 5395 3844 5435 ro-

2192 5469 2382 5527 borare
2437 5471 2596 5539 juxta
2653 5469 3022 5543 Evangelium
3050 5485 3251 5540 meum,
3303 5478 3356 5526 et
3401 5469 3848 5544 predicationem

505 5614 519 5646 ¹
582 5612 762 5669 Penes
831 5603 1174 5681 Victorium,
1241 5612 1538 5670 secundum
1599 5614 1843 5672 verbum.
1902 5613 2188 5671 Caeterum
2243 5612 2372 5671 vide
2427 5630 2554 5687 quae
2628 5612 2801 5686 paulo
2853 5612 3098 5672 inferius
3153 5614 3224 5672 ad
3272 5613 3478 5674 versis.
3529 5614 3595 5670 10
3649 5610 3850 5670 οδεοιοο

429 5700 637 5744 vamus
