4144 6202
324 338 444 399 513

986 335 1498 398 COMMENTAR.
1546 335 1625 395 IN
1671 335 1916 396 EPIST.
1966 335 2070 395 AD
2113 334 2392 398 EPHES.
2437 336 2584 398 LlB.
2631 336 2709 428 Il,
2756 338 2928 398 CAP.
2975 340 3083 402 ΙΙΙ.

3615 345 3738 406 514

327 474 463 526 Jesu
494 467 705 522 Christi
729 466 1032 522 secundum
1087 465 1487 523 reuelationem
1543 468 1793 539 mysterii
1841 471 1980 522 tem-
2009 467 2064 532 Α
2095 483 2197 538 per
2225 467 2470 523 Paulum
2503 470 2797 540 profertur
2849 469 2909 524 in
2940 476 3141 543 gentes
3171 475 3198 528 ‘2
3255 473 3366 530 Sed
3427 476 3732 534 ininvesti-

327 559 560 632 poribus
591 558 816 614 aeternis
871 557 1052 622 taciti,
1111 557 1453 628 mani/estati
1495 561 1680 611 autem
1708 573 1856 611 nunc
1887 573 1985 626 per

328 648 646 720 Scripturas
674 645 1040 718 propheticus.
1091 650 1142 700 et
1189 646 1484 701 adventum
1529 647 1765 701 Domi-ni
1808 646 1984 700 nostri

328 739 455 794 Iesu
489 735 713 800 Christi,
759 739 816 788 et
872 733 1117 805 reliqua.
1178 734 1402 797 Quibus
1463 734 1711 790 breviter
1741 750 1982 805 respon-

337 826 598 882 dendum
630 827 739 891 est,
773 823 1138 895 temporibus
1164 823 1470 895 praeteritis
1499 823 1739 878 tacitum
1771 821 1984 878 Christi

337 915 521 972 fuisse
552 912 924 986 mysterium,
958 929 1072 967 non
1104 912 1256 983 apud
1290 928 1389 967 eos
1423 911 1521 983 qui
1549 911 1691 966 illud
1719 912 1984 966 futurum

339 1003 791 1077 pollicebantur,
823 1001 923 1057 sed
966 1000 1118 1072 apud
1153 1000 1455 1055 universas
1509 1005 1712 1071 gentes
1771 1000 1986 1070 quibus

335 1099 545 1165 postea
575 1091 1013 1147 manifestatum
1047 1093 1153 1145 est.
1187 1089 1257 1143 Et
1288 1089 1510 1160 pariter
1558 1088 1984 1157 adnotandum,

334 1183 494 1255 quod
529 1184 960 1238 sacramentum
995 1179 1128 1234 ﬁdei
1162 1183 1395 1244 nostrae,
1431 1177 1543 1232 nisi
1593 1194 1697 1248 per
1725 1177 1985 1248 Scriptu-

340 1289 441 1327 ras
475 1270 873 1343 propheticas,
909 1272 966 1324 et
1009 1269 1327 1323 adventum
1385 1267 1574 1322 Chrisi
1630 1283 1743 1321 non
1802 1265 1991 1320 valeat

341 1357 607 1414 revelari.
652 1357 852 1412 Sciant
900 1355 1078 1428 igitur
1123 1355 1218 1426 qui
1264 1355 1578 1426 prophetas
1626 1371 1740 1410 non
1775 1353 1989 1408 intelli-

340 1451 511 1520 gunt,
544 1462 652 1501 nec
688 1445 838 1500 scire
868 1445 1222 1515 desiderant,
1283 1449 1610 1500 asserentes
1668 1459 1728 1499 se
1760 1447 1990 1498 tantum

340 1533 654 1606 Evangelio
688 1549 819 1588 esse
848 1537 1173 1600 contentos,
1233 1531 1446 1588 Christi
1507 1531 1732 1588 nescire
1782 1536 1993 1603 myste-

343 1625 520 1690 rium,
555 1623 709 1694 quod
749 1622 1116 1693 temporibus
1172 1621 1404 1676 aeternis
1461 1621 1735 1693 gentibus
1767 1621 1993 1675 cunctis

341 1711 519 1767 fuerit
545 1711 905 1783 ignoratum.

418 1803 606 1869 (Vers.
639 1801 695 1866 8,
725 1799 804 1870 9.)
837 1821 864 1849 ‹‹
896 1799 1037 1854 Mihi
1088 1799 1290 1855 inﬁmo
1340 1799 1603 1855 omnium
1654 1804 1992 1854 sanctorum

342 1891 481 1944 data
501 1895 591 1946 est
621 1888 808 1961 gratia
837 1889 976 1955 hac,
1012 1888 1072 1944 in
1099 1888 1373 1961 gentibus
1405 1888 1799 1960 evangelizare
1833 1889 1994 1942 inve-

341 1978 652 2051 stigabiles
684 1978 916 2034 divitias
948 1977 1186 2047 Christi,
1235 1982 1292 2032 et
1343 1977 1679 2033 illuminare
1736 1994 1940 2032 omnes
1973 1979 1989 2011 ¹

344 2085 472 2142 qua
505 2067 582 2122 sit
611 2066 974 2140 dispensatio
1007 2067 1267 2140 mysterii
1315 2067 1636 2122 absconditi
1669 2083 1702 2120 a
1767 2065 1995 2121 sceculis

345 2158 405 2212 in
434 2158 551 2213 Deo
583 2156 684 2228 qui
716 2157 989 2212 universa
1020 2155 1292 2212 creavit.»
1334 2156 1460 2210 Non
1487 2161 1626 2227 puto
1661 2155 1992 2227 apostolum

346 2246 598 2303 Paulum
631 2263 765 2301 cum
798 2246 1012 2301 mentis
1045 2263 1161 2301 sua:
1212 2245 1595 2301 concordasse
1655 2250 1896 2315 secreto,
1931 2249 1996 2299 ut

344 2353 484 2392 vere
516 2335 788 2391 omnibus
831 2336 937 2406 [AL
989 2351 1058 2390 ex
1115 2335 1411 2404 omnibus]
1471 2335 1692 2390 sanctis
1724 2334 1994 2389 intimum

347 2440 482 2480 esse
539 2441 599 2480 se
657 2423 1102 2479 dixeritzverhi
1151 2440 1350 2489 causa,
1412 2423 1504 2478 his
1561 2423 1659 2494 qui
1711 2428 1876 2477 erant
1934 2423 1994 2477 in

346 2514 597 2586 Epheso,
632 2513 730 2585 qui
759 2514 815 2567 in
851 2513 1146 2582 Corintho,
1196 2513 1295 2584 qui
1346 2513 1403 2566 in
1437 2511 1874 2579 Thessalonica,
1907 2510 1997 2566 vel

353 2603 455 2675 qui
486 2603 546 2658 in
577 2607 695 2658 toto
727 2602 864 2657 orbe
895 2601 1280 2656 crediderant.
1315 2602 1477 2667 Quod
1510 2618 1643 2657 cum
1690 2601 1996 2658 humilita-

351 2692 434 2748 tis
487 2691 769 2746 indicium
830 2690 924 2758 sit,
987 2707 1048 2746 se
1108 2690 1385 2745 omnibus
1450 2690 1670 2745 sanctis
1726 2689 1996 2744 inﬁmum

357 2781 572 2849 dicere,
609 2780 898 2836 mendacii
929 2785 1021 2835 est
1051 2777 1446 2853 reatus,aliud
1479 2780 1537 2834 in
1577 2784 1808 2850 pectore
1837 2779 1996 2834 clau-

355 2888 488 2928 sum
511 2868 912 2929 habere.aliud
943 2869 998 2923 in
1029 2867 1231 2941 lingua
1268 2868 1999 2940 promere.Reperiendum

352 2976 492 3031 ergo
526 2964 615 3014 est
645 2963 1084 3031 argumentum,
1119 2959 1274 3029 quod
1307 2963 1363 3012 et
1395 2957 1608 3013 Paulus
1638 2974 1772 3012 vere
1805 2958 2000 3012 omni-

355 3049 470 3104 bus
485 3048 705 3104 sanctis
731 3047 1110 3117 [ALomnium
1144 3049 1503 3115 sanctorum]
1532 3046 1772 3100 infimus
1807 3047 1999 3113 fuerit,

359 3142 418 3193 et
478 3143 673 3192 tamen
727 3139 798 3192 de
827 3136 1146 3208 apostolica
1203 3153 1316 3190 non
1377 3135 1651 3191 ceciderit
1697 3135 1998 3208 dignitate.

2091 557 2312 628 gabiles
2372 562 2428 612 et
2477 559 2888 614 absconditum
2963 561 3273 632 dupliciter
3334 567 3730 623 sentiendum.

2092 645 2254 708 Quod
2289 646 2787 718 ininvestigabiles
2818 653 2953 703 ante
2973 649 3184 704 divitiis
3215 652 3447 720 fuerint,
3481 661 3534 710 et
3577 672 3734 712 nunc

2095 739 2226 805 post
2248 735 2475 789 Domini
2507 741 2716 806 apertae
2746 737 2866 791 sint
2897 738 3377 809 passionem.Aut
3407 749 3563 799 certe
3595 763 3732 816 quas

2094 829 2305 882 natura
2335 841 2444 878 sua
2472 823 2695 878 homini
2730 825 3230 898 ininvestigabiles
3279 836 3447 885 erant
3478 831 3587 898 hae,
3623 839 3734 890 Deo

2096 913 2404 982 revelante,
2437 919 2578 967 sunt
2605 914 3023 984 cognithuia
3044 916 3200 972 aliud
3232 923 3320 973 est
3341 920 3411 974 ad
3444 928 3734 980 secretum

2095 1001 2432 1058 curiositate
2462 1003 2696 1072 propria
2737 1003 3054 1072 pervenire,
3090 1008 3242 1076 quod
3305 1014 3618 1080 postquam
3652 1013 3738 1067 in-

2095 1096 2331 1146 ventum
2383 1091 2575 1159 fuerit,
2608 1090 2822 1146 desinit
2865 1109 2992 1146 esse
3048 1093 3500 1169 ininvestigbile.
3545 1100 3736 1170 Aliud

2099 1180 2329 1252 propria
2361 1178 2848 1258 diliigentiaillud
2874 1197 3247 1254 nequaquam
3276 1201 3446 1256 posse
3478 1205 3744 1262 compre-

2099 1269 2368 1334 hendere,
2403 1269 2501 1324 sed
2556 1285 2659 1339 per
2716 1270 2963 1340 gratiam
3022 1288 3372 1344 cognoscere
3434 1278 3555 1343 Dei,
3589 1281 3743 1351 quod

2101 1375 2232 1413 cum
2265 1357 2488 1425 scieris,
2513 1363 2569 1412 et
2592 1357 2810 1412 caeteris
2859 1376 3090 1431 quoque
3135 1365 3487 1432 ostenderis,
3529 1367 3745 1424 nihilo-

2101 1448 2298 1501 minus
2329 1446 2794 1518 ininvestigabile
2820 1456 3167 1518 perseverat,
3204 1453 3342 1506 dum
3396 1454 3502 1509 tibi
3558 1474 3744 1528 quan-

2105 1541 2229 1590 tum
2261 1536 2318 1589 in
2347 1540 2402 1590 te
2435 1540 2542 1603 est,
2579 1536 2686 1589 fuit
2717 1541 3030 1608 antequam
3088 1541 3496 1598 ostenderetur
3551 1546 3746 1601 occul-

2102 1629 2250 1680 tum.
2283 1624 2529 1680 Divitias
2559 1624 2777 1680 Christi
2827 1626 3355 1701 ininvestigabiles,
3417 1633 3486 1686 ad
3545 1634 3746 1706 ipsum

2105 1730 2338 1784 quoque
2367 1712 2661 1768 Christum
2692 1713 2938 1785 loquens
2993 1715 3305 1773 Psalmista
3360 1724 3626 1786 testatur,
3659 1724 3746 1776 di-
3799 1785 3802 1791 ι

2105 1820 2241 1858 cens
2276 1818 2287 1856 :
2325 1804 2497 1869 Quam
2526 1804 2701 1872 inﬁna
2750 1804 3043 1859 muttit-udo
3102 1806 3363 1864 bonitatis
3422 1814 3526 1865 tua:
3583 1828 3748 1882 quam

2104 1893 2441 1948 abscondisti
2492 1893 2807 1946 timentibus
2860 1900 2909 1948 te
2964 1893 3140 1964 (Psal.
3201 1913 3329 1962 xxx,
3362 1899 3472 1970 20).
3515 1904 3608 1954 llas
3642 1902 3749 1956 bo-

2104 1981 2304 2036 nitatis
2337 1981 2464 2050 ejus
2495 1979 2705 2034 divitiae
2738 1982 2810 2034 ab
2841 1981 3116 2037 omnibus
3148 1989 3299 2040 retro
3344 1987 3575 2043 saeculis
3619 1990 3750 2044 abs-

2051 2135 2062 2140 _
2105 2070 2350 2125 conditae
2385 2069 2618 2123 fuerunt
2647 2068 2704 2122 in
2738 2068 2874 2133 Deo,
2909 2069 3007 2141 qui
3041 2077 3264 2127 creator
3312 2080 3401 2129 est
3457 2077 3746 2132 omnium.

2104 2158 2211 2214 Ubi
2239 2161 2376 2212 sunt
2408 2157 2662 2211 Marcion
2692 2161 2748 2211 et
2794 2157 3157 2228 Valentinus,
3191 2166 3247 2215 et
3303 2178 3507 2218 omnes
3566 2165 3749 2221 haere-

2103 2247 2200 2302 tici
2262 2245 2360 2316 qui
2416 2245 2661 2301 alterum
2727 2248 2951 2314 mundi,
3013 2248 3069 2302 id
3130 2254 3219 2304 est
3289 2252 3634 2321 visibilium,
3693 2259 3753 2311 et

2105 2336 2351 2392 alterum
2387 2339 2656 2390 asserunt
2704 2335 3082 2391 invisibilium
3143 2339 3550 2396 conditorem?
3583 2347 3750 2399 Hunc

2098 2427 2328 2497 justum
2361 2441 2489 2480 esse
2519 2425 2779 2479 dicentes
2815 2425 2980 2480 illum
3032 2427 3224 2482 nescio
3286 2445 3459 2499 quem
3519 2447 3753 2502 semper

2107 2515 2416 2586 ignotum:
2450 2518 2676 2567 tantum
2722 2514 2968 2582 bonum,
3009 2515 3108 2585 qui
3165 2517 3333 2572 Pater
3383 2519 3594 2575 Christi
3653 2519 3756 2587 sit.

2108 2604 2247 2658 Ecce
2278 2603 2451 2666 Deus,
2484 2602 2543 2656 in
2572 2619 2684 2672 quo
2718 2603 3062 2673 mysterium
3095 2605 3306 2660 Christi
3339 2607 3410 2662 ab
3471 2608 3750 2664 omnibus

2109 2697 2261 2746 retro
2295 2689 2520 2745 saeculis
2552 2691 2959 2746 absconditum
2995 2692 3105 2747 fuit
3134 2696 3177 2761 ³,
3209 2697 3444 2751 Creator
3473 2714 3600 2753 esse
3633 2715 3754 2753 om-

2109 2781 2275 2835 nium
2307 2780 2673 2850 praedicatur.
2721 2780 2800 2834 Ex
2856 2797 2971 2851 quo
3027 2784 3354 2838 ostenditur
3412 2785 3565 2840 idem
3623 2803 3753 2842 esse

2113 2875 2261 2924 Deus
2319 2869 2456 2922 Novi
2489 2872 2546 2922 et
2578 2868 2801 2923 Veteris
2859 2869 3251 2926 Testamenti.
3301 2873 3500 2928 Potest
3556 2881 3751 2928 autem

2109 2959 2450 3030 mysterium
2485 2973 2518 3010 a
2549 2956 2776 3014 saeculis
2808 2957 3216 3013 absconditum
3260 2965 3318 3015 et
3375 2961 3542 3016 aliter
3597 2963 3754 3018 594

2111 3045 2379 3117 intelligi,
2413 3045 2567 3116 quod
2604 3045 2731 3115 ipsa
2759 3044 2904 3100 illud
2939 3047 3149 3102 sacula
3199 3048 3610 3120 ignoraverint,
3637 3051 3747 3106 hoc

2113 3141 2200 3190 est
2246 3150 2448 3189 omnes
2513 3133 2849 3204 spirituales
2906 3140 2963 3190 et
3036 3137 3414 3193 rationabiles
3472 3144 3752 3194 creaturae

357 3227 645 3298 Loquitur
678 3226 958 3281 Dominus
987 3224 1047 3280 in
1079 3224 1388 3296 Evangelio
1421 3225 1491 3279 ad
1525 3223 1874 3295 discipulos:
1899 3225 2003 3292 Qui
2033 3215 2075 3280 C
2114 3242 2239 3296 quae
2269 3223 2328 3278 in
2363 3222 2593 3277 saeculis
2621 3223 2877 3277 fuerunt.
2925 3224 3214 3279 Saeculum
3249 3226 3423 3297 quipe
3482 3229 3754 3298 frequen-

353 3318 476 3371 tvult
512 3317 574 3369 in
629 3316 777 3370 vobis
832 3316 1012 3386 major
1063 3331 1174 3370 esse
1231 3315 1327 3383 ﬁat
1374 3315 1626 3369 omnium
1673 3315 1859 3368 minor
1906 3316 2002 3384 qui

357 3406 476 3460 vult
531 3420 644 3460 esse
697 3405 916 3476 primus
965 3405 1042 3459 sit
1087 3405 1333 3458 omnium
1391 3403 1717 3457 novissimus
1779 3401 1999 3473 (Matth.

356 3512 452 3566 xx,
511 3495 582 3548 26
609 3494 722 3564 27).
777 3494 938 3557 Quod
997 3492 1212 3548 Paulus
1266 3508 1438 3564 opere
1513 3491 1860 3562 complebat,
1915 3492 2002 3546 di-

357 3600 495 3640 cens
530 3600 543 3638 :
578 3584 715 3638 Puto
746 3584 894 3638 enim
915 3583 1045 3652 quia
1072 3584 1213 3637 Deus
1243 3598 1339 3636 nos
1378 3583 1644 3652 apostolos
1672 3582 2005 3636 novissimos

355 3671 590 3728 ostendit
617 3673 776 3743 quasi
806 3673 972 3726 morti
1001 3671 1303 3726 destinatos
1362 3671 1407 3740 (I
1460 3673 1588 3725 Cor.
1648 3686 1723 3724 ιν.
1756 3670 1834 3737 9,)
1875 3670 2006 3724 Om-

361 3762 540 3817 nibus
571 3761 749 3833 igitur
780 3760 877 3832 qui
911 3777 972 3816 se
1002 3765 1237 3832 propter
1255 3759 1552 3815 Christum
1583 3758 1849 3814 inﬁrmos
1880 3775 2007 3814 esse

365 3851 702 3922 cupiebant,
746 3848 1046 3920 apostolus
1094 3848 1310 3912 Paulus
1368 3847 1658 3902 inﬁrmior
1682 3851 1806 3902 erat
1834 3853 1890 3903 et
1918 3847 2005 3924 id-

313 3993 320 4002 ,
363 3941 522 3995 circo
554 3940 759 4009 major.
794 3939 950 3995 593
983 3939 1246 3993 Omnibus
1275 3939 1444 4004 enim,
1491 3935 1702 4007 inquit,
1737 3937 1855 3990 illis
1880 3935 2010 4007 plus

368 4028 623 4083 laboravi
663 4043 776 4083 non
824 4036 1010 4082 autem
1063 4042 1166 4098 ego
1253 4026 1342 4081 sed
1398 4027 1582 4096 gratia
1648 4025 1747 4079 Dei
1799 4041 2011 4080 mecum

365 4117 518 4186 est(I
573 4117 693 4172 Cor.
754 4133 845 4181 xv,
907 4116 1016 4187 10),
1082 4116 1319 4186 Propter
1375 4131 1554 4185 quam
1617 4113 2009 4169 humilitatem

366 4209 508 4262 dum
541 4205 804 4261 omnium
837 4209 1177 4260 sanctorum
1231 4208 1320 4258 est
1376 4203 1617 4258 infimus
1677 4203 1814 4257 data
1843 4207 1930 4258 est
1959 4204 2012 4258 ei

365 4296 558 4369 gratia
587 4295 706 4349 haec
737 4293 794 4348 in
829 4293 1124 4366 gentibus,
1159 4297 1222 4347 ut
1261 4291 1682 4364 evangelizaret
1711 4291 2011 4348 ininvesti-

367 4383 596 4457 gabiles
627 4382 862 4438 divitias
890 4381 1124 4452 Chrisii,
1149 4385 1205 4436 et
1235 4382 1466 4437 doceret
1511 4381 2010 4452 dispensationem

369 4471 644 4544 mysterii
674 4471 1003 4528 absconditi
1031 4488 1064 4526 a
1095 4470 1324 4527 saeculis
1356 4471 1415 4524 in
1440 4470 1555 4524 Deo
1608 4470 1706 4540 qui
1741 4471 2013 4526 universa

2113 3320 2200 3369 ter
2230 3330 2332 3385 pro
2363 3313 2455 3366 his
2514 3329 2642 3382 qua:
2700 3312 2757 3365 in
2818 3312 3031 3368 saeculo
3088 3320 3399 3370 versantur
3447 3315 3755 3387 accipitur.

2113 3403 2273 3458 Sicut
2304 3401 2518 3456 Paulus
2549 3401 2618 3455 ad
2670 3399 2904 3456 Galatas
2959 3401 3221 3474 loquitur
3271 3403 3473 3460 dicens
3505 3424 3523 3460 :
3559 3407 3621 3462 Ut
3653 3408 3759 3461 eri-

2109 3496 2263 3564 peret
2289 3507 2386 3546 nos
2413 3491 2476 3545 de
2500 3491 2761 3561 prcesenti
2782 3491 2987 3547 swculo
3026 3509 3264 3562 nequam
3319 3494 3522 3566 (Galat.
3565 3512 3605 3562 1,
3668 3497 3744 3566 4).

2116 3583 2184 3636 Et
2213 3582 2272 3635 in
2304 3580 2415 3634 alio
2447 3578 2572 3634 loco
2605 3579 2710 3634 :Ut
2767 3580 3064 3635 ostenderet
3121 3583 3183 3636 in
3238 3585 3485 3638 venturis
3541 3585 3758 3640 seculis

2116 3670 2308 3742 (Ep/tes
2335 3686 2396 3732 ιι,
2425 3669 2505 3737 7),
2537 3685 2640 3739 pro
2672 3684 2737 3722 eo
2769 3669 2920 3739 quod
2955 3673 3061 3735 est,
3097 3670 3188 3725 his
3223 3673 3498 3728 omnibus
3532 3691 3658 3745 quae
3692 3673 3752 3729 in

2117 3757 2664 3830 supervenientibus
2695 3756 2924 3812 saeculis
2955 3759 3155 3816 futura
3185 3765 3373 3815 erant.

2189 3846 2374 3917 (Vers.
2409 3847 2494 3911 lO,
2532 3847 2614 3900 ll.
2651 3845 2768 3914 )Ut
2800 3846 3185 3903 innotesceret
3243 3866 3397 3905 nunc
3460 3852 3758 3924 principa-

2117 3934 2277 3990 tibus
2308 3940 2365 3988 et
2395 3935 2784 4004 potestatibus
2815 3934 2874 3988 in
2907 3935 3242 3991 coelestibus
3297 3954 3400 4008 per
3429 3940 3749 3995 Ecclesiam

2120 4023 2425 4094 multiplex
2456 4022 2742 4094 sapientia
2772 4023 2871 4079 Dei
2905 4026 3226 4080 secundum
3255 4028 3617 4098 propositum
3651 4045 3759 4083 sae-

2119 4112 2406 4179 culorum,
2467 4129 2644 4182 quam
2707 4111 2838 4166 fecit
2894 4112 2950 4167 in
3016 4114 3242 4169 Christo
3297 4115 3436 4170 Jesu
3514 4116 3759 4172 Domino

2121 4208 2340 4259 nostro.
2375 4224 2401 4250 »
2433 4201 2608 4255 Juxta
2661 4202 2881 4256 donum
2931 4202 3130 4272 gratiae
3162 4202 3280 4273 Dei,
3315 4221 3442 4274 quae
3496 4205 3630 4260 data
3673 4209 3764 4262 est

2122 4290 2418 4364 Apostolo,
2447 4295 2513 4344 ut
2541 4290 2960 4361 evangelizaret
3007 4291 3504 4364 ininvestigabiles
3527 4293 3764 4351 divitias

2122 4379 2336 4436 Christi
2369 4384 2425 4433 et
2455 4379 2684 4432 doceret
2713 4377 2772 4431 in
2800 4377 3073 4447 gentibus
3131 4381 3476 4452 mysterium
3536 4384 3692 4454 quod
3732 4400 3766 4440 a

2124 4467 2351 4524 saeculis
2373 4468 2560 4521 fuerat
2589 4467 2914 4538 ignoratum
2952 4485 2965 4534 ;
2999 4467 3214 4524 idcirco
3265 4470 3524 4543 idipsum
3567 4489 3760 4528 sacra-

368 4561 606 4618 creavit.
657 4561 714 4616 Si
763 4559 1267 4633 ininvestigabiles
1323 4559 1533 4614 divitias
1593 4558 1806 4614 Christi
1851 4565 2008 4628 sunt,
2043 4581 2090 4644 Ι)
2126 4563 2385 4614 mentum
2419 4556 2470 4610 ei
2503 4561 2592 4644 est
2621 4554 2959 4624 revelatum,
2995 4562 3058 4612 ut
3090 4575 3207 4614 non
3241 4559 3432 4615 solum
3466 4561 3763 4632 gentibus,

371 4651 665 4722 quomodo
696 4649 1170 4722 evangelizantur
1199 4648 1258 4702 in
1291 4646 1506 4720 p0pulo
1537 4647 1565 4700 ?
1616 4647 1672 4702 Si
1703 4647 2010 4703 abscondi-

373 4745 502 4795 tum
532 4743 621 4795 est
650 4755 684 4793 a
713 4738 944 4794 seculis
998 4738 1342 4810 mysterium
1375 4736 1434 4791 in
1466 4736 1604 4803 Deo,
1647 4753 1764 4807 qua
1792 4738 2015 4794 ratione

448 4887 462 4916 ¹
496 4882 716 4937 Tacent
747 4880 845 4936 alii
873 4880 1007 4937 libri
1054 4896 1273 4948 vocem,
1307 4896 1510 4948 omnes,
1573 4895 1698 4949 quae
1758 4879 1814 4933 in
1868 4897 2011 4935 mss.

368 4953 590 5026 aliquot
617 4953 832 5008 Grtecis
861 4953 1247 5008 desideratur.

438 5021 613 5080 "Duo
635 5041 787 5096 mss.
820 5029 1140 5088 contectum,
1175 5041 1276 5096 pro
1307 5021 1701 5096 abscondit-tim.

441 5098 461 5130 ³
491 5095 783 5151 Nimirum
815 5112 883 5150 ex
913 5093 1294 5152 vetustiorum
1351 5094 1575 5166 aliquot
1605 5093 1867 5166 Ecclesiae
1916 5098 2018 5148 Pa-

369 5173 529 5223 trum
575 5184 750 5223 sensu
785 5166 1066 5238 loquitur,
1097 5167 1333 5239 quibus,
1375 5165 1466 5239 ut"
1493 5166 1716 5236 pridem
1772 5165 2018 5239 Iluctius

369 5240 805 5311 animadvertit,
827 5235 989 5294 locus
1021 5235 1130 5295 iste
1158 5237 1418 5311 Apostoli
1449 5235 1519 5311 in_
1548 5253 1726 5291 causa
1770 5237 1900 5311 l‘uit,
1956 5242 2019 5290 ut

369 5313 693 5381 crederent,
755 5309 1030 5381 pleraque
1107 5307 1225 5365 Dei'
1283 5308 1563 5381 mysteria
1618 5307 1861 5381 angelos
1912 5325 2020 5381 per

369 5379 688 5438 Ecclesiam
725 5379 1000 5437 didicisse
1034 5399 1045 5436 :
1081 5399 1192 5436 non
1225 5397 1292 5436 ea
1323 5379 1582 5452 quidem,
1636 5395 1759 5449 quae
1809 5379 2016 5433 divinae

367 5461 590 5509 naturae
625 5454 955 5509 necessario
989 5454 1190 5508 insunt
1220 5450 1659 5523 (illa—siquidem
1679 5467 2016 5522 cognovere,

369 5542 507 5581 cum
548 5524 727 5581 semel
783 5524 898 5580 illis
943 5520 1254 5581 contuend‘i
1289 5524 1384 5580 Dei
1442 5520 1687 5577 l'acultas
1744 5520 2020 5577 concessa

365 5600 500 5669 est),
535 5597 636 5652 sed
665 5613 795 5669 quae
826 5595 1190 5669 libereDeus
1232 5599 1287 5652 et
1337 5593 1662 5669 forinsecus
1721 5597 2017 5665 operatur,

367 5665 864 5747 Nyésenus'hom.
922 5670 957 5724 8
1012 5667 1072 5724 in
1131 5667 1293 5724 Cant.
1359 5665 1698 5740 cognovisse
1754 5681 1853 5722 eos
1919 5681 2022 5739 per

2124 4649 2224 4704 sed
2269 4650 2326 4701 et
2354 4643 2781 4716 principatibus
2814 4649 2870 4699 et
2901 4647 3418 4720 potestatibus3per
3446 4647 3764 4704 Ecclesiam

2124 4736 2434 4792 manifesta
2466 4733 2625 4787 ﬁeret
2651 4732 2955 4804 multiplex
2984 4735 3273 4806 sapientia
3308 4737 3422 4804 Dei,
3448 4755 3574 4808 qua:
3597 4736 3768 4808 juxta

2125 4876 2437 4949 Ecclesium
2480 4873 2937 4949 incarnationis,
2983 4877 3422 4948 redemptionis,
3456 4879 3667 4949 crucis,
3710 4882 3767 4934 et

2126 4949 2333 5004 mortis
2362 4946 2571 5001 Christi
2605 4947 2876 5069 mysteria
2910 4948 3096 5014 docet,
3137 4946 3585 5021 Chrysostomus
3608 4946 3756 5020 prte-

2128 5032 2280 5069 terea
2311 5020 2530 5069 liquido
2563 5018 2665 5069 deo
2693 5024 2838 5069 arat-
2873 5019 3112 5069 angelos
3169 5037 3361 5069 rerum
3421 5022 3530 5069 sibi
3594 5028 3756 5069 antea

2128 5032 2280 5077 terea
2311 5020 2530 5089 liquido
2563 5018 2839 5081 declarat,
2873 5019 3112 5089 angelos
3169 5018 3364 5075 rerum
3421 5022 3533 5076 sibi
3594 5018 3766 5077 antea

2127 5091 2488 5148 occultarum
2521 5093 2578 5143 et
2607 5089 2940 5159 ignotarum
2976 5091 3243 5164 notitiam
3277 5109 3345 5147 ex
3376 5092 3502 5164 ipso
3535 5098 3764 5164 aposto-

2129 5165 2315 5220 lorum
2351 5177 2448 5215 ore
2479 5162 3174 5233 comp_arasse,pra3cipue
3205 5181 3337 5219 vero
3368 5162 3764 5220 conversionis

2130 5234 2390 5326 geqtium
2426 5232 2494 5284 ad
2526 5230 2737 5326 Christi
2771 5230 2962 5301 ﬁdem,
2999 5230 3131 5316 olim
3183 5241 3355 5290 antea
3401 5236 3759 5326 igporarent:

2129 5301 2238 5361 Sed
2289 5304 2346 5357 in
2383 5301 2839 5379 commodiorem
2898 5304 3076 5379 accipi
3137 5323 3375 5362 sensum
3425 5301 3767 5379 'Hieronymi

2129 5379 2249 5450 hanc
2281 5378 2527 5450 possunt
2556 5373 2738 5450 verba
2771 5373 3060 5444 siquidem
3122 5380 3382 5434 eruditos
3441 5396 3540 5450 per
3572 5373 3765 5433 Eccle-

2129 5445 2544 5518 siam—angelos
2564 5445 2742 5518 quasi
2774 5462 2970 5500 rerum
3005 5453 3182 5505 testes
3221 5455 3276 5504 et
3335 5445 3620 5516 conscios,
3652 5466 3766 5504 non
3811 5451 3815 5454 ’

2175 5519 2298 5575 nasi
2328 5515 2669 5593 discipulos,
2716 5532 2975 5593 asserere
3007 5520 3286 5577 videatur.
3326 5522 3385 5576 In
3440 5537 3553 5593 quo
3607 5515 3766 5593 etab

2182 5587 2671 5665 rigenisplacito,
2715 5589 2885 5665 quod
2946 5589 3422 5665 impugnavimus
3456 5587 3548 5648 'ad
3605 5591 3766 5665 hom.

2130 5658 2263 5739 ejus
2285 5658 2534 5735 23,,jt1re
2585 5658 2906 5732 meritoque
2960 5658 3249 5722 dissentit.
3310 5665 3537 5737 Pugnat
3588 5663 3770 5719 enim-
