4144 6202
317 322 437 385 515

1557 321 1623 381 S.
1671 316 1983 381 EUSEBII
2030 315 2443 380 HIERONYM
2454 315 2479 379 Ι

3609 309 3728 378 516

317 452 682 526 propositum
730 452 990 506 veterum
1043 449 1388 507 saeculorum
1447 447 1586 506 olim
1647 449 1958 520 destinata,
1993 452 2048 518 Α
2153 448 2317 521 (Vers
2375 449 2487 520 12.)
2519 471 2548 500 «
2581 453 2645 505 In
2697 466 2812 521 quo
2871 449 3158 505 habemus
3217 416 3491 504 fiduciam
3551 451 3609 504 et
3641 465 3735 506 ac-

317 557 474 598 nunc
513 545 921 596 consummata
948 539 1180 594 videtur
1224 539 1283 593 in
1341 538 1590 594 Christo.
1651 538 1708 592 Si
1769 543 1965 593 autem

313 629 741 704 principatibus
770 633 828 684 et
861 629 1249 684 Potestatibus
1280 629 1337 683 in
1362 627 1708 698 cmlis,quas
1729 633 1966 684 sanctas

319 719 744 790 ministrasque
787 717 889 772 Dei
922 719 1181 788 accipere
1223 717 1507 772 debemus
1539 715 1698 787 (licet
1728 716 1970 787 quidam

314 809 639 881 principem
673 807 824 863 aeris
876 807 1046 861 istius
1102 806 1322 878 (Ephes.
1389 822 1450 874 ιι,
1500 805 1555 875 2)
1616 809 1672 859 et
1729 803 1966 876 angelos

315 899 443 969 ejus
475 895 1180 968 interpretentur),ignota
1210 895 1321 949 fuit
1344 893 1649 966 multiplex
1678 893 1966 964 sapientia

313 987 434 1055 Dei,
469 1003 594 1058 qua:
653 998 809 1040 nunc
865 984 949 1038 eis
1007 1000 1110 1055 per
1165 982 1487 1038 Ecclesiam
1547 981 1803 1038 revelata
1853 985 1962 1048 est,

313 1080 535 1148 quanto
567 1073 753 1146 magis
785 1072 1135 1145 patriarchis
1167 1078 1224 1127 et
1255 1071 1556 1144 prophetis
1597 1071 1800 1144 ignota
1832 1070 1960 1137 fuit,

313 1180 462 1235 quos
493 1180 670 1235 supra
704 1178 818 1217 non
851 1161 1155 1233 ignorasse
1185 1161 1532 1232 mysterium
1584 1159 1818 1224 Christi,
1858 1159 1960 1213 sed

318 1253 397 1308 ita
426 1257 491 1308 ut
518 1251 812 1323 apostolos
843 1249 1101 1305 nescisse
1131 1248 1588 1305 monstravimus
1620 1248 1647 1301 ?
1668 1246 1968 1320 Multiplex

317 1341 534 1414 quippe
551 1339 840 1412 sapientia
869 1337 1129 1409 Dei,quzn
1159 1353 1429 1393 sermone
1460 1335 1964 1407 Grecomolonot-

313 1430 493 1500 κιλος,
548 1434 605 1485 et
657 1434 724 1484 ut
785 1429 869 1484 ita
937 1428 1150 1495 dicam,
1206 1427 1556 1497 multi/aria,
1615 1425 1964 1504 appellatur,

313 1537 417 1592 per
447 1518 762 1575 Ecclesiam
797 1517 893 1572 Dei
935 1532 1092 1572 nunc
1120 1521 1177 1571 et
1225 1515 1660 1588 principatibus
1717 1519 1774 1569 et
1806 1520 1964 1586 pote-

310 1609 564 1665 statibus
594 1606 846 1662 revelata
875 1609 982 1661 est.
1008 1607 1193 1670 Quam
1218 1604 1359 1660 olim
1419 1603 1572 1660 Deus
1606 1605 1865 1659 tuturam
1901 1603 1962 1658 in

313 1713 421 1753 sua
454 1701 650 1751 mente
680 1696 1033 1761 decreverat,
1065 1699 1122 1748 et
1150 1709 1307 1748 nunc
1337 1709 1465 1748 esse
1522 1693 1840 1764 perfectam
1895 1709 1963 1748 ex

2078 555 2309 594 cessum
2360 539 2418 593 in
2476 539 2828 595 conﬁdentia
2884 556 2986 611 per
3037 539 3212 594 ﬁdem
3283 539 3432 609 ejus.
3489 559 3516 587 »
3567 537 3727 593 Nihil

2078 628 2248 684 nobis
2279 627 2360 683 ita
2389 632 2581 700 potest
2612 629 2682 683 ad
2744 628 2929 684 Deum
2988 628 3244 700 praebere
3302 627 3606 694 fiduciam,
3669 631 3729 683 et

2079 717 2443 772 conscientia:
2500 717 2813 788 puritatem
2873 717 2943 772 de
2987 733 3105 788 qua
3178 715 3435 771 dicitur:
3475 717 3538 772 Si
3591 732 3724 772 con-

2073 808 2301 862 scientia
2330 822 2427 862 nos
2447 823 2558 862 non
2587 806 2998 878 reprehenderit
3038 804 3431 877 conﬁdentiam
3459 805 3724 862 habemus

2076 894 2152 948 ad
2185 895 2353 950 Deum
2411 895 2459 966 (Ι
2507 897 2663 951 Joan.
2717 911 2802 959 III,
2853 894 2968 965 21),
3029 893 3141 949 nisi
3202 910 3418 960 sermo,
3477 893 3718 960 veritas,

2077 984 2382 1055 sapientia,
2425 984 2682 1054 justitia.
2742 1000 2870 1056 quae
2921 983 3120 1039 omnia
3176 982 3592 1055 intelliguntur
3659 983 3719 1037 in

2075 1072 2302 1128 Christo
2333 1073 2380 1144 (I
2412 1075 2539 1128 Cor.
2574 1091 2610 1140 1,
2663 1073 2773 1140 30).
2807 1071 3107 1135 Quomodo
3168 1071 3349 1144 igitur
3393 1071 3513 1126 haec
3549 1071 3720 1127 nobis

2076 1160 2344 1216 tribuunt
2376 1161 2652 1217 ﬁduciam
2684 1161 2754 1216 ad
2818 1167 3035 1217 Deum:
3070 1161 3153 1216 sic
3181 1163 3239 1216 et
3295 1176 3622 1230 accessum,
3657 1165 3723 1216 ut

2081 1253 2282 1304 noster
2313 1249 2382 1304 ad
2417 1266 2551 1305 eum
2578 1265 2788 1305 sensus
2817 1250 3074 1320 accedat,
3106 1253 3164 1304 et
3193 1248 3542 1322 diligentius
3573 1264 3714 1306 con-

2080 1337 2401 1410 temptetur
2431 1344 2489 1394 et
2517 1338 2738 1411 aliquid
2787 1338 2897 1394 sibi
2950 1338 3020 1394 de
3051 1339 3178 1409 ejus
3209 1339 3518 1409 majestate
3545 1355 3721 1394 assu-

2078 1433 2200 1482 mat
2229 1433 2285 1482 et
2313 1427 2586 1491 vindicet,
2620 1435 2678 1484 et
2721 1427 2888 1499 quasi
2935 1428 3004 1482 de
3059 1427 3238 1481 radiis
3295 1427 3436 1483 solis
3468 1427 3723 1484 colorem

2076 1517 2389 1587 quemdam
2423 1515 2912 1588 splendoremque
2942 1515 3185 1572 luminis
3217 1521 3518 1571 mutuetur
3541 1521 3599 1572 et
3629 1517 3725 1571 di-

2073 1607 2166 1657 cat
2196 1617 2208 1657 :
2238 1603 2526 1672 Signatum
2553 1608 2632 1658 est
2654 1604 2808 1660 596
2838 1620 3002 1674 super
3029 1619 3127 1660 nos
3157 1604 3343 1659 lumen
3386 1605 3573 1659 vultus
3609 1605 3720 1672 tui,

2072 1693 2299 1746 Domine
2327 1692 2588 1763 (Psal.1v,
2621 1693 2698 1760 7).
2729 1693 3005 1765 Magnum
3036 1697 3124 1749 est
3181 1709 3318 1764 ergo
3376 1710 3490 1749 non
3524 1693 3720 1750 solum

313 1802 378 1841 eo
411 1785 565 1856 quod
596 1784 885 1848 videmus,
919 1783 1481 1854 agnoscimus.Crux
1513 1783 1712 1853 itaque
1743 1781 1956 1836 Christi
1989 1824 2036 1890 B
2072 1797 2178 1836 nos
2209 1781 2424 1838 habere
2471 1781 2766 1850 fiduciam,
2828 1783 2930 1837 sed
2989 1782 3168 1838 etiam
3226 1782 3440 1838 habere
3497 1799 3627 1838 eam
3656 1782 3719 1839 in

533 1872 544 1890 ι
894 1871 981 1890 γι,
1051 1876 1064 1890 ι
1818 1869 1947 1890 Δη..
2073 1869 2408 1890 Δ,.η,,..ε.
2471 1871 2579 1890 ιγ--
2617 1875 2838 1890 .-μημ
2888 1871 3095 1890 Lam-
3380 1888 3448 1890 φ
3522 1889 3567 1890 η
3600 1873 3614 1890 ι

312 1891 428 1931 non
461 1872 654 1929 solum
687 1871 984 1940 nobis,sed
1015 1876 1072 1926 et
1100 1871 1324 1944 angelis
1355 1872 1702 1943 cunctisque
1732 1871 1790 1926 in
1811 1869 1954 1925 cmlo

309 1962 626 2020 virtutibus
659 1961 900 2033 profuit,
932 1965 988 2016 et
1013 1960 1244 2032 aperuit
1302 1967 1740 2016 sacramentum
1799 1960 1950 2030 quod

313 2057 489 2109 antea
521 2051 880 2107 nesciebant.
917 2049 1177 2122 Denique
1215 2049 1284 2104 ad
1336 2051 1547 2105 coelum
1606 2051 1755 2106 595
1817 2064 1954 2104 cum

309 2158 550 2214 corpore
576 2141 758 2206 Deum
803 2145 1182 2196 revertentem
1219 2139 1530 2206 mirantur,
1589 2145 1646 2194 et
1703 2140 1950 2194 dicunt:

310 2233 451 2302 Quis
481 2239 559 2286 est
589 2231 692 2285 iste
721 2230 816 2299 qui
871 2228 1116 2283 ascendit
1169 2227 1232 2283 de
1283 2229 1454 2284 Edom
1479 2246 1496 2282 :
1521 2227 1742 2300 fulvida
1800 2229 1956 2282 vesti—

314 2323 496 2375 menta
528 2320 644 2390 ejus
673 2334 743 2373 ex
771 2319 956 2386 Bosor,
986 2319 1066 2372 sic
1096 2317 1206 2384 [ΑΙ.
1239 2318 1346 2386 hic]
1393 2318 1668 2386 formosus
1725 2319 1786 2372 in
1815 2317 1955 2372 stola

313 2407 557 2464 candida
586 2408 710 2476 (lsa.
763 2423 920 2460 Lxm.
983 2407 1090 2475 10).
1143 2406 1212 2459 Et
1259 2405 1318 2459 in
1377 2405 1490 2460 alio
1541 2405 1667 2460 loco
1702 2423 1714 2459 :
1749 2406 1856 2474 Qui
1877 2409 1955 2460 est

308 2498 408 2550 iste
437 2511 537 2550 rex
552 2496 790 2565 gloria?
810 2495 1075 2550 Dominus
1105 2495 1375 2549 virtutum
1403 2495 1604 2564 ipseest
1631 2511 1730 2549 rex
1758 2494 1956 2562 gloria?

312 2584 482 2656 (Psal.
516 2599 678 2650 xxm,
715 2583 822 2653 10).
860 2581 983 2638 Non
1043 2586 1319 2652 putemus
1374 2582 1555 2653 igitur
1607 2582 1666 2636 in
1698 2581 1954 2636 Ecclesia

309 2688 438 2728 esse
469 2669 796 2743 simplicem
824 2671 1021 2737 (idem,
1052 2671 1152 2725 sed
1187 2669 1572 2742 multiplicem
1605 2675 1662 2726 et
1693 2669 1950 2725 multifa-

310 2762 457 2818 riam
490 2777 620 2816 esse
650 2759 1026 2832 sapientiam,
1058 2764 1122 2814 ut
1163 2777 1279 2814 non
1311 2759 1503 2815 solum
1531 2760 1692 2815 varia
1720 2759 1815 2827 sit,
1850 2759 1951 2814 sed

309 2849 498 2906 multa
527 2849 808 2905 varietate
838 2849 1135 2904 distincta.
1171 2848 1433 2920 Respicis
1473 2866 1657 2904 cunas
1684 2848 1898 2904 Christi
1935 2865 1948 2904 :

306 2940 436 2996 vide
469 2938 686 3012 pariter
715 2943 774 2994 et
802 2937 1014 2992 cmlum
1075 2938 1224 3007 (Luc.
1279 2953 1342 3004 ιι,
1400 2938 1573 3009 7-14).
1607 2937 1948 3008 Vagientem

306 3029 366 3084 in
398 3043 655 3101 praesepe
684 3027 932 3082 intueris
964 3026 1247 3081 infantem
1284 3044 1296 3080 :
1335 3026 1435 3081 sed
1489 3024 1726 3097 angelos
1771 3023 1948 3080 simul

304 3117 575 3172 ausculta
620 3116 926 3172 laudantes
967 3115 1171 3187 (lbid.).
1251 3115 1505 3170 Herodes
1556 3113 1947 3186 persequitur,

2067 1869 2436 1926 confidentia.
2471 1871 2585 1925 Nec
2617 1875 2846 1925 tantum
2887 1871 3102 1926 habere
3159 1887 3483 1935 accessum.
3516 1873 3618 1928 sed
3651 1877 3720 1928 ut

2066 1958 2189 2029 ipse
2221 1959 2444 2020 firmior
2472 1959 2548 2014 sit
2577 1975 2869 2025 accessus,
2920 1959 3134 2016 habere
3183 1959 3354 2016 illum
3410 1960 3471 2016 in
3529 1961 3712 2016 conti-

2064 2047 2280 2117 dentia,
2312 2048 2481 2118 cujus
2512 2047 2734 2102 fiducia:
2775 2053 2950 2120 atque
3007 2065 3301 2120 accessus,
3347 2049 3705 2121 principium

2065 2140 2122 2189 ct
2149 2136 2330 2208 origo,
2365 2136 2508 2192 fides
2560 2137 2616 2190 in
2675 2135 2902 2191 Christo
2952 2142 3060 2193 est.
3113 2137 3222 2202 Qui
3275 2137 3454 2209 igitur
3509 2139 3713 2196 omnia

2065 2224 2288 2279 ratione
2319 2230 2376 2280 et
2409 2225 2612 2280 ordine
2673 2225 2828 2293 iacit,
2881 2224 2991 2280 iste
3049 2227 3235 2281 credit
3293 2226 3352 2281 in
3409 2226 3710 2284 Christum

2065 2329 2395 2368 sermonem
2426 2318 2601 2385 atque
2627 2313 2912 2370 rationem
2949 2332 2962 2370 :
2991 2315 3092 2387 qui
3125 2315 3476 2388 sapientiam
3509 2321 3715 2389 potue-

2065 2401 2138 2456 rit
2161 2403 2675 2474 comprehendere,
2699 2403 2881 2458 credit
2904 2403 2966 2458 in
2996 2404 3291 2460 Christum
3325 2405 3708 2478 sapientiam:

2067 2491 2168 2561 qui
2250 2489 2598 2546 intellexerit
2654 2492 2980 2560 veritatem,
3015 2494 3198 2549 credit
3279 2494 3338 2549 in
3414 2494 3713 2552 Christum

2061 2577 2365 2633 veritatem
2427 2580 2526 2649 qui
2568 2581 2731 2651 justo
2784 2580 3009 2648 vixerit,
3067 2583 3249 2638 credit
3303 2583 3362 2637 in
3428 2601 3560 2640 eum
3614 2585 3714 2655 ju-

2062 2666 2302 2721 stitiam.
2337 2667 2450 2722 Nec
2481 2685 2629 2740 opus
2660 2675 2748 2724 est
2778 2669 2953 2740 plura
3011 2671 3225 2738 dicere,
3273 2688 3408 2728 cum
3441 2674 3712 2746 frequen-

2060 2759 2148 2808 ter
2179 2755 2320 2810 mihi
2353 2758 2671 2812 necessitas
2705 2757 3036 2815 incubuerit
3066 2760 3137 2814 de
3167 2759 3396 2816 Christo
3428 2761 3710 2818 similiter

2062 2843 2412 2900 disserendi.

2131 2931 2316 3002 (Vers.
2344 2933 2452 3006 13.)
2487 2957 2514 2984 ‹‹
2545 2939 2789 3007 PrOpter
2819 2937 2975 3008 quod
3008 2943 3136 3009 peto
3197 2955 3269 2994 ne
3325 2938 3615 2996 deficiatis
3642 2943 3703 2996 in

2059 3021 2535 3078 tribulationibus
2569 3024 2714 3080 meis
2771 3042 2874 3096 pro
2931 3027 3120 3093 vobis,
3177 3043 3307 3099 quae
3367 3032 3456 3085 est
3513 3028 3704 3102 gloria

2061 3115 2251 3166 vestra
2280 3133 2307 3161 ››
2340 3112 2398 3166 Id
2434 3114 2583 3182 quod
2617 3130 2773 3168 nunc
2806 3115 3049 3172 Latinus
3081 3116 3395 3173 translator
3417 3119 3708 3191 expressit

307 3203 408 3257 sed
442 3202 688 3258 adorant
717 3203 871 3274 magi
902 3201 1108 3273 (Matth.
1145 3219 1206 3270 ιι,
1258 3203 1365 3270 16).
1427 3201 1704 3273 Ignorant
1752 3201 1949 3256 Phari-
1980 3192 2022 3258 C
2060 3217 2132 3253 ne
2155 3199 2444 3270 deﬁciatis,
2479 3207 2670 3274 potest
2701 3206 2869 3273 juxta
2896 3204 3076 3259 Graeci
3109 3207 3399 3262 sermonis
3421 3207 3709 3280 ambigui-

307 3291 428 3359 saai,
479 3291 578 3346 sed
637 3290 807 3346 stella
861 3291 1226 3345 demonstrat
1280 3289 1473 3361 (Ibid)
1529 3289 1863 3362 Baptizatur
1919 3306 1953 3344 a

308 3396 474 3436 servo
510 3397 523 3435 :
557 3379 654 3436 sed
708 3396 816 3434 vox
874 3380 1127 3449 desuper
1177 3377 1276 3432 Dei
1334 3378 1657 3432 intonantis
1713 3379 1954 3433 auditur

307 3468 512 3540 (Matth.
547 3485 631 3524 ιιι.
660 3469 744 3538 16,
780 3468 888 3533 17).
935 3467 1119 3538 Aquis
1165 3467 1450 3539 mergitur
1482 3483 1495 3521 :
1527 3467 1626 3522 sed
1681 3465 1953 3522 columba

309 3556 630 3626 descendit,
665 3557 782 3610 imo
842 3555 1096 3628 Spiritus
1148 3556 1207 3610 in
1267 3555 1538 3612 columba
1595 3555 1806 3626 (Ibid).
1867 3556 1988 3610 Adi

313 3644 650 3718 passionem
680 3645 835 3699 venit
866 3650 921 3700 et
952 3644 1069 3716 pati
1102 3645 1292 3713 timet,
1322 3643 1447 3699 vult
1497 3645 1750 3700 transire
1807 3643 1951 3699 cali-

316 3748 466 3802 cem,
497 3737 554 3787 et
606 3736 841 3788 Petrum
899 3733 1039 3804 quia
1093 3733 1334 3788 calicem
1390 3733 1653 3800 timebat,
1716 3737 1955 3789 accusat

313 3820 524 3893 (Matth.
553 3838 705 3886 xxvr,
737 3823 804 3876 37
834 3837 1005 3894 seqq.:
1035 3839 1149 3890 xvx,
1179 3823 1396 3892 21-23).
1458 3820 1604 3886 Quid
1663 3821 1770 3878 hac
1809 3822 1952 3878 stul-

313 3911 443 3968 titia
490 3911 859 3984 prudentius,
923 3911 1196 3967 varietate
1248 3911 1608 3977 dictinctius,
1668 3911 1955 3982 sapientia

308 4000 638 4068 obscurius,
671 4016 851 4072 quam
882 3999 1016 4056 fecit
1071 3999 1224 4055 Deus
1257 4000 1311 4054 in
1371 3999 1600 4055 Christo
1656 4001 1796 4055 Jesu
1850 4001 1954 4056 Do-

309 4090 466 4146 mino
499 4093 697 4146 nostro
726 4090 754 4144 ?
785 4090 935 4146 Licet
990 4088 1145 4145 enim
1189 4107 1222 4144 a
1277 4087 1571 4161 plerisque
1626 4090 1949 4144 secundum

308 4179 574 4234 ordinem
597 4179 1060 4250 juncturamque
1092 4179 1404 4249 sermonis,
1436 4183 1492 4233 et
1517 4177 1771 4233 Ecclesia
1801 4179 1953 4234 facta

305 4266 552 4340 intelligi
585 4268 791 4340 possit,
824 4273 881 4324 et
910 4266 1185 4342 πρόθεσις,
1218 4267 1276 4322 id
1303 4273 1392 4323 est
1419 4269 1734 4339 propositio,
1773 4285 1950 4339 quam

306 4373 414 4412 nos
442 4373 652 4428 genere
683 4357 934 4413 neutrali
968 4359 1024 4412 in
1062 4358 1267 4412 Latino
1301 4373 1569 4413 sermone
1615 4359 1954 4429 prepositum

309 4447 596 4502 habemus
651 4462 1032 4518 expressam:
1066 4452 1261 4502 tamen
1313 4447 1602 4518 sapientia
1659 4447 1848 4519 magis
1892 4447 1951 4501 in

314 4533 545 4590 Christo
578 4535 728 4590 facta
757 4539 950 4606 potest
981 4551 1250 4591 resonare
1280 4551 1456 4606 quam
1488 4537 1955 4591 czetera.Fatuum

316 4626 520 4696 quippe
570 4624 669 4680 Dei
695 4626 1001 4696 sapientius
1056 4633 1134 4680 est
1191 4624 1505 4680 hominibus
1533 4625 1580 4694 (I
1609 4626 1732 4680 Cor.
1764 4643 1800 4693 ι,
1834 4625 1969 4692 25)..

304 4713 466 4776 Quod
499 4714 549 4769 si
606 4713 664 4768 in
722 4714 950 4770 Christo
1003 4714 1331 4770 secundum
1405 4714 1680 4785 mysticos
1733 4713 1954 4769 intelle-

305 4807 435 4858 ctus
465 4803 679 4858 dicitur
711 4803 862 4859 facta
887 4803 1195 4875 sapientia,
1230 4801 1559 4874 intelligant
1600 4802 1792 4857 Ariani
1831 4803 1950 4858 fru-

304 4896 426 4946 stra
455 4907 516 4946 se
545 4892 619 4948 de
647 4892 748 4948 illo
780 4891 1139 4949 testimomio
1163 4889 1400 4964 gloriari
1427 4891 1484 4944 in
1517 4907 1632 4962 quo
1664 4892 1952 4963 sapientia

305 4979 365 5033 in
398 4979 564 5036 initio
595 4981 820 5036 viarum
847 4982 943 5037 Dei
963 4986 1212 5038 creatam
1233 4997 1295 5035 se
1325 4983 1382 5035 et
1401 4980 1659 5053 genitam
1689 4978 1952 5052 loquitur

306 5071 364 5122 et
392 5066 697 5124 fundatam
728 5071 915 5140 (Eccli.
947 5087 1057 5138 xw,
1094 5069 1200 5142 14).
1253 5069 1319 5123 Et
1376 5069 1576 5139 utique
1616 5070 1789 5140 juxta
1817 5068 1948 5126 illos

304 5161 494 5211 creata
525 5162 635 5224 est,
671 5163 809 5212 nata
837 5175 962 5215 esse
1016 5176 1129 5214 non
1193 5159 1398 5230 potuit.
1456 5157 1512 5213 Si
1564 5163 1760 5213 autem
1812 5164 1950 5215 nata

302 5251 392 5301 est
420 5247 714 5317 quomodo
743 5252 801 5303 et
832 5249 1075 5304 fundata
1105 5247 1323 5303 dicitur
1353 5253 1410 5303 et
1439 5251 1632 5302 creata
1665 5250 1687 5302 9

301 5438 603 5509 verocum
634 5424 942 5496 Scriptura:
975 5441 1150 5509 sacrae
1183 5424 1540 5509 testimoniis
1557 5427 1761 5495 putare
1785 5426 1948 5509 prius

303 5493 644 5568 hominibus
678 5493 855 5567 quam
889 5497 1113 5568 angelis
1152 5497 1470 5552 revelatum
1527 5493 1946 5554 incarnationis

303 5567 695 5642 mysterium:
731 5567 1070 5642 quanquam
1105 5569 1388 5642 bonorum
1443 5585 1573 5641 quas
1613 5585 1683 5624 ex
1702 5585 1776 5642 eo
1806 5585 1944 5625 con-

301 5638 471 5716 εθᾲυὶ
501 5638 812 5714 debebant,
863 5638 927 5700 ut
972 5644 1062 5700 est
1109 5638 1507 5700 conversionis
1554 5640 1820 5723 gentium
1872 5642 1945 5710 ad

2059 3293 2239 3344 tatem
2270 3296 2325 3344 et
2382 3291 2464 3346 ita
2506 3292 2638 3363 legi,
2699 3309 2768 3348 ne
2823 3293 3096 3363 deﬁciam.
3171 3294 3245 3350 Ut
3302 3297 3380 3352 sit
3439 3313 3704 3353 sensus:

2059 3379 2290 3445 Propter
2344 3379 2483 3450 quod
2528 3387 2652 3448 peto
2703 3397 2771 3435 ne
2818 3381 3069 3452 deﬁciam
3145 3386 3203 3438 in
3247 3385 3704 3442 tribulationibus

2061 3469 2196 3521 meis
2223 3483 2320 3537 pro
2348 3467 2515 3534 vobis,
2550 3475 2658 3525 etc.
2710 3469 2826 3524 Hoc
2869 3476 2957 3526 est
2999 3488 3134 3544 ergo
3185 3473 3339 3544 quod
3385 3474 3703 3546 Apostolus

2062 3561 2246 3626 rogat,
2279 3561 2335 3610 et
2363 3573 2395 3611 a
2430 3557 2668 3613 Domino
2703 3575 3052 3630 magnopere
3095 3562 3458 3633 deprecatur,
3496 3580 3564 3619 ne
3597 3563 3697 3618 de-

2061 3643 2218 3698 ﬁciat
2246 3643 2303 3697 in
2333 3647 2622 3714 pressuris
2653 3646 2796 3701 suis.
2825 3646 3070 3704 Videbat
3091 3651 3308 3722 quippe
3339 3667 3400 3706 se
3430 3651 3501 3706 de
3528 3655 3699 3708 Jeru-

2061 3731 2242 3787 salem
2277 3749 2462 3805 usque
2491 3735 2560 3788 ad
2598 3735 2893 3807 Illyricum
2927 3738 3298 3810 Evangelium
3333 3741 3702 3811 pradicasse,

2063 3819 2178 3876 isse
2208 3821 2474 3891 Romam,
2507 3824 2578 3877 ad
2616 3823 2941 3896 Hispanias,
2973 3825 3059 3881 vel
3119 3829 3462 3898 perrexisse,
3494 3829 3584 3884 vel
3617 3831 3701 3885 ire

2061 3910 2368 3981 disponere
2399 3911 2569 3982 (Rom.
2603 3929 2692 3980 xv,
2730 3914 2939 3984 19-25).
2973 3914 3150 3971 Totus
3208 3918 3465 3973 mundus
3494 3919 3565 3973 ad
3600 3919 3702 3974 do-
3765 3955 3772 3960 -

2062 4000 2308 4054 ctrinam
2341 3999 2528 4071 ipsius
2558 4002 2626 4057 de
2659 4007 2943 4072 potestate
2999 4004 3279 4077 principis
3333 4006 3652 4063 tollebatur
3687 4023 3702 4064 :

2060 4089 2482 4144 deserebantur
2509 4089 2684 4155 idola,
2717 4095 2772 4145 et
2802 4091 3130 4150 cultoribus
3186 4095 3411 4167 templa
3468 4097 3704 4153 deserta

2062 4176 2331 4248 squalore
2387 4183 2444 4232 et
2508 4179 2782 4234 sordibus
2887 4180 3279 4254 replebantur.
3371 4184 3455 4241 Ob
3523 4202 3706 4258 quam

2060 4283 2300 4322 causam
2333 4268 2526 4323 omnis
2575 4271 2867 4326 exercitus
2917 4272 3252 4329 daemonum
3305 4274 3496 4330 omnis
3531 4277 3708 4332 turba

2063 4356 2432 4411 inimicarum
2460 4357 3107 4428 fortitudinum,contra
3126 4361 3322 4434 ipsum
3349 4363 3496 4419 facto
3521 4379 3706 4421 cuneo

2062 4445 2380 4501 dimicabat
2412 4451 2495 4514 ut,
2530 4463 2632 4518 per
2660 4448 3070 4506 tribulationes
3100 4456 3156 4506 et
3185 4451 3705 4525 angustias,Evan-

2061 4535 2279 4606 gelium
2330 4536 2541 4591 Christi
2587 4537 2880 4593 desineret
2931 4539 3266 4610 pradicare,
3298 4546 3355 4596 et
3375 4539 3569 4597 lassus
3600 4540 3706 4597 ali-

2063 4625 2297 4694 quando
2346 4625 2753 4697 requiesceret.
2831 4627 2946 4683 Hoc
2995 4633 3084 4683 est
3144 4629 3341 4702 itaque
3388 4630 3543 4702 quod
3577 4631 3704 4688 ait:

2061 4715 2188 4769 Peto
2217 4730 2286 4770 ne
2315 4713 2572 4784 deﬁciam
2601 4717 2662 4770 in
2713 4716 3165 4788 tribulationiqus
3210 4721 3350 4774 meis
3400 4736 3500 4790 pro
3559 4719 3708 4776 vobis

2057 4802 2266 4858 Totum
2297 4803 2451 4858 enim
2484 4804 2638 4874 quod
2671 4805 3038 4876 patior,quod
3070 4807 3338 4879 tribulor,
3365 4809 3520 4880 quod
3544 4825 3704 4865 coar-

2061 4896 2202 4958 ctor,
2230 4897 2431 4948 vestrae
2459 4891 2726 4948 salutatis
2757 4898 2847 4949 est
2875 4911 3074 4962 causa,
3140 4896 3281 4952 dum
3324 4897 3488 4953 vobis
3518 4897 3709 4954 Evan-

2059 4981 2203 5036 lium
2226 4981 2576 5037 annuntiare
2605 4981 2893 5039 desidero:
2927 5001 3055 5055 quis
3100 4985 3510 5043 tribulationes
3540 5003 3704 5044 mea:

2059 5075 2250 5126 vestra
2274 5075 2363 5126 est
2392 5070 2599 5142 gloria.
2659 5075 2838 5128 Porro
2890 5073 3060 5144 quasi
3112 5073 3423 5147 imperitus
3472 5075 3708 5132 locutus

2059 5165 2167 5226 est,
2228 5166 2294 5214 ut
2351 5158 2563 5231 plurali
2628 5161 3073 5218 tribulationum
3133 5182 3402 5231 numero,
3453 5165 3708 5238 gloriam

2057 5248 2442 5321 subjungeret
2475 5249 2836 5321 singularem
2867 5255 2925 5306 et
2971 5252 3191 5309 diceret
3223 5271 3237 5310 :
3268 5255 3328 5309 In
3379 5254 3709 5312 tribulatio-

2060 5427 2255 5497 ﬁdcm,
2317 5426 2432 5482 fere
2474 5425 2712 5499 nullam
2782 5429 3172 5499 cognitionem
3232 5431 3513 5488 habuisse
3575 5431 3707 5491 illos

2055 5499 2242 5579 liceat,
2258 5498 2484 5579 opinari
2519 5515 2531 5552 :
2567 5499 2740 5579 idqu_e
2770 5498 2959 5579 genus
2991 5519 3058 5558 ea
3088 5519 3238 5574 esse,
3271 5505 3331 5561 in
3361 5504 3583 5577 quibus
3602 5521 3706 5579 per

2056 5570 2272 5628 Christi
2299 5570 2552 5628 mortem
2583 5570 2954 5643 profecerim.
