4144 6202
333 309 444 371 517

992 306 1506 369 COMMENTAR.
1551 307 1630 368 IN
1673 307 1927 369 EPIST.
1974 309 2076 368 AD
2121 308 2397 370 EPHES.
2444 310 2593 372 LIB.
2640 311 2718 383 II,
2762 311 2937 375 CAP.
2980 306 3084 372 ΙῙΙ.

3623 314 3743 374 518

333 442 496 497 nibus
521 440 659 495 meis
687 453 784 511 pro
813 436 982 508 vobis,
1033 456 1150 510 qua
1203 447 1281 495 est
1323 440 1506 509 gloria
1553 449 1752 506 vestra,
1787 457 1890 513 pro
1923 456 1989 497 eo
2019 441 2073 508 Α
2103 441 2233 497 Nolo
2273 458 2365 498 vos
2408 444 2687 511 ignorare,
2736 447 2966 514 fratres,
3012 444 3081 499 de
3129 443 3488 500 tribulatione
3532 447 3742 512 nostra,

335 529 488 602 quod
519 533 631 593 est,
664 543 790 600 quae
815 537 946 584 sunt
976 530 1354 585 tribulationes
1382 531 1567 600 gloria
1613 533 1792 585 vestra
1823 547 1841 584 :
1877 530 1987 584 nisi

334 619 480 674 forte
512 619 645 690 quis
677 617 854 673 altius
901 623 958 672 et
1010 635 1112 690 per
1160 618 1544 690 hyperbaton,
1577 619 1665 674 vel
1717 620 1783 674 ad
1842 619 1989 673 ﬁdu-

333 707 505 775 ciam,
537 706 625 762 vel
658 707 729 761 ad
763 723 1086 772 accessum,
1119 707 1206 762 vel
1239 709 1309 762 ad
1345 708 1518 763 ﬁdem
1548 709 1658 764 hoc
1698 708 1994 773 existimet

334 813 461 852 esse
490 795 948 860 referendum,et
968 783 1207 866 dicat,in
1236 813 1350 867 quo
1375 796 1663 852 habemus
1687 797 1988 866 ﬁduciam,

333 885 481 943 597
507 889 564 940 et
580 900 905 953 accessum,
941 888 997 938 et
1038 883 1235 939 ﬁdem.
1265 885 1400 948 Quae
1449 885 1684 953 ﬁducia,
1721 902 1990 942 accessus

334 979 390 1030 et
420 973 584 1041 ﬁdes,
618 977 813 1029 vestra
851 977 940 1028 est
989 971 1196 1043 gloria.
1232 973 1342 1027 Sed
1376 974 1564 1045 magis
1597 974 1863 1046 superior
1892 991 1988 1029 se-

337 1063 588 1119 ctandus
613 1066 702 1118 est
723 1061 1158 1117 sensus.Potest
1178 1066 1376 1116 autem
1399 1063 1727 1118 secundum
1750 1064 1807 1117 id
1833 1063 1988 1134 quod

329 1151 578 1207 Latinus
606 1149 929 1222 expressit:
977 1155 1204 1222 Propter
1245 1151 1384 1220 quod
1425 1155 1554 1222 peto
1601 1168 1672 1207 ne
1720 1152 1990 1222 deﬁciatis

331 1243 396 1295 in
453 1239 900 1295 tribulationibus
941 1241 1101 1295 meis
1129 1256 1229 1310 pro
1279 1242 1448 1306 vobis,
1498 1255 1627 1312 quae
1676 1245 1758 1296 est
1806 1241 1990 1310 gloria

330 1333 533 1399 vestra,
566 1328 710 1384 illud
743 1329 949 1400 exponi
983 1329 1138 1400 quod
1171 1345 1274 1400 pro
1308 1329 1580 1402 Ephesiis
1612 1335 1793 1402 petat,
1827 1346 1899 1384 ne
1928 1330 1986 1385 in

332 1416 627 1490 pressuris
653 1416 914 1489 Apostoli
953 1415 1280 1473 lassescant
1326 1422 1498 1489 atque
1553 1420 1846 1474 deﬁciant.
1899 1419 1987 1474 Si.

332 1506 570 1578 quidem
618 1511 675 1561 et
722 1522 790 1561 ea
837 1522 962 1576 quae
996 1512 1346 1578 sequuntur,
1375 1507 1515 1562 huic
1564 1509 1762 1564 sensui
1796 1508 1989 1580 magis

333 1599 664 1669 congruunt
694 1611 708 1649 :
739 1595 1030 1666 Propterea
1059 1611 1223 1650 curvo
1250 1612 1431 1666 genua
1472 1612 1594 1652 mea
1637 1595 1707 1651 ad
1757 1598 1986 1652 Patrem

336 1685 563 1739 Domini
588 1685 772 1739 nostri
797 1688 927 1741 Jesu
978 1683 1199 1750 Christi,
1242 1687 1304 1738 ut
1351 1685 1442 1740 det
1495 1685 1645 1740 vobis
1693 1685 1990 1741 secundum

333 1774 562 1829 divitias
598 1773 789 1844 gloria
835 1786 952 1829 suae
996 1774 1199 1828 virtute
1244 1775 1547 1844 confortari
1574 1774 1733 1845 (vers.
1771 1776 1986 1846 14-16).

332 1861 740 1918 Necessariam
772 1860 990 1933 quippe
1022 1861 1317 1917 habebant
1349 1862 1771 1928 fortitudinem,
1806 1879 1878 1918 ne
1927 1863 1985 1918 in

333 1950 825 2006 tribulationibus
881 1949 1266 2006 vincerentur.
1331 1950 1497 2005 Dicat
1561 1950 1775 2022 aliquis
1847 1971 1858 2006 :
1928 1952 1984 2005 Si

334 2040 589 2096 fuissent
617 2038 829 2111 Ephesi
856 2039 915 2093 in
948 2039 1240 2112 angustiis
1283 2039 1606 2106 constituti,
1641 2047 1794 2096 recte
1845 2046 1989 2096 Pau-

334 2130 432 2185 lus
470 2145 575 2200 pro
598 2128 684 2184 eis
705 2132 975 2201 potuerat
1020 2128 1340 2201 deprecari,
1376 2145 1444 2184 ne
1474 2129 1789 2185 deﬁcerent
1814 2136 1990 2203 atque

340 2219 765 2274 lassescerent:
799 2234 956 2272 nunc
1001 2233 1138 2272 vero
1192 2216 1502 2272 ridiculum
1554 2222 1661 2284 est,
1712 2218 1888 2274 Paulo
1930 2220 1988 2274 in

341 2305 828 2362 tribulationibus
874 2305 1083 2378 posito,
1117 2322 1319 2378 rogare
1363 2322 1498 2361 eum
1549 2323 1621 2361 ne
1668 2306 1876 2379 Ephesi
1929 2308 1988 2362 in

339 2412 458 2451 suo
489 2395 682 2451 labore
715 2395 1126 2450 deﬁciant.Sed
1149 2400 1205 2450 et
1221 2395 1294 2449 ad
1325 2394 1476 2450 hanc
1506 2395 1990 2466 quaestiunculam

338 2483 801 2555 dissolvendam,
836 2483 977 2539 illud
1010 2489 1279 2539 sumetur
1309 2483 1641 2555 exemplum
1679 2503 1691 2540 :
1732 2486 1994 2541 Tentatio-

337 2591 472 2630 nem
536 2576 772 2629 vestram
819 2576 878 2630 in
926 2589 1089 2629 carne
1143 2589 1266 2628 mea
1307 2589 1420 2629 non
1460 2575 1763 2643 sprevistis,
1822 2591 1996 2646 neque

337 2664 626 2732 abjecistis
674 2663 875 2732 (Galat.
932 2679 1008 2720 IV.
1056 2661 1166 2733 13).
1219 2661 1556 2718 Ostenditur
1599 2662 1888 2734 siquidem
1933 2665 1991 2719 in

337 2751 456 2807 hoc
491 2752 667 2823 dicto,
702 2751 856 2824 quod
888 2751 948 2806 in
979 2765 1153 2806 carne
1180 2749 1342 2806 Pauli
1374 2750 1505 2806 aliis
1535 2752 1613 2806 sit
1645 2757 1782 2808 nata
1809 2757 1996 2808 tenta-

338 2840 447 2896 tio.
481 2839 932 2898 Consideremus
963 2839 1144 2895 totius
1175 2840 1379 2895 mundi
1412 2839 1682 2897 homines
1732 2842 1811 2912 (et
1854 2842 1993 2913 quid

340 2930 407 2984 in
435 2945 746 2985 commune
795 2929 867 2984 de
911 2927 1188 2984 omnibus
1219 2927 1443 3000 loquor,
1477 2945 1575 2984 eos
1606 2929 1706 3001 qui
1737 2929 1797 2984 in
1828 2931 1995 2986 Chri-

343 3023 508 3074 stum
539 3022 822 3091 putantur
849 3018 1543 3089 credere,discutiamus),
1578 3023 1634 3074 et
1664 3018 1996 3075 videbimus

343 3111 461 3164 hac
525 3123 624 3163 eos
684 3108 773 3163 vel
831 3107 1083 3163 maxime
1140 3107 1464 3178 quaestione
1521 3107 1755 3177 tentari,
1816 3124 1997 3179 quare

2101 546 2223 602 quae
2276 534 2424 602 facta
2479 535 2553 588 est
2605 534 2663 586 in
2711 533 2861 598 Asia,
2911 534 3043 603 quia
3087 549 3246 604 super
3288 534 3527 601 modum,
3580 549 3747 606 super

2098 623 2355 675 virtutem
2420 623 2705 692 aggravati
2779 638 2988 688 sumus,
3045 621 3125 676 ita
3199 626 3258 676 ut
3339 621 3747 694 desperaremus

2097 710 2265 764 etiam
2307 711 2504 776 vivere,
2554 709 2647 765 sed
2701 711 2809 781 ipsi
2856 712 2912 764 in
2961 711 3370 782 nobismetipsis
3429 728 3746 783 responsum

2097 800 2292 852 mortis
2319 798 2626 868 habuimus,
2656 808 2714 853 ut
2740 815 2847 853 non
2882 799 3208 868 conﬁdentes
3255 815 3489 854 essemus
3537 802 3602 855 in
3646 816 3746 856 no-

2100 887 2200 955 bis,
2231 886 2326 940 sed
2358 888 2416 940 in
2445 888 2544 942 Deo
2573 889 2676 957 qui
2701 889 2934 942 suscitat
2975 893 3235 959 mortuos,
3287 889 3384 959 qui
3430 887 3497 943 de
3547 889 3748 944 talibus

2096 975 2365 1030 mortibus
2406 975 2658 1030 liberavit
2705 992 2820 1043 nos,
2864 984 2912 1031 et
2961 977 3216 1032 liberat:
3245 993 3522 1048 speramus
3564 981 3751 1032 autem

2098 1065 2228 1133 quia
2258 1070 2310 1117 et
2342 1064 2683 1119 liberaturus
2733 1067 2801 1119 sit
2851 1066 2925 1136 (II
2972 1064 3092 1120 Cor.
3144 1083 3187 1132 1,
3229 1067 3412 1133 8-10).
3454 1068 3749 1130 Quantum

2097 1157 2272 1223 putas
2302 1169 2435 1208 eum
2469 1152 2918 1208 tribulationum
2949 1155 3180 1226 pondus
3213 1156 3483 1226 urgebat,
3516 1158 3581 1209 ut
3601 1154 3753 1210 dice-

2098 1247 2184 1297 ret
2215 1258 2227 1296 :
2265 1241 2370 1309 Qui
2399 1241 2466 1296 de
2493 1244 2668 1298 tantis
2696 1247 2748 1297 et
2761 1243 2979 1302 ,talibas
3017 1245 3285 1298 mortibus
3316 1245 3570 1299 liberavit
3612 1247 3751 1300 nos?

2100 1331 2272 1386 Recte
2302 1331 2482 1403 igitur
2511 1334 2672 1403 petit,
2706 1349 2777 1387 ne
2807 1333 3039 1388 deﬁciat
3070 1333 3214 1388 ﬁdes
3266 1332 3652 1404 Ephesiorum
3687 1333 3746 1388 in

2098 1420 2390 1491 pressuris
2421 1421 2546 1475 suis
2579 1426 2756 1491 atque
2789 1421 3096 1493 angustiis,
3131 1438 3278 1493 quas
3309 1425 3616 1492 propterea
3645 1439 3747 1494 pa-
3787 1431 3790 1434 ‘

2096 1508 2259 1576 titur,
2294 1509 2433 1579 quia
2464 1509 2730 1581 Ephesiis
2780 1510 3154 1582 Evangelium
3206 1510 3576 1582 praedicabat.
3611 1511 3746 1574 Quae

2098 1595 2334 1667 quidem
2368 1613 2656 1668 pressura:
2689 1599 2844 1670 apud
2875 1598 3178 1654 incedulos
3210 1615 3390 1670 pugnae
3422 1599 3744 1670 sunt,apud

2099 1685 2299 1740 ﬁdeles
2331 1685 2516 1758 gloria
2546 1692 2722 1758 atque
2753 1687 3013 1754 victoria,
3064 1688 3202 1759 quia
3243 1688 3477 1754 vicisse,
3510 1692 3599 1742 est
3642 1689 3742 1743 ad-

2096 1774 2368 1830 versariis
2397 1775 2456 1829 in
2489 1777 2776 1848 angustiis
2804 1794 2916 1833 non
2950 1777 3220 1832 cessisse.

2173 1863 2353 1926 (Vers.
2391 1865 2501 1935 14.)
2540 1888 2560 1912 ι
2596 1865 2906 1936 Propterea
2948 1883 3121 1922 curvo
3152 1883 3344 1939 genua
3375 1885 3505 1924 mea
3536 1871 3605 1924 ad
3641 1873 3744 1924 Pa-

2101 1957 2250 2008 trem
2305 1953 2524 2008 Domini
2559 1954 2742 2008 nostri
2791 1954 2931 2009 Jesu
2981 1954 3196 2010 Christi
3230 1959 3272 2024 ¹,
3305 1973 3372 2011 ex
3403 1973 3518 2028 quo
3552 1957 3745 2013 omnis

2098 2043 2420 2114 paternitas
2450 2042 2507 2096 in
2541 2042 2722 2112 caelis,
2755 2048 2812 2097 et
2850 2043 2908 2098 in
2958 2047 3111 2098 terra
3142 2044 3498 2100 nominatur.
3538 2069 3558 2096 ι
3595 2048 3744 2112 Quo-

2100 2129 2271 2183 modo
2293 2129 2351 2183 in
2370 2130 2769 2201 superioribus
2791 2131 3258 2187 demonstratum
3283 2134 3468 2198 est,ad
3493 2134 3746 2206 efﬁgiem

2099 2217 2486 2288 corporalium
2548 2218 2840 2273 luminum
2891 2236 3020 2274 esse
3073 2220 3274 2275 oculos
3334 2221 3671 2292 spirituales
3730 2239 3744 2278 :

2100 2305 2184 2360 sic
2215 2322 2370 2360 nunc
2402 2305 2988 2379 intelligendum,alia
3017 2324 3146 2364 esse
3166 2309 3467 2365 exterioris
3489 2311 3748 2366 hominis

2100 2410 2313 2466 genua,
2347 2395 2459 2450 alia
2508 2394 2817 2450 inferioris.
2854 2396 3082 2452 Etenim
3132 2397 3277 2451 illud
3330 2399 3486 2470 quod
3535 2399 3750 2455 dicitur

2102 2485 2159 2538 in
2211 2483 2360 2538 Isaia
2406 2502 2419 2540 :
2468 2484 2874 2556 Confortamini
2921 2502 3114 2541 manus
3161 2488 3421 2553 dimissa,
3472 2492 3524 2544 et
3571 2504 3752 2557 genua

2101 2573 2363 2627 dissoluta
2393 2573 2520 2643 (lsa.
2554 2590 2717 2640 xxxv,
2751 2574 2827 2645 3).
2860 2573 2931 2628 Et
2977 2573 3037 2629 in
3086 2573 3199 2629 alio
3249 2574 3372 2632 loco
3423 2577 3549 2648 ipse
3591 2580 3748 2650 Apo-

2103 2660 2291 2716 stolus
2344 2678 2356 2715 :
2418 2662 2480 2717 Ut
2519 2663 2579 2715 in
2625 2663 2870 2729 nomine,
2925 2662 3137 2733 inquit,
3180 2667 3334 2729 Jesu,
3394 2681 3552 2720 omne
3607 2681 3752 2736 genu

2102 2750 2379 2819 ﬂectatur,
2447 2750 2765 2818 caelestium,
2829 2753 3202 2819 terrestrium,
3272 2758 3325 2807 et
3402 2755 3752 2824 infernarum

2105 2837 2380 2909 (Philipp.
2435 2856 2495 2904 ιι,
2550 2839 2659 2909 10),
2710 2856 2824 2893 non
2874 2840 2946 2894 ad
2991 2856 3182 2912 genus.
3228 2841 3511 2913 corporis,
3545 2843 3644 2896 sed
3677 2843 3748 2896 ad

2105 2927 2528 2997 subjectionem
2561 2927 2774 2983 mentis
2796 2927 3308 2984 etinclinationem
3358 2930 3588 2996 animae,
3621 2944 3750 2985 cor-

2105 3014 2314 3085 disque
2353 3016 2701 3086 obsequium
2747 3015 3014 3087 pertinet,
3047 3021 3210 3071 terra":
3264 3033 3326 3072 se
3372 3017 3750 3090 coasquantis,

2107 3108 2173 3158 ut
2201 3103 2512 3158 Psalmista
2543 3120 2773 3175 quoque
2802 3104 2976 3170 canit,
3010 3105 3212 3161 dicens
3258 3123 3270 3161 :
3323 3106 3565 3163 Adhzsit
3599 3107 3766 3178 pavi--

343 3198 572 3252 sanctis
619 3195 758 3252 viris
805 3199 862 3251 et
910 3195 1024 3251 Deo
1073 3196 1483 3264 servientibus,
1522 3196 1706 3251 multa
1753 3198 1996 3253 adversa
2028 3183 2070 3248 C
2109 3201 2283 3248 mento
2339 3195 2534 3248 anima
2586 3209 2707 3248 mea
2760 3195 2932 3264 (Psal.
2995 3211 3186 3265 cxvm,
3249 3197 3363 3263 23).
3420 3199 3532 3251 Res
3596 3195 3752 3252 enim

341 3285 637 3354 eveniant,
669 3289 728 3340 et
756 3288 958 3341 contra
985 3283 1275 3355 scelerati,
1320 3284 1529 3357 impii,_
1561 3285 1862 3356 parricide:
1894 3286 1996 3342 ﬁo-

343 3380 536 3442 reant,
587 3374 841 3446 vigeant,
883 3374 1002 3428 sint
1049 3373 1256 3429 divites
1307 3378 1363 3428 et
1410 3379 1700 3446 potentes.
1741 3375 1998 3439 Quorum

347 3464 534 3520 verba
591 3464 701 3519 sub
758 3480 868 3518 sua
924 3479 1172 3534 persona
1230 3463 1407 3518 David
1463 3462 1796 3534 exprimens
1855 3464 1935 3518 ait
1984 3481 1997 3518 :

347 3555 533 3622 Quam
561 3554 731 3609 bonus
759 3553 900 3608 Deus
930 3553 1107 3608 Israel
1135 3554 1299 3608 rectis
1323 3552 1499 3608 corde.
1548 3551 1652 3607 Mei
1699 3568 1822 3608 vero
1865 3567 2002 3625 pene

343 3644 490 3698 moti
517 3650 645 3697 sunt
674 3641 831 3712 pedes
859 3659 878 3695 :
902 3657 1040 3712 pene
1068 3643 1230 3712 eﬂusi
1258 3650 1384 3697 sunt
1413 3657 1625 3713 gressus
1674 3643 1801 3697 mei.
1848 3646 2003 3711 Quo-

344 3734 508 3788 niam
535 3731 831 3788 semulatus
857 3747 979 3785 sum
1006 3746 1169 3802 super
1199 3731 1628 3802 iniquis,pacem
1655 3734 2004 3802 peccatorum

346 3823 544 3876 videns
593 3819 765 3890 (Psal.
819 3836 992 3889 LXXI',
1045 3819 1185 3891 1-3),
1235 3824 1290 3874 et
1342 3819 1588 3891 reliqua.
1641 3820 1830 3891 Super
1877 3834 2004 3890 quin

347 3909 569 3964 infert:
602 3910 711 3979 Ego
740 3918 922 3963 autem
960 3909 1083 3963 dixi
1113 3926 1131 3963 :
1160 3923 1284 3979 ergo
1331 3911 1452 3964 sine
1496 3924 1665 3964 causa
1705 3908 2007 3979 justiﬁeovi

348 4015 452 4054 cor
480 4013 682 4068 meum,
712 4006 763 4053 et
793 3999 906 4052 lavi
931 4000 1081 4053 inter
1119 3999 1437 4052 innocentes
1482 4007 1689 4053 manus
1734 4012 1904 4063 meas,
1956 4004 2007 4051 et

347 4089 533 4159 factus
578 4102 704 4141 sum
752 4087 1063 4156 ﬂagellatus
1115 4092 1229 4141 tota
1279 4087 1369 4141 die
1417 4086 1578 4158 (Ibid.
1617 4087 1702 4152 13,
1740 4086 1848 4156 14).
1881 4085 2006 4140 Non

350 4177 552 4246 itaque
583 4175 802 4229 mirum
829 4179 938 4245 est,
971 4174 1041 4246 si,
1076 4174 1343 4245 pluribus
1389 4173 1566 4230 Paulo
1612 4173 1900 4247 angustiis
1946 4173 2007 4228 in

352 4264 586 4336 Epheso
613 4268 670 4319 et
698 4262 759 4318 in
786 4264 924 4320 Asia
952 4267 1261 4332 coarctato,
1318 4263 1552 4336 Ephesii
1605 4263 2005 4330 tentabantur,

351 4358 412 4409 et
441 4353 738 4408 habebant
762 4351 1157 4408 necessarium
1191 4353 1520 4408 orationum
1544 4353 1672 4424 ejus
1703 4351 2006 4420 auxilium,

351 4457 434 4496 ne
475 4441 786 4496 deﬁcerent
831 4440 892 4496 in
945 4441 1239 4513 pressuris
1290 4442 1438 4512 ejus.
1493 4441 1654 4506 Quod
1707 4445 1897 4495 autem
1949 4440 2008 4494 in

2107 3281 2430 3354 spiritualis
2459 3287 2515 3337 et
2543 3282 2883 3354 incorporea
2914 3281 3130 3350 anima,
3168 3283 3246 3338 rei
3278 3284 3561 3356 corporali
3593 3286 3752 3356 pavi-

2108 3375 2303 3426 mento
2335 3372 2624 3442 quomodo
2656 3371 2842 3437 potuit
2873 3371 3210 3427 adhaarere?
3241 3373 3375 3428 Esto
3429 3374 3644 3445 quippe
3693 3373 3751 3428 in

2110 3460 2347 3514 nomine
2373 3460 2514 3515 Jesu
2547 3461 2782 3515 flectant
2809 3477 3003 3532 genua
3021 3461 3325 3517 terrestria
3358 3478 3371 3516 :
3407 3462 3675 3537 nunquid
3698 3466 3756 3517 et

2111 3547 2349 3620 angelos
2396 3555 2752 3621 caeterasque
2800 3550 3069 3616 virtutes,
3117 3567 3247 3621 quae
3305 3551 3362 3605 in
3419 3550 3757 3607 caelestibus

2112 3643 2502 3710 perseverant,
2536 3655 2851 3710 possumus
2899 3639 3194 3694 afﬁrmare
3241 3639 3495 3710 speciem
3544 3639 3758 3696 habere

2112 3743 2470 3798 corpoream,
2504 3733 2569 3782 ut
2601 3727 2656 3781 in
2692 3727 2927 3784 nomine
2977 3729 3104 3798 ejus
3157 3726 3394 3784 ﬂectant
3441 3728 3639 3801 genu?
3668 3727 3758 3784 vel

2114 3817 2266 3888 apud
2317 3816 2533 3872 inferos
2582 3816 2810 3872 animas
2851 3815 3102 3872 vinculis
3153 3819 3414 3890 corporis
3459 3817 3759 3884 liberatas,

2115 3920 2266 3976 genu
2300 3905 2455 3975 quod
2500 3921 2612 3960 non
2663 3905 2900 3975 habent,
2947 3922 3076 3962 esse
3129 3905 3418 3962 ﬂexuras?
3461 3907 3761 3971 Quomodo

2116 3993 2267 4048 599
2322 3993 2502 4065 igitur
2559 3993 2895 4066 quicunque
2959 3995 3261 4065 subjectus
3310 3993 3761 4064 est.Salvatori,

2119 4082 2345 4138 ﬂectere
2375 4082 2426 4137 ei
2459 4099 2608 4154 genu
2643 4083 2858 4138 dicitur
2890 4101 2902 4137 :
2939 4084 3022 4138 sic
3055 4083 3153 4154 qui
3187 4082 3402 4155 peccati
3437 4099 3639 4138 servus
3677 4086 3766 4138 est

2117 4171 2304 4241 (Joan.
2335 4188 2456 4239 Vill,
2491 4172 2603 4241 35),
2637 4175 2694 4225 et
2724 4171 2897 4225 habet
2927 4171 3199 4242 spiritum
3233 4170 3530 4226 servitutis
3553 4170 3767 4225 iterum

2121 4259 2175 4313 in
2209 4259 2417 4314 timore
2447 4261 2623 4330 (Rom.
2673 4276 2792 4329 νιιι,
2849 4259 2956 4330 15),
3007 4275 3157 4330 genu
3214 4259 3494 4315 scribitur
3538 4258 3769 4315 ﬂexisse

2121 4353 2372 4418 peccato.
2405 4348 2750 4417 Derelinquit
2777 4348 2940 4413 mihi,
2977 4347 3058 4402 ait
3088 4346 3390 4417 Dominus,
3412 4350 3612 4419 septem
3638 4348 3768 4402 mil-

2123 4438 2201 4490 lia
2245 4438 2514 4503 virorum,
2551 4437 2646 4508 qui
2671 4452 2779 4491 non
2811 4452 3060 4491 curvavei
3079 4439 3178 4491 unt
3223 4453 3406 4506 genua
3450 4443 3582 4493 ante
3634 4436 3768 4492 Baal

351 4530 592 4603 Epheso
641 4531 775 4600 (Act.
831 4547 948 4598 xxx,
994 4547 1064 4585 xx
1108 4530 1338 4602 passim)
1369 4534 1426 4586 et
1449 4530 1507 4584 in
1540 4530 1678 4585 Asia
1708 4530 1842 4599 (Act.
1893 4545 2008 4594 xxx,
2043 4551 2088 4615 Β
2122 4525 2226 4597 (ιιι
2258 4525 2384 4615 ﬁeg.
2416 4541 2533 4615 xix,
2567 4525 2678 4596 18),
2709 4523 2864 4580 idolo
2896 4523 3119 4615 scilicet
3148 4530 3322 4596 atque
3372 4529 3626 4615 peccato.
3659 4524 3769 4615 Qui

351 4637 492 4675 xxiv
545 4621 776 4691 passim)
840 4619 1016 4674 fuerit
1076 4617 1390 4691 Apostolus
1449 4617 1617 4690 plura
1673 4633 2006 4689 perpessus,

354 4708 646 4779 scriptum
679 4713 768 4764 est
795 4709 1031 4780 quidem
1062 4712 1120 4763 et
1148 4708 1206 4762 in
1253 4707 1498 4762 Actibus
1543 4705 1942 4778 apostolorum
1995 4724 2006 4762 :

354 4796 514 4855 598
547 4798 650 4853 sed
683 4797 873 4871 magis
903 4798 976 4853 de
996 4796 1185 4870 ipsius
1213 4795 1372 4851 Pauli
1399 4795 1676 4867 Epistolis
1704 4793 2009 4862 discimus,

353 4886 415 4941 in
450 4885 671 4958 quibus
701 4885 785 4941 ait
817 4903 830 4941 :
864 4886 924 4942 Si
948 4887 1108 4952 iuxta
1137 4887 1412 4940 hominem
1441 4885 1519 4939 ad
1550 4885 1750 4939 bestias
1769 4885 2015 4955 pugnavi

354 4978 416 5030 in
453 4975 686 5047 Epheso,
721 4974 851 5047 quid
879 4975 1022 5030 mihi
1044 4975 1280 5046 prodest,
1320 4975 1371 5028 si
1415 4975 1621 5029 mortui
1666 4989 1778 5028 non
1824 4989 2012 5028 resur-

353 5073 496 5136 gunt
524 5066 574 5133 (Ι
603 5063 732 5121 Cor.
765 5081 859 5134 xv,
893 5064 1024 5135 32)?
1061 5064 1132 5119 Et
1160 5063 1219 5118 in
1253 5063 1510 5119 secunda
1539 5062 1610 5118 ad
1643 5061 2010 5129 Corinthios;

433 5207 449 5240 ¹
491 5204 794 5278 Victorius
830 5207 1111 5278 expungit
1156 5206 1351 5272 verba,
1406 5207 1625 5278 Domini
1670 5205 1846 5260 nostri
1889 5207 2015 5278 Jesu

361 5277 593 5347 Christi,
644 5276 800 5347 quod
847 5276 919 5331 ini
960 5276 1220 5333 subnexa
1269 5277 1628 5348 expositione
1656 5293 1746 5348 ea
1785 5276 2014 5348 novisse

359 5349 756 5420 Hieronymus
788 5365 900 5404 non
932 5349 1214 5404 videatur.
1259 5347 1452 5416 Porro,
1503 5347 1715 5419 inquit,
1761 5347 1900 5420 quod
1929 5363 2013 5402 se-

400 5419 676 5485 uitur,’ad
713 5423 964 5487 Patrem,
990 5437 1057 5476 ex
1087 5437 1199 5490 quo
1230 5420 1420 5476 omnis
1453 5420 1771 5490 paternitas
1802 5419 1859 5473 in
1902 5435 2014 5473 ca:-

385 5493 437 5546 is
468 5496 526 5546 et
557 5492 613 5563 in
648 5491 822 5546 terris
852 5493 1210 5558 nominatur,
1240 5509 1371 5563 non,
1403 5496 1464 5546 ut
1493 5490 2016 5563 inLatiniseodici-

364 5563 468 5620 bus
495 5562 749 5618 additum
796 5567 892 5633 est,
942 5565 1013 5619 ad
1068 5563 1294 5620 Patrem
1356 5560 1586 5620 Domini
1636 5561 1818 5633 nostri
1873 5560 2014 5618 Jesu

361 5634 616 5706 Christi;
665 5633 757 5693 sed
801 5631 1151 5713 simpliciter,
1198 5637 1270 5694 ad
1319 5635 1550 5694 Patrem
1596 5631 1906 5710 legendum,
1948 5639 2016 5694 ut

2123 4613 2436 4669 fornicator
2463 4603 2638 4681 'est,et
2668 4630 2769 4684 per
2794 4613 3101 4684 lupanaria
3133 4618 3441 4684 scortaque
3471 4613 3769 4680 discurrit,

2120 4701 2351 4757 libidini
2374 4702 2553 4758 flectit
2581 4718 2732 4773 genu
2758 4701 3070 4766 suum.0ui
3102 4702 3380 4768 furiosus,
3402 4703 3546 4757 ﬁexo
3568 4701 3774 4758 adorat

2124 4793 2272 4847 iram
2302 4807 2474 4863 genu.
2509 4790 2615 4854 Qui
2648 4807 3046 4846 mammonam
3080 4790 3347 4862 suscipit,
3379 4795 3437 4846 et
3465 4791 3612 4845 deus
3642 4790 3772 4860 ejus

2123 4886 2211 4937 est
2254 4884 2454 4936 venter
2485 4880 2748 4951 (Philipp.
2778 4896 2861 4945 ιιι,
2894 4880 3004 4952 l19),
3058 4879 3238 4935 flectit
3282 4895 3473 4951 genua
3515 4876 3768 4934 avaritias

2124 4975 2300 5042 atque
2345 4969 2609 5024 luxuriae.
2659 4969 2729 5023 Et
2769 4968 2910 5040 quid
2961 4985 3053 5023 me
3099 4984 3336 5024 necesse
3394 4973 3483 5023 est
3538 4966 3771 5039 singula

2124 5058 2474 5132 peragrare?
2504 5058 2700 5114 Toties
2729 5056 2960 5113 diabolo
2991 5057 3279 5113 ﬂectimus
3308 5073 3484 5130 genu,
3517 5056 3770 5128 quoties~

2123 5204 2223 5258 Dei
2250 5204 2432 5256 Patris
2462 5217 2660 5256 nomen
2688 5216 2798 5255 non
2830 5201 3062 5256 Domino
3112 5205 3296 5256 nostro
3341 5205 3476 5258 Jesu
3524 5200 3768 5262 Christo;

2123 5274 2218 5330 sed
2246 5275 2506 5329 omnibus
2537 5273 2808 5344 creaturis
2827 5272 3213 5344 rationalibus
3261 5276 3558 5344 coaptetur.
3591 5271 3768 5342 Equi-

2125 5347 2258 5400 dem
2289 5350 2346 5400 et
2370 5349 2590 5399 veteres
2621 5359 2763 5415 mss.
2797 5342 2931 5415 libri
2982 5344 3160 5415 Graeci
3207 5342 3366 5398 nunc
3413 5346 3767 5415 suppetunt;

2126 5418 2226 5489 qui
2250 5416 2426 5489 verba
2454 5418 2550 5467 τοῦ
2582 5412 2778 5489 Κιᾳρίου
2808 5414 2968 5489 ἡμῶν
3002 5413 3183 5484 Ἰησοῦ
3204 5418 3436 5489 Χριστοῦ
3460 5412 3770 5489 nonagno-

2127 5485 2321 5555 scunt,
2354 5488 2599 5560 duasque
2628 5487 2768 5542 item
2800 5485 3108 5542 versiones
3139 5485 3408 5562 antiquae,
3438 5485 3768 5560 Ethiopica

2125 5566 2184 5618 et
2213 5564 2412 5634 Copta.
