4144 6202
361 302 480 361 519

1615 298 1680 361 S.
1727 295 2037 361 EUSEBII
2084 294 2531 360 IIIERONYMI

3654 269 3773 363 526
3800 272 3804 275 ⁷

359 447 591 503 cunque
621 444 951 502 peccamus.
994 427 1124 486 Haec
1172 423 1367 487 autem
1416 430 1800 504 spiritualiter
1827 445 2001 503 expo-
2034 432 2087 497 Α
2120 429 2385 486 essentiae
2405 445 2525 486 suae
2546 444 2759 485 nomen
2780 432 2956 500 atque
2978 427 3525 496 substantie,etiam
3547 429 3773 486 caeteris

362 524 585 585 nentes,
620 535 735 575 non
768 520 965 575 statim
990 521 1159 589 juxta
1192 520 1445 577 litteram
1468 520 1672 576 orandi
1695 526 2012 576 consuetu-

362 610 559 665 dinem
584 607 869 672 tollimus,
899 624 1017 679 qua
1044 609 1229 664 Deum
1260 625 1414 681 genu
1448 609 1636 679 posito
1667 608 2014 680 suppliciter

362 697 696 764 adoremus,
730 700 788 753 et
836 696 949 751 ﬁxo
992 696 1052 750 in
1104 701 1317 753 terram
1360 697 1601 769 poplite,
1635 697 1825 768 magis
1854 697 2008 768 quod

333 787 437 840 ‘ab
486 802 553 841 eo
604 784 922 857 poscimus,
964 785 1370 856 impetramus.
1427 786 1698 856 Legimus
1747 786 1903 840 enim
1954 790 2011 840 et

359 873 609 930 Paulum
649 873 711 928 in
759 873 951 929 littore
998 873 1079 928 sic
1118 889 1337 942 orasse,
1372 879 1427 929 et
1456 872 1916 946 geniculationes
1946 873 2005 928 in

357 963 620 1019 oratione
662 965 979 1033 praeceptas
1036 961 1171 1032 (Act.
1222 979 1339 1029 χχι,
1383 962 1459 1034 5).
1508 962 1616 1018 Sed
1661 961 1815 1017 sicut
1860 960 2004 1017 illud

355 1052 604 1108 aediﬁcat
633 1048 931 1122 simplices
965 1068 978 1109 :
1007 1050 1091 1105 sic
1119 1066 1316 1106 veram
1347 1050 1840 1123 geniculationem
1877 1066 2006 1105 esse

354 1141 633 1197 docemus
662 1138 723 1193 in
753 1139 972 1208 animo,
1006 1138 1146 1209 quia
1173 1138 1343 1193 multi
1373 1137 1671 1210 corporale
1702 1138 2003 1194 ﬂectentes

356 1244 530 1299 genu,
564 1226 771 1282 animae
801 1241 1174 1297 nequaquam
1206 1224 1485 1297 peplitem
1516 1228 1919 1280 curvaverunt.
1937 1225 2004 1279 Et

353 1320 576 1386 contra,
637 1315 735 1369 alii
791 1318 979 1370 erecto
1050 1315 1227 1369 Deum
1293 1329 1535 1384 corpore
1602 1314 2001 1385 deprecantes,

352 1405 542 1478 magis
573 1421 635 1460 se
664 1403 860 1459 animo
888 1407 1292 1459 curvaverunt.
1318 1402 1492 1457 Porro
1524 1403 1677 1473 quod
1711 1402 1997 1473 sequitur,

348 1494 419 1549 ad
445 1496 667 1549 Patrem
711 1508 781 1549 ex
825 1508 931 1565 quo
977 1493 1163 1547 omnis
1204 1493 1520 1563 paternitas
1566 1493 1627 1545 in
1675 1490 1821 1545 cwlis
1850 1494 1903 1545 et
1939 1492 2000 1545 in

342 1592 498 1638 terra
523 1582 868 1646 nominatur,
903 1596 1017 1634 non
1049 1584 1116 1634 ut
1149 1579 1370 1635 Latinis
1399 1578 1700 1635 codicibus
1730 1579 1995 1634 additum

342 1676 450 1740 est,
481 1670 552 1726 ad
580 1676 805 1726 Patrem
836 1669 1055 1724 Domini
1082 1670 1263 1723 nostri
1288 1670 1421 1725 ’Jesu
1451 1666 1681 1735 Christi,
1717 1668 1817 1723 sed
1851 1667 1996 1721 sim-

344 1757 669 1832 pliciter,ad
699 1762 943 1822 Patrem,
974 1755 1310 1828 legendum,
1337 1760 1402 1811 ut
1423 1755 1524 1812 Dei
1546 1755 1992 1815 Patris‘nomen.

345 1863 462 1903 non
520 1845 769 1901 Domino
828 1850 1029 1901 nostro
1071 1844 1213 1901 Jesu
1264 1844 1515 1914 Christo,
1571 1844 1671 1899 sed
1722 1842 1996 1898 omnibus

345 1934 631 1992 creaturis
697 1933 1144 1991 rationabilibus
1208 1937 1532 2006 coaptetur.
1610 1933 1994 1997 Quaerendum

349 2040 487 2096 ergo
519 2024 811 2095 quomodo
859 2039 926 2079 ex
969 2023 1085 2079 Deo
1129 2023 1297 2078 Patre
1348 2021 1541 2077 omnis
1584 2021 1906 2094 paternitas
1935 2022 1995 2076 in

349 2112 510 2169 coelis
540 2118 600 2170 et
627 2113 685 2168 in
715 2118 868 2169 terra
897 2113 974 2169 sit
1001 2112 1323 2168 nominata.
1358 2111 1426 2165 Et
1453 2110 1631 2166 simul
1678 2115 1996 2182 antequam

346 2200 572 2274 aliquid
605 2206 972 2269 retractetur,
1006 2200 1351 2266 notandum,
1383 2200 1539 2271 quod
1596 2215 1711 2255 non
1760 2199 1992 2271 dixerit,

340 2306 536 2362 ex-quo
565 2292 747 2346 omnis
766 2278 1078 2361 paternitas
1107 2291 1169 2344 in
1197 2291 1347 2345 cazlis
1375 2293 1429 2343 et
1461 2291 1519 2343 in
1553 2298 1700 2345 terra
1723 2291 1859 2344 nata
1895 2298 1990 2358 est,

341 2378 431 2434 vel
460 2387 686 2445 creata,-
715 2378 837 2448 sed,
868 2394 938 2434 ea:
967 2393 1068 2448 quo
1098 2380 1279 2433 omnis
1304 2379 1617 2448 paternitas
1665 2378 1726 2432 in
1771 2378 1919 2432 cretis
1946 2384 1998 2432 et

342 2468 406 2521 in
432 2474 587 2522 terra
614 2468 958 2521 nominatur.
990 2464 1167 2520 Aliud
1214 2469 1306 2520 est
1333 2465 1490 2520 enim
1542 2464 1992 2537 appellationem

346 2554 713 2625 paternitatis
759 2554 989 2624 mereri,
1017 2552 1175 2609 aliud
1227 2559 1447 2608 natura;
1498 2553 1710 2609 habere
1757 2569 1994 2609 consor-

346 2643 520 2711 tium,
554 2642 971 2715 paternitatem
994 2658 1121 2713 quae
1168 2641 1226 2696 in
1278 2643 1472 2698 Graeco
1498 2641 1718 2717 πατριά,
1751 2642 1810 2697 in
1839 2643 1995 2698 600

340 2731 580 2787 Hebraeo
612 2748 1017 2787 MISPHAHHATE
1046 2733 1330 2804 (nnDWD,
1365 2731 1421 2786 id
1470 2735 1561 2786 est
1604 2733 1862 2804 cognatio
1905 2730 1992 2787 vel

334 2820 582 2892 familia,
624 2820 857 2892 dicitur,
912 2819 1165 2893 legimus
1213 2826 1270 2875 et
1317 2819 1377 2874 in
1428 2820 1701 2875 Numeris
1735 2839 1748 2875 :
1785 2820 1989 2887 Tollite,

334 2910 555 2982 inquit,
603 2925 878 2965 summam
921 2910 1099 2966 omnis
1144 2925 1433 2980 synagoga:
1483 2909 1668 2974 Israel,
1690 2910 1856 2979 juxta
1903 2925 1990 2964 co-

332 3000 620 3068 gnationes
646 3003 701 3054 et
733 2999 987 3071 populos,
1006 2998 1305 3053 secundum
1335 2999 1523 3053 domos
1566 3000 1988 3070 paternitatum,

334 3088 498 3156 juxta
526 3103 822 3143 numerum
850 3089 1139 3144 nominum
1168 3102 1360 3143 eorum
1388 3087 1573 3159 (Nam.
1591 3105 1627 3154 ι,
1660 3086 1737 3159 2).
1769 3088 1840 3142 Et
1860 3090 1991 3159 post

2026 1800 2073 1865 Β

2122 516 2383 590 impertit
2414 517 2737 585 clementis,
2787 522 2852 572 ut
2896 518 3027 589 ipsa
3057 533 3290 589 quoque
3319 533 3448 574 esse
3477 517 3769 590 dicantur,

2122 624 2237 663 non
2268 624 2384 679 quo
2416 609 2743 664 secundum
2773 611 3044 662 naturam
3076 606 3332 678 sint(fuit
3359 604 3515 661 enim
3536 609 3772 679 tempus

2121 698 2355 765 quando
2387 690 2658 751 universa
2686 712 2801 751 non
2834 695 3091 761 fuerunt,
3124 699 3181 751 et
3210 711 3468 759 rursum,
3502 696 3551 750 si
3580 695 3773 753 volue-

2120 785 2218 849 rit,
2250 784 2309 838 in
2344 782 2592 839 nihilum
2624 783 3009 854 revertentur)
3040 783 3140 838 sed
3188 788 3253 837 ut
3294 799 3424 839 esse
3474 783 3766 853 dicantur,
3800 840 3803 843 η

2118 870 2336 927 habent
2382 872 2481 927 Dei
2536 872 2797 927 bonitate
2835 872 3116 927 donatum
3154 888 3167 926 :
3202 870 3286 927 sic
3312 876 3369 928 et
3401 872 3769 944 paternitatis

2117 976 2329 1017 nomen
2362 977 2429 1016 ex
2458 961 2773 1032 semetipso
2804 960 3052 1033 largitus
3085 964 3174 1015 est
3202 960 3666 1026 omnibus.0uod
3704 965 3770 1018 ut

2116 1049 2484 1105 manifestius
2515 1049 2636 1118 fiat,
2667 1048 3100 1121 Scripturarum
3131 1048 3538 1104 testimonium
3579 1051 3766 1122 profe-
3796 1110 3801 1111 ,

2114 1153 2240 1193 ram
2272 1139 2378 1209 [AL
2414 1138 2752 1210 proferant].
2788 1137 3074 1209 Loquitur
3102 1138 3161 1192 in
3201 1137 3396 1193 Exodo
3434 1138 3716 1194 Dominus
3747 1156 3763 1195 :

2111 1227 2222 1295 Ego
2251 1244 2373 1282 sum
2402 1229 2500 1299 qui
2526 1243 2649 1282 sum
2699 1226 2893 1298 (Exod.
2929 1244 3014 1296 III,
3048 1228 3174 1295 14);
3205 1230 3302 1283 et:
3336 1228 3465 1285 Ηέεσ
3511 1226 3656 1284 dices
3701 1228 3766 1283 ﬁ-

2114 1318 2207 1372 liis
2237 1315 2450 1372 Israel:
2484 1317 2590 1384 Qui
2634 1319 2731 1381 est,
2780 1317 2935 1370 misit
2980 1330 3068 1372 me
3115 1315 3186 1370 ad
3238 1331 3330 1371 vos
3383 1316 3575 1387 (Ibid.)
3602 1316 3764 1372 Nun-

2112 1405 2252 1477 quid
2285 1403 2446 1461 solus
2477 1405 2631 1460 Deus
2661 1409 2804 1471 erat,
2838 1408 2895 1459 et
2924 1409 3129 1461 caetera
3159 1421 3275 1459 non
3318 1405 3521 1460 erant?
3550 1403 3764 1477 Utique

2109 1493 2329 1566 angeli,‘
2380 1492 2614 1559 ccelum,
2661 1503 2834 1562 terra,
2878 1491 2966 1548 vel
3007 1492 3214 1560 maria,
3261 1497 3318 1548 et
3367 1492 3492 1564 ipse
3535 1493 3764 1567 Moyses

2107 1583 2201 1638 cui
2245 1582 2525 1638 Dominus
2554 1582 2921 1653 loquebatur,
2954 1585 3012 1637 et
3040 1580 3239 1649 Israel,
3283 1585 3339 1637 et
3380 1582 3656 1655 Egyptii,
3687 1583 3762 1639 ad

2108 1675 2340 1743 quos,et
2369 1676 2572 1726 contra
2603 1687 2751 1743 quos
2783 1670 3054 1743 princeps
3084 1674 3142 1725 et
3172 1670 3545 1727 adversarius
3566 1672 3760 1728 mitte-

2105 1759 2296 1828 batur,
2313 1762 2369 1815 et
2397 1763 2582 1815 erant.
2615 1754 2685 1814 Et
2713 1759 3008 1830 quomodo
3042 1775 3255 1814 nomen
3285 1775 3597 1815 commune
3618 1761 3758 1817 sub-

2106 1847 2471 1915 stantia,sibi
2506 1847 2808 1919 proprium
2839 1847 3101 1903 vindicat
3132 1847 3329 1904 Deus?
3357 1847 3478 1919 illa,
3512 1853 3577 1903 ut
3603 1849 3759 1904 dixi-

2105 1952 2259 2003 mus,
2291 1952 2470 1993 causa
2520 1952 2532 1989 :
2590 1935 2728 2008 quia
2775 1940 2980 1991 caetera
3030 1940 3096 1992 ut
3144 1935 3283 2003 sint,
3315 1936 3418 1992 Dei
3452 1954 3758 2011 sumpsere

2105 2025 2406 2081 beneficio.
2440 2030 2590 2081 Deus
2638 2041 2771 2080 vero
2830 2024 2932 2096 qui
2987 2041 3216 2096 semper
3269 2031 3378 2094 cst,
3429 2043 3533 2083 nec
3580 2027 3758 2083 habet

2104 2114 2339 2170 aliunde
2386 2114 2761 2186 principium,
2810 2115 2957 2169 θυι
3013 2119 3071 2170 et
3121 2115 3246 2188 ipse
3292 2116 3384 2171 sui
3436 2116 3596 2187 origo
3641 2121 3753 2182 est,

2104 2219 2342 2275 suaeque
2399 2219 2578 2258 causa
2641 2202 3006 2268 substantia,
3065 2220 3180 2258 non
3250 2206 3440 2276 potest
3506 2202 3753 2276 intelligi

2104 2290 2342 2347 aliunde
2385 2291 2597 2347 habere
2652 2290 2808 2363 quod
2859 2291 3149 2348 subsistit.
3203 2291 3350 2347 Nam
3401 2297 3458 2348 et
3504 2292 3564 2347 in
3618 2290 3754 2366 igne

2104 2376 2262 2432 aliud
2294 2382 2383 2433 est
2412 2376 2689 2444 calidum,
2723 2376 2882 2433 aliud
2916 2377 3283 2434 calefactum.
3319 2379 3479 2452 Ignis
3508 2380 3754 2452 ‘absque

2104 2466 2293 2523 calore
2339 2466 2587 2539 intelligi
2631 2483 2745 2523 non
2796 2470 3004 2537 potest.
3059 2467 3279 2524 Caetera
3326 2486 3453 2541 quae
3500 2484 3568 2525 ex
3618 2468 3755 2542 igne

2103 2554 2399 2623 calefiunt,
2433 2555 2683 2611 calorem
2732 2554 2893 2611 illius
2944 2561 3313 2628 mutuantur,
3359 2562 3418 2613 et
3460 2556 3753 2630 paulatim

2104 2644 2153 2699 si
2210 2644 2365 2716 ignis
2422 2645 2791 2712 abscesserit,
2846 2643 3033 2700 calore
3088 2650 3348 2717 tenuato,
3397 2647 3644 2702 redeunt
3693 2647 3752 2703 in

2103 2736 2372 2787 naturam
2405 2737 2661 2798 suam,et
2692 2749 3066 2805 nequaquam
3090 2734 3279 2790 calida
3308 2741 3747 2809 nuncupantur.

2099 2823 2271 2876 Juxta
2327 2820 2483 2876 hunc
2536 2837 2775 2876 sensum
2834 2826 2891 2877 et
2946 2823 3002 2877 in
3057 2823 3366 2895 Evangelio
3424 2824 3641 2880 dicitur
3679 2825 3751 2881 ad

2102 2925 2237 2964 eum
2277 2909 2377 2981 qui
2429 2909 2787 2966 Salvatorem
2833 2927 2950 2966 non
2999 2912 3169 2983 quasi
3224 2912 3319 2968 Dei
3368 2913 3602 2981 Filium,
3649 2915 3751 2971 sed

2102 2999 2269 3070 quasi
2321 2999 2673 3071 magistrum
2722 3000 2945 3055 bonum
2991 3002 3236 3072 putabat
3284 3019 3297 3057 :
3350 3002 3492 3071 Quid
3530 3019 3750 3075 meap-

2097 3089 2269 3159 pellas
2344 3089 2583 3143 bonum?
2642 3104 2798 3145 nemo
2857 3097 2936 3145 est
2984 3090 3173 3159 bonus,
3236 3092 3352 3146 nisi
3412 3107 3555 3148 unus
3607 3093 3754 3148 Deus

339 3175 583 3247 paulum
614 3178 774 3245 (vers.
810 3178 897 3249 16)
931 3194 944 3232 :
978 3177 1045 3231 Hi
1070 3185 1200 3231 sunt
1232 3176 1391 3231 electi
1432 3191 1728 3249 synagoga
1775 3178 1984 3247 princi-
2018 3163 2060 3229 C
2098 3177 2248 3245 (Luc.
2298 3192 2458 3245 xvm,
2514 3176 2623 3248 19).
2674 3177 2741 3231 Et
2792 3183 2943 3233 certe
2992 3182 3203 3233 terram
3248 3179 3463 3235 bonam
3496 3180 3750 3254 legimus

335 3279 433 3335 pes
479 3265 744 3331 tribuum,
784 3266 954 3336 juxta
996 3265 1358 3336 paternitates
1405 3280 1534 3319 suas
1584 3263 1749 3320 duces
1798 3265 1986 3319 Israel.

336 3352 405 3407 Et
435 3370 674 3409 rursum
705 3353 776 3408 de
803 3354 961 3408 tribu
993 3353 1124 3408 Levi
1149 3370 1162 3408 :
1186 3354 1250 3407 Et
1270 3353 1479 3407 locutus
1508 3361 1588 3407 est
1627 3354 1892 3409 Dominus
1917 3353 1992 3408 ad

334 3441 552 3512 Moysen
581 3430 643 3496 in
671 3441 883 3498 deserto
914 3441 1071 3507 Sina,
1101 3440 1289 3496 dicens
1320 3458 1339 3496 :
1367 3442 1620 3496 Numera
1650 3441 1797 3510 ﬁlios
1841 3442 1988 3507 Levi,

333 3530 632 3585 secundum
676 3532 862 3586 domos
914 3531 1313 3599 paternitatum
1373 3546 1629 3597 suarum,
1689 3531 1991 3585 secundum

332 3617 571 3690 populos
612 3633 821 3685 eorum,
849 3619 1143 3674 secundum
1170 3619 1517 3689 cognationes
1559 3633 1747 3673 eorum
1786 3636 1804 3673 :
1835 3633 1992 3674 omne

338 3705 712 3762 masculinum
743 3724 776 3762 a
803 3724 987 3763 mense
1030 3724 1138 3763 uno
1185 3716 1236 3762 et
1281 3724 1473 3779 supra,
1516 3707 1860 3763 considerate
1903 3723 1991 3763 eos

339 3794 523 3866 (Nam.
552 3812 637 3866 III,
672 3796 781 3868 15).
816 3800 947 3851 Hinc
978 3797 1048 3851 de
1078 3794 1292 3868 populo
1329 3794 1525 3862 Israel,
1573 3799 1629 3851 et
1678 3796 1748 3851 de
1795 3812 1990 3851 sacer-

341 3882 521 3940 dotali
550 3900 617 3940 ac
648 3883 902 3941 Levitica
928 3884 1108 3940 tribu.
1140 3882 1423 3940 Castorum
1447 3901 1678 3940 mecum
1710 3885 1837 3957 ipse
1865 3902 1990 3957 per-

337 3978 614 4041 tractans,
652 3974 749 4030 ubi
780 3975 851 4030 de
881 3973 1157 4048 gentibus
1189 3972 1608 4045 paternitatum
1639 3974 1989 4030 vocabulum

334 4061 577 4135 legerim
611 4064 651 4131 ¹,
687 4080 844 4118 nunc
890 4063 1126 4118 interim
1176 4062 1336 4118 aliud
1399 4079 1513 4118 non
1569 4063 1821 4129 invenio,
1876 4062 1987 4118 nisi

335 4150 597 4207 vicesimi
630 4151 802 4225 primi
837 4151 1049 4224 psalmi
1088 4151 1515 4217 testimonium,
1565 4150 1624 4205 in
1682 4167 1797 4223 quo
1847 4150 1989 4206 scri-

337 4244 505 4312 ptum
558 4245 693 4297 est:
728 4242 792 4297 Et
836 4241 1147 4297 adorabunt
1194 4242 1256 4296 in
1301 4248 1591 4311 conspectu
1632 4241 1751 4310 ejus
1801 4257 1990 4296 omnes

342 4330 548 4400 patriae
573 4331 830 4402 gentium
858 4331 1029 4400 (θεαὶ.
1059 4347 1177 4398 xxI,
1203 4330 1328 4400 30);
1352 4338 1409 4384 et
1435 4329 1699 4385 vicesimi
1731 4329 1986 4386 octavi’:

336 4417 535 4489 Alferte
564 4419 790 4475 Domino
817 4421 1022 4491 patria
1048 4420 1294 4490 gentium
1312 4435 1333 4479 ,ο
1358 4418 1550 4491 aﬂerte
1576 4419 1806 4475 Domino
1848 4419 1991 4489 ﬁlios

334 4509 575 4563 arietum
643 4509 813 4579 (Psal.
878 4499 1077 4575 xxviii,
1149 4509 1221 4576 1).
1287 4507 1585 4570 Quomodo
1645 4524 1781 4581 ergo
1838 4508 2066 4597 DeusD

406 4614 420 4646 ³
452 4614 776 4687 Scripserat
804 4631 934 4671 vero
966 4630 1260 4687 perquam
1280 4612 1504 4687 erudite
1556 4612 1807 4687 ipsemet
1850 4614 1987 4687 Hie-

335 4701 618 4757 ronymus
648 4686 749 4741 lib.
783 4684 1037 4742 adversus
1067 4684 1402 4757 Helvidium,
1438 4701 1601 4739 num.
1638 4685 1703 4738 14
1739 4701 1751 4740 :
1811 4709 1830 4734 α
1874 4686 1988 4757 Co-

339 4755 615 4827 gnatione
646 4758 854 4815 fratres
883 4756 1303 4828 vocantur,qui
1332 4761 1473 4811 sunt
1501 4757 1573 4810 de
1606 4773 1721 4811 una
1746 4756 1987 4825 familia,

336 4829 394 4882 id
426 4832 537 4898 est,
566 4831 778 4900 patria,
813 4846 961 4902 quas
992 4829 1157 4885 latini
1194 4827 1552 4902 paternitates
1600 4827 1987 4902 interpretan-

334 4903 432 4952 tur
461 4898 596 4954 cum
628 4916 697 4956 ex
728 4898 847 4957 una
875 4901 1071 4957 radice
1103 4898 1289 4954 malta
1318 4898 1549 4957 generis
1579 4898 1988 4955 turba’diﬂ'un-

337 4970 516 5044 ditur.
556 4993 575 5019 ι
612 4973 701 5044 Ad,
727 4990 899 5044 quem
933 4972 1125 5028 locum
1176 4987 1282 5026 nos
1327 4969 1756 5044 Tertullianum
1782 4970 1991 5026 lauda-

335 5040 549 5107 vimus,
606 5042 707 5115 qui
744 5040 884 5099 'eam
943 5059 1157 5115 vocem.
1200 5042 1382 5112 patria
1430 5041 1680 5097 servavit
1724 5049 1991 5113 poemate

338 5115 546 5183 quarto
579 5113 861 5170 adversus
891 5113 1246 5170 Marcionem
1281 5129 1294 5167 :

435 5189 514 5258 ῥὰ
550 5205 708 5255 quem
740 5209 798 5243 se
827 5208 1048 5244 curvare
1079 5207 1219 5258 genu
1250 5192 1409 5258 plane
1441 5205 1600 5240 omne
1634 5192 1852 5253 fatetur,

432 5252 509 5302 Ex
547 5252 654 5316 quo
697 5259 872 5307 omnis
904 5252 1174 5321 patria'in
1214 5252 1347 5304 cmlo
1377 5258 1623 5317 terraque
1654 5252 1892 5306 vocatur.

407 5325 428 5357 ²
458 5324 625 5381 Hunc
655 5325 846 5385 locum
881 5329 1107 5385 diverso
1139 5326 1313 5382 modo
1345 5325 1726 5396 depravatum
1761 5327 1989 5385 invenio

338 5396 496 5467 apud
565 5397 873 5456 Erasmum
923 5406 981 5455 et
1026 5397 1375 5454 Marianum.
1439 5396 1716 5453 Erasmus
1760 5400 1831 5454 de
1881 5417 1988 5455 suo

337 5467 586 5542 addidit,
641 5478 695 5525 et
744 5474 803 5526 in
849 5472 1207 5542 nonagesimo
1251 5471 1482 5539 quinto;
1535 5469 1897 5540 mutavitque
1941 5480 1992 5527 et

338 5540 400 5593 in
463 5542 718 5598 vicesimo
791 5540 1014 5599 octavof
1070 5540 1364 5597 Marianas
1428 5554 1561 5593 vero
1630 5541 1989 5599 additionem

336 5610 581 5688 ξίξιυθβῐιιί⁸
623 5615 889 5688 retinuit,
948 5613 1149 5688 delens
1200 5615 1258 5667 et
1311 5609 1702 5688 in.vi_cesimo
1788 5620 1989 5688 octavo

336 5681 454 5744 Nos
511 5683 586 5749 ad
638 5685 816 5747 ﬁdem
863 5678 1131 5747 omnium
1179 5678 1603 5757 exemplarium
1662 5686 1989 5744 manuscri-

2099 3266 2249 3337 (Luc.
2308 3281 2428 3335 v1",
2489 3267 2566 3336 8),
2627 3268 2683 3320 et
2742 3266 3039 3322 hominem
3097 3267 3304 3338 (Matth.
3364 3286 3465 3335 xu,
3521 3270 3633 3342 35),
3694 3276 3752 3327 et

2099 3361 2394 3425 pastorem
2446 3353 2664 3415 bonum
2716 3354 2892 3424 (Joan.
2953 3373 3010 3420 x,
3079 3356 3200 3427 il);
3253 3357 3354 3413 sed
3386 3373 3558 3413 nemo
3581 3359 3753 3429 juxta

2100 3446 2373 3497 naturam
2424 3443 2634 3509 bonus,
2692 3443 2804 3498 nisi
2855 3443 3014 3499 solus
3061 3444 3236 3500 Deus.
3289 3447 3505 3502 Caetera
3550 3453 3617 3502 ut
3660 3448 3748 3502 di-

2099 3535 2305 3586 cantur
2356 3531 2526 3597 bona,
2576 3531 2834 3587 bonitate
2882 3532 3041 3588 illius
3093 3541 3556 3606 consequuntur.
3589 3536 3753 3592 Sicut

2099 3636 2234 3692 ergo
2283 3619 2445 3675 solus
2486 3620 2700 3687 bonus,
2748 3620 2940 3677 bonus
2990 3622 3144 3695 facit,
3196 3627 3252 3679 et
3299 3622 3460 3679 solus
3508 3625 3743 3681 immor-

2096 3709 2251 3777 talis,
2303 3707 2805 3766 immortalitatem
2840 3711 3065 3775 tribuit,
3099 3717 3157 3767 et
3186 3712 3350 3769 solus
3380 3730 3573 3784 verus,
3600 3714 3760 3771 veri-

2098 3798 2258 3868 tatis,
2290 3813 2504 3853 nomen
2550 3797 2818 3870 impertit
2866 3817 2878 3854 :
2930 3801 3014 3855 ita
3059 3804 3115 3855 et
3166 3800 3328 3856 solus
3378 3801 3566 3871 Pater,
3618 3803 3759 3875 quia

2098 3891 2324 3942 creator
2404 3891 2495 3942 est
2582 3887 2871 3958 omnium,
2943 3894 3001 3944 ct
3070 3889 3471 3946 universorum
3569 3907 3753 3949 causa

2099 3975 2711 4048 substantim,praestat
2731 3976 2953 4033 caeteris
2985 3982 3049 4033 ut
3078 3982 3274 4050 patres
3304 3995 3437 4035 esse
3458 3980 3758 4037 dicantur.

2103 4067 2177 4120 De
2206 4064 2452 4121 terrenis
2501 4064 2759 4121 cmlestia
2807 4066 3275 4139 contemplemur
3309 4084 3322 4123 :
3357 4069 3545 4124 Adam
3579 4085 3755 4141 quem

2097 4154 2357 4225 primum
2390 4152 2703 4224 plasmavit
2754 4154 2909 4210 Deus
2956 4155 3110 4227 (Gen.
3160 4172 3202 4224 ι,
3254 4157 3367 4228 27),
3409 4162 3465 4213 et
3519 4158 3761 4215 Creator

2099 4241 2306 4314 ipsius,
2340 4246 2396 4296 et
2424 4242 2594 4297 Pater
2639 4241 2767 4309 fuit,
2818 4249 2970 4299 certe
3014 4243 3130 4299 Deo
3172 4245 3329 4300 Patri
3382 4244 3493 4301 scit
3538 4262 3602 4302 se
3649 4246 3751 4303 de-

2099 4331 2235 4387 bere
2285 4330 2441 4401 quod
2491 4330 2778 4386 substitit.
2813 4332 3070 4387 Rursum
3118 4332 3179 4387 hi
3232 4333 3335 4406 qui
3382 4334 3563 4406 geniti
3610 4338 3754 4391 sunt

2098 4436 2165 4475 ex
2207 4419 2416 4485 Adam,
2450 4423 2675 4490 patrem
2727 4419 2895 4476 illum
2945 4420 3303 4494 intelligunt,
3355 4440 3424 4478 ex
3474 4439 3589 4495 quo
3635 4425 3748 4479 orti

2099 4512 2257 4564 sunt.
2322 4507 2481 4563 Unde
2535 4513 2593 4563 et
2639 4508 2697 4563 in
2751 4508 3064 4583 Evangelia
3124 4512 3448 4567 secundum
3508 4512 3750 4583 Lucam,

2097 4612 2778 4686 ptorum_restituimus,
2828 4616 3171 4686 elgvicesimi
3225 4618 3421 4685 octavi,
3478 4620 3612 4681 etc.,
3671 4616 3749 4673 li-

2101 4684 2190 4740 cet
2235 4701 2304 4740 ex
2353 4684 2464 4740 hoc
2492 4689 2784 4760 _conte_xtu
2833 4685 3015 4742 falsus
3051 4684 3522 4760 deprehendatur
3549 4687 3752 4755 Hiero-

2100 4773 2335 4832 nymus,
2407 4754 2524 4832 qui
2570 4757 2865 4828 psalmum
2898 4775 3102 4832 ‘xxvm
3128 4754 3295 4832 'cum
3333 4754 3757 4832 nonagesimo

2100 4827 2672 4900 quintogpromiscue
2718 4828 2940 4900 accepit
2996 4835 3054 4886 et
3110 4830 3391 4886 recitavit.
3440 4827 3624 4887 ΜΑἶιτ.
3679 4860 3751 4871 —-

2098 4898 2510 4973 Cistercienses
2576 4915 2717 4955 mss.
2777 4898 3025 4973 vicesimi
3080 4901 3334 4969 habent;
3393 4902 3493 4957 sed
3554 4918 3747 4973 neque
3802 4942 3807 4945 -

2099 4972 2207 5026 hoc
2239 4972 2386 5025 bene
2418 4987 2434 5044 ζ
2467 4986 2655 5044 neque
2703 4971 2860 5044 enim
2910 4978 3011 5028 aut
3058 4973 3115 5028 in
3164 4974 3440 5030 vicesimo
3472 4971 3745 5044 septimo,

2100 5048 2222 5116 aut,
2284 5043 2440 5116 quod
2498 5041 2786 5116 impressa
2838 5043 3007 5116 lectio
3067 5046 3316 5116 praefert,
3374 5041 3575 5100 octavo
3630 5044 3752 5100 ulla

2098 5111 2397 5189 de_patria
2432 5116 2521 5166 est
2571 5111 2933 5189 mentio._Et
2962 5111 3291 5189 (manifesto
3335 5116 3520 5189 liquet
3564 5117 3745 5172 versi-

2099 5183 2296 5259 culum
2330 5183 2508 5259 istum
2543 5200 2555 5238 :
2591 5186 2787 5259 Afferte
2816 5186 3065 5259 Domino,
3091 5191 3295 5259 patriae
3327 5183 3601 5256 gentium,
3633 5193 3750 5244 etc.

2098 5254 2471 5331 Nonagesimi
2505 5254 2693 5331 quinti
2728 5257 2941 5312 Psalmi
2975 5254 3123 5326 esse,
3155 5254 3753 5331 quemadmodum,re

2098 5328 2227 5397 ipsa
2276 5330 2534 5397 cogente,
2570 5327 2845 5383 Erasmus
2894 5327 3214 5387 rescribere
3263 5348 3377 5386 non
3432 5330 3750 5386 dubitavit.

2149 5399 2387 5454 ictorius
2416 5400 2741 5454 econtrario
2793 5401 3000 5456 maluit
3028 5418 3095 5457 ea
3124 5403 3317 5469 verba,
3349 5402 3433 5458 vel
3461 5404 3523 5457 in
3551 5404 3753 5457 vicesi-

2098 5489 2187 5526 mo
2218 5476 2423 5557 octavo,
2444 5486 2574 5552 .una
2603 5486 2737 5557 cum
2768 5470 2866 5557 illo
2894 5472 3126 5557 .psalmi
3174 5490 3344 5557 versu
3390 5489 3743 5557 expungere,

2100 5542 2374 5628 quaisibi
2404 5540 2529 5623 visa
2581 5548 2723 5597 sunt
2767 5544 2839 5628 ab
2892 5540 3409 5628 imperitonali‘quo
3449 5540 3742 5628 iiii-mixta,

2098 5614 2289 5690 Nobis
2307 5614 2647 5690 Erasmiana
2678 5614 3115 5690 restitutio:non
3146 5614 3418 5690 displicet
3442 5634 3454 5672 :
3477 5615 3749 5690 illudque

2098 5685 2476 5746 manifestum
2508 5688 2789 5760 putamus
2818 5685 3747 5764 mendum,non‘Hieronymi,éed
