  <div class='ocr_page' id='page_1' title='image "/cluster/home/n/w/nwhite01/storage/ocr_20150623/26/hvd.32044052772472/268.png"; bbox 0 0 4144 6202; ppageno 0'>
   <div class='ocr_carea' id='block_1_1' title="bbox 315 371 429 433">
    <p class='ocr_par' dir='ltr' id='par_1_1' title="bbox 315 371 429 433">
     <span class='ocr_line' id='line_1_1' title="bbox 315 371 429 433; baseline -0.009 0"><span class='ocrx_word' id='word_1_1' title='bbox 315 371 429 433; x_wconf 66' lang='grc'>521</span> 
     </span>
    </p>
   </div>
   <div class='ocr_carea' id='block_1_2' title="bbox 973 371 3065 444">
    <p class='ocr_par' dir='ltr' id='par_1_2' title="bbox 973 371 3065 444">
     <span class='ocr_line' id='line_1_2' title="bbox 973 371 3065 444; baseline 0.001 -12"><span class='ocrx_word' id='word_1_2' title='bbox 973 371 1483 434; x_wconf 81' lang='lat' dir='ltr'>COMMENTAR.</span> <span class='ocrx_word' id='word_1_3' title='bbox 1531 374 1610 434; x_wconf 88' lang='lat' dir='ltr'><strong>IN</strong></span> <span class='ocrx_word' id='word_1_4' title='bbox 1655 373 1903 434; x_wconf 88' lang='lat' dir='ltr'>EPIST.</span> <span class='ocrx_word' id='word_1_5' title='bbox 1952 373 2056 435; x_wconf 80' lang='lat' dir='ltr'>AD</span> <span class='ocrx_word' id='word_1_6' title='bbox 2100 372 2378 435; x_wconf 87' lang='lat' dir='ltr'>EPHES.</span> <span class='ocrx_word' id='word_1_7' title='bbox 2424 373 2570 434; x_wconf 89' lang='lat' dir='ltr'>LIB.</span> <span class='ocrx_word' id='word_1_8' title='bbox 2617 375 2692 444; x_wconf 87' lang='lat' dir='ltr'>ll,</span> <span class='ocrx_word' id='word_1_9' title='bbox 2741 375 2910 434; x_wconf 85' lang='lat' dir='ltr'>CAP.</span> <span class='ocrx_word' id='word_1_10' title='bbox 2957 375 3065 436; x_wconf 86' lang='lat' dir='ltr'>III.</span> 
     </span>
    </p>
   </div>
   <div class='ocr_carea' id='block_1_3' title="bbox 3606 377 3728 438">
    <p class='ocr_par' dir='ltr' id='par_1_3' title="bbox 3606 377 3728 438">
     <span class='ocr_line' id='line_1_3' title="bbox 3606 377 3728 438; baseline 0.016 -2"><span class='ocrx_word' id='word_1_11' title='bbox 3606 377 3728 438; x_wconf 65' lang='lat'>52-3</span> 
     </span>
    </p>
   </div>
   <div class='ocr_carea' id='block_1_4' title="bbox 313 500 3730 576">
    <p class='ocr_par' dir='ltr' id='par_1_4' title="bbox 313 500 3730 576">
     <span class='ocr_line' id='line_1_4' title="bbox 313 500 3730 576; baseline 0.001 -16"><span class='ocrx_word' id='word_1_12' title='bbox 313 520 446 560; x_wconf 89' lang='lat' dir='ltr'>cum</span> <span class='ocrx_word' id='word_1_13' title='bbox 479 501 766 574; x_wconf 80' lang='lat' dir='ltr'>paulatim</span> <span class='ocrx_word' id='word_1_14' title='bbox 798 517 832 556; x_wconf 88' lang='lat' dir='ltr'>a</span> <span class='ocrx_word' id='word_1_15' title='bbox 861 500 1092 557; x_wconf 84' lang='lat' dir='ltr'>Christo</span> <span class='ocrx_word' id='word_1_16' title='bbox 1123 502 1324 569; x_wconf 88' lang='lat' dir='ltr'>David,</span> <span class='ocrx_word' id='word_1_17' title='bbox 1357 507 1414 557; x_wconf 91' lang='lat' dir='ltr'>et</span> <span class='ocrx_word' id='word_1_18' title='bbox 1440 504 1734 559; x_wconf 80' lang='lat' dir='ltr'>Abraham</span> <span class='ocrx_word' id='word_1_19' title='bbox 1757 509 1967 559; x_wconf 82' lang='lat' dir='ltr'>retror-</span> <span class='ocrx_word' id='word_1_20' title='bbox 1999 508 2050 572; x_wconf 84' lang='grc' dir='ltr'><strong>Α</strong></span> <span class='ocrx_word' id='word_1_21' title='bbox 2082 521 2214 559; x_wconf 90' lang='lat' dir='ltr'>nem</span> <span class='ocrx_word' id='word_1_22' title='bbox 2248 504 2519 576; x_wconf 90' lang='lat' dir='ltr'>cupimus</span> <span class='ocrx_word' id='word_1_23' title='bbox 2552 505 2810 559; x_wconf 87' lang='lat' dir='ltr'>roborari</span> <span class='ocrx_word' id='word_1_24' title='bbox 2843 521 2856 560; x_wconf 91' lang='lat'>:</span> <span class='ocrx_word' id='word_1_25' title='bbox 2893 509 2960 559; x_wconf 86' lang='lat' dir='ltr'>ut</span> <span class='ocrx_word' id='word_1_26' title='bbox 3007 508 3316 576; x_wconf 80' lang='lat' dir='ltr'>postquam</span> <span class='ocrx_word' id='word_1_27' title='bbox 3373 505 3730 562; x_wconf 78' lang='lat' dir='ltr'>habitaverit</span> 
     </span>
    </p>
   </div>
   <div class='ocr_carea' id='block_1_5' title="bbox 315 590 1963 663">
    <p class='ocr_par' dir='ltr' id='par_1_5' title="bbox 315 590 1963 663">
     <span class='ocr_line' id='line_1_5' title="bbox 315 590 1963 663; baseline -0.002 -14"><span class='ocrx_word' id='word_1_28' title='bbox 315 608 446 649; x_wconf 86' lang='lat' dir='ltr'>sum</span> <span class='ocrx_word' id='word_1_29' title='bbox 471 596 629 647; x_wconf 87' lang='lat' dir='ltr'>esset</span> <span class='ocrx_word' id='word_1_30' title='bbox 659 590 954 663; x_wconf 82' lang='lat' dir='ltr'>generatio</span> <span class='ocrx_word' id='word_1_31' title='bbox 985 595 1302 662; x_wconf 88' lang='lat' dir='ltr'>supputata</span> <span class='ocrx_word' id='word_1_32' title='bbox 1332 593 1479 661; x_wconf 82' lang='lat' dir='ltr'>(Luc.</span> <span class='ocrx_word' id='word_1_33' title='bbox 1513 610 1598 656; x_wconf 90' lang='grc' dir='ltr'>ιιι,</span> <span class='ocrx_word' id='word_1_34' title='bbox 1628 594 1841 658; x_wconf 80' lang='grc'>23-34),</span> <span class='ocrx_word' id='word_1_35' title='bbox 1894 593 1963 647; x_wconf 91' lang='lat' dir='ltr'>ad</span> 
     </span>
    </p>
   </div>
   <div class='ocr_carea' id='block_1_6' title="bbox 313 679 1964 750">
    <p class='ocr_par' dir='ltr' id='par_1_6' title="bbox 313 679 1964 750">
     <span class='ocr_line' id='line_1_6' title="bbox 313 679 1964 750; baseline 0 -15"><span class='ocrx_word' id='word_1_36' title='bbox 313 687 640 736; x_wconf 77' lang='lat' dir='ltr'>extremum</span> <span class='ocrx_word' id='word_1_37' title='bbox 673 679 975 750; x_wconf 81' lang='lat' dir='ltr'>Scriptura</span> <span class='ocrx_word' id='word_1_38' title='bbox 1032 681 1157 735; x_wconf 90' lang='lat' dir='ltr'>ait:</span> <span class='ocrx_word' id='word_1_39' title='bbox 1221 679 1359 735; x_wconf 82' lang='lat' dir='ltr'>Filii</span> <span class='ocrx_word' id='word_1_40' title='bbox 1413 681 1563 745; x_wconf 77' lang='lat' dir='ltr'>Selii,</span> <span class='ocrx_word' id='word_1_41' title='bbox 1613 681 1720 750; x_wconf 83' lang='lat' dir='ltr'>ﬁlii</span> <span class='ocrx_word' id='word_1_42' title='bbox 1773 681 1964 750; x_wconf 86' lang='lat' dir='ltr'>Adam,</span> 
     </span>
    </p>
   </div>
   <div class='ocr_carea' id='block_1_7' title="bbox 315 768 1965 840">
    <p class='ocr_par' dir='ltr' id='par_1_7' title="bbox 315 768 1965 840">
     <span class='ocr_line' id='line_1_7' title="bbox 315 768 1965 840; baseline 0.001 -16"><span class='ocrx_word' id='word_1_43' title='bbox 315 771 424 840; x_wconf 80' lang='lat' dir='ltr'>ﬁlii</span> <span class='ocrx_word' id='word_1_44' title='bbox 455 771 550 824; x_wconf 91' lang='lat' dir='ltr'>Dei</span> <span class='ocrx_word' id='word_1_45' title='bbox 577 768 736 839; x_wconf 77' lang='lat' dir='ltr'>(Ibid.</span> <span class='ocrx_word' id='word_1_46' title='bbox 772 769 860 838; x_wconf 88' lang='lat'>38)</span> <span class='ocrx_word' id='word_1_47' title='bbox 889 785 902 835; x_wconf 86' lang='lat'>;</span> <span class='ocrx_word' id='word_1_48' title='bbox 937 773 1002 821; x_wconf 84' lang='lat' dir='ltr'>ut</span> <span class='ocrx_word' id='word_1_49' title='bbox 1043 769 1410 840; x_wconf 88' lang='lat' dir='ltr'>paternitatis</span> <span class='ocrx_word' id='word_1_50' title='bbox 1464 769 1524 824; x_wconf 91' lang='lat' dir='ltr'>in</span> <span class='ocrx_word' id='word_1_51' title='bbox 1585 775 1741 825; x_wconf 89' lang='lat' dir='ltr'>terra</span> <span class='ocrx_word' id='word_1_52' title='bbox 1799 787 1965 826; x_wconf 87' lang='lat' dir='ltr'>voca-</span> 
     </span>
    </p>
   </div>
   <div class='ocr_carea' id='block_1_8' title="bbox 315 857 1964 928">
    <p class='ocr_par' dir='ltr' id='par_1_8' title="bbox 315 857 1964 928">
     <span class='ocr_line' id='line_1_8' title="bbox 315 857 1964 928; baseline -0.001 -15"><span class='ocrx_word' id='word_1_53' title='bbox 315 858 545 923; x_wconf 88' lang='lat' dir='ltr'>bulum,</span> <span class='ocrx_word' id='word_1_54' title='bbox 603 875 636 912; x_wconf 90' lang='lat' dir='ltr'>a</span> <span class='ocrx_word' id='word_1_55' title='bbox 670 863 781 912; x_wconf 92' lang='lat' dir='ltr'>Deo</span> <span class='ocrx_word' id='word_1_56' title='bbox 840 857 1096 928; x_wconf 88' lang='lat' dir='ltr'>primum</span> <span class='ocrx_word' id='word_1_57' title='bbox 1154 864 1346 912; x_wconf 90' lang='lat' dir='ltr'>ortum</span> <span class='ocrx_word' id='word_1_58' title='bbox 1407 876 1535 914; x_wconf 91' lang='lat' dir='ltr'>esse</span> <span class='ocrx_word' id='word_1_59' title='bbox 1593 864 1964 914; x_wconf 79' lang='lat' dir='ltr'>monstraret.</span> 
     </span>
    </p>
   </div>
   <div class='ocr_carea' id='block_1_9' title="bbox 317 947 1967 1017">
    <p class='ocr_par' dir='ltr' id='par_1_9' title="bbox 317 947 1967 1017">
     <span class='ocr_line' id='line_1_9' title="bbox 317 947 1967 1017; baseline 0.001 -15"><span class='ocrx_word' id='word_1_60' title='bbox 317 947 608 1012; x_wconf 63' lang='lat' dir='ltr'>Quaeritur</span> <span class='ocrx_word' id='word_1_61' title='bbox 634 962 768 1000; x_wconf 90' lang='lat' dir='ltr'>vero</span> <span class='ocrx_word' id='word_1_62' title='bbox 801 961 979 1017; x_wconf 89' lang='lat' dir='ltr'>quam</span> <span class='ocrx_word' id='word_1_63' title='bbox 1011 948 1083 1001; x_wconf 93' lang='lat' dir='ltr'>ob</span> <span class='ocrx_word' id='word_1_64' title='bbox 1115 963 1377 1011; x_wconf 90' lang='lat' dir='ltr'>causam,</span> <span class='ocrx_word' id='word_1_65' title='bbox 1411 952 1465 1002; x_wconf 92' lang='lat' dir='ltr'>et</span> <span class='ocrx_word' id='word_1_66' title='bbox 1491 948 1548 1001; x_wconf 92' lang='lat' dir='ltr'>in</span> <span class='ocrx_word' id='word_1_67' title='bbox 1583 947 1741 1002; x_wconf 67' lang='lat' dir='ltr'>caelis</span> <span class='ocrx_word' id='word_1_68' title='bbox 1773 949 1844 1002; x_wconf 90' lang='lat' dir='ltr'>ab</span> <span class='ocrx_word' id='word_1_69' title='bbox 1901 964 1967 1003; x_wconf 94' lang='lat' dir='ltr'>eo</span> 
     </span>
    </p>
   </div>
   <div class='ocr_carea' id='block_1_10' title="bbox 316 1035 1966 1108">
    <p class='ocr_par' dir='ltr' id='par_1_10' title="bbox 316 1035 1966 1108">
     <span class='ocr_line' id='line_1_10' title="bbox 316 1035 1966 1108; baseline 0.001 -16"><span class='ocrx_word' id='word_1_70' title='bbox 316 1037 511 1092; x_wconf 90' lang='lat' dir='ltr'>omnis</span> <span class='ocrx_word' id='word_1_71' title='bbox 543 1035 863 1107; x_wconf 87' lang='lat' dir='ltr'>paternitas</span> <span class='ocrx_word' id='word_1_72' title='bbox 883 1035 1224 1107; x_wconf 83' lang='lat' dir='ltr'>appelletur.</span> <span class='ocrx_word' id='word_1_73' title='bbox 1251 1038 1552 1102; x_wconf 90' lang='lat' dir='ltr'>Quomodo</span> <span class='ocrx_word' id='word_1_74' title='bbox 1577 1054 1702 1107; x_wconf 91' lang='lat' dir='ltr'>nos,</span> <span class='ocrx_word' id='word_1_75' title='bbox 1727 1038 1827 1108; x_wconf 89' lang='lat' dir='ltr'>qui</span> <span class='ocrx_word' id='word_1_76' title='bbox 1853 1054 1966 1093; x_wconf 88' lang='lat' dir='ltr'>non</span> 
     </span>
    </p>
   </div>
   <div class='ocr_carea' id='block_1_11' title="bbox 315 1124 1968 1196">
    <p class='ocr_par' dir='ltr' id='par_1_11' title="bbox 315 1124 1968 1196">
     <span class='ocr_line' id='line_1_11' title="bbox 315 1124 1968 1196; baseline -0.001 -15"><span class='ocrx_word' id='word_1_77' title='bbox 315 1141 529 1181; x_wconf 88' lang='lat' dir='ltr'>sumus</span> <span class='ocrx_word' id='word_1_78' title='bbox 558 1126 628 1179; x_wconf 89' lang='lat' dir='ltr'>de</span> <span class='ocrx_word' id='word_1_79' title='bbox 649 1139 858 1196; x_wconf 81' lang='lat' dir='ltr'>genere</span> <span class='ocrx_word' id='word_1_80' title='bbox 886 1124 1204 1195; x_wconf 84' lang='lat' dir='ltr'>Abraham,</span> <span class='ocrx_word' id='word_1_81' title='bbox 1230 1125 1278 1180; x_wconf 89' lang='lat' dir='ltr'>si</span> <span class='ocrx_word' id='word_1_82' title='bbox 1304 1126 1478 1181; x_wconf 84' lang='lat' dir='ltr'>fidem</span> <span class='ocrx_word' id='word_1_83' title='bbox 1513 1125 1671 1182; x_wconf 90' lang='lat' dir='ltr'>illius</span> <span class='ocrx_word' id='word_1_84' title='bbox 1695 1127 1968 1181; x_wconf 89' lang='lat' dir='ltr'>habueri-</span> 
     </span>
    </p>
   </div>
   <div class='ocr_carea' id='block_1_12' title="bbox 316 1212 1970 1287">
    <p class='ocr_par' dir='ltr' id='par_1_12' title="bbox 316 1212 1970 1287">
     <span class='ocr_line' id='line_1_12' title="bbox 316 1212 1970 1287; baseline -0.001 -18"><span class='ocrx_word' id='word_1_85' title='bbox 316 1230 476 1279; x_wconf 88' lang='lat' dir='ltr'>mus,</span> <span class='ocrx_word' id='word_1_86' title='bbox 493 1212 595 1268; x_wconf 83' lang='lat' dir='ltr'>filii</span> <span class='ocrx_word' id='word_1_87' title='bbox 618 1229 891 1268; x_wconf 86' lang='lat' dir='ltr'>vocamur</span> <span class='ocrx_word' id='word_1_88' title='bbox 911 1213 1238 1269; x_wconf 79' lang='lat' dir='ltr'>Abraham:</span> <span class='ocrx_word' id='word_1_89' title='bbox 1273 1215 1632 1285; x_wconf 84' lang='lat' dir='ltr'>patriarchas</span> <span class='ocrx_word' id='word_1_90' title='bbox 1657 1232 1890 1287; x_wconf 89' lang='lat' dir='ltr'>quoque</span> <span class='ocrx_word' id='word_1_91' title='bbox 1914 1220 1970 1268; x_wconf 91' lang='lat' dir='ltr'>et</span> 
     </span>
    </p>
   </div>
   <div class='ocr_carea' id='block_1_13' title="bbox 315 1301 1968 1375">
    <p class='ocr_par' dir='ltr' id='par_1_13' title="bbox 315 1301 1968 1375">
     <span class='ocr_line' id='line_1_13' title="bbox 315 1301 1968 1375; baseline 0 -17"><span class='ocrx_word' id='word_1_92' title='bbox 315 1303 632 1375; x_wconf 83' lang='lat' dir='ltr'>prophetas</span> <span class='ocrx_word' id='word_1_93' title='bbox 663 1301 733 1372; x_wconf 91' lang='lat' dir='ltr'>(si</span> <span class='ocrx_word' id='word_1_94' title='bbox 765 1307 962 1357; x_wconf 90' lang='lat' dir='ltr'>tamen</span> <span class='ocrx_word' id='word_1_95' title='bbox 996 1318 1101 1356; x_wconf 92' lang='lat' dir='ltr'>nos</span> <span class='ocrx_word' id='word_1_96' title='bbox 1132 1303 1203 1358; x_wconf 91' lang='lat' dir='ltr'>ab</span> <span class='ocrx_word' id='word_1_97' title='bbox 1232 1303 1318 1358; x_wconf 91' lang='lat' dir='ltr'>eis</span> <span class='ocrx_word' id='word_1_98' title='bbox 1351 1309 1586 1375; x_wconf 82' lang='lat' dir='ltr'>peccata</span> <span class='ocrx_word' id='word_1_99' title='bbox 1617 1320 1732 1358; x_wconf 92' lang='lat' dir='ltr'>non</span> <span class='ocrx_word' id='word_1_100' title='bbox 1796 1320 1968 1374; x_wconf 84' lang='lat' dir='ltr'>sepa-</span> 
     </span>
    </p>
   </div>
   <div class='ocr_carea' id='block_1_14' title="bbox 314 1391 1964 1464">
    <p class='ocr_par' dir='ltr' id='par_1_14' title="bbox 314 1391 1964 1464">
     <span class='ocr_line' id='line_1_14' title="bbox 314 1391 1964 1464; baseline 0 -18"><span class='ocrx_word' id='word_1_101' title='bbox 314 1395 465 1458; x_wconf 83' lang='lat' dir='ltr'>rent)</span> <span class='ocrx_word' id='word_1_102' title='bbox 492 1394 722 1446; x_wconf 90' lang='lat' dir='ltr'>nostros</span> <span class='ocrx_word' id='word_1_103' title='bbox 747 1395 938 1460; x_wconf 85' lang='lat' dir='ltr'>patres</span> <span class='ocrx_word' id='word_1_104' title='bbox 961 1391 1242 1446; x_wconf 88' lang='lat' dir='ltr'>dicimus:</span> <span class='ocrx_word' id='word_1_105' title='bbox 1268 1392 1351 1446; x_wconf 90' lang='lat' dir='ltr'>ita</span> <span class='ocrx_word' id='word_1_106' title='bbox 1367 1397 1505 1463; x_wconf 92' lang='lat' dir='ltr'>puto</span> <span class='ocrx_word' id='word_1_107' title='bbox 1531 1393 1964 1464; x_wconf 77' lang='lat' dir='ltr'>etangelos,ca:-</span> 
     </span>
    </p>
   </div>
   <div class='ocr_carea' id='block_1_15' title="bbox 313 1479 1964 1553">
    <p class='ocr_par' dir='ltr' id='par_1_15' title="bbox 313 1479 1964 1553">
     <span class='ocr_line' id='line_1_15' title="bbox 313 1479 1964 1553; baseline 0.001 -19"><span class='ocrx_word' id='word_1_108' title='bbox 313 1486 586 1550; x_wconf 86' lang='lat' dir='ltr'>terasque</span> <span class='ocrx_word' id='word_1_109' title='bbox 606 1479 857 1534; x_wconf 85' lang='lat' dir='ltr'>virtutes</span> <span class='ocrx_word' id='word_1_110' title='bbox 877 1479 1089 1534; x_wconf 69' lang='lat' dir='ltr'>habere</span> <span class='ocrx_word' id='word_1_111' title='bbox 1113 1480 1400 1551; x_wconf 85' lang='lat' dir='ltr'>principes</span> <span class='ocrx_word' id='word_1_112' title='bbox 1423 1481 1510 1536; x_wconf 92' lang='lat' dir='ltr'>sui</span> <span class='ocrx_word' id='word_1_113' title='bbox 1538 1481 1769 1553; x_wconf 85' lang='lat' dir='ltr'>generis</span> <span class='ocrx_word' id='word_1_114' title='bbox 1786 1483 1839 1536; x_wconf 91' lang='lat' dir='ltr'>in</span> <span class='ocrx_word' id='word_1_115' title='bbox 1854 1498 1964 1536; x_wconf 83' lang='lat' dir='ltr'>cce-</span> 
     </span>
    </p>
   </div>
   <div class='ocr_carea' id='block_1_16' title="bbox 313 1567 1969 1642">
    <p class='ocr_par' dir='ltr' id='par_1_16' title="bbox 313 1567 1969 1642">
     <span class='ocr_line' id='line_1_16' title="bbox 313 1567 1969 1642; baseline 0.002 -20"><span class='ocrx_word' id='word_1_116' title='bbox 313 1567 620 1638; x_wconf 85' lang='lat' dir='ltr'>lestibus,q</span> <span class='ocrx_word' id='word_1_117' title='bbox 631 1584 735 1622; x_wconf 89' lang='lat' dir='ltr'>uos</span> <span class='ocrx_word' id='word_1_118' title='bbox 751 1574 944 1639; x_wconf 88' lang='lat' dir='ltr'>patres</span> <span class='ocrx_word' id='word_1_119' title='bbox 957 1569 1718 1641; x_wconf 87' lang='lat' dir='ltr'>gaudeantappellare.Arch</span> <span class='ocrx_word' id='word_1_120' title='bbox 1728 1570 1969 1642; x_wconf 87' lang='lat' dir='ltr'>angelus</span> 
     </span>
    </p>
   </div>
   <div class='ocr_carea' id='block_1_17' title="bbox 315 1656 1966 1729">
    <p class='ocr_par' dir='ltr' id='par_1_17' title="bbox 315 1656 1966 1729">
     <span class='ocr_line' id='line_1_17' title="bbox 315 1656 1966 1729; baseline 0.001 -16"><span class='ocrx_word' id='word_1_121' title='bbox 315 1658 494 1723; x_wconf 89' lang='lat' dir='ltr'>enim,</span> <span class='ocrx_word' id='word_1_122' title='bbox 522 1658 632 1712; x_wconf 89' lang='lat' dir='ltr'>nisi</span> <span class='ocrx_word' id='word_1_123' title='bbox 652 1656 997 1729; x_wconf 86' lang='lat' dir='ltr'>angelorum</span> <span class='ocrx_word' id='word_1_124' title='bbox 1024 1658 1136 1712; x_wconf 91' lang='lat' dir='ltr'>dici</span> <span class='ocrx_word' id='word_1_125' title='bbox 1170 1674 1285 1712; x_wconf 89' lang='lat' dir='ltr'>non</span> <span class='ocrx_word' id='word_1_126' title='bbox 1312 1663 1522 1728; x_wconf 85' lang='lat' dir='ltr'>potest,</span> <span class='ocrx_word' id='word_1_127' title='bbox 1546 1663 1602 1714; x_wconf 92' lang='lat' dir='ltr'>et</span> <span class='ocrx_word' id='word_1_128' title='bbox 1621 1659 1966 1727; x_wconf 87' lang='lat' dir='ltr'>dominatio,</span> 
     </span>
    </p>
   </div>
   <div class='ocr_carea' id='block_1_18' title="bbox 312 1741 1967 1818">
    <p class='ocr_par' dir='ltr' id='par_1_18' title="bbox 312 1741 1967 1818">
     <span class='ocr_line' id='line_1_18' title="bbox 312 1741 1967 1818; baseline -0.001 -15"><span class='ocrx_word' id='word_1_129' title='bbox 312 1752 369 1803; x_wconf 87' lang='lat' dir='ltr'>et</span> <span class='ocrx_word' id='word_1_130' title='bbox 395 1741 784 1818; x_wconf 82' lang='lat' dir='ltr'>principatus,</span> <span class='ocrx_word' id='word_1_131' title='bbox 807 1750 863 1800; x_wconf 92' lang='lat' dir='ltr'>et</span> <span class='ocrx_word' id='word_1_132' title='bbox 886 1750 1160 1817; x_wconf 84' lang='lat' dir='ltr'>potestas,</span> <span class='ocrx_word' id='word_1_133' title='bbox 1196 1747 1348 1802; x_wconf 74' lang='lat'>602</span> <span class='ocrx_word' id='word_1_134' title='bbox 1372 1746 1482 1802; x_wconf 87' lang='lat' dir='ltr'>nisi</span> <span class='ocrx_word' id='word_1_135' title='bbox 1507 1746 1808 1803; x_wconf 86' lang='lat' dir='ltr'>inferiores</span> <span class='ocrx_word' id='word_1_136' title='bbox 1831 1749 1967 1803; x_wconf 91' lang='lat' dir='ltr'>sub-</span> 
     </span>
    </p>
   </div>
   <div class='ocr_carea' id='block_1_19' title="bbox 307 1833 1969 1906">
    <p class='ocr_par' dir='ltr' id='par_1_19' title="bbox 307 1833 1969 1906">
     <span class='ocr_line' id='line_1_19' title="bbox 307 1833 1969 1906; baseline 0.001 -16"><span class='ocrx_word' id='word_1_137' title='bbox 307 1836 496 1906; x_wconf 86' lang='lat' dir='ltr'>jectos</span> <span class='ocrx_word' id='word_1_138' title='bbox 521 1833 796 1902; x_wconf 83' lang='lat' dir='ltr'>habeant,</span> <span class='ocrx_word' id='word_1_139' title='bbox 833 1850 945 1889; x_wconf 91' lang='lat' dir='ltr'>non</span> <span class='ocrx_word' id='word_1_140' title='bbox 979 1839 1278 1889; x_wconf 88' lang='lat' dir='ltr'>vocantur.</span> <span class='ocrx_word' id='word_1_141' title='bbox 1314 1835 1508 1890; x_wconf 90' lang='lat' dir='ltr'>Potest</span> <span class='ocrx_word' id='word_1_142' title='bbox 1553 1852 1689 1906; x_wconf 88' lang='lat' dir='ltr'>ergo</span> <span class='ocrx_word' id='word_1_143' title='bbox 1745 1841 1803 1890; x_wconf 86' lang='lat' dir='ltr'>et</span> <span class='ocrx_word' id='word_1_144' title='bbox 1859 1837 1969 1891; x_wconf 88' lang='lat' dir='ltr'>hoc</span> 
     </span>
    </p>
   </div>
   <div class='ocr_carea' id='block_1_20' title="bbox 317 1922 1970 1994">
    <p class='ocr_par' dir='ltr' id='par_1_20' title="bbox 317 1922 1970 1994">
     <span class='ocr_line' id='line_1_20' title="bbox 317 1922 1970 1994; baseline 0.001 -16"><span class='ocrx_word' id='word_1_145' title='bbox 317 1923 452 1988; x_wconf 88' lang='lat' dir='ltr'>dici,</span> <span class='ocrx_word' id='word_1_146' title='bbox 485 1939 554 1978; x_wconf 84' lang='lat' dir='ltr'>ex</span> <span class='ocrx_word' id='word_1_147' title='bbox 583 1937 650 1977; x_wconf 90' lang='lat' dir='ltr'>eo</span> <span class='ocrx_word' id='word_1_148' title='bbox 681 1922 836 1994; x_wconf 90' lang='lat' dir='ltr'>quod</span> <span class='ocrx_word' id='word_1_149' title='bbox 871 1927 1021 1978; x_wconf 88' lang='lat' dir='ltr'>Deus</span> <span class='ocrx_word' id='word_1_150' title='bbox 1078 1927 1243 1978; x_wconf 88' lang='lat' dir='ltr'>Pater</span> <span class='ocrx_word' id='word_1_151' title='bbox 1300 1923 1530 1978; x_wconf 89' lang='lat' dir='ltr'>Domini</span> <span class='ocrx_word' id='word_1_152' title='bbox 1591 1925 1777 1979; x_wconf 84' lang='lat' dir='ltr'>nostri</span> <span class='ocrx_word' id='word_1_153' title='bbox 1831 1925 1970 1980; x_wconf 88' lang='lat' dir='ltr'>Jesu</span> 
     </span>
    </p>
   </div>
   <div class='ocr_carea' id='block_1_21' title="bbox 317 2011 1971 2085">
    <p class='ocr_par' dir='ltr' id='par_1_21' title="bbox 317 2011 1971 2085">
     <span class='ocr_line' id='line_1_21' title="bbox 317 2011 1971 2085; baseline 0.001 -18"><span class='ocrx_word' id='word_1_154' title='bbox 317 2011 533 2068; x_wconf 87' lang='lat' dir='ltr'>Christi</span> <span class='ocrx_word' id='word_1_155' title='bbox 554 2012 724 2083; x_wconf 81' lang='lat' dir='ltr'>juxta</span> <span class='ocrx_word' id='word_1_156' title='bbox 753 2012 1146 2066; x_wconf 80' lang='lat' dir='ltr'>substantiam</span> <span class='ocrx_word' id='word_1_157' title='bbox 1181 2011 1342 2066; x_wconf 83' lang='lat' dir='ltr'>Pater</span> <span class='ocrx_word' id='word_1_158' title='bbox 1371 2017 1478 2082; x_wconf 88' lang='lat' dir='ltr'>est,</span> <span class='ocrx_word' id='word_1_159' title='bbox 1520 2017 1577 2068; x_wconf 89' lang='lat' dir='ltr'>et</span> <span class='ocrx_word' id='word_1_160' title='bbox 1633 2013 1971 2085; x_wconf 90' lang='lat' dir='ltr'>unigenitus</span> 
     </span>
    </p>
   </div>
   <div class='ocr_carea' id='block_1_22' title="bbox 319 2099 1971 2173">
    <p class='ocr_par' dir='ltr' id='par_1_22' title="bbox 319 2099 1971 2173">
     <span class='ocr_line' id='line_1_22' title="bbox 319 2099 1971 2173; baseline 0.001 -17"><span class='ocrx_word' id='word_1_161' title='bbox 319 2117 433 2156; x_wconf 89' lang='lat' dir='ltr'>non</span> <span class='ocrx_word' id='word_1_162' title='bbox 463 2105 554 2155; x_wconf 89' lang='lat' dir='ltr'>est</span> <span class='ocrx_word' id='word_1_163' title='bbox 582 2099 897 2171; x_wconf 88' lang='lat' dir='ltr'>adoptione</span> <span class='ocrx_word' id='word_1_164' title='bbox 926 2100 1131 2164; x_wconf 88' lang='lat' dir='ltr'>Filius,</span> <span class='ocrx_word' id='word_1_165' title='bbox 1164 2101 1264 2156; x_wconf 90' lang='lat' dir='ltr'>sed</span> <span class='ocrx_word' id='word_1_166' title='bbox 1300 2106 1509 2156; x_wconf 85' lang='lat' dir='ltr'>natura</span> <span class='ocrx_word' id='word_1_167' title='bbox 1535 2118 1548 2156; x_wconf 91' lang='lat'>:</span> <span class='ocrx_word' id='word_1_168' title='bbox 1577 2107 1795 2156; x_wconf 63' lang='lat' dir='ltr'>caetera;</span> <span class='ocrx_word' id='word_1_169' title='bbox 1827 2118 1971 2173; x_wconf 87' lang='lat' dir='ltr'>quo-</span> 
     </span>
    </p>
   </div>
   <div class='ocr_carea' id='block_1_23' title="bbox 319 2189 1973 2262">
    <p class='ocr_par' dir='ltr' id='par_1_23' title="bbox 319 2189 1973 2262">
     <span class='ocr_line' id='line_1_23' title="bbox 319 2189 1973 2262; baseline 0.002 -19"><span class='ocrx_word' id='word_1_170' title='bbox 319 2205 430 2262; x_wconf 87' lang='lat' dir='ltr'>que</span> <span class='ocrx_word' id='word_1_171' title='bbox 455 2194 734 2244; x_wconf 65' lang='lat' dir='ltr'>creaturae</span> <span class='ocrx_word' id='word_1_172' title='bbox 767 2189 1137 2260; x_wconf 88' lang='lat' dir='ltr'>paternitatis</span> <span class='ocrx_word' id='word_1_173' title='bbox 1167 2205 1380 2244; x_wconf 90' lang='lat' dir='ltr'>nomen</span> <span class='ocrx_word' id='word_1_174' title='bbox 1413 2190 1724 2262; x_wconf 87' lang='lat' dir='ltr'>adoptione</span> <span class='ocrx_word' id='word_1_175' title='bbox 1750 2207 1973 2246; x_wconf 85' lang='lat' dir='ltr'>merue-</span> 
     </span>
    </p>
   </div>
   <div class='ocr_carea' id='block_1_24' title="bbox 319 2277 1973 2350">
    <p class='ocr_par' dir='ltr' id='par_1_24' title="bbox 319 2277 1973 2350">
     <span class='ocr_line' id='line_1_24' title="bbox 319 2277 1973 2350; baseline 0.001 -17"><span class='ocrx_word' id='word_1_176' title='bbox 319 2283 477 2333; x_wconf 89' lang='lat' dir='ltr'>runt.</span> <span class='ocrx_word' id='word_1_177' title='bbox 510 2277 801 2348; x_wconf 84' lang='lat' dir='ltr'>Quidquid</span> <span class='ocrx_word' id='word_1_178' title='bbox 826 2282 1024 2332; x_wconf 90' lang='lat' dir='ltr'>autem</span> <span class='ocrx_word' id='word_1_179' title='bbox 1048 2278 1117 2332; x_wconf 92' lang='lat' dir='ltr'>de</span> <span class='ocrx_word' id='word_1_180' title='bbox 1140 2278 1306 2333; x_wconf 88' lang='lat' dir='ltr'>Patre</span> <span class='ocrx_word' id='word_1_181' title='bbox 1327 2283 1384 2333; x_wconf 90' lang='lat' dir='ltr'>et</span> <span class='ocrx_word' id='word_1_182' title='bbox 1417 2277 1561 2334; x_wconf 90' lang='lat' dir='ltr'>Filio</span> <span class='ocrx_word' id='word_1_183' title='bbox 1584 2279 1973 2350; x_wconf 80' lang='lat' dir='ltr'>dicimus,hoc</span> 
     </span>
    </p>
   </div>
   <div class='ocr_carea' id='block_1_25' title="bbox 318 2366 1970 2437">
    <p class='ocr_par' dir='ltr' id='par_1_25' title="bbox 318 2366 1970 2437">
     <span class='ocr_line' id='line_1_25' title="bbox 318 2366 1970 2437; baseline 0 -16"><span class='ocrx_word' id='word_1_184' title='bbox 318 2367 580 2422; x_wconf 86' lang='lat' dir='ltr'>sciamus</span> <span class='ocrx_word' id='word_1_185' title='bbox 606 2366 825 2420; x_wconf 88' lang='lat' dir='ltr'>dictum</span> <span class='ocrx_word' id='word_1_186' title='bbox 849 2382 977 2421; x_wconf 90' lang='lat' dir='ltr'>esse</span> <span class='ocrx_word' id='word_1_187' title='bbox 1001 2367 1070 2421; x_wconf 92' lang='lat' dir='ltr'>de</span> <span class='ocrx_word' id='word_1_188' title='bbox 1101 2366 1320 2437; x_wconf 80' lang='lat' dir='ltr'>Spiritu</span> <span class='ocrx_word' id='word_1_189' title='bbox 1343 2372 1562 2422; x_wconf 83' lang='lat' dir='ltr'>sancto.</span> <span class='ocrx_word' id='word_1_190' title='bbox 1597 2368 1740 2422; x_wconf 91' lang='lat' dir='ltr'>Nam</span> <span class='ocrx_word' id='word_1_191' title='bbox 1761 2372 1817 2423; x_wconf 89' lang='lat' dir='ltr'>et</span> <span class='ocrx_word' id='word_1_192' title='bbox 1845 2367 1970 2423; x_wconf 90' lang='lat' dir='ltr'>Sal-</span> 
     </span>
    </p>
   </div>
   <div class='ocr_carea' id='block_1_26' title="bbox 313 2456 1968 2522">
    <p class='ocr_par' dir='ltr' id='par_1_26' title="bbox 313 2456 1968 2522">
     <span class='ocr_line' id='line_1_26' title="bbox 313 2456 1968 2522; baseline 0.001 -14"><span class='ocrx_word' id='word_1_193' title='bbox 313 2461 482 2511; x_wconf 87' lang='lat' dir='ltr'>vator</span> <span class='ocrx_word' id='word_1_194' title='bbox 513 2460 709 2510; x_wconf 88' lang='lat' dir='ltr'>noster</span> <span class='ocrx_word' id='word_1_195' title='bbox 730 2459 959 2510; x_wconf 89' lang='lat' dir='ltr'>Patrem</span> <span class='ocrx_word' id='word_1_196' title='bbox 983 2471 1110 2509; x_wconf 90' lang='lat' dir='ltr'>esse</span> <span class='ocrx_word' id='word_1_197' title='bbox 1131 2471 1194 2509; x_wconf 91' lang='lat' dir='ltr'>se</span> <span class='ocrx_word' id='word_1_198' title='bbox 1215 2456 1397 2522; x_wconf 89' lang='lat' dir='ltr'>novit,</span> <span class='ocrx_word' id='word_1_199' title='bbox 1425 2456 1624 2512; x_wconf 85' lang='lat' dir='ltr'>dicens</span> <span class='ocrx_word' id='word_1_200' title='bbox 1655 2474 1666 2511; x_wconf 96' lang='lat'>:</span> <span class='ocrx_word' id='word_1_201' title='bbox 1694 2457 1824 2522; x_wconf 87' lang='lat' dir='ltr'>Fili,</span> <span class='ocrx_word' id='word_1_202' title='bbox 1885 2456 1968 2510; x_wconf 83' lang='lat' dir='ltr'>di-</span> 
     </span>
    </p>
   </div>
   <div class='ocr_carea' id='block_1_27' title="bbox 314 2544 1968 2616">
    <p class='ocr_par' dir='ltr' id='par_1_27' title="bbox 314 2544 1968 2616">
     <span class='ocr_line' id='line_1_27' title="bbox 314 2544 1968 2616; baseline -0.001 -17"><span class='ocrx_word' id='word_1_203' title='bbox 314 2547 618 2599; x_wconf 78' lang='lat' dir='ltr'>mittuntur</span> <span class='ocrx_word' id='word_1_204' title='bbox 646 2546 750 2598; x_wconf 81' lang='lat' dir='ltr'>tibi</span> <span class='ocrx_word' id='word_1_205' title='bbox 773 2552 1003 2614; x_wconf 77' lang='lat' dir='ltr'>peccata</span> <span class='ocrx_word' id='word_1_206' title='bbox 1033 2548 1131 2598; x_wconf 85' lang='lat' dir='ltr'>tua</span> <span class='ocrx_word' id='word_1_207' title='bbox 1158 2544 1342 2610; x_wconf 73' lang='lat' dir='ltr'>(Marc.</span> <span class='ocrx_word' id='word_1_208' title='bbox 1378 2561 1439 2610; x_wconf 88' lang='grc' dir='ltr'>ιι,</span> <span class='ocrx_word' id='word_1_209' title='bbox 1489 2546 1544 2616; x_wconf 85' lang='grc'>5)</span> <span class='ocrx_word' id='word_1_210' title='bbox 1571 2562 1588 2604; x_wconf 92' lang='grc'><em>;</em></span> <span class='ocrx_word' id='word_1_211' title='bbox 1649 2550 1744 2600; x_wconf 89' lang='lat' dir='ltr'>et:</span> <span class='ocrx_word' id='word_1_212' title='bbox 1805 2545 1968 2612; x_wconf 82' lang='lat' dir='ltr'>Filia,</span> 
     </span>
    </p>
   </div>
   <div class='ocr_carea' id='block_1_28' title="bbox 314 2631 1974 2702">
    <p class='ocr_par' dir='ltr' id='par_1_28' title="bbox 314 2631 1974 2702">
     <span class='ocr_line' id='line_1_28' title="bbox 314 2631 1974 2702; baseline 0.001 -15"><span class='ocrx_word' id='word_1_213' title='bbox 314 2632 457 2702; x_wconf 77' lang='lat' dir='ltr'>ﬁdes</span> <span class='ocrx_word' id='word_1_214' title='bbox 488 2635 582 2686; x_wconf 79' lang='lat' dir='ltr'>tua</span> <span class='ocrx_word' id='word_1_215' title='bbox 611 2634 665 2685; x_wconf 86' lang='lat' dir='ltr'>le</span> <span class='ocrx_word' id='word_1_216' title='bbox 690 2631 907 2686; x_wconf 76' lang='lat' dir='ltr'>salvam</span> <span class='ocrx_word' id='word_1_217' title='bbox 933 2633 1065 2701; x_wconf 82' lang='lat' dir='ltr'>fecit</span> <span class='ocrx_word' id='word_1_218' title='bbox 1122 2632 1329 2701; x_wconf 77' lang='lat' dir='ltr'>(Matth.</span> <span class='ocrx_word' id='word_1_219' title='bbox 1389 2649 1467 2697; x_wconf 74' lang='grc' dir='ltr'>ιιι,</span> <span class='ocrx_word' id='word_1_220' title='bbox 1497 2634 1588 2702; x_wconf 81' lang='lat'>22)</span> <span class='ocrx_word' id='word_1_221' title='bbox 1619 2650 1633 2700; x_wconf 85' lang='lat'><strong>;</strong></span> <span class='ocrx_word' id='word_1_222' title='bbox 1689 2638 1784 2688; x_wconf 90' lang='lat' dir='ltr'>et:</span> <span class='ocrx_word' id='word_1_223' title='bbox 1842 2634 1974 2688; x_wconf 84' lang='lat' dir='ltr'>Filii</span> 
     </span>
    </p>
   </div>
   <div class='ocr_carea' id='block_1_29' title="bbox 315 2719 2006 2792">
    <p class='ocr_par' dir='ltr' id='par_1_29' title="bbox 315 2719 2006 2792">
     <span class='ocr_line' id='line_1_29' title="bbox 315 2719 2006 2792; baseline 0.001 -17"><span class='ocrx_word' id='word_1_224' title='bbox 315 2723 446 2784; x_wconf 85' lang='lat' dir='ltr'>mei,</span> <span class='ocrx_word' id='word_1_225' title='bbox 477 2719 658 2774; x_wconf 84' lang='lat' dir='ltr'>adhuc</span> <span class='ocrx_word' id='word_1_226' title='bbox 686 2719 958 2775; x_wconf 85' lang='lat' dir='ltr'>modicum</span> <span class='ocrx_word' id='word_1_227' title='bbox 985 2720 1259 2776; x_wconf 77' lang='lat' dir='ltr'>vobiscum</span> <span class='ocrx_word' id='word_1_228' title='bbox 1288 2737 1412 2776; x_wconf 76' lang='lat' dir='ltr'>sum</span> <span class='ocrx_word' id='word_1_229' title='bbox 1439 2722 1617 2790; x_wconf 84' lang='lat' dir='ltr'>(Joan.</span> <span class='ocrx_word' id='word_1_230' title='bbox 1678 2739 1781 2791; x_wconf 85' lang='lat' dir='ltr'>vn,</span> <span class='ocrx_word' id='word_1_231' title='bbox 1840 2723 1930 2792; x_wconf 89' lang='lat'>33)</span> <span class='ocrx_word' id='word_1_232' title='bbox 1952 2738 1972 2782; x_wconf 86' lang='lat'>:</span> <span class='ocrx_word' id='word_1_233' title='bbox 1993 2785 2006 2792; x_wconf 31' lang='grc' dir='ltr'><em>ν</em></span> 
     </span>
    </p>
   </div>
   <div class='ocr_carea' id='block_1_30' title="bbox 318 2808 1975 2882">
    <p class='ocr_par' dir='ltr' id='par_1_30' title="bbox 318 2808 1975 2882">
     <span class='ocr_line' id='line_1_30' title="bbox 318 2808 1975 2882; baseline 0 -18"><span class='ocrx_word' id='word_1_234' title='bbox 318 2813 376 2865; x_wconf 88' lang='lat' dir='ltr'>et</span> <span class='ocrx_word' id='word_1_235' title='bbox 405 2824 508 2880; x_wconf 90' lang='lat' dir='ltr'>per</span> <span class='ocrx_word' id='word_1_236' title='bbox 537 2808 820 2880; x_wconf 88' lang='lat' dir='ltr'>Spiritum</span> <span class='ocrx_word' id='word_1_237' title='bbox 852 2814 1144 2874; x_wconf 88' lang='lat' dir='ltr'>sanctum,</span> <span class='ocrx_word' id='word_1_238' title='bbox 1169 2811 1317 2879; x_wconf 90' lang='lat' dir='ltr'>justi</span> <span class='ocrx_word' id='word_1_239' title='bbox 1351 2811 1569 2880; x_wconf 91' lang='lat' dir='ltr'>quique</span> <span class='ocrx_word' id='word_1_240' title='bbox 1621 2811 1975 2882; x_wconf 90' lang='lat' dir='ltr'>adoptantur</span> 
     </span>
    </p>
   </div>
   <div class='ocr_carea' id='block_1_31' title="bbox 318 2896 1970 2970">
    <p class='ocr_par' dir='ltr' id='par_1_31' title="bbox 318 2896 1970 2970">
     <span class='ocr_line' id='line_1_31' title="bbox 318 2896 1970 2970; baseline 0.001 -19"><span class='ocrx_word' id='word_1_241' title='bbox 318 2897 379 2952; x_wconf 89' lang='lat' dir='ltr'>in</span> <span class='ocrx_word' id='word_1_242' title='bbox 413 2896 583 2952; x_wconf 83' lang='lat' dir='ltr'>filios.</span> <span class='ocrx_word' id='word_1_243' title='bbox 613 2896 954 2951; x_wconf 86' lang='lat' dir='ltr'>Valentinus</span> <span class='ocrx_word' id='word_1_244' title='bbox 978 2899 1325 2952; x_wconf 65' lang='lat' dir='ltr'>saeculorum</span> <span class='ocrx_word' id='word_1_245' title='bbox 1359 2915 1602 2953; x_wconf 88' lang='lat' dir='ltr'>suorum</span> <span class='ocrx_word' id='word_1_246' title='bbox 1652 2898 1921 2970; x_wconf 91' lang='lat' dir='ltr'>probolas</span> <span class='ocrx_word' id='word_1_247' title='bbox 1954 2901 1970 2933; x_wconf 72' lang='grc' dir='ltr'>ί</span> 
     </span>
    </p>
   </div>
   <div class='ocr_carea' id='block_1_32' title="bbox 319 2983 1975 3056">
    <p class='ocr_par' dir='ltr' id='par_1_32' title="bbox 319 2983 1975 3056">
     <span class='ocr_line' id='line_1_32' title="bbox 319 2983 1975 3056; baseline 0.001 -16"><span class='ocrx_word' id='word_1_248' title='bbox 319 2991 498 3056; x_wconf 87' lang='lat' dir='ltr'>atque</span> <span class='ocrx_word' id='word_1_249' title='bbox 528 2983 820 3056; x_wconf 83' lang='lat' dir='ltr'>conjugia,</span> <span class='ocrx_word' id='word_1_250' title='bbox 861 3002 930 3040; x_wconf 81' lang='lat' dir='ltr'>ex</span> <span class='ocrx_word' id='word_1_251' title='bbox 961 2986 1070 3042; x_wconf 91' lang='lat' dir='ltr'>hoc</span> <span class='ocrx_word' id='word_1_252' title='bbox 1122 2986 1210 3040; x_wconf 90' lang='lat' dir='ltr'>vel</span> <span class='ocrx_word' id='word_1_253' title='bbox 1267 2987 1521 3042; x_wconf 83' lang='lat' dir='ltr'>maxime</span> <span class='ocrx_word' id='word_1_254' title='bbox 1579 2986 1704 3042; x_wconf 89' lang='lat' dir='ltr'>loco</span> <span class='ocrx_word' id='word_1_255' title='bbox 1762 2988 1975 3043; x_wconf 80' lang='lat' dir='ltr'>confir-</span> 
     </span>
    </p>
   </div>
   <div class='ocr_carea' id='block_1_33' title="bbox 325 3074 1976 3147">
    <p class='ocr_par' dir='ltr' id='par_1_33' title="bbox 325 3074 1976 3147">
     <span class='ocr_line' id='line_1_33' title="bbox 325 3074 1976 3147; baseline 0.002 -20"><span class='ocrx_word' id='word_1_256' title='bbox 325 3074 576 3128; x_wconf 88' lang='lat' dir='ltr'>mandas</span> <span class='ocrx_word' id='word_1_257' title='bbox 599 3078 806 3145; x_wconf 85' lang='lat' dir='ltr'>putat:</span> <span class='ocrx_word' id='word_1_258' title='bbox 843 3089 1212 3145; x_wconf 87' lang='lat' dir='ltr'>nequaquam</span> <span class='ocrx_word' id='word_1_259' title='bbox 1264 3074 1618 3147; x_wconf 85' lang='lat' dir='ltr'>intelligens,</span> <span class='ocrx_word' id='word_1_260' title='bbox 1679 3081 1741 3130; x_wconf 91' lang='lat' dir='ltr'>ut</span> <span class='ocrx_word' id='word_1_261' title='bbox 1797 3093 1976 3147; x_wconf 89' lang='lat' dir='ltr'>supra</span> 
     </span>
    </p>
   </div>
   <div class='ocr_carea' id='block_1_34' title="bbox 327 3161 1974 3234">
    <p class='ocr_par' dir='ltr' id='par_1_34' title="bbox 327 3161 1974 3234">
     <span class='ocr_line' id='line_1_34' title="bbox 327 3161 1974 3234; baseline 0.002 -19"><span class='ocrx_word' id='word_1_262' title='bbox 327 3161 607 3232; x_wconf 86' lang='lat' dir='ltr'>diximus,</span> <span class='ocrx_word' id='word_1_263' title='bbox 639 3162 710 3216; x_wconf 90' lang='lat' dir='ltr'>ad</span> <span class='ocrx_word' id='word_1_264' title='bbox 743 3161 1188 3218; x_wconf 86' lang='lat' dir='ltr'>similitudinem</span> <span class='ocrx_word' id='word_1_265' title='bbox 1223 3164 1320 3218; x_wconf 89' lang='lat' dir='ltr'>Dei</span> <span class='ocrx_word' id='word_1_266' title='bbox 1349 3165 1552 3230; x_wconf 86' lang='lat' dir='ltr'>Patris,</span> <span class='ocrx_word' id='word_1_267' title='bbox 1585 3169 1643 3218; x_wconf 89' lang='lat' dir='ltr'>et</span> <span class='ocrx_word' id='word_1_268' title='bbox 1701 3165 1760 3218; x_wconf 89' lang='lat' dir='ltr'>in</span> <span class='ocrx_word' id='word_1_269' title='bbox 1812 3164 1974 3234; x_wconf 75' lang='lat' dir='ltr'>coelo,</span> 
     </span>
    </p>
   </div>
   <div class='ocr_carea' id='block_1_35' title="bbox 2077 593 3722 665">
    <p class='ocr_par' dir='ltr' id='par_1_35' title="bbox 2077 593 3722 665">
     <span class='ocr_line' id='line_1_35' title="bbox 2077 593 3722 665; baseline 0.001 -15"><span class='ocrx_word' id='word_1_270' title='bbox 2077 595 2344 650; x_wconf 85' lang='lat' dir='ltr'>Christus</span> <span class='ocrx_word' id='word_1_271' title='bbox 2375 595 2431 648; x_wconf 92' lang='lat' dir='ltr'>in</span> <span class='ocrx_word' id='word_1_272' title='bbox 2465 594 2738 649; x_wconf 87' lang='lat' dir='ltr'>interiore</span> <span class='ocrx_word' id='word_1_273' title='bbox 2787 593 3046 658; x_wconf 89' lang='lat' dir='ltr'>homine,</span> <span class='ocrx_word' id='word_1_274' title='bbox 3104 593 3163 648; x_wconf 88' lang='lat' dir='ltr'>in</span> <span class='ocrx_word' id='word_1_275' title='bbox 3221 594 3408 665; x_wconf 88' lang='lat' dir='ltr'>ipsius</span> <span class='ocrx_word' id='word_1_276' title='bbox 3464 595 3722 653; x_wconf 84' lang='lat' dir='ltr'>inferiori</span> 
     </span>
    </p>
   </div>
   <div class='ocr_carea' id='block_1_36' title="bbox 2078 682 3727 754">
    <p class='ocr_par' dir='ltr' id='par_1_36' title="bbox 2078 682 3727 754">
     <span class='ocr_line' id='line_1_36' title="bbox 2078 682 3727 754; baseline 0.001 -16"><span class='ocrx_word' id='word_1_277' title='bbox 2078 683 2334 738; x_wconf 89' lang='lat' dir='ltr'>hominis</span> <span class='ocrx_word' id='word_1_278' title='bbox 2367 683 2588 738; x_wconf 88' lang='lat' dir='ltr'>habitet</span> <span class='ocrx_word' id='word_1_279' title='bbox 2619 682 2948 754; x_wconf 87' lang='lat' dir='ltr'>principali,</span> <span class='ocrx_word' id='word_1_280' title='bbox 2979 682 3037 737; x_wconf 89' lang='lat' dir='ltr'>id</span> <span class='ocrx_word' id='word_1_281' title='bbox 3085 687 3174 738; x_wconf 91' lang='lat' dir='ltr'>est</span> <span class='ocrx_word' id='word_1_282' title='bbox 3201 682 3260 738; x_wconf 91' lang='lat' dir='ltr'>in</span> <span class='ocrx_word' id='word_1_283' title='bbox 3293 684 3566 741; x_wconf 89' lang='lat' dir='ltr'>cordibus</span> <span class='ocrx_word' id='word_1_284' title='bbox 3623 701 3727 740; x_wconf 89' lang='lat' dir='ltr'>no—</span> 
     </span>
    </p>
   </div>
   <div class='ocr_carea' id='block_1_37' title="bbox 2078 772 3726 844">
    <p class='ocr_par' dir='ltr' id='par_1_37' title="bbox 2078 772 3726 844">
     <span class='ocr_line' id='line_1_37' title="bbox 2078 772 3726 844; baseline 0.001 -16"><span class='ocrx_word' id='word_1_285' title='bbox 2078 773 2215 828; x_wconf 81' lang='lat' dir='ltr'>stris</span> <span class='ocrx_word' id='word_1_286' title='bbox 2242 789 2254 828; x_wconf 92' lang='lat'>:</span> <span class='ocrx_word' id='word_1_287' title='bbox 2292 789 2662 844; x_wconf 88' lang='lat' dir='ltr'>nequaquam</span> <span class='ocrx_word' id='word_1_288' title='bbox 2696 789 2796 843; x_wconf 90' lang='lat' dir='ltr'>per</span> <span class='ocrx_word' id='word_1_289' title='bbox 2824 776 3037 826; x_wconf 90' lang='lat' dir='ltr'>cuncta</span> <span class='ocrx_word' id='word_1_290' title='bbox 3058 772 3185 841; x_wconf 87' lang='lat' dir='ltr'>ejus</span> <span class='ocrx_word' id='word_1_291' title='bbox 3219 772 3483 828; x_wconf 87' lang='lat' dir='ltr'>membra</span> <span class='ocrx_word' id='word_1_292' title='bbox 3503 773 3726 829; x_wconf 88' lang='lat' dir='ltr'>discur-</span> 
     </span>
    </p>
   </div>
   <div class='ocr_carea' id='block_1_38' title="bbox 2078 859 3737 930">
    <p class='ocr_par' dir='ltr' id='par_1_38' title="bbox 2078 859 3737 930">
     <span class='ocr_line' id='line_1_38' title="bbox 2078 859 3737 930; baseline 0.001 -15"><span class='ocrx_word' id='word_1_293' title='bbox 2078 878 2233 926; x_wconf 90' lang='lat' dir='ltr'>rens,</span> <span class='ocrx_word' id='word_1_294' title='bbox 2266 862 2366 915; x_wconf 90' lang='lat' dir='ltr'>sed</span> <span class='ocrx_word' id='word_1_295' title='bbox 2399 861 2458 914; x_wconf 87' lang='lat' dir='ltr'>in</span> <span class='ocrx_word' id='word_1_296' title='bbox 2493 860 2822 916; x_wconf 88' lang='lat' dir='ltr'>rationabili</span> <span class='ocrx_word' id='word_1_297' title='bbox 2862 863 2990 930; x_wconf 85' lang='lat' dir='ltr'>ejus</span> <span class='ocrx_word' id='word_1_298' title='bbox 3049 859 3367 916; x_wconf 86' lang='lat' dir='ltr'>habitans:</span> <span class='ocrx_word' id='word_1_299' title='bbox 3431 865 3488 916; x_wconf 85' lang='lat' dir='ltr'>et</span> <span class='ocrx_word' id='word_1_300' title='bbox 3543 860 3602 918; x_wconf 83' lang='lat' dir='ltr'>in</span> <span class='ocrx_word' id='word_1_301' title='bbox 3661 876 3737 922; x_wconf 80' lang='lat' dir='ltr'>eo.</span> 
     </span>
    </p>
   </div>
   <div class='ocr_carea' id='block_1_39' title="bbox 2080 949 3738 1021">
    <p class='ocr_par' dir='ltr' id='par_1_39' title="bbox 2080 949 3738 1021">
     <span class='ocr_line' id='line_1_39' title="bbox 2080 949 3738 1021; baseline 0.002 -18"><span class='ocrx_word' id='word_1_302' title='bbox 2080 949 2463 1019; x_wconf 88' lang='lat' dir='ltr'>domicilium,</span> <span class='ocrx_word' id='word_1_303' title='bbox 2499 950 2816 1020; x_wconf 89' lang='lat' dir='ltr'>sedemque</span> <span class='ocrx_word' id='word_1_304' title='bbox 2868 965 3036 1004; x_wconf 87' lang='lat' dir='ltr'>suam</span> <span class='ocrx_word' id='word_1_305' title='bbox 3090 965 3334 1021; x_wconf 89' lang='lat' dir='ltr'>ponens.</span> <span class='ocrx_word' id='word_1_306' title='bbox 3394 949 3548 1006; x_wconf 72' lang='lat'>608</span> <span class='ocrx_word' id='word_1_307' title='bbox 3613 949 3738 1006; x_wconf 70' lang='lat' dir='ltr'>Hoc</span> 
     </span>
    </p>
   </div>
   <div class='ocr_carea' id='block_1_40' title="bbox 2079 1037 3728 1109">
    <p class='ocr_par' dir='ltr' id='par_1_40' title="bbox 2079 1037 3728 1109">
     <span class='ocr_line' id='line_1_40' title="bbox 2079 1037 3728 1109; baseline 0 -16"><span class='ocrx_word' id='word_1_308' title='bbox 2079 1043 2273 1093; x_wconf 84' lang='lat' dir='ltr'>autem</span> <span class='ocrx_word' id='word_1_309' title='bbox 2308 1043 2492 1093; x_wconf 89' lang='lat' dir='ltr'>totum</span> <span class='ocrx_word' id='word_1_310' title='bbox 2525 1054 2627 1109; x_wconf 89' lang='lat' dir='ltr'>per</span> <span class='ocrx_word' id='word_1_311' title='bbox 2654 1038 2827 1093; x_wconf 85' lang='lat' dir='ltr'>ﬁdem</span> <span class='ocrx_word' id='word_1_312' title='bbox 2860 1038 2976 1105; x_wconf 86' lang='lat' dir='ltr'>fiet,</span> <span class='ocrx_word' id='word_1_313' title='bbox 3013 1037 3062 1093; x_wconf 92' lang='lat' dir='ltr'>si</span> <span class='ocrx_word' id='word_1_314' title='bbox 3093 1039 3403 1095; x_wconf 89' lang='lat' dir='ltr'>credamus</span> <span class='ocrx_word' id='word_1_315' title='bbox 3439 1038 3511 1096; x_wconf 82' lang='lat' dir='ltr'>in</span> <span class='ocrx_word' id='word_1_316' title='bbox 3571 1053 3728 1094; x_wconf 88' lang='lat' dir='ltr'>eum.</span> 
     </span>
    </p>
   </div>
   <div class='ocr_carea' id='block_1_41' title="bbox 2080 1126 3733 1199">
    <p class='ocr_par' dir='ltr' id='par_1_41' title="bbox 2080 1126 3733 1199">
     <span class='ocr_line' id='line_1_41' title="bbox 2080 1126 3733 1199; baseline 0.001 -18"><span class='ocrx_word' id='word_1_317' title='bbox 2080 1127 2469 1192; x_wconf 88' lang='lat' dir='ltr'>Quamobrem</span> <span class='ocrx_word' id='word_1_318' title='bbox 2501 1127 2617 1181; x_wconf 88' lang='lat' dir='ltr'>ait:</span> <span class='ocrx_word' id='word_1_319' title='bbox 2652 1127 2910 1182; x_wconf 79' lang='lat' dir='ltr'>Habitare</span> <span class='ocrx_word' id='word_1_320' title='bbox 2958 1126 3236 1182; x_wconf 82' lang='lat' dir='ltr'>Christum</span> <span class='ocrx_word' id='word_1_321' title='bbox 3287 1142 3389 1199; x_wconf 81' lang='lat' dir='ltr'>per</span> <span class='ocrx_word' id='word_1_322' title='bbox 3447 1127 3613 1197; x_wconf 77' lang='lat' dir='ltr'>ﬁdem</span> <span class='ocrx_word' id='word_1_323' title='bbox 3670 1129 3733 1182; x_wconf 78' lang='lat' dir='ltr'>in</span> 
     </span>
    </p>
   </div>
   <div class='ocr_carea' id='block_1_42' title="bbox 2077 1214 3733 1287">
    <p class='ocr_par' dir='ltr' id='par_1_42' title="bbox 2077 1214 3733 1287">
     <span class='ocr_line' id='line_1_42' title="bbox 2077 1214 3733 1287; baseline 0.002 -17"><span class='ocrx_word' id='word_1_324' title='bbox 2077 1217 2338 1271; x_wconf 77' lang='lat' dir='ltr'>cordibus</span> <span class='ocrx_word' id='word_1_325' title='bbox 2395 1217 2604 1271; x_wconf 73' lang='lat' dir='ltr'>vestris.</span> <span class='ocrx_word' id='word_1_326' title='bbox 2666 1215 2961 1270; x_wconf 89' lang='lat' dir='ltr'>Habitatio</span> <span class='ocrx_word' id='word_1_327' title='bbox 3019 1220 3218 1270; x_wconf 91' lang='lat' dir='ltr'>autem</span> <span class='ocrx_word' id='word_1_328' title='bbox 3269 1214 3385 1270; x_wconf 89' lang='lat' dir='ltr'>ista</span> <span class='ocrx_word' id='word_1_329' title='bbox 3441 1231 3571 1286; x_wconf 69' lang='lat' dir='ltr'>qum</span> <span class='ocrx_word' id='word_1_330' title='bbox 3629 1230 3733 1287; x_wconf 82' lang='lat' dir='ltr'>per</span> 
     </span>
    </p>
   </div>
   <div class='ocr_carea' id='block_1_43' title="bbox 2078 1303 3733 1375">
    <p class='ocr_par' dir='ltr' id='par_1_43' title="bbox 2078 1303 3733 1375">
     <span class='ocr_line' id='line_1_43' title="bbox 2078 1303 3733 1375; baseline 0.004 -17"><span class='ocrx_word' id='word_1_331' title='bbox 2078 1304 2380 1359; x_wconf 82' lang='lat' dir='ltr'>exordium</span> <span class='ocrx_word' id='word_1_332' title='bbox 2414 1304 2545 1360; x_wconf 85' lang='lat' dir='ltr'>ﬁdei</span> <span class='ocrx_word' id='word_1_333' title='bbox 2579 1305 2913 1375; x_wconf 82' lang='lat' dir='ltr'>fabricatur,</span> <span class='ocrx_word' id='word_1_334' title='bbox 2977 1303 3200 1362; x_wconf 87' lang='lat' dir='ltr'>radices</span> <span class='ocrx_word' id='word_1_335' title='bbox 3260 1308 3316 1359; x_wconf 91' lang='lat' dir='ltr'>et</span> <span class='ocrx_word' id='word_1_336' title='bbox 3373 1304 3733 1365; x_wconf 79' lang='lat' dir='ltr'>fundamen-</span> 
     </span>
    </p>
   </div>
   <div class='ocr_carea' id='block_1_44' title="bbox 2077 1391 3734 1463">
    <p class='ocr_par' dir='ltr' id='par_1_44' title="bbox 2077 1391 3734 1463">
     <span class='ocr_line' id='line_1_44' title="bbox 2077 1391 3734 1463; baseline 0.001 -16"><span class='ocrx_word' id='word_1_337' title='bbox 2077 1393 2285 1448; x_wconf 88' lang='lat' dir='ltr'>tumin</span> <span class='ocrx_word' id='word_1_338' title='bbox 2312 1393 2595 1448; x_wconf 88' lang='lat' dir='ltr'>charitate</span> <span class='ocrx_word' id='word_1_339' title='bbox 2634 1393 2842 1447; x_wconf 88' lang='lat' dir='ltr'>habet:</span> <span class='ocrx_word' id='word_1_340' title='bbox 2879 1398 2942 1446; x_wconf 91' lang='lat' dir='ltr'>ut</span> <span class='ocrx_word' id='word_1_341' title='bbox 2997 1392 3274 1463; x_wconf 88' lang='lat' dir='ltr'>quoniam</span> <span class='ocrx_word' id='word_1_342' title='bbox 3332 1393 3434 1448; x_wconf 91' lang='lat' dir='ltr'>Dei</span> <span class='ocrx_word' id='word_1_343' title='bbox 3487 1391 3734 1462; x_wconf 78' lang='lat' dir='ltr'>agricul-</span> 
     </span>
    </p>
   </div>
   <div class='ocr_carea' id='block_1_45' title="bbox 2079 1480 3733 1551">
    <p class='ocr_par' dir='ltr' id='par_1_45' title="bbox 2079 1480 3733 1551">
     <span class='ocr_line' id='line_1_45' title="bbox 2079 1480 3733 1551; baseline 0.001 -16"><span class='ocrx_word' id='word_1_344' title='bbox 2079 1486 2208 1536; x_wconf 90' lang='lat' dir='ltr'>tura</span> <span class='ocrx_word' id='word_1_345' title='bbox 2242 1499 2470 1548; x_wconf 89' lang='lat' dir='ltr'>sumus,</span> <span class='ocrx_word' id='word_1_346' title='bbox 2504 1481 2604 1535; x_wconf 88' lang='lat' dir='ltr'>Dei</span> <span class='ocrx_word' id='word_1_347' title='bbox 2637 1480 2938 1535; x_wconf 66' lang='lat' dir='ltr'>aediﬁcatio</span> <span class='ocrx_word' id='word_1_348' title='bbox 2993 1483 3037 1551; x_wconf 95' lang='lat' dir='ltr'>(l</span> <span class='ocrx_word' id='word_1_349' title='bbox 3069 1481 3188 1536; x_wconf 89' lang='lat' dir='ltr'>Cor.</span> <span class='ocrx_word' id='word_1_350' title='bbox 3249 1498 3334 1550; x_wconf 89' lang='grc' dir='ltr'>ιιι,</span> <span class='ocrx_word' id='word_1_351' title='bbox 3392 1481 3470 1551; x_wconf 86' lang='grc'>9),</span> <span class='ocrx_word' id='word_1_352' title='bbox 3530 1481 3733 1536; x_wconf 81' lang='lat' dir='ltr'>omnia</span> 
     </span>
    </p>
   </div>
   <div class='ocr_carea' id='block_1_46' title="bbox 2078 1569 3731 1639">
    <p class='ocr_par' dir='ltr' id='par_1_46' title="bbox 2078 1569 3731 1639">
     <span class='ocr_line' id='line_1_46' title="bbox 2078 1569 3731 1639; baseline 0.001 -15"><span class='ocrx_word' id='word_1_353' title='bbox 2078 1571 2138 1624; x_wconf 92' lang='lat' dir='ltr'>in</span> <span class='ocrx_word' id='word_1_354' title='bbox 2169 1570 2456 1625; x_wconf 89' lang='lat' dir='ltr'>charitate</span> <span class='ocrx_word' id='word_1_355' title='bbox 2485 1573 2856 1625; x_wconf 91' lang='lat' dir='ltr'>succrescant</span> <span class='ocrx_word' id='word_1_356' title='bbox 2914 1572 3088 1639; x_wconf 86' lang='lat' dir='ltr'>atque</span> <span class='ocrx_word' id='word_1_357' title='bbox 3140 1569 3519 1625; x_wconf 70' lang='lat' dir='ltr'>aediﬁcentur.</span> <span class='ocrx_word' id='word_1_358' title='bbox 3583 1569 3731 1626; x_wconf 86' lang='lat' dir='ltr'>Cum</span> 
     </span>
    </p>
   </div>
   <div class='ocr_carea' id='block_1_47' title="bbox 2080 1657 3733 1724">
    <p class='ocr_par' dir='ltr' id='par_1_47' title="bbox 2080 1657 3733 1724">
     <span class='ocr_line' id='line_1_47' title="bbox 2080 1657 3733 1724; baseline -0.001 -10"><span class='ocrx_word' id='word_1_359' title='bbox 2080 1664 2274 1714; x_wconf 89' lang='lat' dir='ltr'>autem</span> <span class='ocrx_word' id='word_1_360' title='bbox 2308 1659 2550 1714; x_wconf 90' lang='lat' dir='ltr'>radicati</span> <span class='ocrx_word' id='word_1_361' title='bbox 2581 1663 2638 1713; x_wconf 90' lang='lat' dir='ltr'>et</span> <span class='ocrx_word' id='word_1_362' title='bbox 2669 1658 2894 1712; x_wconf 84' lang='lat' dir='ltr'>fundati</span> <span class='ocrx_word' id='word_1_363' title='bbox 2926 1659 2984 1712; x_wconf 89' lang='lat' dir='ltr'>in</span> <span class='ocrx_word' id='word_1_364' title='bbox 3016 1657 3321 1724; x_wconf 87' lang='lat' dir='ltr'>charitate,</span> <span class='ocrx_word' id='word_1_365' title='bbox 3356 1659 3414 1712; x_wconf 91' lang='lat' dir='ltr'>in</span> <span class='ocrx_word' id='word_1_366' title='bbox 3461 1657 3733 1718; x_wconf 82' lang='lat' dir='ltr'>interiore</span> 
     </span>
    </p>
   </div>
   <div class='ocr_carea' id='block_1_48' title="bbox 2079 1745 3735 1806">
    <p class='ocr_par' dir='ltr' id='par_1_48' title="bbox 2079 1745 3735 1806">
     <span class='ocr_line' id='line_1_48' title="bbox 2079 1745 3735 1806; baseline 0.003 -5"><span class='ocrx_word' id='word_1_367' title='bbox 2079 1747 2316 1803; x_wconf 91' lang='lat' dir='ltr'>homine</span> <span class='ocrx_word' id='word_1_368' title='bbox 2367 1747 2631 1802; x_wconf 87' lang='lat' dir='ltr'>habitare</span> <span class='ocrx_word' id='word_1_369' title='bbox 2689 1747 2989 1802; x_wconf 87' lang='lat' dir='ltr'>Christum</span> <span class='ocrx_word' id='word_1_370' title='bbox 3044 1752 3166 1802; x_wconf 86' lang='lat' dir='ltr'>tota</span> <span class='ocrx_word' id='word_1_371' title='bbox 3243 1747 3456 1803; x_wconf 83' lang='lat' dir='ltr'>mentis</span> <span class='ocrx_word' id='word_1_372' title='bbox 3517 1745 3735 1806; x_wconf 66' lang='lat' dir='ltr'>fiducia</span> 
     </span>
    </p>
   </div>
   <div class='ocr_carea' id='block_1_49' title="bbox 2081 1835 3736 1906">
    <p class='ocr_par' dir='ltr' id='par_1_49' title="bbox 2081 1835 3736 1906">
     <span class='ocr_line' id='line_1_49' title="bbox 2081 1835 3736 1906; baseline -0.001 -14"><span class='ocrx_word' id='word_1_373' title='bbox 2081 1837 2447 1892; x_wconf 82' lang='lat' dir='ltr'>noverimus:</span> <span class='ocrx_word' id='word_1_374' title='bbox 2481 1841 2620 1891; x_wconf 91' lang='lat' dir='ltr'>tunc</span> <span class='ocrx_word' id='word_1_375' title='bbox 2660 1835 3010 1906; x_wconf 89' lang='lat' dir='ltr'>incipiemus</span> <span class='ocrx_word' id='word_1_376' title='bbox 3035 1851 3172 1891; x_wconf 89' lang='lat' dir='ltr'>cum</span> <span class='ocrx_word' id='word_1_377' title='bbox 3227 1835 3452 1892; x_wconf 68' lang='lat' dir='ltr'>caeteris</span> <span class='ocrx_word' id='word_1_378' title='bbox 3511 1835 3736 1892; x_wconf 83' lang='lat' dir='ltr'>sanctis</span> 
     </span>
    </p>
   </div>
   <div class='ocr_carea' id='block_1_50' title="bbox 2083 1924 3733 1995">
    <p class='ocr_par' dir='ltr' id='par_1_50' title="bbox 2083 1924 3733 1995">
     <span class='ocr_line' id='line_1_50' title="bbox 2083 1924 3733 1995; baseline -0.003 -14"><span class='ocrx_word' id='word_1_379' title='bbox 2083 1926 2260 1982; x_wconf 87' lang='lat' dir='ltr'>etiam</span> <span class='ocrx_word' id='word_1_380' title='bbox 2294 1927 2365 1979; x_wconf 90' lang='lat' dir='ltr'>ad</span> <span class='ocrx_word' id='word_1_381' title='bbox 2401 1924 2500 1978; x_wconf 88' lang='lat' dir='ltr'>illa</span> <span class='ocrx_word' id='word_1_382' title='bbox 2527 1941 2631 1979; x_wconf 89' lang='lat' dir='ltr'>nos</span> <span class='ocrx_word' id='word_1_383' title='bbox 2659 1924 2930 1978; x_wconf 88' lang='lat' dir='ltr'>tendere:</span> <span class='ocrx_word' id='word_1_384' title='bbox 2970 1928 3034 1979; x_wconf 92' lang='lat' dir='ltr'>ut</span> <span class='ocrx_word' id='word_1_385' title='bbox 3065 1924 3261 1995; x_wconf 87' lang='lat' dir='ltr'>sagaci</span> <span class='ocrx_word' id='word_1_386' title='bbox 3321 1924 3519 1979; x_wconf 88' lang='lat' dir='ltr'>animo</span> <span class='ocrx_word' id='word_1_387' title='bbox 3575 1940 3733 1980; x_wconf 45' lang='lat' dir='ltr'>coms</span> 
     </span>
    </p>
   </div>
   <div class='ocr_carea' id='block_1_51' title="bbox 2084 2011 3733 2086">
    <p class='ocr_par' dir='ltr' id='par_1_51' title="bbox 2084 2011 3733 2086">
     <span class='ocr_line' id='line_1_51' title="bbox 2084 2011 3733 2086; baseline -0.001 -17"><span class='ocrx_word' id='word_1_388' title='bbox 2084 2015 2518 2086; x_wconf 90' lang='lat' dir='ltr'>prehendamus</span> <span class='ocrx_word' id='word_1_389' title='bbox 2550 2030 2676 2084; x_wconf 66' lang='lat' dir='ltr'>quae</span> <span class='ocrx_word' id='word_1_390' title='bbox 2708 2013 2784 2066; x_wconf 86' lang='lat' dir='ltr'>sit</span> <span class='ocrx_word' id='word_1_391' title='bbox 2817 2011 3089 2082; x_wconf 84' lang='lat' dir='ltr'>latitudo,</span> <span class='ocrx_word' id='word_1_392' title='bbox 3113 2017 3170 2066; x_wconf 93' lang='lat' dir='ltr'>et</span> <span class='ocrx_word' id='word_1_393' title='bbox 3217 2011 3540 2082; x_wconf 82' lang='lat' dir='ltr'>longitudo,</span> <span class='ocrx_word' id='word_1_394' title='bbox 3601 2028 3733 2084; x_wconf 89' lang='lat' dir='ltr'>pro-</span> 
     </span>
    </p>
   </div>
   <div class='ocr_carea' id='block_1_52' title="bbox 2083 2099 3733 2168">
    <p class='ocr_par' dir='ltr' id='par_1_52' title="bbox 2083 2099 3733 2168">
     <span class='ocr_line' id='line_1_52' title="bbox 2083 2099 3733 2168; baseline -0.001 -11"><span class='ocrx_word' id='word_1_395' title='bbox 2083 2103 2354 2168; x_wconf 88' lang='lat' dir='ltr'>fundum,</span> <span class='ocrx_word' id='word_1_396' title='bbox 2389 2108 2443 2156; x_wconf 89' lang='lat' dir='ltr'>et</span> <span class='ocrx_word' id='word_1_397' title='bbox 2474 2101 2756 2156; x_wconf 87' lang='lat' dir='ltr'>altitudo:</span> <span class='ocrx_word' id='word_1_398' title='bbox 2791 2105 2844 2155; x_wconf 89' lang='lat' dir='ltr'>et</span> <span class='ocrx_word' id='word_1_399' title='bbox 2878 2115 2992 2154; x_wconf 88' lang='lat' dir='ltr'>non</span> <span class='ocrx_word' id='word_1_400' title='bbox 3017 2099 3209 2154; x_wconf 90' lang='lat' dir='ltr'>solum</span> <span class='ocrx_word' id='word_1_401' title='bbox 3233 2100 3364 2166; x_wconf 90' lang='lat' dir='ltr'>hoc,</span> <span class='ocrx_word' id='word_1_402' title='bbox 3397 2101 3498 2155; x_wconf 91' lang='lat' dir='ltr'>sed</span> <span class='ocrx_word' id='word_1_403' title='bbox 3557 2100 3733 2162; x_wconf 83' lang='lat' dir='ltr'>etiam</span> 
     </span>
    </p>
   </div>
   <div class='ocr_carea' id='block_1_53' title="bbox 2082 2187 3735 2263">
    <p class='ocr_par' dir='ltr' id='par_1_53' title="bbox 2082 2187 3735 2263">
     <span class='ocr_line' id='line_1_53' title="bbox 2082 2187 3735 2263; baseline -0.002 -16"><span class='ocrx_word' id='word_1_404' title='bbox 2082 2209 2146 2248; x_wconf 92' lang='lat' dir='ltr'>su</span> <span class='ocrx_word' id='word_1_405' title='bbox 2160 2190 2612 2263; x_wconf 88' lang='lat' dir='ltr'>percminentem</span> <span class='ocrx_word' id='word_1_406' title='bbox 2643 2188 2899 2244; x_wconf 71' lang='lat' dir='ltr'>scientiae</span> <span class='ocrx_word' id='word_1_407' title='bbox 2930 2187 3272 2244; x_wconf 88' lang='lat' dir='ltr'>charitatem</span> <span class='ocrx_word' id='word_1_408' title='bbox 3314 2188 3529 2244; x_wconf 90' lang='lat' dir='ltr'>Christi</span> <span class='ocrx_word' id='word_1_409' title='bbox 3584 2188 3735 2245; x_wconf 86' lang='lat' dir='ltr'>scire</span> 
     </span>
    </p>
   </div>
   <div class='ocr_carea' id='block_1_54' title="bbox 2081 2277 3733 2352">
    <p class='ocr_par' dir='ltr' id='par_1_54' title="bbox 2081 2277 3733 2352">
     <span class='ocr_line' id='line_1_54' title="bbox 2081 2277 3733 2352; baseline -0.001 -17"><span class='ocrx_word' id='word_1_410' title='bbox 2081 2281 2426 2352; x_wconf 89' lang='lat' dir='ltr'>cupiemus;</span> <span class='ocrx_word' id='word_1_411' title='bbox 2479 2283 2543 2333; x_wconf 91' lang='lat' dir='ltr'>ut</span> <span class='ocrx_word' id='word_1_412' title='bbox 2595 2281 2903 2349; x_wconf 89' lang='lat' dir='ltr'>postquam</span> <span class='ocrx_word' id='word_1_413' title='bbox 2968 2277 3089 2332; x_wconf 71' lang='lat' dir='ltr'>haec</span> <span class='ocrx_word' id='word_1_414' title='bbox 3142 2277 3342 2332; x_wconf 87' lang='lat' dir='ltr'>omnia</span> <span class='ocrx_word' id='word_1_415' title='bbox 3400 2277 3616 2333; x_wconf 83' lang='lat' dir='ltr'>fuerint</span> <span class='ocrx_word' id='word_1_416' title='bbox 3671 2277 3733 2333; x_wconf 82' lang='lat' dir='ltr'>in</span> 
     </span>
    </p>
   </div>
   <div class='ocr_carea' id='block_1_55' title="bbox 2082 2365 3732 2438">
    <p class='ocr_par' dir='ltr' id='par_1_55' title="bbox 2082 2365 3732 2438">
     <span class='ocr_line' id='line_1_55' title="bbox 2082 2365 3732 2438; baseline -0.001 -14"><span class='ocrx_word' id='word_1_417' title='bbox 2082 2369 2250 2424; x_wconf 89' lang='lat' dir='ltr'>nobis</span> <span class='ocrx_word' id='word_1_418' title='bbox 2279 2368 2482 2423; x_wconf 88' lang='lat' dir='ltr'>ordine</span> <span class='ocrx_word' id='word_1_419' title='bbox 2529 2372 2586 2422; x_wconf 90' lang='lat' dir='ltr'>et</span> <span class='ocrx_word' id='word_1_420' title='bbox 2645 2366 2864 2422; x_wconf 88' lang='lat' dir='ltr'>ratione</span> <span class='ocrx_word' id='word_1_421' title='bbox 2917 2366 3227 2437; x_wconf 88' lang='lat' dir='ltr'>completa,</span> <span class='ocrx_word' id='word_1_422' title='bbox 3290 2371 3432 2421; x_wconf 83' lang='lat' dir='ltr'>tunc</span> <span class='ocrx_word' id='word_1_423' title='bbox 3490 2365 3732 2438; x_wconf 87' lang='lat' dir='ltr'>implea-</span> 
     </span>
    </p>
   </div>
   <div class='ocr_carea' id='block_1_56' title="bbox 2083 2454 3736 2527">
    <p class='ocr_par' dir='ltr' id='par_1_56' title="bbox 2083 2454 3736 2527">
     <span class='ocr_line' id='line_1_56' title="bbox 2083 2454 3736 2527; baseline -0.002 -14"><span class='ocrx_word' id='word_1_424' title='bbox 2083 2476 2216 2513; x_wconf 90' lang='lat' dir='ltr'>mur</span> <span class='ocrx_word' id='word_1_425' title='bbox 2244 2457 2300 2511; x_wconf 91' lang='lat' dir='ltr'>in</span> <span class='ocrx_word' id='word_1_426' title='bbox 2334 2456 2608 2512; x_wconf 89' lang='lat' dir='ltr'>omnibus</span> <span class='ocrx_word' id='word_1_427' title='bbox 2639 2454 3044 2527; x_wconf 67' lang='lat' dir='ltr'>plenitudine’</span> <span class='ocrx_word' id='word_1_428' title='bbox 3080 2454 3203 2510; x_wconf 89' lang='lat' dir='ltr'>Dei.</span> <span class='ocrx_word' id='word_1_429' title='bbox 3236 2454 3630 2510; x_wconf 86' lang='lat' dir='ltr'>Latitudinem</span> <span class='ocrx_word' id='word_1_430' title='bbox 3678 2458 3736 2511; x_wconf 84' lang='lat' dir='ltr'>et</span> 
     </span>
    </p>
   </div>
   <div class='ocr_carea' id='block_1_57' title="bbox 2081 2543 3735 2619">
    <p class='ocr_par' dir='ltr' id='par_1_57' title="bbox 2081 2543 3735 2619">
     <span class='ocr_line' id='line_1_57' title="bbox 2081 2543 3735 2619; baseline -0.002 -17"><span class='ocrx_word' id='word_1_431' title='bbox 2081 2548 2529 2619; x_wconf 82' lang='lat' dir='ltr'>longitudinem,</span> <span class='ocrx_word' id='word_1_432' title='bbox 2563 2544 2918 2616; x_wconf 85' lang='lat' dir='ltr'>profundum</span> <span class='ocrx_word' id='word_1_433' title='bbox 2951 2549 3007 2598; x_wconf 93' lang='lat' dir='ltr'>et</span> <span class='ocrx_word' id='word_1_434' title='bbox 3036 2543 3432 2614; x_wconf 87' lang='lat' dir='ltr'>altitudinem,</span> <span class='ocrx_word' id='word_1_435' title='bbox 3484 2543 3555 2606; x_wconf 87' lang='lat' dir='ltr'>de</span> <span class='ocrx_word' id='word_1_436' title='bbox 3607 2559 3735 2598; x_wconf 87' lang='lat' dir='ltr'>cor-</span> 
     </span>
    </p>
   </div>
   <div class='ocr_carea' id='block_1_58' title="bbox 2083 2631 3736 2705">
    <p class='ocr_par' dir='ltr' id='par_1_58' title="bbox 2083 2631 3736 2705">
     <span class='ocr_line' id='line_1_58' title="bbox 2083 2631 3736 2705; baseline -0.001 -15"><span class='ocrx_word' id='word_1_437' title='bbox 2083 2634 2378 2705; x_wconf 87' lang='lat' dir='ltr'>poralibus</span> <span class='ocrx_word' id='word_1_438' title='bbox 2411 2638 2546 2687; x_wconf 89' lang='lat' dir='ltr'>ante</span> <span class='ocrx_word' id='word_1_439' title='bbox 2577 2632 2898 2697; x_wconf 88' lang='lat' dir='ltr'>discamus,</span> <span class='ocrx_word' id='word_1_440' title='bbox 2932 2636 2997 2686; x_wconf 93' lang='lat' dir='ltr'>ut</span> <span class='ocrx_word' id='word_1_441' title='bbox 3029 2648 3130 2702; x_wconf 88' lang='lat' dir='ltr'>per</span> <span class='ocrx_word' id='word_1_442' title='bbox 3158 2647 3226 2686; x_wconf 91' lang='lat' dir='ltr'>ea</span> <span class='ocrx_word' id='word_1_443' title='bbox 3274 2632 3345 2686; x_wconf 90' lang='lat' dir='ltr'>ad</span> <span class='ocrx_word' id='word_1_444' title='bbox 3403 2631 3736 2703; x_wconf 79' lang='lat' dir='ltr'>spiritualia</span> 
     </span>
    </p>
   </div>
   <div class='ocr_carea' id='block_1_59' title="bbox 2083 2719 3734 2792">
    <p class='ocr_par' dir='ltr' id='par_1_59' title="bbox 2083 2719 3734 2792">
     <span class='ocr_line' id='line_1_59' title="bbox 2083 2719 3734 2792; baseline -0.003 -14"><span class='ocrx_word' id='word_1_445' title='bbox 2083 2723 2331 2778; x_wconf 88' lang='lat' dir='ltr'>transire</span> <span class='ocrx_word' id='word_1_446' title='bbox 2361 2722 2677 2777; x_wconf 85' lang='lat' dir='ltr'>valeamus.</span> <span class='ocrx_word' id='word_1_447' title='bbox 2710 2720 2882 2775; x_wconf 89' lang='lat' dir='ltr'>Verbi</span> <span class='ocrx_word' id='word_1_448' title='bbox 2913 2720 3125 2792; x_wconf 89' lang='lat' dir='ltr'>gratia,</span> <span class='ocrx_word' id='word_1_449' title='bbox 3170 2720 3248 2774; x_wconf 88' lang='lat' dir='ltr'>sit</span> <span class='ocrx_word' id='word_1_450' title='bbox 3298 2719 3546 2774; x_wconf 89' lang='lat' dir='ltr'>latitudo</span> <span class='ocrx_word' id='word_1_451' title='bbox 3605 2719 3734 2775; x_wconf 70' lang='lat' dir='ltr'>caali</span> 
     </span>
    </p>
   </div>
   <div class='ocr_carea' id='block_1_60' title="bbox 2083 2808 3736 2876">
    <p class='ocr_par' dir='ltr' id='par_1_60' title="bbox 2083 2808 3736 2876">
     <span class='ocr_line' id='line_1_60' title="bbox 2083 2808 3736 2876; baseline -0.003 -10"><span class='ocrx_word' id='word_1_452' title='bbox 2083 2813 2256 2868; x_wconf 90' lang='lat' dir='ltr'>istius</span> <span class='ocrx_word' id='word_1_453' title='bbox 2287 2815 2343 2866; x_wconf 90' lang='lat' dir='ltr'>et</span> <span class='ocrx_word' id='word_1_454' title='bbox 2371 2815 2557 2874; x_wconf 71' lang='lat' dir='ltr'>terrae,</span> <span class='ocrx_word' id='word_1_455' title='bbox 2589 2810 2646 2864; x_wconf 89' lang='lat' dir='ltr'>id</span> <span class='ocrx_word' id='word_1_456' title='bbox 2677 2815 2784 2876; x_wconf 87' lang='lat' dir='ltr'>est,</span> <span class='ocrx_word' id='word_1_457' title='bbox 2845 2809 3026 2863; x_wconf 88' lang='lat' dir='ltr'>totius</span> <span class='ocrx_word' id='word_1_458' title='bbox 3088 2808 3312 2874; x_wconf 90' lang='lat' dir='ltr'>mundi,</span> <span class='ocrx_word' id='word_1_459' title='bbox 3371 2809 3442 2863; x_wconf 89' lang='lat' dir='ltr'>ab</span> <span class='ocrx_word' id='word_1_460' title='bbox 3503 2808 3736 2863; x_wconf 90' lang='lat' dir='ltr'>Oriente</span> 
     </span>
    </p>
   </div>
   <div class='ocr_carea' id='block_1_61' title="bbox 2085 2895 3733 2973">
    <p class='ocr_par' dir='ltr' id='par_1_61' title="bbox 2085 2895 3733 2973">
     <span class='ocr_line' id='line_1_61' title="bbox 2085 2895 3733 2973; baseline -0.002 -17"><span class='ocrx_word' id='word_1_461' title='bbox 2085 2919 2273 2973; x_wconf 90' lang='lat' dir='ltr'>usque</span> <span class='ocrx_word' id='word_1_462' title='bbox 2304 2901 2374 2954; x_wconf 89' lang='lat' dir='ltr'>ad</span> <span class='ocrx_word' id='word_1_463' title='bbox 2419 2899 2829 2954; x_wconf 88' lang='lat' dir='ltr'>Occidentem:</span> <span class='ocrx_word' id='word_1_464' title='bbox 2888 2896 3213 2968; x_wconf 84' lang='lat' dir='ltr'>longitudo,</span> <span class='ocrx_word' id='word_1_465' title='bbox 3275 2913 3309 2952; x_wconf 89' lang='lat' dir='ltr'>a</span> <span class='ocrx_word' id='word_1_466' title='bbox 3365 2895 3604 2951; x_wconf 86' lang='lat' dir='ltr'>Meridie</span> <span class='ocrx_word' id='word_1_467' title='bbox 3661 2895 3733 2952; x_wconf 83' lang='lat' dir='ltr'>ad</span> 
     </span>
    </p>
   </div>
   <div class='ocr_carea' id='block_1_62' title="bbox 2083 2983 3736 3062">
    <p class='ocr_par' dir='ltr' id='par_1_62' title="bbox 2083 2983 3736 3062">
     <span class='ocr_line' id='line_1_62' title="bbox 2083 2983 3736 3062; baseline -0.003 -19"><span class='ocrx_word' id='word_1_468' title='bbox 2083 2990 2585 3062; x_wconf 78' lang='lat' dir='ltr'>Septentrionem:</span> <span class='ocrx_word' id='word_1_469' title='bbox 2619 2986 2996 3057; x_wconf 82' lang='lat' dir='ltr'>profundum,</span> <span class='ocrx_word' id='word_1_470' title='bbox 3032 2985 3088 3039; x_wconf 94' lang='lat' dir='ltr'>in</span> <span class='ocrx_word' id='word_1_471' title='bbox 3122 2984 3370 3055; x_wconf 79' lang='lat' dir='ltr'>abyssis,</span> <span class='ocrx_word' id='word_1_472' title='bbox 3422 2988 3480 3039; x_wconf 90' lang='lat' dir='ltr'>et</span> <span class='ocrx_word' id='word_1_473' title='bbox 3533 2983 3594 3039; x_wconf 90' lang='lat' dir='ltr'>in</span> <span class='ocrx_word' id='word_1_474' title='bbox 3651 2984 3736 3038; x_wconf 90' lang='lat' dir='ltr'>in-</span> 
     </span>
    </p>
   </div>
   <div class='ocr_carea' id='block_1_63' title="bbox 2085 3071 3734 3146">
    <p class='ocr_par' dir='ltr' id='par_1_63' title="bbox 2085 3071 3734 3146">
     <span class='ocr_line' id='line_1_63' title="bbox 2085 3071 3734 3146; baseline -0.005 -12"><span class='ocrx_word' id='word_1_475' title='bbox 2085 3080 2279 3134; x_wconf 87' lang='lat' dir='ltr'>ferno:</span> <span class='ocrx_word' id='word_1_476' title='bbox 2341 3075 2607 3146; x_wconf 88' lang='lat' dir='ltr'>altitudo,</span> <span class='ocrx_word' id='word_1_477' title='bbox 2668 3092 2795 3145; x_wconf 74' lang='lat' dir='ltr'>quae</span> <span class='ocrx_word' id='word_1_478' title='bbox 2858 3090 3037 3143; x_wconf 83' lang='lat' dir='ltr'>supra</span> <span class='ocrx_word' id='word_1_479' title='bbox 3113 3073 3370 3128; x_wconf 86' lang='lat' dir='ltr'>coelestia</span> <span class='ocrx_word' id='word_1_480' title='bbox 3451 3071 3734 3128; x_wconf 47' lang='lat' dir='ltr'>sublimas</span> 
     </span>
    </p>
   </div>
   <div class='ocr_carea' id='block_1_64' title="bbox 2088 3160 3734 3236">
    <p class='ocr_par' dir='ltr' id='par_1_64' title="bbox 2088 3160 3734 3236">
     <span class='ocr_line' id='line_1_64' title="bbox 2088 3160 3734 3236; baseline -0.004 -14"><span class='ocrx_word' id='word_1_481' title='bbox 2088 3172 2205 3223; x_wconf 91' lang='lat' dir='ltr'>tur.</span> <span class='ocrx_word' id='word_1_482' title='bbox 2237 3167 2343 3220; x_wconf 89' lang='lat' dir='ltr'>Sed</span> <span class='ocrx_word' id='word_1_483' title='bbox 2377 3164 2653 3236; x_wconf 90' lang='lat' dir='ltr'>quoniam</span> <span class='ocrx_word' id='word_1_484' title='bbox 2684 3179 2717 3218; x_wconf 92' lang='lat' dir='ltr'>a</span> <span class='ocrx_word' id='word_1_485' title='bbox 2764 3161 3056 3234; x_wconf 89' lang='lat' dir='ltr'>plerisque</span> <span class='ocrx_word' id='word_1_486' title='bbox 3104 3162 3273 3231; x_wconf 81' lang='lat' dir='ltr'>juxta</span> <span class='ocrx_word' id='word_1_487' title='bbox 3328 3160 3734 3218; x_wconf 88' lang='lat' dir='ltr'>Ecclesiastem</span> 
     </span>
    </p>
   </div>
   <div class='ocr_carea' id='block_1_65' title="bbox 327 3233 3735 3328">
    <p class='ocr_par' dir='ltr' id='par_1_65' title="bbox 327 3233 3735 3328">
     <span class='ocr_line' id='line_1_65' title="bbox 327 3233 3735 3328; baseline 0 -22"><span class='ocrx_word' id='word_1_488' title='bbox 327 3251 475 3306; x_wconf 89' lang='lat' dir='ltr'>etin</span> <span class='ocrx_word' id='word_1_489' title='bbox 511 3259 680 3317; x_wconf 89' lang='lat' dir='ltr'>terra,</span> <span class='ocrx_word' id='word_1_490' title='bbox 713 3251 1092 3322; x_wconf 87' lang='lat' dir='ltr'>paternitates</span> <span class='ocrx_word' id='word_1_491' title='bbox 1140 3269 1256 3307; x_wconf 92' lang='lat' dir='ltr'>non</span> <span class='ocrx_word' id='word_1_492' title='bbox 1313 3253 1457 3323; x_wconf 83' lang='lat' dir='ltr'>ﬁeri,</span> <span class='ocrx_word' id='word_1_493' title='bbox 1517 3255 1616 3308; x_wconf 91' lang='lat' dir='ltr'>sed</span> <span class='ocrx_word' id='word_1_494' title='bbox 1676 3233 1973 3324; x_wconf 89' lang='lat' dir='ltr'>appellari.</span> <span class='ocrx_word' id='word_1_495' title='bbox 2009 3233 2050 3299; x_wconf 62' lang='grc' dir='ltr'>(ἶ</span> <span class='ocrx_word' id='word_1_496' title='bbox 2090 3258 2230 3328; x_wconf 85' lang='lat' dir='ltr'>(cap.</span> <span class='ocrx_word' id='word_1_497' title='bbox 2281 3272 2321 3324; x_wconf 86' lang='grc' dir='ltr'>ι,</span> <span class='ocrx_word' id='word_1_498' title='bbox 2378 3233 2455 3324; x_wconf 69' lang='lat' dir='ltr'>ti),</span> <span class='ocrx_word' id='word_1_499' title='bbox 2510 3251 2720 3307; x_wconf 73' lang='lat' dir='ltr'>cmlum</span> <span class='ocrx_word' id='word_1_500' title='bbox 2768 3233 3108 3306; x_wconf 83' lang='lat' dir='ltr'>afﬁrmatur</span> <span class='ocrx_word' id='word_1_501' title='bbox 3163 3251 3501 3320; x_wconf 88' lang='lat' dir='ltr'>rotundum,</span> <span class='ocrx_word' id='word_1_502' title='bbox 3563 3254 3620 3305; x_wconf 91' lang='lat' dir='ltr'>et</span> <span class='ocrx_word' id='word_1_503' title='bbox 3674 3250 3735 3306; x_wconf 87' lang='lat' dir='ltr'>in</span> 
     </span>
    </p>
   </div>
   <div class='ocr_carea' id='block_1_66' title="bbox 399 3339 1978 3410">
    <p class='ocr_par' dir='ltr' id='par_1_66' title="bbox 399 3339 1978 3410">
     <span class='ocr_line' id='line_1_66' title="bbox 399 3339 1978 3410; baseline 0.001 -16"><span class='ocrx_word' id='word_1_504' title='bbox 399 3339 582 3410; x_wconf 85' lang='lat' dir='ltr'>(Vers.</span> <span class='ocrx_word' id='word_1_505' title='bbox 618 3340 685 3393; x_wconf 85' lang='grc'>16</span> <span class='ocrx_word' id='word_1_506' title='bbox 715 3340 902 3410; x_wconf 90' lang='lat' dir='ltr'>seqq.)</span> <span class='ocrx_word' id='word_1_507' title='bbox 934 3339 1064 3394; x_wconf 86' lang='lat' dir='ltr'>«Ut</span> <span class='ocrx_word' id='word_1_508' title='bbox 1111 3341 1208 3396; x_wconf 90' lang='lat' dir='ltr'>det</span> <span class='ocrx_word' id='word_1_509' title='bbox 1262 3342 1445 3410; x_wconf 87' lang='lat' dir='ltr'>vobis,</span> <span class='ocrx_word' id='word_1_510' title='bbox 1505 3343 1828 3397; x_wconf 89' lang='lat' dir='ltr'>secundum</span> <span class='ocrx_word' id='word_1_511' title='bbox 1887 3343 1978 3396; x_wconf 89' lang='lat' dir='ltr'>di-</span> 
     </span>
    </p>
   </div>
   <div class='ocr_carea' id='block_1_67' title="bbox 325 3427 1977 3502">
    <p class='ocr_par' dir='ltr' id='par_1_67' title="bbox 325 3427 1977 3502">
     <span class='ocr_line' id='line_1_67' title="bbox 325 3427 1977 3502; baseline 0.002 -20"><span class='ocrx_word' id='word_1_512' title='bbox 325 3428 501 3483; x_wconf 85' lang='lat' dir='ltr'>vitias</span> <span class='ocrx_word' id='word_1_513' title='bbox 531 3427 726 3499; x_wconf 79' lang='lat' dir='ltr'>gloriae</span> <span class='ocrx_word' id='word_1_514' title='bbox 758 3445 897 3496; x_wconf 62' lang='lat' dir='ltr'>sua,</span> <span class='ocrx_word' id='word_1_515' title='bbox 925 3429 1140 3484; x_wconf 84' lang='lat' dir='ltr'>virtute</span> <span class='ocrx_word' id='word_1_516' title='bbox 1182 3431 1494 3484; x_wconf 81' lang='lat' dir='ltr'>confortari</span> <span class='ocrx_word' id='word_1_517' title='bbox 1550 3447 1652 3502; x_wconf 91' lang='lat' dir='ltr'>per</span> <span class='ocrx_word' id='word_1_518' title='bbox 1704 3431 1977 3502; x_wconf 89' lang='lat' dir='ltr'>spiritum</span> 
     </span>
    </p>
   </div>
   <div class='ocr_carea' id='block_1_68' title="bbox 326 3515 1978 3587">
    <p class='ocr_par' dir='ltr' id='par_1_68' title="bbox 326 3515 1978 3587">
     <span class='ocr_line' id='line_1_68' title="bbox 326 3515 1978 3587; baseline 0.002 -16"><span class='ocrx_word' id='word_1_519' title='bbox 326 3516 536 3587; x_wconf 89' lang='lat' dir='ltr'>ejusin</span> <span class='ocrx_word' id='word_1_520' title='bbox 568 3515 903 3573; x_wconf 88' lang='lat' dir='ltr'>interiorem</span> <span class='ocrx_word' id='word_1_521' title='bbox 958 3518 1296 3573; x_wconf 89' lang='lat' dir='ltr'>hominem:</span> <span class='ocrx_word' id='word_1_522' title='bbox 1361 3519 1623 3574; x_wconf 86' lang='lat' dir='ltr'>habitare</span> <span class='ocrx_word' id='word_1_523' title='bbox 1681 3519 1978 3574; x_wconf 88' lang='lat' dir='ltr'>Christum</span> 
     </span>
    </p>
   </div>
   <div class='ocr_carea' id='block_1_69' title="bbox 325 3605 1980 3676">
    <p class='ocr_par' dir='ltr' id='par_1_69' title="bbox 325 3605 1980 3676">
     <span class='ocr_line' id='line_1_69' title="bbox 325 3605 1980 3676; baseline 0.001 -15"><span class='ocrx_word' id='word_1_524' title='bbox 325 3622 430 3676; x_wconf 89' lang='lat' dir='ltr'>per</span> <span class='ocrx_word' id='word_1_525' title='bbox 459 3605 634 3660; x_wconf 85' lang='lat' dir='ltr'>ﬁdem</span> <span class='ocrx_word' id='word_1_526' title='bbox 667 3605 726 3659; x_wconf 89' lang='lat' dir='ltr'>in</span> <span class='ocrx_word' id='word_1_527' title='bbox 759 3607 1033 3662; x_wconf 90' lang='lat' dir='ltr'>cordibus</span> <span class='ocrx_word' id='word_1_528' title='bbox 1052 3607 1298 3664; x_wconf 87' lang='lat' dir='ltr'>vestris:</span> <span class='ocrx_word' id='word_1_529' title='bbox 1331 3607 1389 3661; x_wconf 93' lang='lat' dir='ltr'>in</span> <span class='ocrx_word' id='word_1_530' title='bbox 1423 3608 1706 3663; x_wconf 87' lang='lat' dir='ltr'>charitate</span> <span class='ocrx_word' id='word_1_531' title='bbox 1735 3609 1980 3664; x_wconf 83' lang='lat' dir='ltr'>radicati</span> 
     </span>
    </p>
   </div>
   <div class='ocr_carea' id='block_1_70' title="bbox 325 3692 1980 3766">
    <p class='ocr_par' dir='ltr' id='par_1_70' title="bbox 325 3692 1980 3766">
     <span class='ocr_line' id='line_1_70' title="bbox 325 3692 1980 3766; baseline 0.002 -18"><span class='ocrx_word' id='word_1_532' title='bbox 325 3698 381 3749; x_wconf 90' lang='lat' dir='ltr'>et</span> <span class='ocrx_word' id='word_1_533' title='bbox 411 3692 674 3748; x_wconf 85' lang='lat' dir='ltr'>fundati:</span> <span class='ocrx_word' id='word_1_534' title='bbox 729 3699 795 3748; x_wconf 91' lang='lat' dir='ltr'>ut</span> <span class='ocrx_word' id='word_1_535' title='bbox 823 3695 1062 3766; x_wconf 92' lang='lat' dir='ltr'>possitis</span> <span class='ocrx_word' id='word_1_536' title='bbox 1121 3696 1612 3766; x_wconf 91' lang='lat' dir='ltr'>comprehendere</span> <span class='ocrx_word' id='word_1_537' title='bbox 1661 3713 1795 3751; x_wconf 91' lang='lat' dir='ltr'>cum</span> <span class='ocrx_word' id='word_1_538' title='bbox 1856 3715 1980 3752; x_wconf 92' lang='lat' dir='ltr'>om-</span> 
     </span>
    </p>
   </div>
   <div class='ocr_carea' id='block_1_71' title="bbox 328 3783 1982 3857">
    <p class='ocr_par' dir='ltr' id='par_1_71' title="bbox 328 3783 1982 3857">
     <span class='ocr_line' id='line_1_71' title="bbox 328 3783 1982 3857; baseline 0.002 -21"><span class='ocrx_word' id='word_1_539' title='bbox 328 3783 504 3837; x_wconf 89' lang='lat' dir='ltr'>nibus</span> <span class='ocrx_word' id='word_1_540' title='bbox 534 3784 775 3847; x_wconf 87' lang='lat' dir='ltr'>sanctis,</span> <span class='ocrx_word' id='word_1_541' title='bbox 832 3800 957 3855; x_wconf 71' lang='lat' dir='ltr'>quaa</span> <span class='ocrx_word' id='word_1_542' title='bbox 989 3785 1067 3839; x_wconf 90' lang='lat' dir='ltr'>sit</span> <span class='ocrx_word' id='word_1_543' title='bbox 1098 3784 1366 3850; x_wconf 88' lang='lat' dir='ltr'>latitudo,</span> <span class='ocrx_word' id='word_1_544' title='bbox 1428 3789 1486 3840; x_wconf 88' lang='lat' dir='ltr'>et</span> <span class='ocrx_word' id='word_1_545' title='bbox 1539 3785 1864 3857; x_wconf 88' lang='lat' dir='ltr'>longitudo,</span> <span class='ocrx_word' id='word_1_546' title='bbox 1925 3791 1982 3842; x_wconf 91' lang='lat' dir='ltr'>et</span> 
     </span>
    </p>
   </div>
   <div class='ocr_carea' id='block_1_72' title="bbox 322 3871 1982 3946">
    <p class='ocr_par' dir='ltr' id='par_1_72' title="bbox 322 3871 1982 3946">
     <span class='ocr_line' id='line_1_72' title="bbox 322 3871 1982 3946; baseline 0.003 -21"><span class='ocrx_word' id='word_1_547' title='bbox 322 3871 706 3943; x_wconf 85' lang='lat' dir='ltr'>profundum,</span> <span class='ocrx_word' id='word_1_548' title='bbox 763 3877 819 3927; x_wconf 89' lang='lat' dir='ltr'>et</span> <span class='ocrx_word' id='word_1_549' title='bbox 875 3873 1159 3928; x_wconf 88' lang='lat' dir='ltr'>altitudo:</span> <span class='ocrx_word' id='word_1_550' title='bbox 1217 3873 1366 3928; x_wconf 90' lang='lat' dir='ltr'>scire</span> <span class='ocrx_word' id='word_1_551' title='bbox 1423 3874 1599 3928; x_wconf 90' lang='lat' dir='ltr'>etiam</span> <span class='ocrx_word' id='word_1_552' title='bbox 1660 3875 1982 3946; x_wconf 88' lang='lat' dir='ltr'>superemi-</span> 
     </span>
    </p>
   </div>
   <div class='ocr_carea' id='block_1_73' title="bbox 325 3961 1983 4034">
    <p class='ocr_par' dir='ltr' id='par_1_73' title="bbox 325 3961 1983 4034">
     <span class='ocr_line' id='line_1_73' title="bbox 325 3961 1983 4034; baseline 0.001 -20"><span class='ocrx_word' id='word_1_553' title='bbox 325 3965 564 4015; x_wconf 84' lang='lat' dir='ltr'>nentem</span> <span class='ocrx_word' id='word_1_554' title='bbox 596 3961 853 4016; x_wconf 69' lang='lat' dir='ltr'>scientia:</span> <span class='ocrx_word' id='word_1_555' title='bbox 885 3962 1227 4017; x_wconf 89' lang='lat' dir='ltr'>charitatem</span> <span class='ocrx_word' id='word_1_556' title='bbox 1260 3961 1495 4028; x_wconf 86' lang='lat' dir='ltr'>Christi,</span> <span class='ocrx_word' id='word_1_557' title='bbox 1532 3967 1596 4017; x_wconf 91' lang='lat' dir='ltr'>ut</span> <span class='ocrx_word' id='word_1_558' title='bbox 1621 3963 1983 4034; x_wconf 89' lang='lat' dir='ltr'>impleamini</span> 
     </span>
    </p>
   </div>
   <div class='ocr_carea' id='block_1_74' title="bbox 325 4049 1981 4122">
    <p class='ocr_par' dir='ltr' id='par_1_74' title="bbox 325 4049 1981 4122">
     <span class='ocr_line' id='line_1_74' title="bbox 325 4049 1981 4122; baseline 0.002 -19"><span class='ocrx_word' id='word_1_559' title='bbox 325 4050 390 4104; x_wconf 89' lang='lat' dir='ltr'>in</span> <span class='ocrx_word' id='word_1_560' title='bbox 446 4049 605 4104; x_wconf 90' lang='lat' dir='ltr'>omni</span> <span class='ocrx_word' id='word_1_561' title='bbox 673 4050 1037 4122; x_wconf 89' lang='lat' dir='ltr'>plenitudine</span> <span class='ocrx_word' id='word_1_562' title='bbox 1091 4052 1196 4122; x_wconf 65' lang='lat' dir='ltr'>(At.</span> <span class='ocrx_word' id='word_1_563' title='bbox 1257 4067 1490 4106; x_wconf 87' lang='lat' dir='ltr'>omnem</span> <span class='ocrx_word' id='word_1_564' title='bbox 1535 4049 1981 4122; x_wconf 88' lang='lat' dir='ltr'>plenitudinem]</span> 
     </span>
    </p>
   </div>
   <div class='ocr_carea' id='block_1_75' title="bbox 327 4136 1982 4210">
    <p class='ocr_par' dir='ltr' id='par_1_75' title="bbox 327 4136 1982 4210">
     <span class='ocr_line' id='line_1_75' title="bbox 327 4136 1982 4210; baseline 0.001 -17"><span class='ocrx_word' id='word_1_565' title='bbox 327 4136 449 4193; x_wconf 90' lang='lat' dir='ltr'>Dei.</span> <span class='ocrx_word' id='word_1_566' title='bbox 483 4158 510 4187; x_wconf 84' lang='lat'><strong>»</strong></span> <span class='ocrx_word' id='word_1_567' title='bbox 543 4137 854 4209; x_wconf 86' lang='lat' dir='ltr'>PrOpterea</span> <span class='ocrx_word' id='word_1_568' title='bbox 883 4139 1097 4208; x_wconf 91' lang='lat' dir='ltr'>inquit,</span> <span class='ocrx_word' id='word_1_569' title='bbox 1121 4155 1294 4194; x_wconf 90' lang='lat' dir='ltr'>curvo</span> <span class='ocrx_word' id='word_1_570' title='bbox 1328 4155 1520 4210; x_wconf 86' lang='lat' dir='ltr'>genua</span> <span class='ocrx_word' id='word_1_571' title='bbox 1561 4156 1690 4194; x_wconf 88' lang='lat' dir='ltr'>mea</span> <span class='ocrx_word' id='word_1_572' title='bbox 1748 4142 1819 4195; x_wconf 90' lang='lat' dir='ltr'>ad</span> <span class='ocrx_word' id='word_1_573' title='bbox 1879 4141 1982 4195; x_wconf 90' lang='lat' dir='ltr'>Pa-</span> 
     </span>
    </p>
   </div>
   <div class='ocr_carea' id='block_1_76' title="bbox 326 4227 1983 4298">
    <p class='ocr_par' dir='ltr' id='par_1_76' title="bbox 326 4227 1983 4298">
     <span class='ocr_line' id='line_1_76' title="bbox 326 4227 1983 4298; baseline 0.002 -18"><span class='ocrx_word' id='word_1_574' title='bbox 326 4231 504 4290; x_wconf 85' lang='lat' dir='ltr'>trem,</span> <span class='ocrx_word' id='word_1_575' title='bbox 539 4227 607 4280; x_wconf 91' lang='lat' dir='ltr'>ad</span> <span class='ocrx_word' id='word_1_576' title='bbox 640 4227 808 4298; x_wconf 84' lang='lat' dir='ltr'>cujus</span> <span class='ocrx_word' id='word_1_577' title='bbox 839 4227 1285 4283; x_wconf 89' lang='lat' dir='ltr'>similitudinem</span> <span class='ocrx_word' id='word_1_578' title='bbox 1319 4227 1510 4282; x_wconf 90' lang='lat' dir='ltr'>omnis</span> <span class='ocrx_word' id='word_1_579' title='bbox 1538 4227 1594 4282; x_wconf 90' lang='lat' dir='ltr'>in</span> <span class='ocrx_word' id='word_1_580' title='bbox 1624 4227 1765 4283; x_wconf 64' lang='lat' dir='ltr'>caelo</span> <span class='ocrx_word' id='word_1_581' title='bbox 1812 4233 1869 4283; x_wconf 94' lang='lat' dir='ltr'>et</span> <span class='ocrx_word' id='word_1_582' title='bbox 1926 4229 1983 4283; x_wconf 90' lang='lat' dir='ltr'>in</span> 
     </span>
    </p>
   </div>
   <div class='ocr_carea' id='block_1_77' title="bbox 327 4316 1986 4387">
    <p class='ocr_par' dir='ltr' id='par_1_77' title="bbox 327 4316 1986 4387">
     <span class='ocr_line' id='line_1_77' title="bbox 327 4316 1986 4387; baseline 0.001 -17"><span class='ocrx_word' id='word_1_583' title='bbox 327 4320 489 4370; x_wconf 89' lang='lat' dir='ltr'>terra</span> <span class='ocrx_word' id='word_1_584' title='bbox 511 4316 830 4385; x_wconf 89' lang='lat' dir='ltr'>paternitas</span> <span class='ocrx_word' id='word_1_585' title='bbox 873 4317 1232 4387; x_wconf 88' lang='lat' dir='ltr'>nominatur,</span> <span class='ocrx_word' id='word_1_586' title='bbox 1267 4316 1588 4387; x_wconf 88' lang='lat' dir='ltr'>deprecans</span> <span class='ocrx_word' id='word_1_587' title='bbox 1618 4333 1753 4372; x_wconf 92' lang='lat' dir='ltr'>eum</span> <span class='ocrx_word' id='word_1_588' title='bbox 1812 4322 1986 4387; x_wconf 90' lang='lat' dir='ltr'>atque</span> 
     </span>
    </p>
   </div>
   <div class='ocr_carea' id='block_1_78' title="bbox 327 4404 1983 4476">
    <p class='ocr_par' dir='ltr' id='par_1_78' title="bbox 327 4404 1983 4476">
     <span class='ocr_line' id='line_1_78' title="bbox 327 4404 1983 4476; baseline 0.001 -18"><span class='ocrx_word' id='word_1_589' title='bbox 327 4404 670 4463; x_wconf 88' lang='lat' dir='ltr'>obsecrans.</span> <span class='ocrx_word' id='word_1_590' title='bbox 702 4408 766 4458; x_wconf 91' lang='lat' dir='ltr'>ut</span> <span class='ocrx_word' id='word_1_591' title='bbox 793 4405 1015 4460; x_wconf 89' lang='lat' dir='ltr'>tribuat</span> <span class='ocrx_word' id='word_1_592' title='bbox 1043 4405 1206 4460; x_wconf 88' lang='lat' dir='ltr'>vobis</span> <span class='ocrx_word' id='word_1_593' title='bbox 1263 4405 1537 4460; x_wconf 88' lang='lat' dir='ltr'>virtutem</span> <span class='ocrx_word' id='word_1_594' title='bbox 1595 4404 1790 4476; x_wconf 70' lang='lat' dir='ltr'>glorias</span> <span class='ocrx_word' id='word_1_595' title='bbox 1844 4423 1983 4476; x_wconf 83' lang='lat' dir='ltr'>suae,</span> 
     </span>
    </p>
   </div>
   <div class='ocr_carea' id='block_1_79' title="bbox 327 4491 1986 4564">
    <p class='ocr_par' dir='ltr' id='par_1_79' title="bbox 327 4491 1986 4564">
     <span class='ocr_line' id='line_1_79' title="bbox 327 4491 1986 4564; baseline 0.001 -16"><span class='ocrx_word' id='word_1_596' title='bbox 327 4491 388 4548; x_wconf 91' lang='lat' dir='ltr'>id</span> <span class='ocrx_word' id='word_1_597' title='bbox 425 4496 518 4545; x_wconf 88' lang='lat' dir='ltr'>est</span> <span class='ocrx_word' id='word_1_598' title='bbox 550 4492 867 4561; x_wconf 87' lang='lat' dir='ltr'>majestatis</span> <span class='ocrx_word' id='word_1_599' title='bbox 898 4509 1039 4558; x_wconf 66' lang='lat' dir='ltr'>suae,</span> <span class='ocrx_word' id='word_1_600' title='bbox 1073 4493 1286 4548; x_wconf 89' lang='lat' dir='ltr'>habere</span> <span class='ocrx_word' id='word_1_601' title='bbox 1319 4493 1679 4548; x_wconf 89' lang='lat' dir='ltr'>consortium</span> <span class='ocrx_word' id='word_1_602' title='bbox 1707 4511 1719 4548; x_wconf 92' lang='lat'>:</span> <span class='ocrx_word' id='word_1_603' title='bbox 1771 4510 1986 4564; x_wconf 91' lang='lat' dir='ltr'>vosque</span> 
     </span>
    </p>
   </div>
   <div class='ocr_carea' id='block_1_80' title="bbox 2090 3338 3736 3418">
    <p class='ocr_par' dir='ltr' id='par_1_80' title="bbox 2090 3338 3736 3418">
     <span class='ocr_line' id='line_1_80' title="bbox 2090 3338 3736 3418; baseline -0.004 -18"><span class='ocrx_word' id='word_1_604' title='bbox 2090 3347 2326 3418; x_wconf 67' lang='lat' dir='ltr'>sphaera:</span> <span class='ocrx_word' id='word_1_605' title='bbox 2376 3342 2616 3396; x_wconf 91' lang='lat' dir='ltr'>modum</span> <span class='ocrx_word' id='word_1_606' title='bbox 2676 3340 2846 3395; x_wconf 91' lang='lat' dir='ltr'>volvi.</span> <span class='ocrx_word' id='word_1_607' title='bbox 2906 3338 3082 3394; x_wconf 91' lang='lat' dir='ltr'>Nulla</span> <span class='ocrx_word' id='word_1_608' title='bbox 3131 3344 3326 3394; x_wconf 88' lang='lat' dir='ltr'>autem</span> <span class='ocrx_word' id='word_1_609' title='bbox 3385 3338 3736 3406; x_wconf 86' lang='lat' dir='ltr'>rotunditas,</span> 
     </span>
    </p>
   </div>
   <div class='ocr_carea' id='block_1_81' title="bbox 2089 3427 3740 3498">
    <p class='ocr_par' dir='ltr' id='par_1_81' title="bbox 2089 3427 3740 3498">
     <span class='ocr_line' id='line_1_81' title="bbox 2089 3427 3740 3498; baseline -0.002 -9"><span class='ocrx_word' id='word_1_610' title='bbox 2089 3433 2460 3489; x_wconf 90' lang='lat' dir='ltr'>latitudinem</span> <span class='ocrx_word' id='word_1_611' title='bbox 2512 3435 2570 3485; x_wconf 88' lang='lat' dir='ltr'>et</span> <span class='ocrx_word' id='word_1_612' title='bbox 2624 3428 3048 3498; x_wconf 85' lang='lat' dir='ltr'>longitudinem</span> <span class='ocrx_word' id='word_1_613' title='bbox 3107 3428 3303 3498; x_wconf 91' lang='lat' dir='ltr'>habet,</span> <span class='ocrx_word' id='word_1_614' title='bbox 3367 3427 3740 3486; x_wconf 84' lang='lat' dir='ltr'>altitudinem</span> 
     </span>
    </p>
   </div>
   <div class='ocr_carea' id='block_1_82' title="bbox 2092 3517 3742 3595">
    <p class='ocr_par' dir='ltr' id='par_1_82' title="bbox 2092 3517 3742 3595">
     <span class='ocr_line' id='line_1_82' title="bbox 2092 3517 3742 3595; baseline -0.001 -17"><span class='ocrx_word' id='word_1_615' title='bbox 2092 3538 2323 3595; x_wconf 90' lang='lat' dir='ltr'>quoque</span> <span class='ocrx_word' id='word_1_616' title='bbox 2352 3524 2408 3575; x_wconf 89' lang='lat' dir='ltr'>et</span> <span class='ocrx_word' id='word_1_617' title='bbox 2437 3519 2828 3591; x_wconf 84' lang='lat' dir='ltr'>profundum;</span> <span class='ocrx_word' id='word_1_618' title='bbox 2892 3518 2991 3572; x_wconf 90' lang='lat' dir='ltr'>sed</span> <span class='ocrx_word' id='word_1_619' title='bbox 3033 3533 3100 3571; x_wconf 85' lang='lat' dir='ltr'>ex</span> <span class='ocrx_word' id='word_1_620' title='bbox 3158 3517 3446 3572; x_wconf 90' lang='lat' dir='ltr'>universis</span> <span class='ocrx_word' id='word_1_621' title='bbox 3478 3517 3742 3588; x_wconf 67' lang='lat' dir='ltr'>partibus</span> 
     </span>
    </p>
   </div>
   <div class='ocr_carea' id='block_1_83' title="bbox 2091 3603 3742 3681">
    <p class='ocr_par' dir='ltr' id='par_1_83' title="bbox 2091 3603 3742 3681">
     <span class='ocr_line' id='line_1_83' title="bbox 2091 3603 3742 3681; baseline -0.004 -15"><span class='ocrx_word' id='word_1_622' title='bbox 2091 3609 2400 3681; x_wconf 68' lang='lat' dir='ltr'>coaaqualis</span> <span class='ocrx_word' id='word_1_623' title='bbox 2430 3612 2536 3670; x_wconf 88' lang='lat' dir='ltr'>est,</span> <span class='ocrx_word' id='word_1_624' title='bbox 2590 3608 2934 3662; x_wconf 86' lang='lat' dir='ltr'>necessitate</span> <span class='ocrx_word' id='word_1_625' title='bbox 2992 3603 3420 3676; x_wconf 89' lang='lat' dir='ltr'>compellimur,</span> <span class='ocrx_word' id='word_1_626' title='bbox 3481 3605 3742 3661; x_wconf 90' lang='lat' dir='ltr'>altitudi-</span> 
     </span>
    </p>
   </div>
   <div class='ocr_carea' id='block_1_84' title="bbox 2091 3693 3747 3769">
    <p class='ocr_par' dir='ltr' id='par_1_84' title="bbox 2091 3693 3747 3769">
     <span class='ocr_line' id='line_1_84' title="bbox 2091 3693 3747 3769; baseline -0.002 -15"><span class='ocrx_word' id='word_1_627' title='bbox 2091 3716 2246 3763; x_wconf 89' lang='lat' dir='ltr'>nem,</span> <span class='ocrx_word' id='word_1_628' title='bbox 2281 3696 2519 3769; x_wconf 87' lang='lat' dir='ltr'>angelos</span> <span class='ocrx_word' id='word_1_629' title='bbox 2568 3694 2890 3766; x_wconf 86' lang='lat' dir='ltr'>intelligere</span> <span class='ocrx_word' id='word_1_630' title='bbox 2949 3710 3312 3766; x_wconf 88' lang='lat' dir='ltr'>superasque</span> <span class='ocrx_word' id='word_1_631' title='bbox 3373 3693 3480 3763; x_wconf 70' lang='lat' dir='ltr'>(Al.</span> <span class='ocrx_word' id='word_1_632' title='bbox 3539 3711 3747 3766; x_wconf 88' lang='lat' dir='ltr'>super-</span> 
     </span>
    </p>
   </div>
   <div class='ocr_carea' id='block_1_85' title="bbox 2093 3783 3748 3858">
    <p class='ocr_par' dir='ltr' id='par_1_85' title="bbox 2093 3783 3748 3858">
     <span class='ocr_line' id='line_1_85' title="bbox 2093 3783 3748 3858; baseline -0.002 -15"><span class='ocrx_word' id='word_1_633' title='bbox 2093 3789 2338 3858; x_wconf 89' lang='lat' dir='ltr'>nasque]</span> <span class='ocrx_word' id='word_1_634' title='bbox 2417 3786 2681 3840; x_wconf 81' lang='lat' dir='ltr'>virtutes.</span> <span class='ocrx_word' id='word_1_635' title='bbox 2755 3783 3117 3838; x_wconf 80' lang='lat' dir='ltr'>Profundum</span> <span class='ocrx_word' id='word_1_636' title='bbox 3183 3799 3317 3838; x_wconf 91' lang='lat' dir='ltr'>vero</span> <span class='ocrx_word' id='word_1_637' title='bbox 3383 3783 3624 3849; x_wconf 85' lang='lat' dir='ltr'>inferos,</span> <span class='ocrx_word' id='word_1_638' title='bbox 3691 3787 3748 3839; x_wconf 90' lang='lat' dir='ltr'>et</span> 
     </span>
    </p>
   </div>
   <div class='ocr_carea' id='block_1_86' title="bbox 2093 3871 3745 3947">
    <p class='ocr_par' dir='ltr' id='par_1_86' title="bbox 2093 3871 3745 3947">
     <span class='ocr_line' id='line_1_86' title="bbox 2093 3871 3745 3947; baseline -0.003 -16"><span class='ocrx_word' id='word_1_639' title='bbox 2093 3893 2219 3947; x_wconf 71' lang='lat' dir='ltr'>quae</span> <span class='ocrx_word' id='word_1_640' title='bbox 2251 3876 2403 3929; x_wconf 90' lang='lat' dir='ltr'>infra</span> <span class='ocrx_word' id='word_1_641' title='bbox 2431 3890 2530 3928; x_wconf 87' lang='lat' dir='ltr'>eos</span> <span class='ocrx_word' id='word_1_642' title='bbox 2561 3877 2720 3927; x_wconf 90' lang='lat' dir='ltr'>sunt.</span> <span class='ocrx_word' id='word_1_643' title='bbox 2753 3871 3206 3943; x_wconf 89' lang='lat' dir='ltr'>Longitudinem</span> <span class='ocrx_word' id='word_1_644' title='bbox 3248 3876 3442 3927; x_wconf 90' lang='lat' dir='ltr'>autem</span> <span class='ocrx_word' id='word_1_645' title='bbox 3501 3877 3558 3926; x_wconf 92' lang='lat' dir='ltr'>et</span> <span class='ocrx_word' id='word_1_646' title='bbox 3611 3871 3745 3926; x_wconf 86' lang='lat' dir='ltr'>lati-</span> 
     </span>
    </p>
   </div>
   <div class='ocr_carea' id='block_1_87' title="bbox 2092 3959 3744 4031">
    <p class='ocr_par' dir='ltr' id='par_1_87' title="bbox 2092 3959 3744 4031">
     <span class='ocr_line' id='line_1_87' title="bbox 2092 3959 3744 4031; baseline -0.002 -13"><span class='ocrx_word' id='word_1_647' title='bbox 2092 3964 2378 4025; x_wconf 87' lang='lat' dir='ltr'>tudinem,</span> <span class='ocrx_word' id='word_1_648' title='bbox 2457 3961 2649 4016; x_wconf 89' lang='lat' dir='ltr'>media</span> <span class='ocrx_word' id='word_1_649' title='bbox 2709 3977 2835 4031; x_wconf 68' lang='lat' dir='ltr'>qua:</span> <span class='ocrx_word' id='word_1_650' title='bbox 2895 3960 3048 4014; x_wconf 90' lang='lat' dir='ltr'>inter</span> <span class='ocrx_word' id='word_1_651' title='bbox 3106 3976 3352 4031; x_wconf 88' lang='lat' dir='ltr'>superos</span> <span class='ocrx_word' id='word_1_652' title='bbox 3410 3959 3744 4030; x_wconf 80' lang='lat' dir='ltr'>inferosque</span> 
     </span>
    </p>
   </div>
   <div class='ocr_carea' id='block_1_88' title="bbox 2093 4046 3745 4119">
    <p class='ocr_par' dir='ltr' id='par_1_88' title="bbox 2093 4046 3745 4119">
     <span class='ocr_line' id='line_1_88' title="bbox 2093 4046 3745 4119; baseline -0.004 -12"><span class='ocrx_word' id='word_1_653' title='bbox 2093 4050 2440 4106; x_wconf 90' lang='lat' dir='ltr'>consistunt.</span> <span class='ocrx_word' id='word_1_654' title='bbox 2500 4049 2569 4103; x_wconf 87' lang='lat' dir='ltr'>Et</span> <span class='ocrx_word' id='word_1_655' title='bbox 2626 4047 2764 4118; x_wconf 91' lang='lat' dir='ltr'>quia</span> <span class='ocrx_word' id='word_1_656' title='bbox 2821 4063 3184 4119; x_wconf 89' lang='lat' dir='ltr'>consequens</span> <span class='ocrx_word' id='word_1_657' title='bbox 3241 4052 3348 4115; x_wconf 89' lang='lat' dir='ltr'>est,</span> <span class='ocrx_word' id='word_1_658' title='bbox 3382 4051 3485 4102; x_wconf 88' lang='lat' dir='ltr'>aut</span> <span class='ocrx_word' id='word_1_659' title='bbox 3515 4046 3745 4118; x_wconf 89' lang='lat' dir='ltr'>superis</span> 
     </span>
    </p>
   </div>
   <div class='ocr_carea' id='block_1_89' title="bbox 2094 4135 3746 4211">
    <p class='ocr_par' dir='ltr' id='par_1_89' title="bbox 2094 4135 3746 4211">
     <span class='ocr_line' id='line_1_89' title="bbox 2094 4135 3746 4211; baseline -0.003 -17"><span class='ocrx_word' id='word_1_660' title='bbox 2094 4139 2372 4211; x_wconf 88' lang='lat' dir='ltr'>aliquem,</span> <span class='ocrx_word' id='word_1_661' title='bbox 2432 4143 2532 4192; x_wconf 90' lang='lat' dir='ltr'>aut</span> <span class='ocrx_word' id='word_1_662' title='bbox 2583 4135 2782 4191; x_wconf 84' lang='lat' dir='ltr'>inferis</span> <span class='ocrx_word' id='word_1_663' title='bbox 2843 4152 2972 4191; x_wconf 90' lang='lat' dir='ltr'>esse</span> <span class='ocrx_word' id='word_1_664' title='bbox 3036 4135 3314 4202; x_wconf 90' lang='lat' dir='ltr'>vicinum,</span> <span class='ocrx_word' id='word_1_665' title='bbox 3382 4150 3746 4206; x_wconf 67' lang='lat' dir='ltr'>quaecunque</span> 
     </span>
    </p>
   </div>
   <div class='ocr_carea' id='block_1_90' title="bbox 2095 4223 3750 4299">
    <p class='ocr_par' dir='ltr' id='par_1_90' title="bbox 2095 4223 3750 4299">
     <span class='ocr_line' id='line_1_90' title="bbox 2095 4223 3750 4299; baseline -0.004 -16"><span class='ocrx_word' id='word_1_666' title='bbox 2095 4229 2382 4299; x_wconf 91' lang='lat' dir='ltr'>incipiunt</span> <span class='ocrx_word' id='word_1_667' title='bbox 2415 4227 2485 4280; x_wconf 89' lang='lat' dir='ltr'>ad</span> <span class='ocrx_word' id='word_1_668' title='bbox 2519 4225 2760 4279; x_wconf 90' lang='lat' dir='ltr'>meliora</span> <span class='ocrx_word' id='word_1_669' title='bbox 2790 4225 3088 4295; x_wconf 80' lang='lat' dir='ltr'>prolicere,</span> <span class='ocrx_word' id='word_1_670' title='bbox 3124 4228 3180 4278; x_wconf 90' lang='lat' dir='ltr'>et</span> <span class='ocrx_word' id='word_1_671' title='bbox 3229 4223 3300 4278; x_wconf 90' lang='lat' dir='ltr'>ad</span> <span class='ocrx_word' id='word_1_672' title='bbox 3359 4223 3633 4293; x_wconf 76' lang='lat' dir='ltr'>ccelestia,</span> <span class='ocrx_word' id='word_1_673' title='bbox 3692 4226 3750 4278; x_wconf 91' lang='lat' dir='ltr'>et</span> 
     </span>
    </p>
   </div>
   <div class='ocr_carea' id='block_1_91' title="bbox 2094 4311 3747 4385">
    <p class='ocr_par' dir='ltr' id='par_1_91' title="bbox 2094 4311 3747 4385">
     <span class='ocr_line' id='line_1_91' title="bbox 2094 4311 3747 4385; baseline -0.002 -15"><span class='ocrx_word' id='word_1_674' title='bbox 2094 4317 2165 4371; x_wconf 91' lang='lat' dir='ltr'>ad</span> <span class='ocrx_word' id='word_1_675' title='bbox 2198 4316 2310 4370; x_wconf 89' lang='lat' dir='ltr'>alia</span> <span class='ocrx_word' id='word_1_676' title='bbox 2360 4329 2729 4385; x_wconf 89' lang='lat' dir='ltr'>consurgere,</span> <span class='ocrx_word' id='word_1_677' title='bbox 2798 4312 3101 4384; x_wconf 85' lang='lat' dir='ltr'>longitudo</span> <span class='ocrx_word' id='word_1_678' title='bbox 3167 4311 3554 4384; x_wconf 89' lang='lat' dir='ltr'>appellentur.</span> <span class='ocrx_word' id='word_1_679' title='bbox 3613 4312 3747 4375; x_wconf 68' lang='lat' dir='ltr'>Qua</span> 
     </span>
    </p>
   </div>
   <div class='ocr_carea' id='block_1_92' title="bbox 2093 4401 3749 4473">
    <p class='ocr_par' dir='ltr' id='par_1_92' title="bbox 2093 4401 3749 4473">
     <span class='ocr_line' id='line_1_92' title="bbox 2093 4401 3749 4473; baseline -0.002 -14"><span class='ocrx_word' id='word_1_680' title='bbox 2093 4422 2229 4460; x_wconf 83' lang='lat' dir='ltr'>vero</span> <span class='ocrx_word' id='word_1_681' title='bbox 2258 4403 2513 4459; x_wconf 83' lang='lat' dir='ltr'>infcriori</span> <span class='ocrx_word' id='word_1_682' title='bbox 2549 4401 2696 4473; x_wconf 90' lang='lat' dir='ltr'>parti</span> <span class='ocrx_word' id='word_1_683' title='bbox 2732 4402 2994 4471; x_wconf 85' lang='lat' dir='ltr'>proxima</span> <span class='ocrx_word' id='word_1_684' title='bbox 3023 4405 3183 4472; x_wconf 87' lang='lat' dir='ltr'>sunt,</span> <span class='ocrx_word' id='word_1_685' title='bbox 3232 4406 3289 4457; x_wconf 84' lang='lat' dir='ltr'>et</span> <span class='ocrx_word' id='word_1_686' title='bbox 3349 4401 3420 4456; x_wconf 89' lang='lat' dir='ltr'>ad</span> <span class='ocrx_word' id='word_1_687' title='bbox 3453 4401 3595 4456; x_wconf 87' lang='lat' dir='ltr'>vitia</span> <span class='ocrx_word' id='word_1_688' title='bbox 3651 4402 3749 4456; x_wconf 89' lang='lat' dir='ltr'>de-</span> 
     </span>
    </p>
   </div>
   <div class='ocr_carea' id='block_1_93' title="bbox 2095 4489 3748 4562">
    <p class='ocr_par' dir='ltr' id='par_1_93' title="bbox 2095 4489 3748 4562">
     <span class='ocr_line' id='line_1_93' title="bbox 2095 4489 3748 4562; baseline -0.002 -14"><span class='ocrx_word' id='word_1_689' title='bbox 2095 4493 2394 4558; x_wconf 90' lang='lat' dir='ltr'>labuntur,</span> <span class='ocrx_word' id='word_1_690' title='bbox 2431 4491 2520 4545; x_wconf 91' lang='lat' dir='ltr'>his</span> <span class='ocrx_word' id='word_1_691' title='bbox 2570 4489 2899 4544; x_wconf 91' lang='lat' dir='ltr'>latitudinis</span> <span class='ocrx_word' id='word_1_692' title='bbox 2959 4506 3171 4545; x_wconf 91' lang='lat' dir='ltr'>nomen</span> <span class='ocrx_word' id='word_1_693' title='bbox 3232 4490 3580 4562; x_wconf 88' lang='lat' dir='ltr'>impositum</span> <span class='ocrx_word' id='word_1_694' title='bbox 3633 4490 3748 4545; x_wconf 91' lang='lat' dir='ltr'>sit:</span> 
     </span>
    </p>
   </div>
   <div class='ocr_carea' id='block_1_94' title="bbox 329 4578 3754 4659">
    <p class='ocr_par' dir='ltr' id='par_1_94' title="bbox 329 4578 3754 4659">
     <span class='ocr_line' id='line_1_94' title="bbox 329 4578 3754 4659; baseline -0.001 -23"><span class='ocrx_word' id='word_1_695' title='bbox 329 4579 569 4636; x_wconf 76' lang='lat' dir='ltr'>roborat</span> <span class='ocrx_word' id='word_1_696' title='bbox 597 4585 771 4652; x_wconf 91' lang='lat' dir='ltr'>atque</span> <span class='ocrx_word' id='word_1_697' title='bbox 821 4581 1127 4636; x_wconf 85' lang='lat' dir='ltr'>conﬁrmet</span> <span class='ocrx_word' id='word_1_698' title='bbox 1185 4598 1288 4652; x_wconf 89' lang='lat' dir='ltr'>per</span> <span class='ocrx_word' id='word_1_699' title='bbox 1341 4581 1623 4653; x_wconf 89' lang='lat' dir='ltr'>Spiritum</span> <span class='ocrx_word' id='word_1_700' title='bbox 1677 4587 1984 4637; x_wconf 91' lang='lat' dir='ltr'>sanctum:</span> <span class='ocrx_word' id='word_1_701' title='bbox 2019 4596 2065 4659; x_wconf 82' lang='lat' dir='ltr'><strong>D</strong></span> <span class='ocrx_word' id='word_1_702' title='bbox 2098 4584 2230 4637; x_wconf 88' lang='lat' dir='ltr'>Lata</span> <span class='ocrx_word' id='word_1_703' title='bbox 2278 4582 2481 4652; x_wconf 82' lang='lat' dir='ltr'>quippe</span> <span class='ocrx_word' id='word_1_704' title='bbox 2523 4587 2573 4634; x_wconf 84' lang='lat' dir='ltr'>et</span> <span class='ocrx_word' id='word_1_705' title='bbox 2629 4579 2874 4648; x_wconf 82' lang='lat' dir='ltr'>spatiosa</span> <span class='ocrx_word' id='word_1_706' title='bbox 2929 4580 3021 4633; x_wconf 88' lang='lat' dir='ltr'>via</span> <span class='ocrx_word' id='word_1_707' title='bbox 3077 4593 3205 4650; x_wconf 68' lang='lat' dir='ltr'>qaae</span> <span class='ocrx_word' id='word_1_708' title='bbox 3243 4579 3395 4634; x_wconf 84' lang='lat' dir='ltr'>ducit</span> <span class='ocrx_word' id='word_1_709' title='bbox 3423 4578 3492 4633; x_wconf 85' lang='lat' dir='ltr'>ad</span> <span class='ocrx_word' id='word_1_710' title='bbox 3524 4581 3754 4633; x_wconf 85' lang='lat' dir='ltr'>mortem</span> 
     </span>
    </p>
   </div>
   <div class='ocr_carea' id='block_1_95' title="bbox 332 4667 1986 4741">
    <p class='ocr_par' dir='ltr' id='par_1_95' title="bbox 332 4667 1986 4741">
     <span class='ocr_line' id='line_1_95' title="bbox 332 4667 1986 4741; baseline 0.002 -19"><span class='ocrx_word' id='word_1_711' title='bbox 332 4669 478 4740; x_wconf 82' lang='lat' dir='ltr'>quia</span> <span class='ocrx_word' id='word_1_712' title='bbox 506 4667 670 4724; x_wconf 87' lang='lat' dir='ltr'>nulla</span> <span class='ocrx_word' id='word_1_713' title='bbox 718 4670 994 4726; x_wconf 85' lang='lat' dir='ltr'>fortitudo</span> <span class='ocrx_word' id='word_1_714' title='bbox 1051 4671 1274 4741; x_wconf 90' lang='lat' dir='ltr'>absque</span> <span class='ocrx_word' id='word_1_715' title='bbox 1329 4669 1545 4740; x_wconf 85' lang='lat' dir='ltr'>Spiritu</span> <span class='ocrx_word' id='word_1_716' title='bbox 1606 4675 1806 4726; x_wconf 89' lang='lat' dir='ltr'>sancto</span> <span class='ocrx_word' id='word_1_717' title='bbox 1863 4675 1986 4727; x_wconf 89' lang='lat' dir='ltr'>est:</span> 
     </span>
    </p>
   </div>
   <div class='ocr_carea' id='block_1_96' title="bbox 334 4756 1990 4830">
    <p class='ocr_par' dir='ltr' id='par_1_96' title="bbox 334 4756 1990 4830">
     <span class='ocr_line' id='line_1_96' title="bbox 334 4756 1990 4830; baseline 0.001 -18"><span class='ocrx_word' id='word_1_718' title='bbox 334 4756 592 4812; x_wconf 84' lang='lat' dir='ltr'>Roboret</span> <span class='ocrx_word' id='word_1_719' title='bbox 643 4762 838 4813; x_wconf 89' lang='lat' dir='ltr'>autem</span> <span class='ocrx_word' id='word_1_720' title='bbox 899 4763 1074 4830; x_wconf 90' lang='lat' dir='ltr'>atque</span> <span class='ocrx_word' id='word_1_721' title='bbox 1132 4759 1440 4813; x_wconf 78' lang='lat' dir='ltr'>confirmet</span> <span class='ocrx_word' id='word_1_722' title='bbox 1511 4758 1571 4812; x_wconf 92' lang='lat' dir='ltr'>in</span> <span class='ocrx_word' id='word_1_723' title='bbox 1656 4757 1990 4814; x_wconf 89' lang='lat' dir='ltr'>interiorem</span> 
     </span>
    </p>
   </div>
   <div class='ocr_carea' id='block_1_97' title="bbox 333 4845 1992 4918">
    <p class='ocr_par' dir='ltr' id='par_1_97' title="bbox 333 4845 1992 4918">
     <span class='ocr_line' id='line_1_97' title="bbox 333 4845 1992 4918; baseline 0.002 -18"><span class='ocrx_word' id='word_1_724' title='bbox 333 4845 662 4901; x_wconf 87' lang='lat' dir='ltr'>hominem.</span> <span class='ocrx_word' id='word_1_725' title='bbox 695 4847 820 4902; x_wconf 84' lang='lat' dir='ltr'>Non</span> <span class='ocrx_word' id='word_1_726' title='bbox 871 4847 1028 4902; x_wconf 91' lang='lat' dir='ltr'>enim</span> <span class='ocrx_word' id='word_1_727' title='bbox 1081 4847 1340 4918; x_wconf 89' lang='lat' dir='ltr'>corporis</span> <span class='ocrx_word' id='word_1_728' title='bbox 1394 4847 1567 4914; x_wconf 89' lang='lat' dir='ltr'>vires,</span> <span class='ocrx_word' id='word_1_729' title='bbox 1628 4848 1727 4903; x_wconf 90' lang='lat' dir='ltr'>sed</span> <span class='ocrx_word' id='word_1_730' title='bbox 1786 4848 1992 4903; x_wconf 70' lang='lat' dir='ltr'>animae</span> 
     </span>
    </p>
   </div>
   <div class='ocr_carea' id='block_1_98' title="bbox 334 4934 1996 5006">
    <p class='ocr_par' dir='ltr' id='par_1_98' title="bbox 334 4934 1996 5006">
     <span class='ocr_line' id='line_1_98' title="bbox 334 4934 1996 5006; baseline 0.002 -18"><span class='ocrx_word' id='word_1_731' title='bbox 334 4936 696 5005; x_wconf 66' lang='lat' dir='ltr'>quaerimus:</span> <span class='ocrx_word' id='word_1_732' title='bbox 729 4951 836 4991; x_wconf 87' lang='lat' dir='ltr'>nec</span> <span class='ocrx_word' id='word_1_733' title='bbox 865 4935 1227 5006; x_wconf 82' lang='lat' dir='ltr'>exteriorem,</span> <span class='ocrx_word' id='word_1_734' title='bbox 1262 4936 1362 4991; x_wconf 91' lang='lat' dir='ltr'>sed</span> <span class='ocrx_word' id='word_1_735' title='bbox 1415 4934 1748 4990; x_wconf 89' lang='lat' dir='ltr'>interiorem</span> <span class='ocrx_word' id='word_1_736' title='bbox 1803 4936 1996 4992; x_wconf 87' lang='lat' dir='ltr'>homi-</span> 
     </span>
    </p>
   </div>
   <div class='ocr_carea' id='block_1_99' title="bbox 337 5059 1994 5132">
    <p class='ocr_par' dir='ltr' id='par_1_99' title="bbox 337 5059 1994 5132">
     <span class='ocr_line' id='line_1_99' title="bbox 337 5059 1994 5132; baseline 0.001 -18"><span class='ocrx_word' id='word_1_737' title='bbox 337 5059 668 5132; x_wconf 82' lang='lat' dir='ltr'>scribarum</span> <span class='ocrx_word' id='word_1_738' title='bbox 706 5059 764 5132; x_wconf 85' lang='lat' dir='ltr'>in</span> <span class='ocrx_word' id='word_1_739' title='bbox 799 5060 1116 5116; x_wconf 89' lang='lat' dir='ltr'>numericis</span> <span class='ocrx_word' id='word_1_740' title='bbox 1148 5059 1300 5115; x_wconf 91' lang='lat' dir='ltr'>notis</span> <span class='ocrx_word' id='word_1_741' title='bbox 1361 5059 1600 5132; x_wconf 86' lang='lat' dir='ltr'>passim_</span> <span class='ocrx_word' id='word_1_742' title='bbox 1635 5060 1994 5129; x_wconf 82' lang='lat' dir='ltr'>errantium;</span> 
     </span>
    </p>
   </div>
   <div class='ocr_carea' id='block_1_100' title="bbox 336 5130 1771 5187">
    <p class='ocr_par' dir='ltr' id='par_1_100' title="bbox 336 5130 1771 5187">
     <span class='ocr_line' id='line_1_100' title="bbox 336 5130 1771 5187; baseline 0.001 -3"><span class='ocrx_word' id='word_1_743' title='bbox 336 5130 487 5185; x_wconf 85' lang='lat' dir='ltr'>nihil</span> <span class='ocrx_word' id='word_1_744' title='bbox 521 5135 719 5186; x_wconf 90' lang='lat' dir='ltr'>tamen</span> <span class='ocrx_word' id='word_1_745' title='bbox 751 5131 1138 5187; x_wconf 90' lang='lat' dir='ltr'>immutamus</span> <span class='ocrx_word' id='word_1_746' title='bbox 1167 5130 1377 5186; x_wconf 79' lang='lat' dir='ltr'>contra</span> <span class='ocrx_word' id='word_1_747' title='bbox 1401 5149 1541 5186; x_wconf 92' lang='lat' dir='ltr'>mss.</span> <span class='ocrx_word' id='word_1_748' title='bbox 1576 5130 1771 5186; x_wconf 79' lang='lat' dir='ltr'>fidem.</span> 
     </span>
    </p>
   </div>
   <div class='ocr_carea' id='block_1_101' title="bbox 413 5202 2001 5273">
    <p class='ocr_par' dir='ltr' id='par_1_101' title="bbox 413 5202 2001 5273">
     <span class='ocr_line' id='line_1_101' title="bbox 413 5202 2001 5273; baseline 0.001 -17"><span class='ocrx_word' id='word_1_749' title='bbox 413 5202 680 5273; x_wconf 68' lang='lat' dir='ltr'>‘Supino</span> <span class='ocrx_word' id='word_1_750' title='bbox 756 5218 949 5258; x_wconf 90' lang='lat' dir='ltr'>errore</span> <span class='ocrx_word' id='word_1_751' title='bbox 1001 5202 1286 5258; x_wconf 90' lang='lat' dir='ltr'>hactenus</span> <span class='ocrx_word' id='word_1_752' title='bbox 1339 5203 1612 5268; x_wconf 90' lang='lat' dir='ltr'>obtinuit,</span> <span class='ocrx_word' id='word_1_753' title='bbox 1667 5205 2001 5259; x_wconf 64' lang='lat' dir='ltr'>saeculorum</span> 
     </span>
    </p>
   </div>
   <div class='ocr_carea' id='block_1_102' title="bbox 334 5275 1999 5355">
    <p class='ocr_par' dir='ltr' id='par_1_102' title="bbox 334 5275 1999 5355">
     <span class='ocr_line' id='line_1_102' title="bbox 334 5275 1999 5355; baseline 0 -27"><span class='ocrx_word' id='word_1_754' title='bbox 334 5289 566 5355; x_wconf 62' lang='lat' dir='ltr'>sitorum</span> <span class='ocrx_word' id='word_1_755' title='bbox 617 5275 934 5355; x_wconf 51' lang='lat' dir='ltr'>parabolas,</span> <span class='ocrx_word' id='word_1_756' title='bbox 995 5291 1096 5355; x_wconf 85' lang='lat' dir='ltr'>pro</span> <span class='ocrx_word' id='word_1_757' title='bbox 1157 5291 1270 5355; x_wconf 90' lang='lat' dir='ltr'>quo</span> <span class='ocrx_word' id='word_1_758' title='bbox 1327 5291 1433 5355; x_wconf 86' lang='lat' dir='ltr'>nos</span> <span class='ocrx_word' id='word_1_759' title='bbox 1488 5275 1764 5355; x_wconf 64' lang='lat' dir='ltr'>probolas,</span> <span class='ocrx_word' id='word_1_760' title='bbox 1824 5275 1999 5355; x_wconf 80' lang='lat' dir='ltr'>etiam</span> 
     </span>
    </p>
   </div>
   <div class='ocr_carea' id='block_1_103' title="bbox 336 5345 2000 5416">
    <p class='ocr_par' dir='ltr' id='par_1_103' title="bbox 336 5345 2000 5416">
     <span class='ocr_line' id='line_1_103' title="bbox 336 5345 2000 5416; baseline 0 -18"><span class='ocrx_word' id='word_1_761' title='bbox 336 5345 568 5415; x_wconf 85' lang='lat' dir='ltr'>absque</span> <span class='ocrx_word' id='word_1_762' title='bbox 602 5361 744 5400; x_wconf 91' lang='lat' dir='ltr'>mss.</span> <span class='ocrx_word' id='word_1_763' title='bbox 779 5346 1079 5415; x_wconf 82' lang='lat' dir='ltr'>sull‘ragio,</span> <span class='ocrx_word' id='word_1_764' title='bbox 1113 5345 1193 5401; x_wconf 89' lang='lat' dir='ltr'>rei</span> <span class='ocrx_word' id='word_1_765' title='bbox 1225 5351 1466 5416; x_wconf 85' lang='lat' dir='ltr'>cogente</span> <span class='ocrx_word' id='word_1_766' title='bbox 1507 5345 1770 5416; x_wconf 87' lang='lat' dir='ltr'>veritate,</span> <span class='ocrx_word' id='word_1_767' title='bbox 1833 5345 2000 5416; x_wconf 82' lang='lat' dir='ltr'>resti-</span> 
     </span>
    </p>
   </div>
   <div class='ocr_carea' id='block_1_104' title="bbox 331 5413 1998 5488">
    <p class='ocr_par' dir='ltr' id='par_1_104' title="bbox 331 5413 1998 5488">
     <span class='ocr_line' id='line_1_104' title="bbox 331 5413 1998 5488; baseline -0.001 -19"><span class='ocrx_word' id='word_1_768' title='bbox 331 5413 589 5488; x_wconf 78' lang='lat' dir='ltr'>tuimus.</span> <span class='ocrx_word' id='word_1_769' title='bbox 652 5417 790 5470; x_wconf 89' lang='lat' dir='ltr'>Erat</span> <span class='ocrx_word' id='word_1_770' title='bbox 864 5413 1167 5488; x_wconf 70' lang='lat' dir='ltr'>enimvero</span> <span class='ocrx_word' id='word_1_771' title='bbox 1227 5413 1637 5471; x_wconf 73' lang='lat' dir='ltr'>Valentiniana</span> <span class='ocrx_word' id='word_1_772' title='bbox 1683 5413 1998 5488; x_wconf 18' lang='grc' dir='ltr'>νπροοολή,</span> 
     </span>
    </p>
   </div>
   <div class='ocr_carea' id='block_1_105' title="bbox 333 5487 2000 5558">
    <p class='ocr_par' dir='ltr' id='par_1_105' title="bbox 333 5487 2000 5558">
     <span class='ocr_line' id='line_1_105' title="bbox 333 5487 2000 5558; baseline 0 -17"><span class='ocrx_word' id='word_1_773' title='bbox 333 5487 503 5542; x_wconf 88' lang='lat' dir='ltr'>idem</span> <span class='ocrx_word' id='word_1_774' title='bbox 534 5492 713 5557; x_wconf 85' lang='lat' dir='ltr'>atque</span> <span class='ocrx_word' id='word_1_775' title='bbox 741 5487 1048 5557; x_wconf 82' lang='lat' dir='ltr'>productio.</span> <span class='ocrx_word' id='word_1_776' title='bbox 1086 5505 1219 5542; x_wconf 90' lang='lat' dir='ltr'>cum</span> <span class='ocrx_word' id='word_1_777' title='bbox 1253 5488 1479 5543; x_wconf 89' lang='lat' dir='ltr'>scilicet</span> <span class='ocrx_word' id='word_1_778' title='bbox 1507 5487 1822 5542; x_wconf 88' lang='lat' dir='ltr'>constituto</span> <span class='ocrx_word' id='word_1_779' title='bbox 1883 5487 2000 5558; x_wconf 92' lang='lat' dir='ltr'>ple-</span> 
     </span>
    </p>
   </div>
   <div class='ocr_carea' id='block_1_106' title="bbox 337 5559 2003 5630">
    <p class='ocr_par' dir='ltr' id='par_1_106' title="bbox 337 5559 2003 5630">
     <span class='ocr_line' id='line_1_106' title="bbox 337 5559 2003 5630; baseline -0.003 -14"><span class='ocrx_word' id='word_1_780' title='bbox 337 5563 592 5630; x_wconf 80' lang='lat' dir='ltr'>romate,</span> <span class='ocrx_word' id='word_1_781' title='bbox 626 5559 836 5614; x_wconf 57' lang='lat' dir='ltr'>{Eones</span> <span class='ocrx_word' id='word_1_782' title='bbox 889 5576 992 5630; x_wconf 90' lang='lat' dir='ltr'>pro</span> <span class='ocrx_word' id='word_1_783' title='bbox 1032 5576 1140 5613; x_wconf 86' lang='lat' dir='ltr'>sua</span> <span class='ocrx_word' id='word_1_784' title='bbox 1190 5560 1440 5629; x_wconf 89' lang='lat' dir='ltr'>quisque</span> <span class='ocrx_word' id='word_1_785' title='bbox 1497 5559 1814 5624; x_wconf 82' lang='lat' dir='ltr'>voluntate,</span> <span class='ocrx_word' id='word_1_786' title='bbox 1851 5559 2003 5628; x_wconf 83' lang='lat' dir='ltr'>quod</span> 
     </span>
    </p>
   </div>
   <div class='ocr_carea' id='block_1_107' title="bbox 341 5628 2004 5702">
    <p class='ocr_par' dir='ltr' id='par_1_107' title="bbox 341 5628 2004 5702">
     <span class='ocr_line' id='line_1_107' title="bbox 341 5628 2004 5702; baseline 0.001 -20"><span class='ocrx_word' id='word_1_787' title='bbox 341 5628 464 5702; x_wconf 72' lang='lat' dir='ltr'>sibi</span> <span class='ocrx_word' id='word_1_788' title='bbox 496 5634 622 5685; x_wconf 88' lang='lat' dir='ltr'>erat</span> <span class='ocrx_word' id='word_1_789' title='bbox 654 5628 1049 5702; x_wconf 72' lang='lat' dir='ltr'>praestantius,</span> <span class='ocrx_word' id='word_1_790' title='bbox 1071 5628 1419 5702; x_wconf 78' lang='lat' dir='ltr'>conterebat</span> <span class='ocrx_word' id='word_1_791' title='bbox 1460 5631 1531 5686; x_wconf 90' lang='lat' dir='ltr'>ad</span> <span class='ocrx_word' id='word_1_792' title='bbox 1593 5645 1807 5684; x_wconf 90' lang='lat' dir='ltr'>novum</span> <span class='ocrx_word' id='word_1_793' title='bbox 1870 5646 2004 5699; x_wconf 90' lang='lat' dir='ltr'>pro-</span> 
     </span>
    </p>
   </div>
   <div class='ocr_carea' id='block_1_108' title="bbox 341 5701 2006 5764">
    <p class='ocr_par' dir='ltr' id='par_1_108' title="bbox 341 5701 2006 5764">
     <span class='ocr_line' id='line_1_108' title="bbox 341 5701 2006 5764; baseline -0.003 -1"><span class='ocrx_word' id='word_1_794' title='bbox 341 5701 695 5763; x_wconf 78' lang='lat' dir='ltr'>ducendum</span> <span class='ocrx_word' id='word_1_795' title='bbox 723 5703 928 5761; x_wconf 80' lang='lat' dir='ltr'>fetum.</span> <span class='ocrx_word' id='word_1_796' title='bbox 963 5701 1146 5759; x_wconf 89' lang='lat' dir='ltr'>Multa</span> <span class='ocrx_word' id='word_1_797' title='bbox 1177 5717 1282 5759; x_wconf 89' lang='lat' dir='ltr'>nos</span> <span class='ocrx_word' id='word_1_798' title='bbox 1312 5718 1380 5760; x_wconf 86' lang='lat' dir='ltr'>ea</span> <span class='ocrx_word' id='word_1_799' title='bbox 1410 5703 1482 5760; x_wconf 88' lang='lat' dir='ltr'>de</span> <span class='ocrx_word' id='word_1_800' title='bbox 1516 5717 1654 5764; x_wconf 86' lang='lat' dir='ltr'>voce</span> <span class='ocrx_word' id='word_1_801' title='bbox 1714 5716 2006 5764; x_wconf 81' lang='lat' dir='ltr'>concessi-</span> 
     </span>
    </p>
   </div>
   <div class='ocr_carea' id='block_1_109' title="bbox 685 5799 1209 5894">
    <p class='ocr_par' dir='ltr' id='par_1_109' title="bbox 685 5799 1209 5894">
     <span class='ocr_line' id='line_1_109' title="bbox 685 5799 1209 5894; baseline -0.004 0"><span class='ocrx_word' id='word_1_802' title='bbox 685 5799 946 5894; x_wconf 60' lang='lat' dir='ltr'>enim.</span> <span class='ocrx_word' id='word_1_803' title='bbox 990 5827 1209 5894; x_wconf 81' lang='lat' dir='ltr'>XXVI.</span> 
     </span>
    </p>
   </div>
   <div class='ocr_carea' id='block_1_110' title="bbox 2101 4667 3752 4744">
    <p class='ocr_par' dir='ltr' id='par_1_110' title="bbox 2101 4667 3752 4744">
     <span class='ocr_line' id='line_1_110' title="bbox 2101 4667 3752 4744; baseline -0.004 -18"><span class='ocrx_word' id='word_1_804' title='bbox 2101 4672 2322 4744; x_wconf 82' lang='lat' dir='ltr'>(Matth.</span> <span class='ocrx_word' id='word_1_805' title='bbox 2383 4687 2482 4738; x_wconf 82' lang='lat' dir='ltr'>vn,</span> <span class='ocrx_word' id='word_1_806' title='bbox 2542 4669 2650 4737; x_wconf 85' lang='grc'>13).</span> <span class='ocrx_word' id='word_1_807' title='bbox 2712 4672 2841 4722; x_wconf 73' lang='grc' dir='ltr'>Ηωο</span> <span class='ocrx_word' id='word_1_808' title='bbox 2901 4668 3193 4737; x_wconf 90' lang='lat' dir='ltr'>universa,</span> <span class='ocrx_word' id='word_1_809' title='bbox 3249 4672 3306 4723; x_wconf 89' lang='lat' dir='ltr'>et</span> <span class='ocrx_word' id='word_1_810' title='bbox 3354 4667 3412 4722; x_wconf 90' lang='lat' dir='ltr'>in</span> <span class='ocrx_word' id='word_1_811' title='bbox 3445 4683 3614 4722; x_wconf 90' lang='lat' dir='ltr'>cruce</span> <span class='ocrx_word' id='word_1_812' title='bbox 3646 4667 3752 4720; x_wconf 92' lang='lat' dir='ltr'>Do-</span> 
     </span>
    </p>
   </div>
   <div class='ocr_carea' id='block_1_111' title="bbox 2103 4754 3753 4826">
    <p class='ocr_par' dir='ltr' id='par_1_111' title="bbox 2103 4754 3753 4826">
     <span class='ocr_line' id='line_1_111' title="bbox 2103 4754 3753 4826; baseline -0.004 -12"><span class='ocrx_word' id='word_1_813' title='bbox 2103 4758 2246 4814; x_wconf 90' lang='lat' dir='ltr'>mini</span> <span class='ocrx_word' id='word_1_814' title='bbox 2273 4757 2455 4813; x_wconf 90' lang='lat' dir='ltr'>nostri</span> <span class='ocrx_word' id='word_1_815' title='bbox 2485 4757 2626 4812; x_wconf 87' lang='lat' dir='ltr'>Jesu</span> <span class='ocrx_word' id='word_1_816' title='bbox 2684 4754 2897 4811; x_wconf 91' lang='lat' dir='ltr'>Christi</span> <span class='ocrx_word' id='word_1_817' title='bbox 2929 4754 3175 4826; x_wconf 90' lang='lat' dir='ltr'>intelligi</span> <span class='ocrx_word' id='word_1_818' title='bbox 3237 4759 3478 4826; x_wconf 89' lang='lat' dir='ltr'>queunt.</span> <span class='ocrx_word' id='word_1_819' title='bbox 3536 4759 3753 4810; x_wconf 85' lang='lat' dir='ltr'>Ascen-</span> 
     </span>
    </p>
   </div>
   <div class='ocr_carea' id='block_1_112' title="bbox 2104 4842 3757 4918">
    <p class='ocr_par' dir='ltr' id='par_1_112' title="bbox 2104 4842 3757 4918">
     <span class='ocr_line' id='line_1_112' title="bbox 2104 4842 3757 4918; baseline -0.002 -16"><span class='ocrx_word' id='word_1_820' title='bbox 2104 4849 2247 4904; x_wconf 91' lang='lat' dir='ltr'>dens</span> <span class='ocrx_word' id='word_1_821' title='bbox 2279 4847 2494 4918; x_wconf 91' lang='lat' dir='ltr'>quippe</span> <span class='ocrx_word' id='word_1_822' title='bbox 2539 4845 2598 4899; x_wconf 91' lang='lat' dir='ltr'>in</span> <span class='ocrx_word' id='word_1_823' title='bbox 2631 4843 2837 4913; x_wconf 89' lang='lat' dir='ltr'>altum,</span> <span class='ocrx_word' id='word_1_824' title='bbox 2897 4843 3185 4915; x_wconf 87' lang='lat' dir='ltr'>captivam</span> <span class='ocrx_word' id='word_1_825' title='bbox 3245 4843 3410 4898; x_wconf 85' lang='lat' dir='ltr'>duxit</span> <span class='ocrx_word' id='word_1_826' title='bbox 3461 4842 3757 4915; x_wconf 85' lang='lat' dir='ltr'>captivita-</span> 
     </span>
    </p>
   </div>
   <div class='ocr_carea' id='block_1_113' title="bbox 2105 4930 3753 5004">
    <p class='ocr_par' dir='ltr' id='par_1_113' title="bbox 2105 4930 3753 5004">
     <span class='ocr_line' id='line_1_113' title="bbox 2105 4930 3753 5004; baseline -0.003 -12"><span class='ocrx_word' id='word_1_827' title='bbox 2105 4941 2219 4992; x_wconf 91' lang='lat' dir='ltr'>tem</span> <span class='ocrx_word' id='word_1_828' title='bbox 2249 4954 2262 5004; x_wconf 91' lang='lat'><strong>;</strong></span> <span class='ocrx_word' id='word_1_829' title='bbox 2293 4940 2351 4991; x_wconf 91' lang='lat' dir='ltr'>et</span> <span class='ocrx_word' id='word_1_830' title='bbox 2381 4933 2682 4990; x_wconf 90' lang='lat' dir='ltr'>descendit</span> <span class='ocrx_word' id='word_1_831' title='bbox 2711 4934 2770 4988; x_wconf 92' lang='lat' dir='ltr'>in</span> <span class='ocrx_word' id='word_1_832' title='bbox 2803 4933 3082 4987; x_wconf 89' lang='lat' dir='ltr'>interiora</span> <span class='ocrx_word' id='word_1_833' title='bbox 3111 4933 3266 4987; x_wconf 74' lang='lat'>604</span> <span class='ocrx_word' id='word_1_834' title='bbox 3310 4936 3474 4988; x_wconf 74' lang='lat' dir='ltr'>terra:</span> <span class='ocrx_word' id='word_1_835' title='bbox 3533 4930 3753 5003; x_wconf 80' lang='lat' dir='ltr'>(Ephes.</span> 
     </span>
    </p>
   </div>
   <div class='ocr_carea' id='block_1_114' title="bbox 2109 5056 3758 5127">
    <p class='ocr_par' dir='ltr' id='par_1_114' title="bbox 2109 5056 3758 5127">
     <span class='ocr_line' id='line_1_114' title="bbox 2109 5056 3758 5127; baseline -0.004 -11"><span class='ocrx_word' id='word_1_836' title='bbox 2109 5077 2242 5116; x_wconf 90' lang='lat' dir='ltr'>mus</span> <span class='ocrx_word' id='word_1_837' title='bbox 2273 5061 2343 5114; x_wconf 91' lang='lat' dir='ltr'>ad</span> <span class='ocrx_word' id='word_1_838' title='bbox 2387 5059 2602 5115; x_wconf 88' lang='lat' dir='ltr'>librum</span> <span class='ocrx_word' id='word_1_839' title='bbox 2662 5075 2702 5111; x_wconf 89' lang='grc' dir='ltr'>ιι</span> <span class='ocrx_word' id='word_1_840' title='bbox 2757 5059 2978 5127; x_wconf 82' lang='lat' dir='ltr'>Apolog.</span> <span class='ocrx_word' id='word_1_841' title='bbox 3043 5056 3498 5126; x_wconf 76' lang='lat' dir='ltr'>llieronymianae</span> <span class='ocrx_word' id='word_1_842' title='bbox 3555 5059 3758 5111; x_wconf 87' lang='lat' dir='ltr'>contra</span> 
     </span>
    </p>
   </div>
   <div class='ocr_carea' id='block_1_115' title="bbox 2110 5127 3754 5198">
    <p class='ocr_par' dir='ltr' id='par_1_115' title="bbox 2110 5127 3754 5198">
     <span class='ocr_line' id='line_1_115' title="bbox 2110 5127 3754 5198; baseline -0.002 -13"><span class='ocrx_word' id='word_1_843' title='bbox 2110 5133 2410 5198; x_wconf 81' lang='lat' dir='ltr'>Ruﬁnum,</span> <span class='ocrx_word' id='word_1_844' title='bbox 2446 5147 2608 5184; x_wconf 91' lang='lat' dir='ltr'>num.</span> <span class='ocrx_word' id='word_1_845' title='bbox 2644 5129 2728 5197; x_wconf 88' lang='grc'>19,</span> <span class='ocrx_word' id='word_1_846' title='bbox 2764 5127 2862 5182; x_wconf 87' lang='lat' dir='ltr'>ubi</span> <span class='ocrx_word' id='word_1_847' title='bbox 2893 5129 2974 5182; x_wconf 91' lang='lat' dir='ltr'>ait</span> <span class='ocrx_word' id='word_1_848' title='bbox 3000 5132 3056 5182; x_wconf 92' lang='lat' dir='ltr'>S.</span> <span class='ocrx_word' id='word_1_849' title='bbox 3111 5133 3351 5183; x_wconf 91' lang='lat' dir='ltr'>Doctor:</span> <span class='ocrx_word' id='word_1_850' title='bbox 3410 5129 3553 5184; x_wconf 85' lang='lat' dir='ltr'>Dicit</span> <span class='ocrx_word' id='word_1_851' title='bbox 3612 5127 3754 5198; x_wconf 71' lang='lat' dir='ltr'>Can-</span> 
     </span>
    </p>
   </div>
   <div class='ocr_carea' id='block_1_116' title="bbox 2108 5197 3760 5271">
    <p class='ocr_par' dir='ltr' id='par_1_116' title="bbox 2108 5197 3760 5271">
     <span class='ocr_line' id='line_1_116' title="bbox 2108 5197 3760 5271; baseline -0.002 -13"><span class='ocrx_word' id='word_1_852' title='bbox 2108 5204 2267 5258; x_wconf 83' lang='lat' dir='ltr'>didus</span> <span class='ocrx_word' id='word_1_853' title='bbox 2298 5197 2735 5270; x_wconf 78' lang='lat' dir='ltr'>(valentinianae</span> <span class='ocrx_word' id='word_1_854' title='bbox 2769 5200 3054 5254; x_wconf 70' lang='lat' dir='ltr'>haereseos</span> <span class='ocrx_word' id='word_1_855' title='bbox 3089 5200 3378 5271; x_wconf 87' lang='lat' dir='ltr'>defensor)</span> <span class='ocrx_word' id='word_1_856' title='bbox 3435 5201 3644 5271; x_wconf 78' lang='lat' dir='ltr'>Filiitm_</span> <span class='ocrx_word' id='word_1_857' title='bbox 3692 5197 3760 5271; x_wconf 83' lang='lat' dir='ltr'>_de</span> 
     </span>
    </p>
   </div>
   <div class='ocr_carea' id='block_1_117' title="bbox 2111 5266 3758 5344">
    <p class='ocr_par' dir='ltr' id='par_1_117' title="bbox 2111 5266 3758 5344">
     <span class='ocr_line' id='line_1_117' title="bbox 2111 5266 3758 5344; baseline -0.006 -14"><span class='ocrx_word' id='word_1_858' title='bbox 2111 5266 2434 5330; x_wconf 26' lang='lat' dir='ltr'>Pa-tris‘esse</span> <span class='ocrx_word' id='word_1_859' title='bbox 2463 5273 2789 5336; x_wconf 80' lang='lat' dir='ltr'>substantia,</span> <span class='ocrx_word' id='word_1_860' title='bbox 2822 5287 3034 5344; x_wconf 52' lang='lat' dir='ltr'>errans</span> <span class='ocrx_word' id='word_1_861' title='bbox 3060 5273 3114 5344; x_wconf 84' lang='lat' dir='ltr'>in</span> <span class='ocrx_word' id='word_1_862' title='bbox 3143 5287 3206 5326; x_wconf 89' lang='lat' dir='ltr'>eo</span> <span class='ocrx_word' id='word_1_863' title='bbox 3255 5266 3394 5344; x_wconf 78' lang='lat' dir='ltr'>quod</span> <span class='ocrx_word' id='word_1_864' title='bbox 3450 5266 3758 5344; x_wconf 74' lang='grc' dir='ltr'>προοολήν,</span> 
     </span>
    </p>
   </div>
   <div class='ocr_carea' id='block_1_118' title="bbox 2111 5342 3760 5414">
    <p class='ocr_par' dir='ltr' id='par_1_118' title="bbox 2111 5342 3760 5414">
     <span class='ocr_line' id='line_1_118' title="bbox 2111 5342 3760 5414; baseline -0.004 -14"><span class='ocrx_word' id='word_1_865' title='bbox 2111 5346 2168 5400; x_wconf 87' lang='lat' dir='ltr'>id</span> <span class='ocrx_word' id='word_1_866' title='bbox 2196 5348 2273 5399; x_wconf 79' lang='lat' dir='ltr'>est</span> <span class='ocrx_word' id='word_1_867' title='bbox 2303 5344 2694 5414; x_wconf 79' lang='lat' dir='ltr'>prolationem,</span> <span class='ocrx_word' id='word_1_868' title='bbox 2727 5344 2942 5414; x_wconf 73' lang='lat' dir='ltr'>asserit.</span> <span class='ocrx_word' id='word_1_869' title='bbox 2981 5342 3114 5397; x_wconf 87' lang='lat' dir='ltr'>Vide</span> <span class='ocrx_word' id='word_1_870' title='bbox 3143 5343 3365 5413; x_wconf 64' lang='lat' dir='ltr'>quaaibi</span> <span class='ocrx_word' id='word_1_871' title='bbox 3386 5342 3760 5411; x_wconf 83' lang='lat' dir='ltr'>adnotamus,</span> 
     </span>
    </p>
   </div>
   <div class='ocr_carea' id='block_1_119' title="bbox 2115 5413 3296 5484">
    <p class='ocr_par' dir='ltr' id='par_1_119' title="bbox 2115 5413 3296 5484">
     <span class='ocr_line' id='line_1_119' title="bbox 2115 5413 3296 5484; baseline -0.002 -14"><span class='ocrx_word' id='word_1_872' title='bbox 2115 5432 2186 5471; x_wconf 91' lang='lat' dir='ltr'>ne</span> <span class='ocrx_word' id='word_1_873' title='bbox 2217 5413 2417 5469; x_wconf 82' lang='lat' dir='ltr'>eadem</span> <span class='ocrx_word' id='word_1_874' title='bbox 2455 5415 2546 5468; x_wconf 91' lang='lat' dir='ltr'>hic</span> <span class='ocrx_word' id='word_1_875' title='bbox 2579 5430 2886 5484; x_wconf 92' lang='lat' dir='ltr'>recoquere</span> <span class='ocrx_word' id='word_1_876' title='bbox 2926 5413 3165 5484; x_wconf 88' lang='lat' dir='ltr'>longum</span> <span class='ocrx_word' id='word_1_877' title='bbox 3200 5415 3296 5468; x_wconf 90' lang='lat' dir='ltr'>sit.</span> 
     </span>
    </p>
   </div>
   <div class='ocr_carea' id='block_1_120' title="bbox 2184 5484 3764 5555">
    <p class='ocr_par' dir='ltr' id='par_1_120' title="bbox 2184 5484 3764 5555">
     <span class='ocr_line' id='line_1_120' title="bbox 2184 5484 3764 5555; baseline -0.003 -15"><span class='ocrx_word' id='word_1_878' title='bbox 2184 5488 2205 5519; x_wconf 82' lang='grc'>²</span> <span class='ocrx_word' id='word_1_879' title='bbox 2239 5486 2442 5540; x_wconf 83' lang='lat' dir='ltr'>Maluit</span> <span class='ocrx_word' id='word_1_880' title='bbox 2475 5484 2777 5551; x_wconf 85' lang='lat' dir='ltr'>Victorius,</span> <span class='ocrx_word' id='word_1_881' title='bbox 2831 5487 2891 5539; x_wconf 85' lang='lat' dir='ltr'>in</span> <span class='ocrx_word' id='word_1_882' title='bbox 2947 5501 3161 5540; x_wconf 88' lang='lat' dir='ltr'>omnem</span> <span class='ocrx_word' id='word_1_883' title='bbox 3215 5485 3636 5555; x_wconf 82' lang='lat' dir='ltr'>plenitudinem,</span> <span class='ocrx_word' id='word_1_884' title='bbox 3698 5484 3764 5536; x_wconf 90' lang='lat' dir='ltr'>ut</span> 
     </span>
    </p>
   </div>
   <div class='ocr_carea' id='block_1_121' title="bbox 2115 5556 3764 5684">
    <p class='ocr_par' dir='ltr' id='par_1_121' title="bbox 2115 5556 3764 5684">
     <span class='ocr_line' id='line_1_121' title="bbox 2115 5556 3764 5684; baseline -0.001 -73"><span class='ocrx_word' id='word_1_885' title='bbox 2115 5557 2454 5684; x_wconf 58' lang='lat' dir='ltr'>ianulgata</span> <span class='ocrx_word' id='word_1_886' title='bbox 2483 5561 2539 5613; x_wconf 91' lang='lat' dir='ltr'>et</span> <span class='ocrx_word' id='word_1_887' title='bbox 2569 5556 2764 5613; x_wconf 61' lang='lat' dir='ltr'>erco</span> <span class='ocrx_word' id='word_1_888' title='bbox 2790 5573 2801 5612; x_wconf 90' lang='lat'>:</span> <span class='ocrx_word' id='word_1_889' title='bbox 2831 5561 2952 5624; x_wconf 88' lang='lat' dir='ltr'>aut,</span> <span class='ocrx_word' id='word_1_890' title='bbox 2986 5558 3045 5611; x_wconf 86' lang='lat' dir='ltr'>in</span> <span class='ocrx_word' id='word_1_891' title='bbox 3074 5562 3225 5613; x_wconf 84' lang='lat' dir='ltr'>omni</span> <span class='ocrx_word' id='word_1_892' title='bbox 3266 5557 3642 5629; x_wconf 81' lang='lat' dir='ltr'>plenitudine,</span> <span class='ocrx_word' id='word_1_893' title='bbox 3699 5556 3764 5610; x_wconf 82' lang='lat' dir='ltr'>ut</span> 
     </span>
     <span class='ocr_line' id='line_1_122' title="bbox 2115 5645 2287 5684; baseline 0 0"><span class='ocrx_word' id='word_1_894' title='bbox 2115 5646 2174 5684; x_wconf 90' lang='lat' dir='ltr'>in</span> <span class='ocrx_word' id='word_1_895' title='bbox 2205 5645 2287 5684; x_wconf 90' lang='lat' dir='ltr'>ra.</span> 
     </span>
    </p>
   </div>
   <div class='ocr_carea' id='block_1_122' title="bbox 2115 5645 2287 5686">
    <p class='ocr_par' dir='ltr' id='par_1_122' title="bbox 2115 5645 2287 5686">
     <span class='ocr_line' id='line_1_123' title="bbox 2115 5645 2287 5686; baseline 0.017 -3"><span class='ocrx_word' id='word_1_896' title='bbox 2115 5645 2287 5686; x_wconf 76' lang='lat' dir='ltr'>lllll‘a.</span> 
     </span>
    </p>
   </div>
   <div class='ocr_carea' id='block_1_123' title="bbox 3372 5827 3443 5888">
    <p class='ocr_par' dir='ltr' id='par_1_123' title="bbox 3372 5827 3443 5888">
     <span class='ocr_line' id='line_1_124' title="bbox 3372 5827 3443 5888; baseline 0.014 -1"><span class='ocrx_word' id='word_1_897' title='bbox 3372 5827 3443 5888; x_wconf 80' lang='grc' dir='ltr'><strong><em>Π</em></strong></span> 
     </span>
    </p>
   </div>
  </div>
