4144 6202
413 345 531 406 528

413 582 647 623 omnem
683 569 898 621 terram
956 564 1096 622 exiit
1141 565 1472 636 praedicatio
1505 567 1716 623 crucis.
1763 569 1952 640 Atque
1981 567 2062 622 ita

411 659 472 712 et
501 654 891 725 altitudinem,
925 657 983 710 et
1025 655 1402 726 profundum,
1436 659 1494 710 et
1525 655 1976 727 longitudinem,
2005 659 2062 710 et

407 743 781 801 latitudinem
818 747 998 800 tenet.
1070 743 1182 800 Nec
1247 744 1462 799 mirum
1531 744 1579 799 si
1647 760 1783 799 crux
1847 744 2058 800 Christi

408 833 683 891 universa
719 832 1035 905 possideat,
1068 847 1203 887 cum
1235 832 1411 888 etiam
1461 832 1510 888 si
1577 832 1710 904 quis
1749 832 2060 888 cruciﬁxus

410 922 586 999 fuerit
623 938 757 978 cum
816 921 1064 988 Christo,
1106 921 1372 976 eamdem
1411 920 1624 976 habeat
1690 925 2055 992 potestatem.

412 1012 566 1069 Sciet
593 1011 810 1084 quippe
845 1011 1103 1084 primum
1144 1008 1513 1065 latitudinem
1574 1009 1646 1064 ab
1686 1009 2058 1065 inferioribus

413 1099 720 1172 incipiens,
761 1104 820 1156 et
851 1099 1078 1155 minora
1123 1114 1500 1170 cognoscens.
1544 1097 1764 1154 Deinde
1802 1098 2055 1170 longitu-

412 1190 635 1261 dinem,
675 1205 773 1245 eos
839 1188 939 1260 qui
998 1187 1056 1242 in
1116 1193 1273 1243 terra
1335 1186 1532 1258 positi,
1575 1187 1646 1242 ad
1686 1185 1964 1241 sublimia
2001 1192 2058 1243 et

412 1279 530 1335 alta
594 1279 894 1335 festinant.
936 1277 1074 1332 Post
1110 1276 1231 1332 haec
1270 1275 1651 1347 profundum,
1692 1275 2058 1331 adversarias

409 1368 849 1440 contrariasque
915 1367 1178 1433 virtutes,
1249 1381 1375 1437 quae
1443 1369 1645 1420 contra
1702 1380 1809 1420 nos
1848 1364 1904 1418 in
1948 1364 2056 1420 hoc

409 1458 631 1516 mundo
659 1455 878 1513 bellum
909 1459 1139 1528 gerunt.
1179 1453 1250 1508 Et
1288 1454 1361 1509 ad
1401 1456 1725 1508 extremum
1792 1452 2052 1508 altitudi-

409 1563 544 1604 nem
580 1563 593 1604 :
634 1546 773 1618 quia
811 1549 1122 1617 postquam
1162 1541 1432 1599 notitiam
1499 1559 1700 1598 earum
1751 1541 2053 1608 habentes,

408 1635 720 1692 fecerimus
751 1633 920 1689 nobis
951 1649 1048 1688 eas
1079 1647 1208 1688 esse
1247 1632 1358 1687 sub
1405 1631 1689 1703 pedibus:
1754 1635 1893 1686 tunc
1934 1647 2053 1686 me-

408 1724 673 1779 rebimur
702 1723 774 1778 ad
805 1721 924 1778 alta
952 1725 1009 1777 et
1037 1720 1262 1776 excelsa
1319 1719 1726 1775 conscendere.
1785 1719 1898 1774 Nec
1948 1736 2055 1790 pu-

1655 347 1716 406 S.
1767 343 2073 423 EUSEBII
2117 343 2566 406 HIERONYMI

414 496 489 546 ιν,
518 476 628 548 89).
698 475 766 532 Et
819 478 953 549 post
1015 474 1384 533 altitudinem
1441 481 1499 533 et
1556 479 1932 549 profundum,
1992 478 2052 532 in
2083 478 2360 551 Agatur,
2418 481 2475 533 et
2526 493 2659 550 spes
2715 479 2946 533 nostras
3012 475 3163 531 vinci
3250 473 3592 532 effectibus:

3702 343 3818 403 524

3680 491 3822 546 quia

2169 567 2494 622 secundum
2526 567 2583 621 id
2616 567 2769 638 quod
2803 569 3025 637 Oportet
3055 581 3238 634 orare,
3289 564 3582 622 nescimus
3639 565 3816 635 (Rom.

2168 673 2290 726 νιιι,
2315 656 2428 726 26),
2461 661 2524 710 et
2548 672 2699 727 saepe
2729 661 2934 710 contra
2962 672 3069 710 nos
3127 655 3402 727 petimus,
3461 653 3818 709 aestimantes

2168 760 2296 800 esse
2328 762 2431 816 pro
2463 745 2653 810 nobis,
2687 746 2913 810 Quanto
2944 744 3097 799 enim
3131 743 3340 798 melius
3380 746 3505 798 erat
3561 742 3818 798 fornica-

2168 834 2278 889 tori
2310 838 2610 907 aegrotare,
2642 837 2699 888 et
2724 832 3020 888 debilitate
3051 832 3332 903 torqueri,
3367 848 3541 903 quam
3599 831 3818 887 Christi

2167 921 2451 994 templum
2480 923 2666 978 facere
2696 922 2959 977 membra
2989 921 3310 976 meretricis
3341 921 3387 991 (I
3415 920 3534 975 Cor.
3566 937 3645 991 v1,
3676 920 3763 992 15)
3789 919 3818 974 Ῠ

2168 1015 2373 1083 potens
2406 1014 2494 1066 est
2524 1027 2659 1082 ergo
2692 1015 2862 1076 Deus,
2895 1027 3008 1064 non
3054 1008 3246 1064 solum
3306 1025 3484 1081 super
3542 1009 3600 1063 id
3656 1009 3812 1079 quod

2168 1101 2446 1172 petimus,
2505 1099 2605 1155 sed
2637 1099 2812 1154 etiam
2845 1115 3019 1169 super
3075 1099 3132 1152 id
3191 1099 3345 1170 quod
3401 1096 3814 1169 intelligimus,

2168 1189 2421 1245 tribuere
2451 1188 2666 1260 (Ephes.
2701 1205 2788 1255 ιιι,
2817 1188 2930 1260 20).
2964 1187 3168 1243 Evenit
3195 1187 3512 1254 interdum,
3575 1191 3639 1241 ut
3681 1203 3813 1242 sen-

2168 1295 2300 1332 sum
2377 1281 2641 1332 nostrum
2719 1293 2833 1332 non
2909 1276 3308 1347 exprimamus
3378 1275 3437 1330 in
3503 1291 3723 1346 vocem,
3756 1279 3816 1331 et

2167 1370 2421 1421 mentem
2453 1367 2626 1421 verba
2669 1382 2782 1420 non
2843 1363 3148 1436 explicent,
3211 1352 3502 1436 tacitoque
3558 1363 3814 1436 cogitatu

2166 1455 2481 1528 gemitibus
2521 1454 3032 1521 inenarrabilibus,
3093 1457 3156 1508 ut
3211 1452 3337 1525 ipse
3393 1451 3703 1524 Apostolus
3735 1451 3818 1507 ait

2167 1543 2340 1615 (Rom.
2399 1561 2519 1614 vni,
2579 1544 2692 1611 26),
2755 1543 2950 1599 nescio
3009 1543 3172 1613 quid,
3241 1542 3396 1613 quod
3452 1542 3644 1598 dicere
3699 1558 3814 1596 non

2166 1649 2505 1705 possumus,
2562 1633 2964 1705 deprecemur.
3040 1632 3345 1688 Praestabit
3403 1631 3583 1703 igitur
3639 1647 3818 1702 super

2167 1739 2343 1794 quam
2377 1721 2650 1794 petimus,
2685 1726 2787 1776 aut
2833 1719 3242 1793 intelligimus,
3301 1719 3626 1776 secundum
3683 1735 3814 1776 eam

405 1812 652 1907 tandum
683 1811 743 1866 in
773 1811 883 1866 hoc
913 1809 1127 1866 laboris
1159 1810 1355 1907 nostri.
1376 1826 1524 1874 esse,
1574 1813 1638 1863 ut
1690 1807 1949 1907 radicati‘
1998 1811 2055 1863 et
2085 1842 2132 1907 Β
2164 1810 2438 1866 virtutem
2471 1828 2595 1882 quae
2626 1813 2898 1882 operatur
2928 1809 2988 1864 in
3019 1809 3190 1865 nobis
3250 1809 3469 1880 (Ephes.
3524 1825 3609 1875 ιιι,
3666 1808 3763 1879 20)
3798 1825 3813 1864 :

409 1899 637 1957 fundati
703 1899 763 1955 in
829 1899 1133 1964 charitate,
1200 1898 1498 1970 possimus
1561 1896 2054 1968 comprehendere

409 2006 545 2046 cum
576 1988 852 2046 omnibus
882 1988 1122 2056 sanctis,
1155 2004 1281 2060 quae
1312 1987 1389 2043 sit
1444 1987 1716 2056 latitudo,
1757 1991 1814 2042 et
1869 1985 2052 2058 longi-

406 2080 550 2135 tudo
587 2081 645 2135 et
671 2077 1049 2151 profundum,
1081 2081 1140 2132 et
1167 2075 1432 2144 altitudo,
1494 2075 1607 2131 nisi
1663 2075 1837 2131 etiam
1893 2076 2054 2132 omni

407 2168 602 2224 studio
633 2183 805 2223 nosse
835 2167 1166 2238 cupiamus,
1200 2164 1554 2220 eminentem
1605 2163 1858 2221 scientiae
1917 2164 2052 2219 cha-

404 2257 642 2314 ritatem
697 2255 934 2325 Christi,
996 2259 1061 2310 ut
1117 2271 1233 2310 non
1304 2253 1551 2326 simplex
1631 2253 1906 2319 charitas,
1953 2255 2051 2309 sed

406 2344 851 2418 supereminens
873 2349 1010 2400 nota
1027 2344 1104 2400 sit
1133 2343 1303 2398 nobis
1328 2359 1340 2398 :
1378 2359 1483 2398 nec
1514 2343 1623 2398 iste
1656 2343 1733 2397 sit
1761 2343 2052 2398 terminus

405 2433 622 2490 habere
661 2433 927 2489 notitiam
961 2431 1456 2503 supereminentis
1486 2431 1789 2486 charitatis
1818 2430 2050 2500 Christi,

405 2522 521 2579 nisi
551 2521 840 2578 addamus
877 2525 936 2578 et
963 2519 1143 2587 aliud,
1205 2523 1270 2574 ut
1324 2520 1855 2590 supereminentem
1914 2519 2050 2574 cha-

404 2610 639 2667 ritatem
669 2609 920 2667 scientias
987 2625 1438 2680 consequamur.
1507 2609 1588 2664 Ex
1643 2624 1758 2679 quo
1793 2607 2054 2663 animad-

401 2699 768 2769 vertendum,
802 2697 941 2770 quia
997 2698 1278 2770 grandem
1310 2702 1367 2753 et
1406 2697 1755 2752 immensam
1787 2696 2052 2753 Christus

403 2787 659 2846 scientias
714 2788 928 2844 habeat
979 2785 1347 2853 charitatem,
1406 2785 1464 2840 id
1522 2790 1631 2852 est,
1691 2801 1892 2842 eorum
1951 2786 2051 2858 qui

401 2890 476 2932 ne
523 2875 673 2932 scire
703 2873 1056 2941 desiderant,
1090 2873 1190 2946 qui
1224 2872 1282 2928 in
1329 2871 1452 2944 lege
1511 2873 1639 2944 ejus
1697 2873 2054 2929 meditantur

404 2964 498 3021 die
554 2981 620 3020 ac
687 2967 852 3020 nocte
907 2963 1078 3034 (Psal.
1129 2963 1277 3033 1,2),
1311 2962 1410 3034 qui
1470 2962 1646 3018 verba
1700 2967 1932 3018 vertunt
1993 2963 2052 3017 in

403 3068 599 3126 opera,
658 3057 716 3110 et
771 3053 927 3126 quod
994 3068 1092 3109 ore
1175 3051 1552 3121 meditantur,
1639 3057 2054 3108 consummant

411 3157 592 3199 manu
659 3143 834 3214 (Rom.
893 3160 956 3213 11,
1022 3142 1132 3211 13).
1193 3141 1301 3206 Qui
1358 3145 1553 3197 autem
1613 3139 1747 3196 talis
1807 3145 1913 3209 est,
1989 3146 2054 3196 ut

2164 1905 2227 1955 ut
2257 1901 2547 1972 quomodo
2580 1916 2735 1954 nunc
2793 1915 2907 1954 non
2959 1899 3131 1969 juxta
3187 1899 3462 1956 meritum
3519 1903 3812 1966 nostrum,

2163 1990 2265 2045 sed
2299 2006 2478 2060 supra
2505 1992 2640 2043 vota
2669 1987 2769 2042 dat
2798 1987 2966 2042 nobis
2998 1987 3215 2058 aliqua,
3275 2004 3402 2060 quae
3462 2003 3567 2043 nec
3621 1991 3817 2058 petere

2163 2077 2291 2134 ausi
2321 2077 2560 2143 fuimus,
2597 2093 2700 2132 nec
2732 2077 2780 2132 si
2812 2075 3186 2148 petissemus,
3227 2075 3648 2132 estimavimus
3707 2091 3816 2131 nos

2163 2167 2418 2222 mereri:
2477 2165 2558 2220 ita
2615 2169 2672 2220 et
2735 2169 2942 2220 caetera
2995 2164 3238 2230 tribuat,
3299 2181 3427 2237 quae
3487 2181 3590 2220 nec
3646 2180 3814 2221 mens

2163 2259 2353 2327 potest
2383 2254 2656 2325 cogitare,
2690 2270 2795 2309 nec
2841 2252 3042 2325 lingua
3101 2254 3376 2325 proferre.
3443 2253 3560 2325 Ipsi
3617 2253 3817 2326 itaque

2165 2348 2276 2400 Deo
2360 2344 2436 2398 sit
2509 2342 2733 2416 gloria:
2793 2343 3053 2414 primum
3119 2343 3177 2397 in
3236 2341 3494 2398 Ecclesia
3561 2359 3690 2414 quae
3727 2347 3818 2399 est

2163 2449 2328 2504 pura,
2363 2449 2476 2488 non
2519 2431 2743 2488 habens
2802 2430 3093 2487 maculam
3154 2447 3340 2504 neque
3409 2448 3616 2504 rugam
3648 2432 3813 2504 (Eph.

2161 2538 2214 2589 ν,
2247 2522 2358 2593 26),
2421 2526 2476 2576 et
2533 2537 2660 2591 quas
2719 2525 3024 2592 propterea
3078 2519 3324 2591 gloriam
3400 2521 3497 2577 Dei
3557 2522 3815 2594 recipere

2163 2614 2372 2680 potest,
2433 2609 2572 2681 quia
2627 2626 2839 2682 corpus
2897 2615 2985 2665 est
3042 2609 3253 2664 Christi
3312 2609 3530 2681 (Coloss.
3575 2627 3638 2678 ιι,
3699 2611 3812 2682 17).

2161 2698 2380 2754 Deinde
2411 2699 2468 2752 in
2501 2698 2727 2754 Christo
2756 2698 2922 2764 Jesu,
2954 2697 3091 2769 quia
3121 2699 3179 2753 in
3226 2715 3464 2771 corpore
3521 2701 3815 2772 assumpli

2161 2785 2440 2853 hominis,
2473 2788 2640 2858 cujus
2672 2792 2808 2842 sunt
2838 2787 3107 2844 universa
3136 2788 3401 2843 membra
3423 2789 3812 2857 credentium,

2164 2876 2358 2931 omnis
2417 2874 2691 2931 divinitas
2747 2875 3038 2932 inhabitet
3096 2875 3474 2948 corporaliter
3523 2877 3680 2948 (Ibid.
3729 2876 3814 2946 9.)

2163 2966 2297 3031 Quae
2330 2964 2563 3036 quidem
2596 2963 2781 3036 gloria
2809 2981 2924 3019 non
2957 2963 3016 3019 in
3074 2981 3330 3036 praesens
3386 2969 3613 3020 tantum
3667 2969 3819 3021 tem-

2163 3071 2275 3126 pus
2305 3053 2652 3119 extenditur,
2685 3057 2741 3109 et
2771 3053 2982 3109 futuris
3013 3052 3240 3109 saeculis
3269 3053 3656 3123 terminatur;
3709 3056 3814 3112 sed

2162 3142 2222 3197 in
2254 3157 2456 3199 omnes
2515 3142 2937 3214 generationes,
2992 3146 3050 3198 et
3105 3142 3383 3198 saeculum
3441 3143 3812 3213 saeculorum,

413 3231 630 3305 dignus
665 3208 757 3289 ‘sit
809 3247 913 3304 per
937 3208 951 3213 '
982 3208 1286 3288 scientiam
1344 3246 1512 3285 suam
1571 3229 1785 3285 habere
1841 3208 2054 3287 Christi
2085 3208 2128 3276 (ἶ
2165 3231 2447 3288 ineffabili
2478 3208 2794 3287 aeternitate
2833 3236 3173 3303 permanet,
3205 3232 3433 3300 crescit,
3469 3238 3738 3305 augetur.

408 3322 941 3394 supereminentem
1016 3318 1362 3385 claritatem,
1439 3317 1536 3374 ille
1637 3318 1783 3372 nihil
1886 3321 2056 3376 debet

407 3409 570 3468 aliud
601 3413 807 3484 praeter
835 3408 1142 3464 scientiam
1172 3406 1444 3478 cogitare.
1485 3410 1676 3474 Atque
1731 3407 1814 3462 ita
1843 3407 2050 3479 imple-

403 3499 565 3554 bitur
593 3499 654 3554 in
709 3497 870 3554 omni
925 3495 1289 3569 plenitudine
1354 3495 1500 3550 Dei:
1570 3512 1686 3550 non
1744 3495 1934 3552 solum
1992 3497 2051 3552 in

405 3586 679 3661 praesenti
711 3584 944 3652 seculo,
979 3585 1080 3640 sed
1109 3583 1286 3640 etiam
1313 3584 1370 3638 in
1405 3584 1599 3639 futuro
1633 3600 1646 3638 :
1681 3588 1746 3639 ut
1769 3585 1870 3656 qui
1897 3603 2052 3641 nunc

401 3674 613 3749 plenus
641 3690 769 3730 esse
795 3673 968 3745 coepit
996 3673 1054 3741 in
1087 3673 1282 3729 studio
1313 3688 1416 3744 per
1451 3671 1783 3740 lectionem,
1852 3679 2055 3746 postea

403 3763 720 3838 perfectius
747 3761 1062 3834 impleatur
1091 3761 1226 3830 Deo,
1255 3760 1355 3832 qui
1413 3765 1502 3817 est
1557 3759 1858 3833 plenitudo
1927 3780 2051 3820 om-

403 3853 594 3924 nium,
627 3869 690 3910 se
719 3850 1066 3924 complente.

477 3941 662 4017 (Vers.
719 3943 810 4008 20,
869 3942 984 4012 21.)
1041 3938 1167 3995 «Ei
1220 3942 1417 3995 autem
1472 3939 1573 4011 qui
1633 3946 1820 4012 potest
1877 3960 2053 4015 super

406 4033 606 4090 omnia
635 4032 822 4089 facere
847 4027 1244 4086 abundantius
1273 4044 1449 4100 quam
1495 4028 1748 4100 petimus
1806 4035 1906 4086 aut
1963 4033 2052 4088 in-

407 4121 753 4195 telligimus,
798 4119 1124 4176 secundum
1155 4116 1426 4172 virtutem
1483 4133 1609 4189 quae
1663 4124 1937 4190 operatur
1991 4121 2050 4176 in

407 4210 597 4277 nobis,
629 4210 741 4283 ipsi
772 4207 958 4282 gloria
987 4207 1044 4262 in
1079 4205 1352 4273 Ecclesia,
1383 4210 1441 4260 et
1498 4207 1558 4261 in
1606 4207 1832 4263 Christo
1887 4213 2050 4278 Jesu,

404 4298 466 4354 in
517 4298 791 4355 omnibus
847 4295 1323 4370 generationibus
1381 4293 1493 4366 [Αι.
1553 4312 1754 4352 omnes
1811 4313 2050 4370 genera-

400 4387 616 4459 tiones]
646 4385 843 4443 saeculi
900 4384 1269 4455 saeculorum,
1325 4389 1531 4439 Amen.
1571 4407 1597 4433 ››
1654 4385 1740 4440 Ad
1804 4385 1859 4440 id
1894 4389 2045 4458 quod

403 4493 583 4549 supra
637 4475 893 4531 dixerat:
953 4475 1247 4546 Propterea
1330 4489 1495 4530 curvo
1571 4489 1750 4542 genua
1801 4491 1922 4530 mea
1979 4475 2048 4530 ad

2233 3322 2387 3376 006
2421 3322 2575 3392 (Cap.
2621 3320 2710 3375 IV.
2756 3351 2824 3361 —
2878 3319 3040 3376 Vers.
3094 3321 3170 3392 1.)
3220 3343 3247 3372 α
3308 3321 3556 3378 Obsecro
3614 3323 3815 3396 itaque

2159 3426 2262 3466 vos
2291 3425 2395 3482 ego
2427 3409 2658 3464 vinctus
2698 3409 2756 3464 in
2819 3409 3081 3480 Domino,
3143 3413 3207 3464 ut
3263 3408 3437 3482 digne
3495 3412 3814 3470 ambuletis

2160 3499 2458 3554 vocatione
2489 3515 2605 3570 qua
2633 3498 2818 3553 vocati
2850 3498 3011 3554 estis.
3038 3519 3065 3548 »
3113 3502 3312 3554 Potest
3365 3504 3423 3555 et
3478 3500 3537 3555 in
3596 3500 3812 3558 Christi

2159 3585 2428 3656 vinculis,
2461 3591 2518 3642 et
2555 3587 2615 3641 in
2672 3603 2900 3642 carcere
2958 3603 3060 3659 pro
3118 3587 3395 3660 martyrio
3453 3590 3812 3648 constitutus

2160 3674 2280 3730 haec
2313 3674 2595 3730 scribere:
2632 3673 2841 3730 melius
2872 3679 3067 3730 autem
3106 3679 3214 3741 est,
3273 3675 3322 3730 si
3380 3675 3641 3732 vinctum
3704 3680 3810 3734 Do-

2161 3762 2306 3818 mini
2338 3762 2443 3833 [Αι.
2477 3763 2634 3818 addit
2665 3763 2871 3833 nostri]
2940 3763 2999 3818 in
3045 3762 3257 3818 Christi
3314 3763 3594 3820 charitate
3652 3767 3812 3823 dica-

2161 3868 2314 3907 mus.
2349 3852 2527 3924 Cujus
2560 3851 2642 3907 rei
2674 3855 2730 3906 et
2759 3850 3024 3907 Clemens
3055 3853 3128 3908 ad
3157 3852 3490 3909 Corinthios
3520 3856 3694 3911 testis
3725 3861 3815 3911 est

2162 3941 2461 3997 scribens:
2518 3940 2834 3996 Vinculum
2893 3939 3195 3997 charitatis
3255 3943 3352 3997 Dei
3410 3942 3544 4014 quis
3603 3945 3814 4016 poterit

2161 4047 2429 4086 enarrare
2462 4032 2475 4064 ¹
2502 4030 2530 4084 ?
2560 4031 2625 4084 Et
2656 4029 2714 4084 in
2746 4029 2934 4101 primo
2967 4029 3300 4102 Regnorum
3333 4031 3480 4088 libro
3519 4031 3809 4106 legimus:

2161 4122 2383 4175 Factum
2435 4129 2516 4174 est
2566 4127 2682 4190 post
2729 4119 2891 4174 verba
2953 4118 3086 4186 haec,
3145 4121 3407 4192 colligata
3451 4125 3530 4176 est
3621 4126 3814 4178 anima

2158 4211 2408 4267 Jonat/zaz
2463 4225 2588 4266 cum
2644 4211 2837 4265 anima
2893 4210 3063 4265 David
3113 4212 3161 4282 (Ι
3223 4216 3355 4280 Reg.
3407 4229 3565 4280 xvm,
3614 4213 3690 4282 1).
3746 4214 3813 4269 Et

2159 4299 2442 4372 propheta
2469 4299 2542 4354 de
2571 4297 2886 4371 apostolis:
2941 4303 3066 4355 Post
3119 4308 3188 4368 te,
3246 4300 3454 4373 inquit,
3513 4306 3813 4372 sequentur

2156 4389 2355 4443 vinctis
2417 4390 2573 4459 ferro
2629 4389 2888 4443 manibus
2917 4389 3090 4459 (Psal.
3146 4405 3256 4461 ενι,
3318 4390 3424 4464 15).
3489 4389 3596 4455 Qui
3651 4393 3809 4448 enim

2155 4477 2452 4533 Christum
2476 4476 2748 4550 diligunt,
2773 4481 3106 4549 sequuntur
3129 4494 3264 4534 eum
3282 4477 3589 4535 charitatis
3613 4481 3812 4536 vincu-

401 4566 554 4624 605
585 4567 840 4622 Patrem:
871 4581 944 4619 ea:
971 4579 1076 4638 quo
1106 4564 1288 4618 omnis
1312 4563 1613 4632 paternitas
1669 4564 1728 4618 in
1787 4563 1943 4619 cwtis
1996 4573 2048 4621 et
2075 4575 2122 4639 D
2153 4565 2226 4622 lis
2255 4564 2532 4638 colligati.
2567 4565 2666 4620 Est
2697 4570 2755 4621 et
2784 4564 2896 4620 alia
2927 4566 3230 4639 expositio,
3291 4584 3416 4640 qua:
3475 4569 3812 4641 recipienda

398 4674 460 4712 in
488 4660 641 4712 terra
669 4656 1029 4711 nominatur:
1063 4660 1124 4707 ut
1152 4651 1237 4708 det
1268 4651 1415 4707 vobis
1470 4651 1768 4707 secundum
1824 4652 2048 4711 divitias

395 4762 526 4802 suas
579 4747 780 4802 virtute
842 4743 1146 4813 con/artari
1203 4741 1358 4813 (vers.
1422 4742 1634 4813 14-16),
1687 4745 1744 4796 et
1798 4741 2045 4814 reliqua,

397 4851 556 4891 nunc
583 4833 792 4890 infert:
825 4834 902 4888 Ei
930 4839 1112 4887 autem
1151 4832 1246 4903 qui
1271 4833 1442 4902 potest
1497 4845 1660 4902 super
1714 4833 1899 4886 omnia
1951 4834 2047 4903 fa-

397 4937 516 4980 cere
543 4923 923 4979 abundantius
981 4937 1146 4992 quam
1199 4921 1454 4988 petimus,
1511 4923 1609 4974 aut
1663 4919 2043 4992 intelligimus,

397 5011 508 5068 hoc
557 5011 894 5078 ostendens,
952 5026 1017 5066 se
1074 5008 1311 5080 quidem
1360 5009 1532 5080 juxta
1587 5007 2044 5065 imbecillitatem

397 5099 656 5156 hominis
705 5098 1053 5172 postulasse,
1112 5115 1238 5170 quas
1296 5098 1382 5153 eis
1439 5097 1832 5153 conducibilia
1887 5099 2043 5154 vide-

396 5188 651 5245 bantur:
687 5192 958 5244 caeterum
991 5191 1276 5259 quantum
1311 5186 1380 5241 ad
1415 5185 1494 5242 rei
1553 5185 1737 5258 ipsius
1795 5187 2046 5258 pertinet

393 5277 718 5344 veritatem,
753 5275 887 5349 plus
927 5275 1079 5331 Deus
1141 5273 1330 5331 valere
1379 5275 1654 5343 tribuere,
1717 5291 1891 5346 quam
1951 5292 2040 5331 ro-

463 5475 480 5510 ¹
512 5463 804 5547 Nimirum
834 5471 1094 5547 Epistola
1124 5473 1194 5547 1,,
1216 5489 1378 5547 num.
1413 5473 1500 5547 49,
1545 5471 1634 5525 τὸν
1687 5467 1905 5547 ΔδεσμὸνΔ
1936 5477 2034 5547 τῇς

390 5545 610 5620 ᾁγάπης
663 5540 947 5620 τοὺ-Θξὸὺ
1002 5541 1085 5620 τίς
1171 5540 1388 5620 δύνᾳται
1446 5540 1799 5620 ὲξίήσγασθαι,
1848 5540 2036 5601 vincu-

389 5617 505 5678 ldm
527 5618 822 5674 charitatis
851 5617 947 5672 Dei
975 5618 1096 5686 quis
1122 5619 1294 5686 potest
1322 5617 1622 5686 enarrare?

456 5691 479 5730 ι
505 5693 617 5752 pro
643 5688 901 5760 secundo,
934 5685 1230 5745 Marianus
1259 5685 1460 5760 posuit
1495 5687 1673 5755 tertio,
1707 5686 1847 5761 quia
1877 5703 2036 5748 men-

2159 4655 2255 4722 sit,
2316 4670 2514 4725 necne,
2574 4654 2683 4709 erit
2740 4655 2799 4709 in
2856 4659 3144 4726 potestate
3191 4655 3458 4712 lectoris:
3491 4657 3808 4716 Vinculum

2157 4744 2384 4812 animae,
2409 4760 2620 4816 corpus
2645 4743 2754 4799 hoc
2810 4743 2944 4811 dici,
2979 4749 3036 4800 et
3095 4745 3234 4817 quia
3293 4745 3509 4802 Paulus
3569 4748 3643 4803 ob
3705 4748 3810 4804 mi-

2156 4832 2466 4889 nisterium
2510 4830 2802 4904 Evangelii
2837 4848 3048 4903 corpus
3080 4833 3186 4888 hoc
3243 4835 3546 4906 acceperit,
3606 4852 3809 4892 conse-

2155 4925 2401 4992 quenter
2469 4919 2680 4975 Christi
2744 4919 2974 4977 vinctus
3039 4922 3116 4977 sit
3181 4921 3526 4996 appellatus.
3583 4927 3804 4998 Corpus

2154 5009 2261 5065 hoc
2318 5009 2617 5064 vinculum
2645 5007 2779 5076 dici,
2811 5014 2868 5065 et
2897 5027 2995 5066 eos
3051 5011 3152 5082 qui
3211 5012 3271 5066 in
3331 5029 3571 5085 corpore
3623 5014 3804 5069 vincti

2154 5103 2312 5164 sunt,
2347 5099 2569 5154 vinctos
2599 5103 2762 5153 terra:
2794 5098 3096 5171 appellari,
3137 5101 3418 5157 Jeremias
3450 5118 3686 5174 quoque
3743 5103 3802 5159 in

2152 5189 2407 5243 secundo
2438 5189 2460 5221 ²
2490 5186 2798 5260 alphabeto
2831 5193 3097 5257 testatur,
3130 5191 3365 5246 dicens:
3411 5193 3474 5248 Ut
3527 5193 3802 5248 humilia-

2150 5285 2232 5333 ret
2259 5276 2357 5332 sub
2383 5276 2612 5348 pedibus
2640 5280 2754 5332 suis
2783 5293 2966 5333 omnes
2998 5280 3199 5335 vinctos
3229 5283 3387 5336 terra:
3425 5279 3652 5352 (Thren.
3714 5297 3800 5347 ιιι,

2152 5479 2269 5531 tem
2301 5476 2358 5532 S.
2393 5475 2724 5548 Hieronymi
2757 5492 3126 5548 nequaquam
3179 5482 3486 5535 assecutus
3545 5484 3671 5535 est:
3704 5479 3800 5535 hic

2149 5548 2302 5602 enim
2335 5553 2576 5603 sanctus
2612 5552 2816 5603 Doctor
2844 5551 2899 5603 in
2932 5550 3190 5604 Jeremiai
3251 5550 3798 5607 Lamentationibus

2149 5620 2264 5675 duo
2289 5624 2532 5705 tantum.
2556 5620 2821 5705 agnoscit
2849 5619 3179 5705 alphabeta,
3213 5627 3449 5695 propter
3503 5621 3799 5705 duplicem

2145 5690 2400 5768 speciem
2423 5690 2591 5748 metri
2602 5689 2675 5750 'et
2693 5689 3018 5750 litterarum
3035 5689 3796 5757 divers‘am'connexionem.
