4144 6202
353 291 470 367 525

1012 286 1531 351 COMMENTAR.
1577 289 1655 349 IN
1700 289 1948 351 EPIST.
1994 291 2096 350 AD
2142 289 2421 350 EPHES.
2468 290 2618 350 LIB.
2665 291 2741 364 II,
2789 289 2960 352 CAP.
3006 289 3110 351 IV.

3637 289 3757 350 596

353 424 465 495 34).
498 423 570 478 Et
596 421 738 477 alibi
771 420 881 476 hoc
897 420 1090 492 ipsum
1113 421 1364 494 legimus
1393 439 1461 478 ex
1489 421 1706 478 Christi
1731 439 2000 494 persona,
2033 424 2086 488 Α
2117 421 2441 477 constituti.
2475 422 2671 478 Sancti
2703 421 2918 494 quippe
2951 421 3398 488 nonfhabebunt
3427 419 3762 493 [Al.habent

352 511 602 568 dicentis
636 528 649 566 :
682 510 778 565 His
808 511 906 580 qui
933 518 1092 565 erant
1147 512 1209 565 in
1253 512 1490 566 vinculis
1540 514 1706 578 exite,
1733 516 1784 567 et
1825 515 1922 581 qui
1945 514 2005 566 in

351 601 594 657 tenebris
649 599 973 656 revelamini
1024 599 1149 667 (Isa.
1200 616 1349 667 XLIX,
1408 602 1483 668 9).
1541 604 1734 655 Potest
1765 600 2005 672 quidem

351 687 649 744 vinculum
716 688 811 742 hic
866 687 1107 758 peccati,
1175 693 1232 744 et
1302 690 1571 744 tenebras
1642 689 2003 760 ignorantiae,

356 779 607 834 adventu
655 781 714 831 et
764 775 1172 847 praedicatione
1221 776 1434 831 Christi
1485 777 1770 850 propheta
1811 781 2006 832 osten-

357 867 492 923 dere
569 864 912 921 dissolutas.
964 864 1074 918 Sed
1142 870 1198 919 et
1249 864 1518 936 superior
1577 881 1789 921 sensus
1833 864 2011 920 habet

356 955 599 1010 locum:
651 952 808 1024 quod
855 950 1181 1018 vinculum,
1238 969 1451 1023 corpus
1499 953 1594 1019 sit,
1655 958 1710 1008 et
1735 953 2006 1009 tenebrae.

357 1048 590 1098 terrena
619 1041 739 1095 haec
769 1039 1074 1106 habitatio,
1103 1040 1202 1094 ubi
1252 1048 1395 1097 sunt
1444 1046 1696 1098 rectores
1740 1043 2007 1097 tenebra-

360 1147 518 1186 rum.
551 1135 608 1186 et
636 1132 860 1184 montes
903 1129 1216 1194 tenebrosi,
1273 1132 1345 1185 ad
1387 1147 1537 1202 quos
1587 1131 1763 1202 pedes
1811 1130 2008 1202 prohi-

359 1221 574 1276 bemur
622 1217 928 1272 oﬂ‘endere.
970 1217 1131 1280 Quod
1188 1222 1383 1272 autem
1434 1217 1516 1272 ait
1565 1219 1627 1274 Ut
1677 1218 1839 1289 digne
1887 1235 2004 1272 am-

362 1309 561 1363 buletis
577 1307 850 1362 vocatione
879 1321 985 1376 qua
1033 1308 1233 1362 vocatis
1276 1309 1424 1362 estis.
1483 1306 1667 1379 Digne
1708 1307 2009 1377 vocatione

357 1397 665 1454 ambulare
696 1395 1024 1450 credendus
1073 1400 1180 1462 est,
1229 1395 1328 1467 qui
1361 1395 1689 1468 ingreditur
1737 1412 1839 1467 per
1875 1412 2008 1451 eum

359 1486 463 1558 qui
492 1485 633 1540 dicit
667 1510 682 1552 ;
713 1485 821 1556 Ego
841 1500 967 1538 sum
998 1485 1090 1538 via
1121 1485 1301 1554 (Juan.
1363 1502 1476 1551 XIV,
1537 1486 1614 1553 6),
1674 1489 1730 1539 et
1760 1501 1874 1539 non
1909 1485 2006 1538 de-

362 1576 562 1644 clinat,
617 1590 807 1645 neque
855 1573 927 1628 ad
977 1573 1262 1643 dextram,
1297 1573 1506 1646 neque
1560 1574 1630 1628 ad
1684 1574 2006 1640 sinistram,

367 1663 576 1720 avertit
604 1663 815 1735 pedem
840 1678 1014 1717 suum
1038 1662 1110 1717 ab
1127 1662 1283 1717 omni
1315 1661 1408 1716 via
1440 1661 1596 1718 mala
1625 1663 2009 1734 (Isa.xxx,21);

365 1751 812 1824 completurque
869 1751 929 1805 in
987 1766 1099 1805 eo:
1152 1753 1188 1805 A
1223 1751 1450 1806 Domino
1496 1767 1711 1822 gressus
1772 1751 2012 1807 hominis
2043 1792 2091 1857 B

364 1841 694 1912 diriguntur
719 1839 891 1910 (Psal.
923 1856 1111 1906 xxxvr,
1144 1839 1254 1910 23).

437 1930 620 2001 (Vers.
653 1929 732 2000 2.)
765 1949 792 1977 »
817 1927 960 1982 Cum
992 1927 1152 1982 omni
1197 1927 1528 1983 humilitate
1580 1932 1638 1984 et
1670 1933 2010 1984 mansuetu-

366 2019 524 2096 dine,
557 2033 695 2073 cum
727 2016 1025 2092 patientia.
1057 2038 1084 2065 ››
1123 2016 1229 2081 Qui
1258 2015 1475 2072 terram
1506 2021 1562 2072 et
1600 2017 1856 2073 cinerem
1885 2032 2014 2073 esse

365 2125 428 2164 se
460 2107 640 2175 novit,
673 2111 730 2161 et
761 2110 891 2176 post
915 2104 1220 2176 paululum
1251 2105 1311 2160 in
1347 2104 1638 2176 pulverem
1685 2105 2012 2162 dissolven-

366 2197 533 2263 dum,
565 2211 868 2266 nunquam
915 2193 1193 2264 superbia
1239 2193 1386 2248 007
1449 2193 1787 2249 elevabitur.
1816 2195 1884 2250 Et
1913 2195 2012 2266 qui

367 2285 470 2341 Dei
501 2283 817 2340 aaternitate
849 2287 1172 2355 perspecta,
1207 2282 1377 2337 breve
1406 2285 1462 2337 et
1510 2298 1656 2354 pene
1697 2284 1766 2338 ad
1813 2283 2014 2355 puncti

368 2374 558 2450 instar
576 2372 844 2427 humanae
875 2371 1000 2425 vitze
1033 2370 1293 2442 spatium
1325 2370 1614 2442 cogitarit,
1648 2376 1783 2426 ante
1816 2371 2014 2426 oculos

367 2478 510 2518 suos
537 2477 766 2532 semper
794 2458 1031 2514 habebit
1062 2459 1385 2529 interitum,
1419 2464 1477 2514 et
1507 2459 1615 2514 erit
1648 2459 1894 2534 humilis
1927 2465 2013 2515 at-

368 2568 482 2624 que
513 2548 1108 2620 dejectus.Corruptite
1143 2549 1297 2603 enim
1342 2564 1536 2618 corpus
1583 2557 1845 2619 aggravat
1890 2551 2012 2604 ani-

349 2657 541 2709 mam,
572 2643 624 2694 et
668 2641 946 2693 terrenum
992 2637 1091 2693 hoc
1121 2637 1536 2692 tabernaculum
1580 2653 1799 2693 sensum
1829 2640 2016 2710 appri-

371 2731 475 2784 mit
499 2728 674 2783 multa
693 2730 972 2782 curantem
1004 2725 1158 2798 (Sap.
1195 2743 1268 2793 IX,
1302 2727 1410 2797 15).
1440 2726 1680 2798 Propter
1705 2728 1858 2798 quod
1882 2743 2016 2782 cum

376 2817 538 2874 omni
569 2815 905 2872 humilitate
934 2815 1201 2871 dicamus
1230 2833 1243 2870 :
1276 2816 1520 2879 Domine,
1550 2831 1658 2871 non
1692 2820 1768 2871 est
1797 2816 2017 2872 exalta-

377 2913 494 2962 tum
539 2922 633 2962 cor
678 2922 880 2972 meum,
929 2920 1103 2976 neque
1142 2905 1276 2960 elati
1319 2913 1447 2960 sunt
1516 2905 1662 2960 oculi
1708 2908 1819 2960 mei
1847 2907 2018 2977 (Psal.

378 3013 544 3066 cxxx,
577 2996 650 3066 1).
685 2993 890 3049 Omnis
920 2999 1112 3048 autem
1145 2993 1468 3062 humilitas,
1503 3010 1619 3048 non
1665 2999 1786 3048 tam
1811 2994 1869 3048 in
1903 3011 2022 3050 ser-

380 3101 555 3141 mone
595 3100 772 3155 quam
815 3081 875 3137 in
925 3085 1119 3137 mente
1164 3087 1272 3149 est,
1325 3086 1390 3136 ut
1435 3080 1691 3136 humiles
1742 3099 1848 3138 nos
1897 3099 2026 3139 esse

2115 512 2269 582 quod
2301 511 2452 566 inter
2483 527 2544 565 se
2575 510 2820 566 invicem
2854 510 3137 566 sufferant
3170 526 3183 566 :
3216 512 3316 565 sed
3351 510 3412 564 hi
3456 511 3553 583 qui
3589 510 3757 582 quasi

2116 599 2384 655 homines
2429 599 2625 672 aliqua
2655 600 2845 655 adhuc
2905 599 3176 670 passione
3235 605 3607 671 superantur.
3643 600 3760 656 Nec

2118 689 2334 744 mirum
2367 690 2416 744 si
2450 690 2656 760 Ephesi
2690 689 2808 744 hinc
2840 689 3082 744 audiant
3111 705 3243 743 cum
3287 689 3348 744 in
3380 688 3761 744 multitudine

2118 777 2477 832 credentium
2513 777 2632 832 sint
2660 776 2845 849 aliqui
2871 777 2970 849 qui
3002 776 3192 832 adhuc
3243 776 3489 832 invicem
3521 777 3762 834 sufferre

2119 882 2181 920 se
2211 866 2477 935 debeant,
2510 870 2628 921 Hoc
2661 866 2855 936 ipsum
2891 865 3034 920 mihi
3060 866 3292 921 videtur
3341 865 3669 937 signiﬁcare
3701 869 3762 921 et

2117 953 2263 1008 illud
2295 955 2449 1025 quod
2480 955 2551 1008 ad
2582 953 2817 1009 Galatas
2849 954 3126 1009 scribitur
3159 970 3172 1009 :
3205 954 3552 1009 Alterutrum
3593 970 3765 1010 onera

2117 1051 2296 1098 vestra
2322 1047 2536 1114 portate
2566 1042 2766 1114 (Galat.
2799 1060 2877 1110 vr,
2910 1043 2987 1113 2).
3017 1043 3337 1099 Possumus
3366 1059 3504 1116 ergo
3535 1048 3763 1101 utrum-

2119 1149 2232 1203 que
2262 1131 2667 1188 testimonium
2699 1136 2756 1187 et
2784 1131 2953 1187 aliter
2983 1132 3350 1204 interpretari
3377 1150 3390 1188 :
3425 1136 3491 1188 ut
3509 1131 3599 1188 vel
3629 1131 3767 1189 alte-

2120 1225 2348 1276 rutrum
2381 1237 2557 1277 onera
2591 1225 2840 1292 portare,
2872 1220 2960 1275 vel
2995 1221 3236 1276 suﬂ'erre
3269 1221 3512 1277 invicem
3544 1221 3603 1278 in
3635 1221 3764 1278 cha—
3837 1261 3840 1263 ›

2120 1310 2312 1374 ritate,
2340 1316 2395 1365 et
2425 1326 2524 1365 eos
2554 1309 2845 1382 complere
2875 1310 3161 1376 dicamus,
3196 1311 3294 1381 qui
3343 1311 3552 1367 divites
3601 1314 3763 1378 sunt,

2119 1402 2176 1453 et
2205 1398 2460 1470 inopiam
2496 1415 2821 1470 pauperum
2855 1399 3181 1454 sublevant.
3209 1399 3269 1454 Si
3299 1399 3432 1470 quis
3462 1399 3765 1472 aegrotanti

2119 1487 2282 1541 fratri
2315 1488 2532 1558 praabet
2561 1488 2928 1559 obsequium,
2971 1488 3174 1543 suffert
3203 1504 3336 1544 eum
3369 1487 3428 1544 in
3460 1488 3761 1545 charitate.

2118 1575 2174 1630 Si
2207 1576 2341 1646 quis
2372 1576 2428 1631 in
2462 1575 2728 1631 ccelibatu
2761 1576 2991 1631 beatam
3012 1577 3344 1649 transigens
3374 1577 3763 1646 vitam,alium

2120 1665 2220 1736 qui
2241 1668 2297 1719 et
2327 1681 2564 1720 uxorem
2589 1665 2765 1720 habet
2785 1669 2840 1720 et
2860 1665 3158 1732 1iberos,et
3178 1665 3439 1737 seipsum
3461 1667 3554 1722 vix
3575 1672 3768 1740 potest

2121 1769 2378 1825 pascere,
2412 1754 2721 1824 adjuverit,
2752 1758 2809 1809 et
2841 1759 3140 1826 utcunque
3171 1759 3382 1826 potest,
3435 1755 3610 1812 fuerit
3638 1773 3769 1811 con-

2123 1839 2368 1909 solatus,
2402 1842 2658 1898 alienum
2698 1859 2847 1898 onus
2900 1849 3164 1915 portasse
3217 1843 3371 1899 608
3429 1843 3771 1902 laudabitur

2121 1930 2224 1986 Est
2255 1932 2355 2003 qui
2386 1937 2630 1986 matrem
2661 1930 2748 1986 vel
2782 1948 3040 1986 sororem
3071 1931 3307 1987 viduam
3354 1949 3597 1989 cernens
3646 1950 3769 2005 ege-

2124 2023 2273 2074 state
2303 2020 2621 2088 tabescere,
2657 2035 2772 2074 non
2806 2025 2998 2090 potest
3029 2020 3304 2090 adjuvare
3337 2038 3349 2076 :
3385 2021 3522 2077 huic
3555 2023 3605 2077 si
3636 2022 3770 2094 quis

2124 2107 2444 2178 porrexerit
2493 2120 2755 2173 manum,
2813 2108 3096 2163 sustinuit
3139 2125 3271 2163 eum
3331 2109 3392 2163 in
3462 2109 3768 2167 charitate.

2123 2196 2250 2251 Sive
2271 2201 2464 2252 autem
2485 2196 2844 2267 superiorem
2873 2197 3262 2262 sensum,sive
3277 2198 3656 2269 posteriorem
3683 2215 3782 2269 se-_

2125 2301 2398 2355 quamur:
2420 2301 2524 2339 nec
2548 2288 2882 2356 peccantem
2915 2285 3289 2351 fratrem,nec
3306 2285 3539 2358 inopem
3563 2304 3768 2343 conso-

2124 2371 2300 2440 latur,
2323 2373 2421 2444 qui
2455 2390 2568 2428 non
2604 2371 3217 2442 habetcharitatem,et
3247 2375 3570 2430 contemnit
3594 2376 3772 2431 verba

2123 2461 2379 2532 Apostoli
2430 2461 2858 2516 commonentis
2898 2462 3204 2517 :Debemus
3257 2468 3448 2519 autem
3499 2480 3618 2533 nos,
3676 2467 3774 2536 qui

2123 2553 2371 2622 fortiores
2426 2566 2615 2605 sumus
2659 2551 3010 2620 inﬁrmitates
3041 2551 3471 2607 imbecilliorum
3523 2559 3763 2624 portare,

2126 2650 2175 2697 et
2203 2656 2311 2696 non
2367 2640 2761 2710 nobismetipsis
2785 2640 3004 2711 placere
3035 2640 3210 2710 (Rom.
3244 2658 3335 2710 xv,
3364 2644 3437 2712 1).

2199 2728 2383 2800 (Vers.
2429 2729 2481 2796 3,
2515 2727 2591 2798 4.)
2628 2750 2656 2777 ‹‹
2690 2726 2934 2783 Solliciti
2984 2744 3211 2784 servare
3260 2730 3544 2785 unitatem
3599 2731 3772 2802 spiri-

2127 2823 2225 2874 tus
2255 2817 2314 2872 in
2344 2815 2576 2872 vinculo
2611 2816 2791 2887 pacis.
2824 2815 3018 2871 Unum
3066 2833 3302 2890 curpus,
3333 2823 3389 2873 et
3419 2835 3572 2874 unus
3603 2818 3774 2891 spiri-

2131 2912 2249 2977 tus,
2282 2906 2435 2960 sicut
2463 2909 2520 2960 et
2547 2904 2732 2959 vocati
2764 2905 2907 2960 estis
2937 2904 2997 2959 in
3034 2922 3149 2960 una
3179 2922 3282 2977 spe
3330 2906 3653 2962 vocationis
3681 2922 3777 2962 ve-

2134 3000 2287 3050 strae.
2320 3016 2349 3043 ››
2381 2993 2650 3064 Ephesiis
2681 2992 2780 3064 qui
2795 2995 2921 3064 jam
2953 2994 3239 3048 unitatem
3286 2994 3542 3066 Spiritus
3593 2996 3781 3051 sancti

2134 3084 2367 3138 fuerant
2415 3081 2732 3148 consecuti,
2769 3086 2922 3137 recte
2975 3081 3192 3137 dicitur
3225 3100 3237 3136 :
3272 3082 3510 3138 Solliciti
3567 3099 3784 3140 servare

382 3173 757 3243 conscientia,
803 3171 1046 3239 noverit,
1093 3187 1396 3242 nunquam
1450 3187 1554 3226 nos
1603 3170 1692 3225 vel
1740 3171 1907 3240 scire,
1941 3172 2028 3228 vel
2063 3157 2104 3224 C
2143 3175 2413 3228 unitatem
2442 3171 2670 3241 spiritus
2699 3187 2760 3224 in
2789 3169 3014 3225 vinculo
3055 3172 3224 3242 pacis.
3271 3172 3378 3238 Qui
3436 3173 3594 3229 enim
3643 3173 3783 3245 quid

381 3261 731 3334 intelligere,
762 3259 850 3315 vel
891 3275 1018 3314 esse
1066 3257 1287 3331 aliquid
1333 3259 1711 3314 aestimemus.
1755 3259 2030 3317 Mansue-

379 3353 524 3407 tudo
557 3366 792 3422 quoque
822 3348 926 3404 illa
954 3352 1195 3420 est,quaa
1228 3347 1388 3403 nulla
1419 3349 1689 3419 passione
1719 3350 2026 3418 turbatur;

379 3444 438 3496 et
467 3438 800 3512 specialiter
824 3436 913 3493 ira
942 3441 999 3493 et
1027 3438 1220 3493 furore
1242 3454 1358 3492 non
1393 3436 1904 3508 rumpitur.Quam
1929 3439 2031 3510 qui

375 3526 670 3595 habuerit,
703 3526 1280 3598 beatitudinem,quae
1312 3526 1545 3581 Domini
1571 3541 1706 3582 voce
1738 3528 2032 3600 promissa

378 3622 491 3680 est,
520 3620 914 3688 consequetur
947 3631 959 3671 :
993 3620 1059 3670 ut
1089 3615 1384 3686 possideat
1422 3619 1658 3684 terram,
1692 3616 1747 3670 id
1781 3621 1888 3686 est,
1920 3617 2028 3672 im-

380 3710 544 3779 peret
573 3705 797 3776 corpori
829 3720 960 3769 suo,
993 3703 1442 3776 domineturque
1470 3705 1738 3776 subjecto
1776 3723 1788 3773 ;
1823 3711 1880 3761 et
1913 3709 2031 3761 haec

383 3795 463 3851 sit
493 3796 624 3865 ejus
654 3793 846 3866 prima
872 3792 1196 3860 haereditrs,
1245 3792 1306 3847 in
1337 3809 1510 3849 carne
1560 3810 1676 3849 non
1724 3794 2034 3850 carnaliter

379 3884 597 3937 vivere.
628 3879 908 3937 Nonnulli
942 3885 1149 3953 rugata
1179 3881 1387 3949 fronte,
1408 3881 1664 3937 demisso
1695 3882 2032 3954 supercilio,

348 3969 352 3972 ’
381 3971 697 4043 verbisque
724 3969 1052 4041 trutinatis,
1085 3970 1491 4025 auctoritatem
1539 3970 1652 4024 sibi
1703 3971 2031 4038 doctorum,

386 4059 735 4131 etjudicum
764 4059 1216 4128 vindicant.Non
1241 4075 1356 4130 quo
1387 4058 1500 4130 ipsi
1531 4058 1777 4132 dignum
1810 4059 2034 4132 aliquid

386 4148 723 4221 arrogantia
755 4148 1020 4203 noverint
1053 4164 1065 4202 :
1093 4149 1193 4202 sed
1227 4147 1382 4219 quod
1433 4147 1730 4219 simplices
1771 4164 2036 4221 quosque

386 4237 663 4306 fratrum,
719 4236 807 4291 sui
861 4236 1126 4307 quaedam
1176 4235 1409 4292 videant
1454 4237 1888 4308 comparatione
1935 4253 2034 4293 ne-

385 4325 562 4381 scire.

466 4437 496 4464 ‹‹
529 4414 880 4470 Suti'erentes
912 4413 1158 4470 invicem
1208 4413 1266 4468 in
1296 4413 1598 4470 charitate.
1632 4436 1660 4464 »
1695 4414 1755 4469 Si
1787 4415 1918 4486 quis
1950 4415 2037 4470 in-

2138 3262 2332 3328 habet,
2367 3259 2635 3316 servandi
2667 3259 2752 3313 illi
2784 3259 3121 3314 sollicitudo
3152 3259 3505 3332 praecipitur.
3539 3262 3645 3328 Qui
3680 3279 3780 3317 au-

2140 3357 2256 3408 tem
2288 3366 2402 3405 non
2437 3349 2629 3415 habet,
2665 3349 2928 3404 studium
2959 3347 3044 3402 illi
3076 3352 3141 3403 ut
3181 3347 3394 3404 habere
3436 3349 3643 3417 valeat,
3675 3350 3785 3405 im-

2140 3444 2395 3512 peratur.
2427 3437 2531 3491 Hic
2561 3436 2726 3493 locus
2755 3436 2842 3492 vel
2875 3437 3130 3492 maxime
3151 3437 3462 3493 adversum
3481 3437 3784 3496 haereticos

2140 3528 2296 3594 facit,
2329 3525 2452 3598 qui,
2483 3525 2642 3598 pacis
2669 3524 2903 3580 vinculo
2933 3524 3217 3597 dissipato
3266 3528 3442 3597 atque
3489 3531 3782 3600 corrupto,

2140 3619 2349 3689 putant
2378 3631 2439 3670 se
2487 3619 2685 3670 tenere
2733 3613 2977 3686 spiritus
3031 3613 3316 3670 unitatem
3353 3631 3529 3671 :cum
3585 3616 3783 3672 unitas

2140 3705 2382 3778 spiritus
2414 3703 2472 3758 in
2507 3704 2667 3776 pacis
2693 3703 2923 3758 vinculo
2955 3705 3602 3770 conservetur.Quando
3629 3706 3785 3761 enim

2141 3810 2256 3850 non
2292 3793 2550 3864 idipsum
2582 3808 2787 3848 omnes
2822 3791 3140 3864 loquimur,
3175 3797 3232 3847 et
3281 3792 3433 3849 alius
3463 3793 3638 3849 dicit:
3679 3795 3787 3866 Ego

2140 3900 2262 3938 sum
2293 3883 2476 3948 Pauli,
2531 3897 2626 3950 ego
2682 3882 2890 3953 Apollo,
2950 3898 3044 3952 ego
3103 3881 3291 3952 Cepha:
3360 3882 3408 3953 (I
3432 3885 3556 3938 Cor.
3609 3900 3648 3950 ι,
3681 3885 3790 3955 12),

2144 3971 2467 4026 dividimus
2499 3970 2742 4043 spiritus
2765 3970 3068 4040 unitatem,
3103 3975 3160 4025 et
3216 3987 3345 4025 eam
3399 3970 3464 4024 in—
3507 3975 3702 4041 partes
3730 3988 3794 4027 ac

2142 4060 2959 4131 membradiscerpimus.Nec
2983 4059 3183 4114 statim
3209 4057 3422 4129 aliquis
3444 4057 3589 4113 illud
3611 4075 3792 4131 oppo-

2143 4154 2274 4204 nat:
2314 4149 2607 4220 quomodo
2641 4164 2776 4220 ergo
2806 4148 3044 4203 diversa
3086 4151 3224 4201 sunt
3273 4147 3476 4217 gratia
3528 4152 3585 4201 et
3634 4146 3801 4203 varia

2144 4238 2518 4306 charismata,
2554 4253 2687 4291 cum
2748 4237 2942 4292 unitas
2991 4233 3376 4290 custodienda
3406 4235 3483 4290 sit
3515 4235 3802 4308 spiritus?

2145 4329 2295 4382 Sunt
2323 4326 2559 4398 quidem
2591 4325 2759 4380 varias
2791 4324 3266 4392 donationes,sed
3296 4323 3356 4378 in
3378 4325 3586 4380 eodem
3618 4324 3801 4397 spiri-

2147 4416 2260 4469 ritu
2292 4431 2306 4468 :
2341 4419 2397 4468 et
2426 4413 2655 4469 diversa
2685 4412 3032 4483 ministeria,
3064 4413 3161 4468 sed
3195 4413 3350 4468 idem
3383 4413 3668 4470 Dominus
3702 4418 3796 4470 :et

386 4501 607 4574 telligit
638 4503 772 4575 quid
827 4503 923 4571 sit,
978 4503 1297 4574 sufferentes
1346 4504 1583 4558 invicem
1631 4506 1690 4557 in
1739 4505 2034 4574 charitate,
2069 4526 2115 4590 Β
2148 4502 2506 4574 multiplices
2534 4501 3175 4590 Operationes,sedipse
3209 4507 3358 4557 Deus
3389 4502 3490 4573 qui
3520 4506 3797 4574 operatur

390 4608 510 4648 non
543 4591 775 4663 putabit
805 4592 865 4647 in
897 4596 1130 4648 sanctos
1177 4592 1331 4646 viros
1368 4591 1475 4646 hoc
1523 4592 1830 4648 convenire
1872 4609 2037 4648 man-

395 4681 600 4736 datum
635 4698 647 4736 :
683 4697 881 4736 verum
916 4681 973 4735 in
1007 4697 1104 4736 eos
1137 4679 1238 4752 qui
1275 4685 1414 4736 sunt
1444 4680 1501 4735 in
1533 4680 1815 4736 virtutum
1861 4681 2045 4737 initiis

397 4807 460 4860 In
493 4803 685 4876 primo
707 4803 930 4875 itaque,
962 4804 1218 4860 secundo
1249 4807 1306 4876 et
1337 4807 1544 4876 quarto
1573 4804 1764 4876 capite
1780 4804 2048 4876 Threno-

397 4875 746 4948 rum,_idem
781 4892 845 4930 ac
877 4876 1125 4948 simplex
1142 4880 1231 4931 est
1255 4875 1641 4948 alphabetum
1674 4875 1886 4948 viginti
1911 4877 2052 4931 dua-

398 4949 512 5002 bus
539 4945 772 5019 litteris,
809 4945 2048 5019 metroquequasi'Sapphicoconipositum;

343 5021 354 5026 ’
398 5019 458 5072 in
494 5018 668 5072 tertio
700 5023 895 5073 autem
920 5018 1171 5090 capitulo
1188 5019 1343 5073 aliud
1361 5024 1450 5074 est
1473 5018 2053 5090 alphabetum,quasi

393 5092 665 5144 trimetro
731 5091 990 5145 carmine
1044 5090 1351 5160 scriptum,
1402 5095 1520 5144 tres
1581 5090 1803 5144 habens
1852 5107 2052 5146 versus

403 5162 513 5216 sub
534 5177 890 5232 unaquaque
907 5161 1100 5216 littera
1119 5161 1399 5216 Hebraica
1421 5167 1510 5216 ter
1531 5161 1722 5232 posita
1743 5177 2056 5217 connexos.

401 5232 550 5286 Vide
579 5232 984 5288 adnotationes
1017 5238 1244 5288 nostras
1274 5232 1881 5288 inLamentationibus
1903 5237 2059 5290 Jere-

403 5304 556 5358 mite.
594 5303 782 5358 Msa'r.
816 5334 885 5343 ——
917 5303 1000 5357 Ita
1029 5309 1087 5357 et
1119 5303 1321 5374 nostri,
1359 5309 1486 5375 post
1517 5303 2059 5372 Martianaaum,co—

404 5376 590 5446 dices.
627 5375 808 5446 quue
850 5375 1114 5446 omnium
1161 5375 1463 5429 verissime
1496 5391 1510 5439 ;
1545 5375 1869 5446 secundum
1903 5376 2058 5430 enim

404 5445 791 5518 alphabetum
826 5445 972 5501 illud
1018 5446 1404 5518 Hieronymus
1452 5445 1752 5518 appellat,_
1781 5448 1935 5518 quod
1988 5447 2059 5502 ab

339 5575 346 5579 _
408 5516 592 5572 altero
628 5517 929 5572 diversum
960 5522 1068 5572 est.
1095 5516 1268 5589 Porro
1316 5534 1382 5572 ex
1424 5516 1674 5588 quatuor
1704 5516 2058 5589 alphabetis,

411 5589 631 5668 quibqs
664 5589 1132 5668 Lamentationes
1163 5587 1423 5668 Jeremize
1443 5587 1906 5668 iconstan_t,_‘ipso
1938 5589 2064 5668 Hie-

333 5663 344 5674 “
415 5659 662 5746 ronymo
692 5666 861 5733 teste,
896 5683 924 5714 «
957 5661 1079 5720 Duo
1110 5659 1302 5736 prima
1331 5661 1501 5744 quasi
1532 5659 1823 5747 Sapphico
1873 5665 2061 5721 metro

2150 4591 2349 4647 omnia
2377 4590 2435 4645 in
2468 4590 2743 4646 omnibus
2774 4591 2823 4658 (Ι
2851 4589 2968 4646 Cor.
3018 4607 3120 4657 xu,
3172 4591 3223 4657 4,
3275 4591 3353 4657 6).
3405 4589 3567 4652 Quod
3600 4595 3801 4645 autem

2155 4680 2236 4736 ait
2269 4697 2281 4736 :
2313 4681 2488 4736 Unum
2515 4695 2728 4750 corpus,
2759 4683 2813 4734 et
2845 4695 2989 4735 unus
3019 4679 3269 4750 spiritus,
3321 4677 3409 4733 vel
3457 4677 3806 4749 simpliciter

2158 4803 2375 4876 scripta
2404 4807 2564 4871 sunt,
2593 4803 2732 4875 quia
2763 4808 2878 4859 tres
2909 4801 3255 4876 versiculos,
3281 4802 3383 4876 qui
3410 4801 3527 4876 sibi
3561 4801 3805 4876 connexi

2159 4872 2316 4942 sunt,
2352 4876 2504 4931 etab
2556 4872 2672 4930 una
2723 4881 2952 4930 tantum
3004 4875 3198 4930 littera
3242 4872 3554 4945 incipiunt,
3590 4873 3808 4929 heroici

2160 4964 2390 5003 comma
2421 4947 2742 5006 concludit.
2779 4970 2808 4995 ››
2841 4948 2960 5014 Et,«
2996 4947 3284 5017 Quartum,
3314 4945 3692 5017 alphabetum
3722 4945 3805 5000 si-

2163 5019 2300 5074 mile
2326 5020 2626 5090 estprimo
2659 5025 2715 5072 et
2743 5018 3024 5090 secundo;
3045 5037 3070 5068 ι)
3107 5017 3262 5071 unde
3277 5016 3396 5072 haec
3428 5018 3541 5090 tria
3558 5033 3660 5090 pro
3686 5033 3802 5072 uno

2163 5096 2389 5145 tantum
2425 5087 2518 5143 hic
2550 5090 2726 5144 habet
2758 5105 2770 5142 :
2810 5110 2836 5137 ‹‹
2873 5088 3145 5160 Tertium
3165 5103 3319 5156 vero,
3356 5087 3511 5160 quod
3542 5087 3807 5144 trimetro

2166 5162 2450 5232 scriptum
2475 5165 2582 5229 est,
2614 5165 2668 5215 et
2700 5176 2733 5214 a
2763 5158 2943 5232 ternis
2979 5158 3206 5224 litteris,
3260 5158 3606 5232 sed‘iisdem
3642 5182 3668 5214 »
3700 5164 3816 5232 ter-

2168 5248 2272 5286 nos
2288 5229 2506 5302 'incipit
2534 5230 3314 5313 versus,‘hic.pro_secundo
3359 5229 3820 5313 alphab.cto,sive

2169 5320 2276 5375 pro
2301 5319 2386 5370 eo,
2422 5300 2575 5372 quod
2610 5306 2697 5356 est
2727 5302 2797 5356 ab
2830 5300 2960 5375 aliis
2990 5303 3308 5375 diversum,
3354 5300 3686 5358 rectissime
3718 5319 3820 5358 ac-

2168 5373 2328 5445 cipit.
2362 5378 2480 5428 Hoc
2511 5377 2706 5427 autem
2740 5390 2772 5427 a
2800 5373 2970 5445 tertio
3003 5374 3373 5445 Threnorum
3431 5375 3621 5445 capite
3654 5391 3818 5430 exor-

2170 5444 2334 5501 dium
2369 5447 2550 5499 sumit
2584 5462 2594 5497 :
2631 5461 2757 5515 quas
2789 5444 2975 5498 fraudi
3010 5461 3101 5499 res
3135 5444 3244 5498 fuit
3278 5444 3551 5501 Victorio.
3587 5451 3654 5501 ut
3677 5447 3825 5500 adeo

2170 5516 2408 5572 tertium
2440 5515 2533 5570 hic
2563 5515 2788 5589 laudari
2839 5515 3216 5589 alphabetum
3278 5516 3629 5573 existimarit
3659 5533 3672 5574 :
3700 5518 3824 5576 sio-

2171 5605 2285 5662 que
2314 5593 2528 5645 temere
2559 5587 2618 5642 in
2649 5592 2811 5645 textu
2841 5587 3223 5661 rescripserit.
