4144 6202
391 311 510 378 527

1643 317 1707 376 S.
1754 315 2065 379 EUSEBII
2110 316 2553 379 HIERONYMI

3680 313 3798 377 528

391 466 579 508 unum
610 463 824 522 corpus
856 441 1062 522 Cgristi
1096 447 1460 520 intelligitur,
1491 467 1618 522 quas
1642 455 1730 505 est
1761 449 2032 517 Ecclesia,
2064 459 2115 524 Α
2147 453 2238 505 est
2267 469 2280 505 :
2313 449 2416 506 Sed
2445 451 2600 506 nobis
2623 466 2766 506 unus
2797 450 2936 505 Deus
2985 447 3177 514 Pater,
3225 463 3295 504 ex
3336 461 3438 519 quo
3489 448 3697 518 omnia,
3750 451 3801 503 et

388 538 478 595 vel
510 542 668 594 certe
693 531 850 610 quod
881 554 950 593 ex
977 538 1216 610 Virgine
1245 543 1335 594 est
1383 539 1657 612 dignatus
1684 554 1983 595 assumere
2016 555 2030 593 :

390 644 464 683 ne
492 626 660 684 illum
692 626 931 699 quidem
964 632 1170 700 putent
1200 629 1373 683 toties
1404 627 2034 700 corporatum,quoties

390 716 450 771 in
482 713 670 774 Veteri
685 716 957 789 apparuit
979 717 1366 772 Testamento.
1377 717 1444 772 Et
1466 734 1618 772 unus
1632 717 1883 788 Spiritus
1905 734 2035 772 san-

390 805 520 874 ctus
552 820 566 860 :
601 821 756 862 unus
788 805 1005 877 quippe
1044 804 1368 877 largitor,et
1395 806 1792 861 sanctiﬁcator
1809 810 1898 862 est
1915 821 2034 860 om-

390 894 579 950 nium.
612 893 716 950 Vel
746 899 900 950 certe
932 911 1117 950 unum
1144 911 1379 967 corpus,
1430 895 1502 950 ad
1556 895 1736 950 vitam
1786 896 2033 950 refertur

389 987 448 1039 et
467 999 642 1056 opera
663 1000 788 1054 qua:
809 986 1002 1039 Graece
1024 983 1302 1040 dicuntur
1324 983 1616 1057 πρακτικὸς
1653 981 1857 1058 βίοςεεή
1878 1001 2035 1038 unus

389 1071 654 1146 spiritus,
706 1067 780 1128 ad
817 1071 1088 1128 sientiam
1155 1077 1212 1128 et
1275 1072 1857 1144 contemplationem,
1907 1089 2032 1144 quae

386 1161 621 1234 prOprie
648 1157 914 1217 vereatur
942 1161 1001 1216 in
1033 1161 1290 1233 corde,et
1320 1163 1393 1218 ab
1426 1161 1543 1218 illis
1565 1161 2034 1234 appellaturOew-

387 1248 497 1322 ρία.
532 1243 676 1306 Cum
705 1267 841 1324 ergo
873 1251 1206 1307 membrum
1238 1252 1372 1323 quis
1404 1251 1577 1306 fuerit
1615 1250 1906 1320 Ecclesiae,
1930 1261 2035 1306 nec

387 1340 460 1396 ab
475 1355 590 1394 uno
621 1340 749 1410 ejus
778 1338 988 1412 spiritu
1019 1345 1345 1413 separatus,
1379 1346 1804 1412 consequenter
1832 1340 1942 1395 erit
1974 1338 2033 1392 in

386 1443 506 1484 una
544 1444 648 1502 spe
693 1429 1032 1486 vocationis.
1087 1429 1374 1494 Quaeritur
1429 1429 1721 1501 quomodo
1754 1446 1871 1483 una
1901 1444 2034 1500 spes

383 1517 704 1598 vocationis
745 1520 927 1588 (Joan,
974 1536 1089 1575 xxv.
1135 1520 1212 1591 2).
1259 1519 1356 1584 sit,
1419 1535 1553 1574 cum
1598 1518 1752 1590 apud
1802 1521 2034 1574 Patrem

383 1605 625 1663 diversas
657 1605 810 1662 609
839 1607 958 1662 sint
983 1607 1340 1662 mansiones.
1366 1608 1449 1662 Ad
1484 1608 1845 1679 quod,unam
1870 1621 2033 1678 spem

381 1693 728 1760 vocationis,
759 1711 1003 1768 regnum
1030 1696 1503 1768 coelorum,quasi
1535 1713 1712 1751 unam
1747 1696 1987 1750 domum
2016 1695 2031 1728 ¹

383 1770 487 1838 Dei
515 1781 703 1838 Patris
733 1795 859 1839 esse
901 1781 1165 1838 dicemus
1208 1784 1315 1851 [Αἰ.
1362 1783 1660 1854 dicimus],
1710 1787 1766 1837 et
1817 1781 1877 1836 in
1921 1796 2037 1835 una

383 1871 558 1927 domo
587 1871 777 1927 varias
808 1871 1163 1928 mansiones.
1190 1872 1324 1928 Alia
1351 1875 1499 1927 enim
1528 1873 1705 1943 gloria
1733 1871 1884 1939 solis,
1917 1870 2031 1925 alia

385 1950 560 2027 lunae,
607 1961 724 2017 alia
765 1961 1059 2017 stellarum
1117 1961 1164 2032 (ι
1195 1961 1311 2017 Cor.
1348 1979 1441 2029 xv,
1487 1961 1594 2030 41).
1632 1964 1749 2015 Aut
1780 1963 1931 2014 certe
1962 1957 2029 2012 il-

383 2039 487 2106 lud
545 2049 823 2106 subtilius
862 2049 1174 2122 indicatur,
1217 2051 1372 2122 quod
1407 2051 1465 2104 in
1500 2051 1613 2105 ﬁne
1661 2054 1717 2105 et
1763 2065 2035 2104 consum-

386 2138 644 2194 matiOne
699 2156 895 2196 rerum
939 2139 1000 2194 in
1049 2139 1366 2212 pristinum
1421 2143 1639 2194 statum
1674 2137 2036 2194 restituenda

385 2225 526 2295 sint,
579 2227 779 2284 omnia
817 2229 1052 2300 quando
1100 2245 1305 2284 omnes
1338 2245 1522 2284 unum
1554 2245 1766 2300 corpus
1813 2227 2033 2283 efﬁcie-

386 2333 541 2386 mur,
575 2321 633 2373 et
660 2317 721 2372 in
763 2317 955 2372 virum
1015 2317 1334 2389 perfectum
1393 2318 1842 2373 reformabimus
1872 2317 2033 2388 (vers.

389 2403 482 2476 13)
516 2421 530 2460 :
562 2409 619 2460 et
647 2405 833 2462 oratio
864 2422 966 2478 pro
1005 2406 1174 2462 nobis
1219 2405 1536 2461 Salvatoris
1586 2406 1928 2478 implebitur
1967 2405 1987 2438 ²
2019 2421 2030 2457 :

385 2493 572 2565 Pater,
604 2493 674 2549 da
700 2497 779 2561 ut,
813 2495 1074 2565 quomodo
1103 2511 1198 2565 ego
1227 2503 1278 2551 et
1333 2498 1393 2549 tu
1444 2512 1618 2550 unum
1646 2511 1854 2557 sumus,
1884 2495 1962 2547 sic
1990 2500 2042 2548 et

389 2582 489 2636 isli
514 2583 576 2637 in
602 2581 758 2638 nobis
787 2599 961 2638 unum
994 2584 1108 2637 sint
1138 2583 1320 2654 (Joan.
1354 2600 1495 2648 xvu,
1521 2583 1634 2654 21).
1677 2583 1801 2637 Non
1835 2582 2038 2652 ignoro

384 2669 447 2724 in
477 2686 544 2726 eo
575 2671 730 2743 quod
754 2662 909 2727 nu'nc
931 2671 1203 2744 exsposui
1226 2688 1240 2728 :
1267 2672 1504 2727 Solliciti
1530 2687 1749 2726 servare
1773 2672 2041 2725 unitatem

385 2759 615 2832 spiritus
657 2761 719 2815 in
749 2761 965 2818 vinculo
992 2762 1170 2832 pacis,
1202 2761 1486 2833 Spiritum
1530 2778 1564 2816 a
1595 2759 1890 2832 plerisque
1921 2775 2038 2814 non

384 2852 658 2906 sanctum
688 2847 894 2921 accipi,
927 2849 1028 2906 sed
1060 2849 1334 2906 affectum
1365 2850 1578 2906 mentis
1601 2854 1774 2921 atque
1805 2854 2038 2904 senten-

385 2936 553 3005 tiam,
577 2939 748 3011 juxta
777 2955 954 3011 quam
985 2940 1250 2995 omnium
1284 2938 1644 2994 credentium
1677 2943 1800 2994 erat
1841 2938 2040 2993 anima

388 3030 447 3083 et
477 3043 576 3084 cor
607 3044 792 3084 unum
824 3029 974 3100 (Act.
1011 3045 1085 3098 1v,
1125 3029 1237 3097 32).
1272 3029 1339 3084 Et
1395 3028 1467 3083 ab
1525 3027 1799 3100 Apostolo
1829 3026 2039 3099 virgini

389 3115 726 3189 praecipitur
757 3134 770 3171 :
803 3121 862 3172 ut
890 3119 962 3173 sit
979 3123 1171 3174 sancta
1196 3125 1247 3173 et
1276 3134 1509 3190 corpore
1537 3123 1592 3173 et
1613 3118 1813 3190 spiritu
1839 3119 1886 3187 (l
1916 3116 2037 3172 Cor.

2143 555 2284 594 unus
2311 541 2571 594 Dominus
2601 543 2781 595 noster
2806 541 2962 595 Iesus
2989 538 3259 602 Christus,
3279 551 3378 607 per
3407 552 3564 607 quem
3586 531 3814 604 omnia,‘

2144 637 2195 683 et
2238 645 2336 684 nos
2368 644 2466 700 per
2496 631 2676 701 ipsum
2717 631 2765 696 (Ι
2793 630 2912 684 Cor.
2961 644 3083 695 vm,
3125 627 3201 698 6).
3257 625 3417 682 Sicut
3451 625 3608 682 enim
3641 626 3798 681 610

2145 717 2260 773 Deo
2294 717 2444 772 Patri
2478 735 2589 773 non
2642 717 2848 773 adimit
2882 717 3064 772 Filius
3097 731 3169 771 ne
3203 716 3484 770 Dominus
3525 715 3624 781 sit,
3660 729 3795 770 cum

2147 807 2426 862 Dominus
2457 807 2616 862 solus
2645 807 2770 879 ipse
2799 807 3030 862 dicatur
3061 823 3074 860 :
3100 805 3182 860 it'a
3206 810 3263 860 et
3287 803 3430 860 Filio
3464 821 3577 859 non
3608 804 3798 858 aufert

2142 895 2311 951 Pater
2339 901 2405 951 ut
2435 896 2589 952 Deus
2618 895 2714 964 sit,
2746 897 2844 968 qui
2880 895 3049 950 Pater
3079 899 3227 950 Deus
3249 893 3660 950 tantummodo
3691 908 3794 948 no-

2145 985 2422 1040 minatur.
2458 985 2732 1056 Legimus
2765 989 2823 1040 et
2855 985 2911 1038 in
2945 984 3056 1039 alio
3090 983 3214 1039 loco
3271 999 3284 1037 :
3349 986 3416 1040 Et
3442 984 3630 1038 scitote
3658 997 3792 1052 quo-

2143 1076 2297 1128 niam
2328 1076 2602 1129 Dominus
2633 1076 2746 1145 ipse
2772 1076 2849 1128 est
2883 1073 3206 1144 Deus(Psal.
3239 1072 3453 1140 xcrx,‘2)
3479 1088 3492 1139 ;
3527 1073 3585 1126 et
3611 1069 3752 1126 alibi
3777 1085 3791 1126 :

2146 1165 2413 1219 Dominus
2443 1164 2581 1218 Deus
2618 1165 2764 1230 tuus,
2797 1163 2937 1218 Deus
2983 1178 3125 1217 unus
3170 1165 3250 1216 est
3297 1161 3477 1231 (Deut.
3510 1176 3588 1227 v1,
3620 1159 3694 1230 4).
3736 1157 3797 1214 Si

2145 1251 2321 1319 enim,
2356 1257 2419 1307 ut
2457 1251 2799 1307 existimant
2843 1251 3066 1319 Ariani,
3116 1250 3272 1306 Deus
3316 1249 3486 1305 Pater
3514 1247 3676 1304 solus
3705 1251 3800 1304 est

2145 1341 2528 1406 Deus,eadem
2549 1338 2984 1412 consequentia,
3007 1338 3169 1394 solus
3192 1339 3302 1395 erit
3323 1339 3605 1394 Dominus
3622 1341 3798 1394 Jesus

2145 1429 2495 1498 Cbristus,et
2514 1446 2615 1485 nec
2647 1430 2816 1485 Pater
2840 1429 2949 1484 erit
2972 1429 3390 1496 Dominus,nec
3413 1419 3597 1482 Filius
3625 1427 3795 1492 Deus,

2145 1518 2256 1574 Sed
2281 1520 2454 1590 absit,
2487 1523 2552 1573 ut
2582 1535 2697 1574 non
2731 1519 2827 1590 sit,
2853 1518 2938 1574 vel
2973 1519 3032 1573 in
3065 1517 3464 1573 dominatione
3493 1514 3799 1581 deitas,vel

2147 1608 2202 1661 in
2237 1608 2448 1663 deitate
2475 1606 2991 1663 nominatio.Unus
3023 1612 3112 1661 est
3137 1605 3505 1674 Dominus,et
3525 1620 3680 1660 unus
3711 1606 3800 1659 est

2146 1696 2322 1762 Deus,
2355 1696 2494 1768 quia
2526 1696 2708 1752 Patris
2734 1702 2792 1751 et
2830 1695 2958 1750 Filii
2994 1695 3341 1760 dominatio,
3375 1710 3490 1748 una
3519 1693 3797 1748 divinitas

2145 1790 2252 1841 est.
2288 1790 2598 1857 Propterea
2625 1789 2681 1840 et
2711 1785 2857 1840 ﬁdes
2888 1801 3004 1840 una
3024 1783 3406 1856 dicitur,quia
3435 1781 3707 1838 similiter
3734 1781 3797 1836 in

2142 1878 2390 1942 Patrem,
2425 1879 2479 1930 et
2507 1873 2569 1928 in
2604 1873 2834 1941 Filium,
2870 1877 2926 1928 et
2954 1873 3015 1927 in
3047 1871 3330 1944 Spiritum
3360 1873 3630 1927 sanctum
3662 1885 3795 1925 cre-

2141 1963 2356 2018 dimus.
2389 1963 2460 2017 Et
2489 1962 2782 2034 baptisma
2808 1978 3013 2032 unum,
3033 1961 3236 2016 eodem
3269 1959 3426 2015 enim
3457 1960 3713 2024 modo,et
3734 1957 3794 2012 in

2141 2052 2370 2107 Patrem
2401 2056 2457 2106 et
2488 2051 2719 2116 Filium,
2780 2055 2835 2106 et
2883 2051 2942 2104 in
2973 2048 3258 2122 Spiritum
3300 2051 3572 2103 sanctum
3604 2045 3799 2119 bapti-

2142 2141 2444 2196 zamur.Et
2473 2145 2561 2195 ter
2591 2138 2932 2211 mergimur,
2967 2144 3032 2194 ut
3060 2137 3366 2194 Trinitatis
3401 2151 3582 2192 unum
3614 2151 3797 2208 appa-

2149 2235 2268 2285 reat
2323 2234 2776 2285 sacramentum.
2835 2229 2904 2283 Et
2962 2245 3077 2284 non
3111 2227 3479 2300 baptizamus
3510 2226 3570 2280 in
3601 2223 3797 2280 nomi-

2146 2317 2321 2374 nibus
2351 2318 2557 2384 Patris,
2590 2323 2646 2373 et
2679 2318 2825 2383 Filii,
2849 2321 2906 2372 et
2933 2317 3188 2389 Spiritus
3220 2314 3427 2383 sancti,
3461 2315 3562 2371 sed
3595 2314 3653 2368 in
3679 2330 3799 2369 uno

2149 2407 2386 2463 nomine
2415 2407 2635 2478 (Matth.
2670 2423 2868 2475 xxvm,
2904 2406 3015 2473 19),
3047 2405 3202 2477 quod
3243 2404 3589 2476 intelligitur
3623 2407 3798 2459 Deus.

2146 2497 2214 2551 Et
2247 2496 2428 2551 miror
2458 2513 2574 2567 qua
2629 2495 2916 2567 sapientia
2972 2495 3031 2549 in
3093 2512 3210 2550 uno
3258 2491 3560 2560 vocabulo,
3593 2493 3799 2548 eodem

2148 2602 2338 2657 opere,
2380 2589 2437 2640 et
2465 2585 2668 2640 eodem
2701 2588 3087 2654 sacramento,
3121 2589 3341 2639 naturae
3372 2581 3797 2649 diversitatem,

2145 2673 2341 2744 Arius,
2376 2674 2772 2742 Macedonius,
2805 2678 2862 2729 et
2893 2673 3215 2729 Eunomius
3242 2672 3620 2743 suspicentur
3644 2672 3802 2740 (con-

2146 2764 2421 2819 cordante
2472 2763 2531 2818 in
2579 2764 2878 2835 impietate
2928 2762 3264 2832 discordia),
3314 2767 3372 2816 et
3417 2763 3696 2816 creatura
3736 2759 3798 2815 in

2148 2851 2310 2921 Filio,
2343 2857 2398 2906 et
2436 2851 2655 2924 Spiritu
2678 2856 2880 2907 sancto
2913 2867 3205 2907 caznosum
3247 2850 3465 2905 fontem
3505 2851 3798 2913 tenentes,

2147 2940 2406 2996 diversos
2430 2941 2716 2996 haereseos
2737 2939 2956 2996 rivulos
2979 2940 3268 2996 duxerint.
3295 2939 3474 2995 Unum
3505 2937 3795 3008 baptisma,

2148 3036 2204 3086 et
2246 3035 2449 3086 contra
2499 3029 2874 3086 Valentinum
2935 3029 3091 3100 facit,
3151 3028 3253 3100 qui
3293 3028 3409 3084 duo
3440 3026 3798 3099 baptismate

2150 3135 2277 3175 esse
2310 3119 2694 3189 contendit,et
2723 3124 2925 3175 contra
2963 3135 3167 3174 omnes
3196 3117 3592 3172 haereticosmt
3612 3115 3806 3170 sciant

389 3220 491 3273 vir,
521 3195 613 3274 34)
645 3221 658 3259 :
693 3206 886 3262 carnis
913 3206 1182 3262 videlicet
1211 3223 1404 3278 opere,
1455 3212 1511 3262 et
1538 3207 1750 3262 mentis
1804 3206 2036 3261 atl'ectu.
2070 3192 2113 3258 C
2154 3226 2267 3265 non
2300 3209 2513 3264 habere
2543 3225 2606 3263 se
2638 3208 3012 3280 baptismata,
3045 3207 3145 3262 sed
3179 3206 3236 3261 in
3270 3222 3390 3261 una
3434 3202 3648 3261 Christi
3694 3203 3803 3259 Ec-

389 3291 502 3350 Seu
531 3297 590 3350 et
613 3293 902 3368 generalis
921 3295 1248 3366 explanatio
1271 3297 1342 3350 ad
1365 3294 1679 3368 specialem
1701 3296 2045 3366 interpreta-

389 3381 611 3438 tionem
635 3381 787 3438 trahi
812 3382 1181 3455 potest,quod
1204 3389 1394 3439 servet
1416 3384 1698 3439 unitatem
1721 3384 1966 3456 spiritus
1983 3383 2043 3438 in

392 3469 624 3526 vinculo
655 3468 838 3541 pacis,
870 3471 966 3542 qui
1004 3487 1118 3526 non
1151 3472 1412 3544 rapiatur
1441 3473 1596 3528 omni
1629 3478 1795 3528 vento
1828 3471 2040 3527 doctri-

394 3573 481 3612 ne
514 3559 699 3628 (vers..
735 3557 841 3629 14),
877 3576 1069 3632 neque
1113 3559 1170 3614 in
1217 3577 1436 3617 morem
1488 3559 1654 3616 stulti
1704 3561 1867 3632 quasi
1901 3560 2043 3616 luna

393 3648 700 3702 mutentur
728 3647 917 3715 (Eccli.
943 3666 1118 3716 xxvn,
1155 3651 1264 3721 12),
1297 3667 1452 3705 nunc
1497 3650 1727 3706 diabolo
1760 3649 2035 3706 serviens.

390 3751 548 3792 nunc
576 3733 936 3792 Deo.Habeat
965 3754 1098 3793 vero
1127 3755 1308 3793 unum
1343 3755 1553 3811 corpus
1584 3741 1869 3794 bonorum
1904 3756 2038 3811 ope-

391 3839 547 3895 rum,
577 3830 635 3880 et
664 3841 897 3897 semper
924 3842 1156 3881 carnem
1191 3844 1358 3882 suam
1393 3827 1508 3883 Deo
1539 3827 1825 3899 templum
1878 3828 2037 3883 exhi-

388 3913 538 3970 beat.
571 3913 642 3968 Et
672 3930 856 3969 unum
888 3914 1201 3986 spiritum:
1235 3917 1437 3972 eadem
1463 3934 1694 3989 semper
1730 3919 1984 3974 sentiens
2020 3936 2033 3974 :

385 4002 446 4058 in
479 4019 597 4060 una
625 4020 727 4076 spe
756 4004 1098 4073 vocationis,
1121 4010 1186 4060 ut
1217 4022 1588 4078 nequaquam
1622 4007 1691 4061 de
1722 4007 2037 4078 repromis-

385 4091 653 4148 sionibus
682 4092 1012 4167 ambigens,
1045 4094 1103 4149 in
1134 4095 1555 4151 resurrectione
1585 4100 1642 4151 et
1670 4095 2037 4152 restitutione

386 4179 675 4248 omnium,
704 4179 890 4238 solida
920 4187 1114 4238 mente
1143 4184 1418 4240 confidat.
1869 4241 1874 4248 ,

457 4266 642 4337 (Vere.
674 4271 728 4339 5,
761 4269 843 4338 6.)
874 4293 902 4320 «
939 4269 1100 4328 Unus
1130 4272 1436 4343 Dominus,
1479 4292 1597 4330 una
1628 4275 1793 4342 ﬁdes,
1849 4293 2033 4331 unum

382 4355 699 4428 baptisma,
734 4375 889 4413 unus
924 4365 1071 4418 Deus
1103 4367 1159 4417 et
1191 4363 1358 4418 Pater
1389 4363 1680 4429 omnium,
1713 4365 1810 4436 qui
1860 4382 2035 4437 super

382 4450 674 4512 omnes,et
702 4463 804 4518 per
828 4455 1122 4517 omnes,et‘
1143 4451 1202 4505 in
1235 4451 1567 4508 omnibus.»
1599 4455 1899 4519 Quomodo
1921 4454 2033 4510 alia

2153 3296 2330 3352 clesia
2359 3298 2576 3352 fontem
2607 3314 2732 3353 esse
2763 3295 3018 3352 vitalem.
3050 3296 3245 3352 Potest
3292 3311 3476 3351 unum
3507 3293 3809 3365 baptisma

2153 3390 2208 3440 et
2234 3387 2315 3440 ita
2343 3386 2454 3441 dici
2489 3387 2663 3458 quod,
2697 3387 2830 3442 licet
2858 3390 2945 3440 ter
2988 3385 3376 3458 baptizemur,
3409 3388 3646 3456 propter
3675 3399 3807 3456 my-

2153 3476 2395 3530 sterium
2415 3477 2942 3546 Trinitatis,tamen
2959 3492 3144 3530 unum
3167 3473 3462 3545 baptisma
3479 3476 3803 3544 reputetur.

2152 3563 2342 3618 Unum
2373 3581 2604 3636 quoque
2636 3565 2929 3636 baptisma
2958 3568 3046 3619 est
3078 3565 3135 3618 in
3168 3580 3340 3635 aqua,
3373 3561 3432 3616 in
3465 3561 3700 3633 spiritu,
3749 3565 3811 3616 et

2150 3653 2208 3706 in
2243 3653 2393 3725 igne.
2422 3653 2490 3708 Et
2517 3653 2589 3708 de
2620 3671 2735 3726 quo
2787 3653 3072 3709 Dominus
3128 3652 3389 3724 loquitur
3447 3667 3459 3704 :
3519 3653 3809 3722 Baptism

2147 3742 2314 3797 habeo
2348 3743 2624 3813 baptizari
2649 3745 2800 3811 (Luc.
2859 3759 2960 3810 xu,
2991 3741 3122 3813 50);
3155 3747 3214 3796 et
3244 3740 3382 3795 alibi
3416 3757 3429 3796 ε
3462 3741 3808 3811 Baptismate

2147 3847 2262 3886 meo
2295 3832 2724 3903 baptizabimini
2762 3833 2952 3904 (Marc.
3003 3848 3060 3900 x,
3099 3831 3213 3902 39).
3246 3829 3562 3886 Diversitas
3596 3834 3798 3884 autem

2145 3921 2621 3993 praepositionum
2653 3921 2712 3976 in
2745 3921 2962 3992 quibus
2992 3919 3207 3975 dicitur
3250 3935 3262 3974 :
3327 3920 3474 3975 Uuus
3533 3921 3698 3983 Deus,
3743 3921 3806 3973 et

2149 4011 2310 4066 Pater
2363 4012 2631 4078 omnium,
2687 4012 2787 4082 qui
2835 4026 3001 4080 super
3046 4025 3254 4074 omnes,
3294 4011 3344 4063 et
3371 4023 3470 4079 per
3507 4022 3714 4074 omnes,
3743 4015 3803 4062 et

2146 4101 2205 4153 in
2231 4101 2505 4170 omnibus,
2565 4101 2855 4156 diversam
2914 4097 3365 4171 intelligentiam
3408 4095 3580 4168 sapit.
3612 4099 3805 4167 Super

2145 4205 2349 4245 omnes
2379 4189 2536 4245 enim
2569 4193 2657 4244 est
2709 4189 2863 4244 Deus
2921 4188 3106 4253 Pater,
3139 4185 3278 4258 quia
3316 4189 3520 4241 auctor
3547 4187 3638 4240 est
3663 4197 3803 4241 om-

2146 4277 2330 4333 nium.
2387 4277 2492 4334 Per
2520 4295 2724 4333 omnes
2756 4277 2957 4346 Filius,
2993 4276 3131 4348 quia
3161 4281 3369 4330 cuncta
3416 4271 3801 4340 transcurrit,

2143 4368 2417 4439 vaditque
2447 4383 2549 4438 per
2577 4367 2864 4422 omnia.ln
2888 4365 3164 4420 omnibus
3195 4365 3342 4419 6H
3381 4363 3638 4436 Spiritus
3659 4377 3803 4418 san-

2141 4459 2291 4524 ctus,
2325 4455 2463 4528 quia
2494 4454 2639 4509 nihil
2663 4455 2886 4526 absque
2914 4470 2980 4509 eo
3011 4457 3122 4510 est.
3155 4453 3270 4508 Nec
3302 4468 3433 4508 vero
3466 4451 3800 4523 putandum

379 4535 470 4621 est
498 4533 643 4589 ﬁdes
679 4551 712 4590 a
743 4535 1241 4608 baptismate,Deo
1272 4545 1330 4596 et
1358 4540 1717 4598 Domino:sic
1741 4544 2034 4616 baptisma
2064 4556 2111 4621 1)
2143 4562 2327 4600 unum
2359 4545 2635 4609 Deum,et
2666 4544 2894 4600 Patrem
2923 4542 3187 4599 omnium
3216 4557 3345 4598 esse
3378 4539 3797 4608 communiter,

375 4620 666 4679 Dominus
712 4629 769 4679 et
799 4628 973 4694 Deus,
1006 4625 1121 4682 alia
1149 4632 1288 4684 sunt
1317 4647 1350 4684 a
1377 4630 1568 4686 tribus
1599 4630 1868 4703 singulis,
1903 4650 2031 4705 quae

374 4711 593 4783 pariter
623 4713 1022 4770 nominantur.
1057 4715 1174 4772 Hoc
1205 4722 1397 4773 autem
1427 4719 1557 4775 dico
1586 4726 1823 4792 propter
1843 4723 2032 4777 Sabel-

374 4798 544 4868 lium,
577 4801 676 4874 qui
708 4803 984 4860 eumdem
1017 4810 1200 4861 Deum
1229 4806 1460 4863 Patrem
1491 4810 1811 4866 arbitratur
1839 4815 1896 4867 et
1941 4813 2026 4866 Fi-

375 4888 543 4958 lium,
576 4892 999 4966 confunditque
1031 4911 1332 4968 personas,
1357 4897 1498 4952 dum
1526 4899 1793 4955 eamdem
1826 4900 2030 4956 divini-

377 4979 556 5034 tatem
580 4979 640 5035 in
663 4985 911 5054 utroque
932 4983 1335 5057 deprehendit.
1361 4985 1503 5042 Ecce
1527 4988 2028 5047 manifesitissime

377 5081 533 5122 unus
562 5065 849 5127 Dominus
877 5071 1081 5141 Filius,
1136 5078 1194 5130 et
1225 5092 1380 5132 unus
1410 5075 1562 5132 Deus
1593 5081 1766 5133 Pater
1814 5095 2027 5135 vocan-

373 5156 492 5210 tur.
523 5153 687 5220 Quod
712 5158 786 5214 ad
817 5160 1147 5220 Corinthios
1202 5179 1437 5236 quoque
1479 5165 1709 5238 plenius
1739 5168 2025 5241 scriptum

449 5460 466 5494 ι
502 5458 660 5516 Nihil
691 5461 1092 5521 dubitavimus
1122 5468 1193 5522 ad
1244 5467 1435 5526 Ruﬁni
1470 5470 1776 5530 lectionem
1808 5473 1902 5530 hic
1933 5491 2022 5530 re-

377 5532 636 5613 scribere
665 5537 826 5605 quasi
853 5551 1021 5613 unam
1048 5537 1289 5606 domum,
1318 5541 1445 5613 ipso
1473 5544 1554 5600 sic
1587 5545 1850 5613 exigente
1880 5564 2021 5602 con-

374 5608 559 5693 textu,
592 5621 698 5693 pro
729 5622 844 5678 quo
875 5612 1055 5693 antea.
1076 5614 1232 5693 quasi
1259 5608 1433 5670 unum
1466 5615 1665 5674 bonum
1679 5608 2016 5693 legebatur,

373 5679 575 5745 minus
594 5675 929 5738 'cobérente
958 5675 1181 5743 ceteris
1206 5699 1403 5744 sensu.

2143 4639 2207 4689 ut
2233 4633 2456 4690 scilicet
2483 4635 2553 4689 ad
2586 4631 3320 4703 irrationabiliajumenta,
3359 4645 3573 4684 nomen
3603 4627 3798 4684 Patris

2143 4723 2328 4795 possit
2347 4723 2562 4794 aptari;
2589 4724 2688 4778 sed
2719 4721 3012 4793 quomodo
3037 4721 3097 4776 in
3123 4737 3185 4776 se
3207 4721 3404 4776 decem
3423 4717 3796 4774 hominibus.

2139 4813 2399 4885 quinque
2453 4811 2609 4883 ﬁliis,
2668 4816 2725 4868 et
2772 4811 3034 4883 quinque
3089 4809 3294 4880 servis,
3326 4808 3543 4880 pariter
3571 4807 3799 4862 dicere-

2139 4919 2272 4959 mus
2305 4919 2318 4957 :
2354 4902 2566 4957 horum
2625 4901 2844 4965 decem,
2878 4916 3033 4955 unus
3083 4904 3174 4955 est
3203 4897 3502 4964 dominus,
3543 4903 3603 4952 et
3632 4912 3797 4953 unus

2137 4997 2226 5048 est
2256 4996 2454 5064 pater:
2496 5008 2612 5047 non
2646 4990 2850 5062 utique
2878 4989 3144 5044 omnium
3176 4992 3423 5060 patrem,
3456 5002 3561 5043 nec
3593 4985 3796 5042 domi-

2135 5097 2279 5137 num
2311 5081 2579 5135 omnium
2609 5094 2948 5136 vocaremus
3003 5095 3016 5132 :
3081 5076 3165 5133 sic
3194 5081 3249 5132 et
3278 5077 3338 5132 in
3369 5091 3436 5132 eo
3467 5075 3625 5148 quod
3655 5075 3741 5130 ait
3778 5089 3798 5131 :

2139 5171 2284 5226 Unus
2313 5169 2452 5223 Deus
2503 5170 2553 5224 et
2600 5172 2775 5223 Pater
2809 5169 3074 5236 omnium,
3115 5164 3366 5222 aliorum
3419 5164 3610 5233 Pater,
3643 5162 3794 5219 alio-

2202 5478 2224 5512 ²
2251 5475 2355 5533 Hic
2386 5489 2618 5547 quoque
2667 5471 2943 5547 Ruﬁnum
3003 5472 3437 5547 praelegentem_
3458 5469 3645 5526 secuti
3678 5483 3784 5547 su_-

2130 5566 2300 5604 mus:
2337 5541 2655 5604 antea—non
2687 5545 2829 5600 satis
2861 5541 3032 5611 recte,
3063 5546 3120 5600 in
3148 5541 3393 5600 instanti
3422 5541 3660 5612 lectum,
3695 5543 3791 5612 ef-

2203 5623 2518 5694 icimur.....
2573 5619 3059 5694 reforrnamur..."
3115 5617 3404 5694 impletur.
3453 5613 3585 5674 Vid.
3622 5611 3788 5675 Ιῶέι

2125 5619 2518 5750 ἲὶεὶεὑηιιν.....
2573 5619 2782 5690 reform

2157 5691 2463 5752 nvectivar.
2497 5703 2662 5748 num.
2692 5689 2782 5759 41,
