4144 6202
389 373 507 456 .529

1050 373 1565 443 COMMENTAR.
1611 377 1687 440 IN
1733 377 1982 441 EPIST.
2028 375 2130 440 AD
2172 373 2450 441 EPHES.
2497 375 2649 442 LIB.
2692 373 2771 456 II,
2817 377 2988 443 CAP.
3031 368 3140 444 Ν,

3681 374 3802 448 530

387 529 520 571 rum
552 515 706 569 Deus
735 510 1141 586 accipiendum
1172 516 1280 568 est.
1299 512 1439 570 Tale
1464 512 1600 584 quid
1626 513 1696 568 de
1727 512 2031 579 creaturis,
2063 513 2116 578 Α
2146 516 2269 568 ctor
2289 512 3200 586 emeruit.Ascendensquippein
3220 512 3792 590 alterum,oaptivam

388 607 444 659 et
475 603 546 658 de
581 604 692 658 Deo
717 601 892 658 etiam
924 603 1074 657 Zeno
1116 619 1252 657 cum
1284 603 1408 656 suis
1449 603 1660 658 Stoicis
1679 601 2030 673 suspicatur.

388 692 569 757 Quem
601 695 840 748 secutus
870 689 1148 764 Virgilius
1179 691 1258 746 ait
1287 692 1525 762 (.Eneid.
1559 693 1635 763 γι)
1661 707 1674 747 :

793 800 957 848 Deum
987 812 1220 862 namque
1249 800 1327 848 ire
1357 813 1455 862 per
1485 813 1671 848 omnes

601 863 894 924 Terraeque
925 865 1231 925 tractusque
1261 875 1448 921 mares,
1475 866 1608 923 etc.;

379 945 472 998 et:

473 1032 735 1095 Principio
766 1031 960 1096 caelum
985 1045 1052 1096 Aac
1081 1035 1267 1096 terras,
1299 1045 1620 1096 camposque
1649 1033 1934 1095 liquentes,

477 1094 865 1158 Lucentemque
895 1094 1110 1158 globum
1140 1095 1302 1150 lunae.
1330 1094 1640 1158 Titaniaque
1674 1094 1832 1153 astra,

476 1158 874 1222 Spiritusintus
903 1158 1023 1222 alit:
1055 1159 1330 1222 totamque
1363 1159 1540 1207 infusa
1575 1172 1670 1220 per
1697 1161 1842 1222 artus

473 1219 620 1270 Mens
646 1219 809 1282 agitat
837 1220 1048 1274 molem,
1081 1223 1134 1269 et
1161 1219 1356 1283 magno
1387 1235 1442 1268 se
1473 1219 1692 1281 corpore
1728 1220 1929 1270 miscet.

371 1319 621 1386 Quidam
655 1318 764 1374 hoc
794 1319 948 1390 quod
981 1323 1070 1374 est
1121 1319 1403 1388 scriptum
1436 1334 1448 1372 :
1498 1319 1671 1389 Super
1699 1334 1817 1385 nos,
1848 1326 1901 1373 et
1930 1334 2027 1388 per

370 1425 580 1472 omnes,
609 1411 662 1464 et
687 1410 746 1463 in
777 1408 1053 1477 omnibus,
1087 1408 1159 1463 ad
1191 1408 1441 1474 Patrem,
1475 1411 1530 1462 et
1558 1407 1790 1476 Filium,
1822 1405 2023 1478 etSpi-

371 1498 553 1552 ritum
585 1501 855 1552 sanctum
889 1496 972 1552 sic
1001 1497 1295 1552 aestimant
1339 1512 1467 1552 esse
1516 1495 1906 1563 referendum,
1963 1500 2024 1550 ut

367 1603 532 1657 super
558 1587 747 1642 omnia
775 1586 943 1642 Pater
973 1587 1070 1650 sit,
1091 1586 1228 1658 quia
1249 1590 1450 1642 auctor
1480 1590 1570 1641 est
1599 1584 1861 1640 omnium
1888 1601 2023 1657 :per

364 1691 573 1740 omnes,
605 1675 806 1740 Filius,
842 1675 982 1747 quia
1011 1691 1112 1747 per
1139 1674 1353 1730 Filium
1384 1680 1579 1730 creata
1617 1678 1756 1729 sunt
1785 1674 2014 1730 omnia:

359 1765 422 1822 in
451 1765 723 1830 omnibus,
753 1763 1008 1836 Spiritus
1038 1767 1300 1830 sanctus,
1324 1763 1447 1834 ipse
1468 1765 1620 1817 enim
1646 1763 2017 1818 credentibus

360 1855 558 1924 datur,
590 1857 647 1909 et
675 1852 961 1924 templum
996 1870 1204 1909 sumus
1229 1852 1489 1924 Spiritus
1521 1852 1738 1908 sancti:
1765 1857 1820 1908 et
1848 1851 2018 1908 Pater
2047 1881 2092 1945 Β

357 1947 417 2000 et
440 1941 624 1999 Filius
650 1941 916 1998 habitant
943 1941 1002 2000 in
1039 1942 1227 1998 nobis.

428 2032 616 2102 (Vera.
657 2031 736 2102 7).
770 2053 797 2080 ‹‹
842 2030 1164 2100 Unicuique
1212 2033 1408 2085 autem
1441 2034 1708 2084 nostrum
1759 2029 1895 2085 data
1924 2035 2013 2085 est

355 2120 548 2193 gratia
594 2120 919 2176 secundum
964 2135 1301 2175 mensuram
1329 2119 1685 2186 donationis
1712 2118 1944 2176 Christi.
1983 2143 2008 2168 ››

356 2210 518 2276 Licet
549 2211 700 2265 Deus
730 2209 897 2264 Pater
925 2225 1101 2280 super
1129 2209 1326 2264 omnia
1355 2209 1452 2276 sit,
1485 2212 1542 2264 et
1563 2225 1666 2280 per
1696 2224 1920 2277 omnes,
1953 2215 2010 2264 et

360 2297 424 2353 in
455 2297 766 2354 omnibus:
819 2302 1014 2353 tamen
1075 2298 1263 2369 gratia
1287 2298 1453 2366 juxta
1491 2313 1828 2352 mensuram
1886 2313 2030 2368 cre-_

359 2387 638 2444 dentibus
695 2387 895 2442 datur.
956 2387 1082 2443 Non
1142 2387 1295 2457 quod
1364 2387 1432 2440 ad
1495 2402 1829 2441 mensuram
1888 2386 2004 2457 spi-

355 2475 539 2532 ritum
577 2521 593 2546 ,
663 2479 720 2530 et
786 2475 1036 2547 gratiam
1091 2475 1312 2530 tribuat
1363 2474 1516 2530 Deus
1574 2475 2005 2551 (magniﬁcen-

358 2563 454 2619 tiae
484 2563 642 2620 enim
671 2565 802 2636 ejus
851 2581 964 2619 non
995 2567 1085 2619 est
1114 2564 1249 2619 ﬁnis
1293 2565 1461 2635 (Psal.
1507 2580 1690 2630 cxmv,
1745 2565 1849 2636 13),
1899 2565 2000 2620 sed

350 2653 508 2725 quod
528 2654 697 2723 juxta
729 2669 1066 2708 mensuram
1098 2652 1491 2723 vasculorum,
1515 2653 1785 2708 infundat
1812 2653 2001 2724 liquo-

343 2759 494 2813 rem,
527 2747 760 2798 tantum
786 2742 1046 2798 muneris
1076 2741 1350 2815 largiens,
1379 2745 1664 2813 quantum
1697 2747 1885 2813 potest
1906 2742 2003 2798 ille

347 2831 444 2887 cui
477 2832 752 2898 donatur,
783 2831 1063 2902 accipere.
1098 2832 1212 2887 Nec
1261 2830 1414 2887 enim
1439 2832 1511 2886 ad
1537 2847 1871 2886 mensuram
1904 2831 2003 2886 dat

342 2920 502 2978 Dens
519 2920 795 2992 spiritum
819 2923 996 2992 (Joan.
1027 2938 1111 2992 ιιι,
1129 2921 1221 2988 34)
1242 2936 1255 2975 :
1275 2925 1376 2975 aut
1395 2924 1582 2991 potest
1603 2919 1814 2975 habere
1838 2936 2000 2974 men-

352 3026 576 3079 suram,
608 3011 763 3081 quod
791 3009 1090 3082 aequaliter
1120 3009 1338 3081 ubique
1368 3010 1648 3065 diffusum
1681 3015 1790 3065 est.
1837 3010 1997 3073 Quod

353 3103 424 3155 ut
452 3099 824 3156 manifestius
871 3101 974 3155 fiat
1025 3099 1429 3171 imperfectum
1482 3099 1620 3154 licet
1649 3104 1705 3154 et
1746 3116 1860 3153 non
1889 3099 1996 3154 im-

353 3187 525 3260 plens
555 3187 1023 3260 similitudinem,
1048 3194 1242 3244 tamen
1263 3205 1366 3260 per
1393 3189 1546 3259 quod
1579 3189 1764 3260 possit
1783 3187 1997 3243 intelli-

345 3277 406 3351 gi
431 3278 587 3350 quod
610 3277 825 3333 dicitur
839 3295 1146 3334 sumamus
1167 3278 1521 3351 exemplum.
1540 3278 1696 3333 Mare
1721 3283 1872 3332 certe
1897 3278 2002 3332 im-

346 3383 622 3423 mensum
657 3371 764 3432 est,
798 3371 855 3423 et
883 3367 1175 3438 capacitas
1197 3368 1325 3437 ejus
1355 3367 1471 3423 Deo
1501 3365 1610 3422 soli
1641 3368 1794 3423 612
1828 3371 1996 3422 nota:

345 3473 416 3512 ex
445 3455 556 3512 hoc
595 3456 645 3512 si
676 3457 810 3527 quis
838 3456 977 3511 velit
1007 3456 1208 3511 multis
1235 3455 1574 3512 hominibus
1598 3457 1918 3511 secundum
1943 3455 2001 3510 id

346 3545 503 3616 quod
539 3549 765 3618 gestare
805 3551 1048 3617 queunt,
1111 3546 1358 3615 tradere,
1418 3561 1653 3601 necesse
1683 3549 1772 3601 est
1817 3550 1883 3601 ut
1931 3545 2003 3600 ad

341 3651 686 3691 mensuram
716 3633 1036 3706 unicuique
1075 3635 1314 3699 tribuat,
1348 3637 1406 3688 et
1456 3639 1650 3706 partes
1681 3635 1809 3705 ejus
1840 3651 2003 3690 men-

344 3739 548 3778 suram
581 3723 887 3795 recipiant,
933 3724 1104 3793 cujus
1151 3722 1473 3789 solidum‘,
1525 3723 2007 3779 immensurabile

346 3817 456 3868 est.
491 3812 580 3867 Ita
607 3816 666 3867 et
697 3810 952 3883 Spiritus
978 3816 1218 3867 sanctus
1251 3811 1578 3868 immensus
1625 3812 1860 3884 quidem
1896 3815 2004 3877 est,

350 3905 408 3957 et
437 3899 598 3956 nullo
631 3900 744 3956 ﬁne
776 3899 1180 3956 concluditur:
1226 3904 1420 3955 tamen
1471 3900 1786 3972 unicuique
1834 3901 2009 3955 datur

353 3990 679 4046 secundum
711 3989 864 4060 quod
897 3989 1150 4060 expedit.
1181 3990 1251 4044 Et
1281 3988 1460 4044 simul
1481 3991 1826 4056 notandum,
1851 3989 2005 4061 quod

352 4076 476 4133 haec
506 4078 709 4136 eadem
741 4078 949 4150 gratia,
983 4070 1110 4149 quae
1141 4095 1296 4134 nunc
1327 4077 1606 4134 attributa
1645 4078 2004 4150 perhibetur.

353 4167 684 4224 secundum
737 4183 1071 4224 mensuram
1123 4167 1456 4224 donationis
1504 4167 1716 4224 Christi
1749 4168 1884 4223 data
1931 4169 2009 4224 sit

351 4257 524 4314 nobis
538 4299 550 4314 .

399 4333 616 4416 '(Vers.
646 4347 726 4417 8.)
767 4367 790 4396 ι
843 4347 1082 4419 Propter
1147 4348 1301 4418 quod
1348 4347 1524 4403 dicit:
1571 4347 1906 4403 Ascendens
1948 4347 2008 4402 in

355 4434 574 4500 altum,
606 4435 891 4509 captivam
919 4436 1085 4492 duxit
1128 4435 1546 4508 captivitatem,
1570 4436 1729 4492 dedit
1765 4437 1919 4492 dona
1949 4435 2008 4491 in

353 4523 696 4582 hominibus
725 4526 898 4597 (Psal.
959 4543 1126 4593 vau,
1183 4526 1292 4597 19).
1344 4525 1489 4589 Quia
1519 4543 1698 4598 supra
1747 4525 2005 4581 dixerat:

2143 602 2308 658 duxit
2330 603 2740 675 captivitatem.
2766 603 2882 658 Nos
2914 603 3013 675 qui
3055 621 3209 660 nunc
3251 605 3311 659 in
3341 605 3569 661 Christo
3600 603 3788 668 credi-

2142 709 2276 750 mus
2309 695 2378 750 de
2409 695 2683 767 gentibus
2719 693 3071 766 congregati,
3105 711 3237 751 cum
3267 711 3532 752 essemus
3561 700 3788 754 creatu-

2141 800 2204 838 ra
2247 782 2364 847 Dei,
2398 800 2431 838 a
2461 783 2690 839 diabolo
2730 783 2882 856 capti
2911 800 3139 854 sumus,
3171 788 3230 838 et
3276 785 3405 856 ejus
3435 783 3787 848 satellitibus

2139 871 2459 927 distributi.
2492 872 2661 928 Venit
2691 872 2870 945 igitur
2893 871 3171 928 Dominus
3201 876 3401 929 noster
3419 873 3593 930 Jesus
3622 873 3787 930 Chri-

2137 963 2265 1015 stus
2295 961 2617 1016 secundum
2638 960 3016 1028 Ezachielem,
3047 978 3186 1017 vasa
3204 978 3406 1029 secum
3436 961 3787 1035 captivitatis

2137 1055 2475 1122 apportans,
2507 1055 2564 1106 et
2594 1055 2790 1122 operto
2823 1051 3030 1122 capite,
3069 1068 3141 1106 ne
3189 1051 3262 1106 ab
3311 1050 3661 1109 adversariis
3689 1067 3787 1112 co-

2135 1145 2511 1212 gnosceretur
2570 1139 2794 1212 (Ezech.
2841 1158 2939 1212 xu,
2969 1129 3113 1212 3-6),
3143 1138 3479 1212 praedicavit
3534 1139 3626 1197 his
3685 1140 3787 1212 qui

2135 1228 2289 1300 capti
2322 1233 2490 1284 erant
2519 1228 2921 1284 remissionem
2945 1247 2959 1297 ;
2989 1233 3047 1284 et
3069 1229 3168 1301 qui
3199 1229 3552 1286 tenebantur
3574 1229 3635 1285 in
3664 1229 3788 1285 vin-

2135 1317 2301 1384 culis,
2336 1317 2686 1374 solutionem
2720 1319 2848 1389 (lsa.
2884 1336 2996 1386 LXI,
3026 1318 3082 1389 2)
3115 1322 3174 1374 et
3204 1335 3311 1375 nos
3331 1319 3403 1374 de
3429 1318 3654 1376 catenis
3674 1319 3785 1384 ho.-

2133 1407 2337 1472 stium,
2371 1408 2526 1463 etde
2557 1407 2938 1479 compedibus
2977 1407 3264 1474 liberavit,
3315 1407 3468 1464 sicut
3510 1407 3673 1465 illam
3719 1407 3781 1471 in

2131 1495 2441 1569 Evangelio
2489 1497 2815 1561 mulierem,
2869 1498 2942 1552 de
2979 1514 3097 1570 qua
3145 1497 3271 1570 ipse
3312 1501 3774 1559 commemorat:

2128 1585 2277 1640 Hanc
2322 1590 2502 1641 autem
2548 1587 2728 1656 ﬁliam
2772 1587 3066 1652 Abraham,
3097 1603 3265 1658 quam
3310 1587 3500 1658 ligavit
3545 1585 3777 1648 Satanas

2116 1675 2240 1744 jam
2267 1674 2446 1731 decem
2474 1679 2526 1730 et
2549 1679 2664 1731 octo
2692 1678 2877 1741 annis,
2925 1691 3038 1730 non
3085 1675 3325 1746 oportuit
3368 1675 3508 1731 solvi
3552 1675 3618 1732 de
3643 1676 3777 1736 vin-

2124 1764 2243 1819 culo
2273 1765 2370 1820 hoc
2397 1766 2457 1818 in
2486 1764 2576 1820 die
2604 1763 2829 1820 Sabbati
2857 1764 3008 1836 (Luc.
3033 1781 3155 1831 xm,
3191 1763 3318 1836 16)?
3359 1763 3777 1838 Liberatosque

2124 1868 2250 1923 nos,
2279 1857 2336 1909 et
2382 1869 2485 1925 per
2524 1870 2731 1909 novam
2782 1853 3171 1924 captivitatem
3203 1853 3274 1908 de
3317 1851 3646 1926 captivitate
3674 1867 3772 1908 ve-

2122 1942 2232 1997 teri
2261 1947 2479 2010 erutos,
2519 1957 2716 1998 secum
2767 1942 2931 1997 duxit
2986 1941 3045 1996 in
3093 1941 3346 1998 coelum:
3399 1945 3455 1998 et
3494 1940 3588 2002 his
3623 1939 3772 2014 ipsis

2121 2048 2269 2103 quos
2297 2032 2369 2087 de
2412 2031 2786 2088 inimicorum
2819 2047 2998 2085 manu
3043 2031 3230 2085 victor
3276 2029 3512 2100 eripuit,
3543 2028 3774 2102 diversa

2120 2120 2439 2193 gratiarum
2463 2121 2616 2175 dona
2638 2119 2883 2192 largitus
2903 2123 3012 2174 est.
3027 2119 3094 2173 Et
3115 2119 3412 2192 eleganter
3431 2116 3527 2173 hic
3545 2116 3767 2189 posuit,

2118 2209 2272 2266 Dedit
2301 2210 2443 2265 dona
2466 2212 2526 2264 in
2567 2209 2900 2275 hominibus,
2933 2223 3066 2262 cum
3092 2208 3151 2262 in
3173 2207 3454 2266 Psalterio
3479 2207 3767 2279 scriptum

2118 2299 2234 2354 sit:
2275 2300 2485 2370 Accepit
2531 2299 2675 2354 dona
2721 2301 2783 2353 in
2829 2297 3145 2354 hominibus
3175 2298 3346 2368 (Psal.
3401 2313 3573 2363 van,
3635 2296 3761 2367 19):

2115 2388 2325 2443 Verum
2357 2387 2460 2452 ibi,
2493 2387 2630 2459 quia
2651 2387 2900 2442 necdum
2932 2386 3147 2442 factum
3179 2389 3324 2455 erat,
3362 2385 3465 2442 sed
3497 2385 3764 2446 futurum

2114 2475 2582 2547 promittebatur,
2651 2479 2959 2546 propterea
3022 2473 3255 2540 dicitur,
3314 2475 3602 2546 accepisse.
3663 2472 3766 2536 Hic

2112 2581 2245 2619 vero
2277 2581 2410 2620 cum
2440 2563 2754 2635 Apostolus
2777 2565 2929 2620 613
2951 2563 3174 2635 scribit,
3199 2562 3340 2633 quia
3355 2563 3483 2633 jam
3505 2562 3764 2628 dederat,

2112 2657 2170 2708 et
2201 2653 2259 2708 in
2291 2653 2563 2708 universo
2592 2653 2731 2709 orbe
2750 2651 3014 2708 Ecclesiae
3039 2652 3291 2706 fundatae
3312 2654 3512 2708 erant:
3547 2649 3766 2713 idcirco

2112 2758 2225 2797 non
2249 2745 2516 2814 accepisse
2543 2741 2840 2809 scribitur,
2874 2741 2975 2797 sed
2993 2740 3216 2796 dedisse.
3248 2739 3357 2794 Alii
3380 2739 3537 2794 hunc
3568 2737 3763 2811 locum

2110 2829 2195 2885 ita
2224 2831 2573 2898 edisserunt,
2608 2831 2763 2902 quod
2786 2831 2860 2885 ob
2909 2830 2965 2883 id
3001 2829 3285 2884 Dominus
3330 2831 3530 2884 noster
3583 2827 3759 2886 Jesus

2109 2918 2374 2974 Christus
2397 2921 2469 2974 ad
2493 2919 2668 2974 caelos
2689 2919 2872 2974 victor
2891 2917 3239 2982 ascenderit,
3261 2919 3327 2971 ut
3353 2915 3491 2972 inde
3521 2915 3760 2988 angelos

2111 3013 2463 3079 caeterasque
2489 3008 2732 3063 virtutes
2763 3007 2833 3062 ad
2852 3006 3179 3062 custodiam
3201 3005 3590 3062 Ecclesiarum
3622 3020 3757 3064 sua-

2109 3113 2240 3150 rum
2274 3096 2546 3152 mitteret.
2577 3096 2646 3151 Et
2671 3096 2810 3151 dum
2846 3094 3124 3165 indignus
3154 3094 3232 3150 sit
3260 3094 3422 3150 locus
3449 3093 3561 3150 iste
3590 3098 3766 3160 terre-

2114 3202 2248 3251 nus,
2298 3185 2644 3240 sublimium
2696 3188 3050 3255 potestatum
3100 3183 3318 3240 habere
3364 3182 3761 3255 praesentiam,

2113 3275 2545 3347 quodammodo
2578 3273 2688 3329 ille
2722 3273 3113 3329 sustinuerint
3160 3272 3576 3345 captivitatem.
3630 3273 3764 3330 Ideo

2112 3364 2266 3420 enim
2300 3363 2579 3435 (inquint)
2610 3363 2875 3419 ascendit
2903 3362 2963 3417 in
2995 3361 3200 3429 altum,
3225 3366 3290 3417 ut
3313 3362 3612 3438 captivans
3639 3378 3768 3438 cap-

2112 3454 2418 3520 tivitatem,
2454 3454 2611 3508 dona
2658 3452 2999 3508 hominibus
3037 3450 3370 3524 largiretur.
3421 3451 3540 3508 Hoc
3571 3455 3769 3510 autem

2113 3546 2301 3598 totum
2334 3543 2464 3597 ideo
2495 3541 2813 3614 Apostolus
2836 3539 3096 3612 replicat,
3131 3544 3195 3596 ut
3224 3540 3362 3612 quia
3382 3539 3655 3611 superius
3688 3539 3774 3596 di-

2112 3635 2306 3686 xerat:
2339 3630 2674 3704 Suﬂerent—cs
2703 3631 2938 3686 invicem
2977 3631 3037 3684 in
3064 3629 3358 3696 charitate,
3390 3627 3622 3685 solliciti
3648 3629 3770 3686 ser-

2118 3736 2246 3775 vare
2276 3722 2544 3774 unitatem
2588 3720 2823 3791 Spiritus
2854 3721 2915 3774 in
2967 3718 3182 3775 vinculo
3223 3720 3375 3792 pacis
3422 3717 3584 3790 (vers.
3628 3720 3683 3784 2,
3713 3717 3770 3788 8)

2116 3808 2354 3863 duceret
2399 3809 2458 3862 in
2517 3808 2763 3864 diversis
2812 3807 3268 3864 charismatibus
3297 3806 3614 3867 Ecclesiam
3644 3821 3772 3869 esse

2117 3898 2484 3964 concordem,
2517 3901 2572 3952 et
2619 3913 2734 3952 non
2774 3897 2974 3952 statim
3005 3895 3392 3953 schismatum
3440 3899 3498 3951 et
3542 3895 3770 3952 dissen-

2117 3985 2351 4040 sionum
2370 3985 2734 4041 occasionem
2755 3985 2902 4055 dari,
2928 3984 3065 4056 quia
3079 3984 3406 4041 secundum
3429 3997 3769 4041 mensuram

2117 4074 2451 4130 donationis
2475 4075 2686 4130 Christi
2717 4075 3126 4146 unusquisque
3141 4076 3414 4128 nostrum
3447 4070 3774 4143 accepisset

2117 4163 2269 4219 dona
2294 4180 2306 4218 :
2333 4181 2450 4220 non
2481 4169 2707 4229 eadem,
2727 4165 2827 4220 sed
2851 4164 2907 4218 in
2945 4178 3130 4218 unum
3162 4177 3395 4234 corpus,
3419 4165 3475 4216 et
3505 4160 3564 4215 in
3585 4176 3772 4224 unum

2119 4252 2391 4324 Spiritum
2426 4269 2632 4308 omnes
2663 4257 2896 4308 vocatos
2926 4267 3076 4316 esse,
3112 4250 3169 4304 id
3203 4253 3311 4316 est,
3343 4253 3410 4304 ut
3435 4248 3590 4310 sicut
3618 4265 3774 4312 unus

2122 4340 2403 4396 Dominus
2416 4345 2524 4407 est,
2541 4345 2596 4395 et
2616 4357 2733 4395 una
2747 4340 2911 4410 fides,
2926 4344 2983 4394 et
3005 4354 3188 4394 unum
3206 4337 3523 4410 baptisma,
3538 4342 3596 4394 et
3617 4354 3771 4400 unus

2120 4429 2275 4484 Deus
2306 4429 2475 4483 Pater
2505 4429 2665 4500 (vers.
2695 4430 2754 4492 5,
2783 4429 2838 4500 6)
2870 4427 2953 4482 ita
2982 4431 3040 4483 et
3069 4444 3174 4484 nos
3204 4427 3264 4482 in
3294 4427 3593 4486 chaeritate
3622 4426 3774 4500 idip-

2122 4534 2253 4574 sum
2283 4517 2491 4584 simus,
2524 4517 2584 4573 in
2611 4517 2770 4590 pacis
2790 4516 3022 4573 vinculo
3048 4520 3347 4573 servantes
3376 4516 3620 4588 spiritus
3644 4515 3775 4572 uni-.-

355 4614 661 4684 Unicuique
685 4623 868 4670 autem
895 4619 1144 4671 nostrum
1181 4615 1312 4670 data
1355 4619 1434 4670 est
1484 4618 1668 4683 gratia
1711 4615 2008 4669 secundum
2038 4612 2084 4677 D
2115 4610 2315 4662 tatem.

299 4723 312 4728 η
353 4717 674 4757 mensuram
702 4702 1015 4759 donationis
1066 4703 1270 4759 Christi
1298 4703 1455 4775 (vers.
1485 4705 1563 4771 7),
1598 4708 1664 4758 ut
1694 4704 2006 4758 conﬁrma-

358 4795 447 4846 ret
474 4791 598 4847 hac
627 4791 757 4863 ipsa
786 4793 959 4863 dona,
979 4810 1106 4865 qua:
1141 4796 1273 4864 post
1289 4792 1592 4864 paululum
1615 4808 1848 4863 quoque
1870 4807 2013 4847 enu-

353 4884 565 4948 merat,
599 4880 802 4936 dicens
827 4897 839 4935 :
872 4883 937 4937 Et
966 4884 1083 4952 ipse
1110 4881 1257 4937 dedit
1276 4883 1536 4952 quosdam
1556 4883 1778 4952 quidem
1807 4889 2018 4950 apost0'

357 4967 458 5036 los,
502 4969 766 5039 quosdam
825 4979 1012 5026 autem
1055 4970 1375 5042 prophetas,
1433 4971 1570 5028 alios
1629 4969 2010 5039 evangelistas,

353 5057 496 5112 alios
526 5062 773 5129 pastores
801 5067 854 5114 et
897 5061 1186 5130 magistros
1237 5063 1396 5127 (vers.
1431 5060 1541 5130 11),
1593 5063 1648 5114 et
1691 5058 1939 5130 reliqua,
1983 5076 2016 5113 a

351 5143 653 5202 Salvator-0
682 5163 812 5203 esse
840 5148 1076 5215 donata,
1110 5147 1518 5204 testimonium
1548 5149 1621 5203 de
1650 5148 2013 5218 sexagesimo

349 5235 606 5306 septimo
637 5235 865 5308 psalmo
923 5237 1262 5308 assumpsit,
1297 5241 1363 5292 ut
1393 5238 1652 5293 sciamus
1705 5237 1838 5293 illas
1885 5253 2012 5294 esse

355 5325 673 5382 manubias
707 5325 1048 5382 hominibus
1069 5326 1436 5392 distributas,
1469 5343 1616 5398 quas
1641 5327 1909 5383 Christus
1924 5328 2013 5382 vi-

437 5471 454 5506 ³
490 5470 574 5528 Ita
605 5468 745 5553 legit
773 5469 1116 5553 codex._ms.
1150 5470 1402 5553 Regius:
1445 5471 1534 5553 ita
1563 5488 1805 5553 quoque
1826 5472 2016 5542 prima

301 5593 304 5595 _
361 5557 544 5613 manu
563 5543 849 5613 scriptum
872 5546 997 5597 erat
1015 5543 1072 5596 in
1095 5547 1423 5613 pervetusto
1440 5543 1808 5599 Cluniacensi
1831 5560 2018 5598 exem-

358 5612 512 5686 plari
538 5629 554 5667 :
588 5612 698 5686 sedi
718 5614 1003 5670 recentior
1031 5612 1244 5670 manus
1274 5616 1521 5672 mutavit
1547 5615 1783 5672 solidum
1825 5616 1884 5670 in
1927 5631 2014 5670 so-

365 5685 505 5748 lum.
535 5685 688 5744 Editi
717 5703 824 5744 nec
847 5686 1117 5756 solidum,
1150 5702 1256 5745 nec
1283 5689 1462 5747 solum
1480 5689 1767 5756 retinent;
1799 5686 1901 5745 sed
1928 5703 2014 5745 so-

2195 4695 2378 4766 (Vers.
2412 4696 2491 4768 9.)
2528 4716 2554 4747 α
2584 4697 2745 4767 Quod
2780 4700 2976 4752 autem
3017 4694 3301 4762 ascendit,
3348 4693 3490 4765 quid
3515 4695 3623 4759 est,
3655 4690 3772 4754 nisi

2126 4785 2265 4856 quia
2285 4791 2344 4840 et
2365 4785 2663 4840 descendit
2679 4784 2738 4840 in
2769 4785 3044 4842 inferiora
3063 4783 3270 4840 terrae?
3285 4803 3313 4834 ››
3340 4781 3447 4848 Qui
3477 4779 3777 4838 ascendis-

2127 4889 2187 4930 se
2219 4891 2373 4928 nunc
2403 4874 2634 4944 dicitur,
2684 4879 2990 4948 propterea
3027 4871 3311 4939 ascendit,
3343 4870 3646 4948 quialante
3674 4868 3776 4932 de-

2127 4963 2453 5018 scenderat.
2487 4967 2608 5019 Hoc
2654 4964 2809 5019 enim
2842 4965 3045 5018 sonat:
3079 4960 3236 5031 Quod
3281 4963 3466 5015 autem
3507 4957 3773 5030 ascendit,

2126 5050 2256 5120 quid
2285 5061 2384 5122 est,
2416 5054 2529 5108 nisi
2571 5054 2709 5124 quia
2745 5060 2795 5107 et
2851 5051 3144 5107 descendit.
3173 5048 3610 5120 Requirendum
3666 5046 3778 5106 ita-

2127 5155 2240 5210 que
2272 5157 2450 5212 super
2477 5159 2542 5198 eo
2575 5143 2727 5213 quod
2760 5140 2900 5196 alibi
2929 5140 3217 5212 scriptum
3247 5141 3361 5195 est:
3395 5139 3780 5194 Nemo-ascen-

2124 5229 2206 5283 dit
2234 5234 2294 5286 in
2323 5233 2535 5299 caelum,
2567 5232 2682 5286 nisi
2722 5231 2820 5302 qui
2864 5229 2931 5285 de
2972 5230 3103 5284 caelo
3150 5227 3446 5294 descendit,
3475 5226 3654 5284 Filius
3681 5226 3782 5282 ho-

2123 5326 2296 5381 minis
2321 5324 2538 5392 (Joann.
2572 5338 2655 5391 ιιι,
2691 5321 2800 5391 13),
2835 5319 3127 5391 quomodo
3158 5316 3486 5374 ascenderit
3513 5319 3649 5374 ante
3677 5314 3776 5372 de-

2126 5470 2296 5525 lium:
2329 5482 2444 5538 quo
2465 5481 2674 5538 sensu,
2704 5464 2816 5535 ipsi
2837 5461 3088 5538 viderint
3107 5463 3387 5538 Erasmus
3402 5457 3777 5538 etMarianus

2124 5529 2392 5596 editores.
2427 5537 2614 5592 Mam.
2647 5529 2880 5590 4—Cum
2913 5536 3144 5607 pridem~
3159 5532 3415 5607 vulgatis
3426 5529 3780 5607 _Cirterci_en-

2126 5628 2220 5668 ses
2251 5627 2394 5667 mss.
2445 5609 2665 5665 solium.
2719 5601 3092 5664 Martianzeus
3131 5605 3191 5663 in
3231 5601 3363 5661 aliis
3400 5602 3567 5658 libris
3594 5601 3773 5656 solum

2123 5683 2362 5742 invenit.
