4144 6202
296 393 408 468 5'31
990 372 996 378 ’
1548 410 1614 470 s.
1662 395 1974 473 EUSEBII
2017 407 2463 472 HIERONYMI
3586 386 3705 471 532

292 539 580 596 scandens
601 537 629 592 ?
657 537 898 603 Quando
921 539 1078 596 enim
1109 538 1231 596 haec
1275 539 1642 613 loquebatur,
1676 547 1808 614 post
1836 543 1934 597 de-
1967 543 2021 608 Α
2052 541 2282 598 vinitas.
2317 543 2620 616 Siquidem
2651 543 2758 600 hoc
2784 544 2936 616 quod
2962 559 3117 600 nunc
3139 541 3406 598 Christus
3427 541 3706 599 tribuisse

296 627 665 686 scansionem
725 645 755 683 e
812 628 992 698 oculis,
1052 631 1354 701 quondam.
1408 633 1478 687 ad
1519 633 1696 687 ccelos
1744 648 1943 688 ascen-

296 717 455 774 disse
477 717 865 774 monstrabat.
894 718 1008 773 Nec
1032 736 1141 774 non
1165 719 1375 774 etillud
1404 721 1618 791 pariter
1639 725 1948 776 retractan-

297 805 461 873 dum,
495 808 790 878 quomodo
811 807 938 878 ipsa
959 808 1261 863 descensio
1284 812 1340 863 et
1360 809 1621 865 ascensio
1647 810 1950 865 sentienda

297 894 398 951 sit.
428 895 777 950 Utrumnam
801 897 1123 951 secundum
1148 913 1359 968 corpus
1380 897 1657 965 localiter,
1674 915 1746 953 an
1771 915 1950 970 supra

296 999 514 1054 corpus
545 983 949 1054 spiritualiter,
977 984 1065 1040 vel
1107 990 1262 1041 certe
1293 991 1540 1057 utroque
1571 988 1762 1042 modo.
1797 986 1948 1041 Infe-

299 1072 458 1129 riora
487 1077 681 1128 autem
713 1078 900 1140 terrae,
932 1073 1196 1130 infernus
1227 1074 1511 1146 accipitur
1534 1075 1604 1130 ad
1639 1092 1813 1147 quem
1844 1076 1951 1131 Do-

300 1161 500 1217 minus
532 1166 730 1217 noster
759 1161 1136 1234 Salvatorque
1165 1164 1484 1233 descendit,
1521 1170 1585 1219 ut
1614 1169 1949 1221 sanctorum

300 1250 550 1319 animas,
578 1268 704 1323 quae
727 1251 807 1306 ibi
848 1253 1198 1308 tenebantur
1226 1252 1489 1323 inclusas,
1521 1271 1720 1309 secum
1743 1256 1814 1310 ad
1845 1271 1951 1309 coe-

297 1338 388 1395 los
417 1340 600 1396 victor
629 1342 960 1396 abduceret.
996 1341 1159 1397 Unde
1190 1347 1246 1396 et
1289 1348 1420 1412 post
1464 1344 1951 1399 resurrectionem

303 1429 452 1499 ejus,
485 1429 741 1500 plurima
771 1446 1011 1501 corpora
1034 1431 1340 1500 justorum
1372 1432 1433 1486 in
1486 1437 1689 1488 sancta
1719 1432 1954 1488 civitate

298 1517 426 1573 visa
456 1523 596 1574 sunt
626 1519 833 1586 (Matth.
861 1526 1035 1586 XXVII,
1088 1519 1196 1591 52).
1251 1520 1411 1583 Quod
1448 1527 1642 1577 autem
1689 1521 1954 1578 infernus

303 1605 364 1661 in
405 1607 664 1663 inferiori
696 1613 858 1679 parte
889 1613 1056 1664 terrae
1087 1610 1181 1681 sit,
1231 1614 1288 1664 et
1339 1609 1655 1666 Psalmista
1682 1614 1949 1678 testatur,

306 1695 537 1752 dicens:
570 1698 806 1768 Apperta
834 1703 912 1752 est
942 1703 1108 1764 terra,
1145 1707 1195 1754 et
1221 1699 1496 1755 devoravit
1527 1701 1764 1766 Dathan,
1799 1702 1954 1755 614

301 1792 356 1840 et
401 1786 613 1856 operuit
652 1802 821 1856 super
872 1790 1342 1859 congregationem
1387 1789 1592 1844 Abiron
1637 1790 1810 1858 (Psal.
1864 1807 1951 1859 cv,

305 1874 415 1945 17).
449 1874 516 1975 Et
562 1873 757 1975 ipsum
810 1875 870 1929 in
914 1876 1303 1975 lfiumerorum
1366 1876 1515 1934 libro
1547 1880 1694 1950 (cap.
1740 1895 1854 1975 xvi,
1886 1879 1956 1975 3-2
1989 1910 2035 1975 Β

303 1963 494 2034 seqq.)
538 1962 770 2034 plenius
815 1964 1154 2036 explicatur.
1203 1965 1328 2022 Alio
1379 1983 1612 2038 quoque
1658 1967 1783 2022 loco
1813 1965 1956 2039 legi-

302 2067 474 2108 mus:
515 2052 704 2108 Veniat
730 2069 874 2109 mors
901 2071 1066 2126 super
1092 2070 1198 2123 eos,
1244 2064 1294 2111 et
1324 2055 1641 2111 descendant
1689 2058 1750 2110 in
1782 2057 1956 2125 infer-

302 2156 440 2196 num
467 2142 704 2198 viventes
735 2143 904 2214 (Psal.
937 2161 1048 2215 Liv,
1083 2145 1191 2215 16).

376 2229 565 2299 (Vere.
601 2231 710 2302 10.)
747 2254 767 2280 α
799 2232 906 2297 Qui
938 2233 1258 2300 descendit,
1292 2233 1415 2304 ipse
1446 2239 1535 2290 est
1563 2234 1664 2306 qui
1697 2233 1960 2290 ascendit

306 2333 486 2390 supra
515 2335 719 2374 omnes
752 2319 948 2388 caelos,
974 2327 1037 2375 ut
1067 2321 1334 2391 impleret
1363 2324 1579 2378 omnia.
1606 2345 1633 2372 ››
1661 2323 1956 2394 Numquid

307 2407 686 2479 corporaliter
709 2425 913 2463 omnes
937 2408 1134 2477 caelos,
1155 2411 1528 2467 etuniversas
1544 2411 1954 2478 sublimitates,

265 2524 270 2526 -
309 2500 367 2551 et
395 2494 670 2551 cmlorum
703 2495 971 2565 circulos,
1008 2515 1155 2570 quas
1188 2498 1520 2571 philosophi
1570 2499 1829 2571 sphaerae
1856 2517 1956 2555 vo-

311 2589 466 2650 cant,
490 2583 783 2639 transiens
801 2589 974 2656 atque
995 2588 1437 2656 transcendens,
1463 2588 1624 2643 stetit
1643 2588 1701 2642 in
1726 2605 1958 2644 summo

308 2672 436 2728 caali
453 2672 692 2739 fornice,
717 2677 774 2728 et
800 2679 863 2729 ut
882 2673 1008 2746 ipso
1030 2676 1204 2731 verbo
1230 2681 1380 2742 utar,
1411 2678 1613 2748 aspide
1633 2677 1660 2732 ?
1685 2683 1774 2731 An
1806 2682 1960 2732 certe

307 2762 507 2818 omnia
535 2762 865 2834 corporalia
886 2768 1267 2820 contemnens
1315 2769 1489 2837 atque
1523 2766 1871 2838 despiciens,
1905 2770 1961 2821 et

307 2854 522 2908 aeterna
551 2851 975 2923 contemplans,
1003 2870 1181 2925 super
1212 2853 1408 2920 cmlos,
1441 2855 1499 2910 id
1530 2860 1638 2918 est,
1664 2872 1840 2926 super
1875 2855 1960 2911 in-

305 2939 561 2997 visibilia
589 2940 823 2997 stetisse
870 2942 1194 2998 credendus
1219 2944 1355 2999 est?
1398 2945 1553 3014 quod
1599 2961 1704 3017 ego
1750 2943 1959 3000 melius

306 3034 467 3101 puto.
500 3028 810 3085 Descendit
855 3046 990 3102 ergo
1024 3031 1082 3085 in
1125 3030 1399 3088 inferiora
1439 3038 1624 3099 terrae,
1672 3038 1728 3088 et
1757 3050 1958 3090 ascen-

307 3118 393 3173 dit
417 3134 595 3189 super
624 3135 829 3191 omnes
860 3118 1032 3175 cmlos
1064 3119 1246 3176 Filius
1297 3121 1414 3188 Dei,
1469 3127 1533 3176 ut
1563 3139 1675 3177 non
1726 3127 1958 3178 tantum

307 3204 496 3278 legem
529 3205 956 3278 prophetasque
986 3208 1322 3279 compleret,
1372 3211 1471 3265 sed
1505 3215 1562 3266 et
1606 3210 1750 3266 alias
1784 3228 1957 3282 quas-

2056 633 2203 690 615
2240 633 2607 694 describitur,
2639 633 2700 688 in
2733 633 2921 704 prima
2954 630 3209 704 Epistula
3240 631 3310 687 ad
3354 631 3704 697 Corinthios,

2058 721 2210 776 Deus
2241 723 2410 778 Pater
2453 723 2684 778 dedisse
2732 726 3040 777 narratur:
3073 722 3222 776 Alios
3251 722 3422 786 enim,
3474 721 3576 787 ait,
3605 736 3706 791 po-

2055 813 2165 865 suit
2228 813 2368 867 Deus
2414 813 2475 866 in
2531 812 2815 867 Ecclesia:
2871 813 3050 883 primo
3099 811 3370 882 apostolos
3399 827 3418 862 :
3473 808 3707 866 secundo

2054 900 2368 970 prophetas,
2401 902 2562 956 tertio
2601 902 2884 955 doctores:
2933 899 3128 955 deinde
3181 901 3432 963 virtutes,
3483 901 3536 953 et
3564 899 3710 954 dona

2055 991 2379 1053 sanitatum,
2413 990 2821 1058 opitulationes,
2870 989 3313 1060 gubernationes,
3369 1003 3572 1059 genera
3609 989 3711 1043 tin-

2056 1095 2298 1148 gnarum
2355 1082 2406 1146 (1
2435 1080 2561 1134 Cor.
2593 1096 2696 1148 xu,
2728 1079 2839 1145 28).
2874 1078 3039 1142 Quod
3069 1075 3362 1133 Sabellius
3393 1093 3509 1132 non
3537 1075 3706 1132 intel-

2058 1166 2268 1240 ligens.
2303 1171 2534 1222 Patrem
2583 1167 2890 1222 confundit
2919 1173 2977 1222 et
3004 1165 3236 1234 Filium,
3269 1165 3413 1220 dum
3443 1165 3710 1220 eamdem

2061 1255 2458 1327 operationem
2491 1273 2621 1312 esse
2663 1272 2779 1311 non
2809 1260 2978 1328 putat
3024 1253 3406 1310 diversorum.
3440 1254 3507 1308 Et
3536 1253 3712 1308 simul

2063 1346 2410 1412 notandum,
2444 1346 2601 1416 quod
2632 1344 2722 1399 hic
2754 1343 3068 1416 apostolos,
3102 1343 3442 1416 prophetas,
3475 1357 3714 1414 evange-

2060 1432 2248 1504 listas,
2301 1441 2583 1505 pastores,
2617 1439 2673 1489 et
2696 1433 3008 1505 magistros
3041 1432 3272 1489 dedisse
3301 1431 3572 1487 Christus
3595 1447 3610 1485 :
3632 1430 3714 1485 ibi

2061 1539 2194 1578 vero
2253 1523 2489 1578 eosdem
2539 1523 2708 1578 Pater
2756 1521 3024 1594 posuisse
3077 1525 3456 1577 memoretur.
3513 1519 3718 1575 Posuit

2063 1611 2259 1682 itaque
2285 1611 2416 1667 sive.
2435 1612 2594 1667 dedit
2623 1615 2794 1666 Pater
2823 1616 2881 1667 et
2927 1608 3132 1676 Filius,
3163 1609 3351 1681 primo
3399 1606 3714 1678 apostolos,

2064 1701 2320 1756 secundo
2353 1700 2666 1772 prophetas
2693 1718 2705 1755 :
2738 1717 2852 1755 non
2884 1699 3017 1754 illos
3047 1698 3147 1769 qui
3173 1698 3370 1753 futura
3396 1696 3716 1752 vaticinan-

2067 1792 2188 1853 tur,
2220 1788 2426 1861 quales
2454 1789 2516 1843 in
2546 1787 2738 1844 Veteri
2764 1787 3017 1860 legimus
3040 1787 3450 1842 Testamento:
3484 1785 3583 1840 sed
3615 1784 3718 1856 qui

2064 1877 2330 1934 infideles
2386 1883 2444 1932 et
2502 1876 2810 1949 imperitos
2841 1880 3088 1948 arguant
3143 1879 3317 1945 atque
3374 1873 3715 1944 dijudicent.

2066 1966 2232 2022 Tales
2281 1967 2496 2039 quippe
2527 1966 2839 2038 prephetas
2897 1964 3028 2020 novi
3085 1962 3439 2019 Testamenti
3498 1962 3556 2016 in
3604 1960 3719 2016 alia

2066 2055 2314 2127 epistola
2352 2071 2481 2111 esse
2529 2055 2735 2111 definit
2783 2055 2857 2126 (II
2884 2054 3005 2110 Cor.
3038 2071 3118 2120 xi,
3170 2054 3257 2108 13.
3319 2050 3510 2107 Tertio
3541 2067 3722 2106 evan-

2067 2143 2330 2216 gelistas,
2362 2160 2612 2215 quorum
2647 2137 2892 2215 speciosi
2917 2145 3091 2213 pedes
3119 2144 3259 2198 sunt
3273 2141 3345 2195 ad
3367 2138 3721 2195 annuntian-

2071 2233 2204 2288 dam
2261 2248 2462 2305 pacem
2493 2233 2665 2303 (Rom.
2696 2249 2752 2300 x,
2779 2231 2888 2302 15).
2913 2231 3169 2285 Necvero
3192 2228 3521 2301 putandum
3544 2228 3727 2299 quod,

2067 2321 2222 2376 sicut
2253 2322 2310 2376 in
2336 2319 2736 2392 superioribus
2757 2319 2968 2386 tribus,
2993 2318 3138 2373 alios
3161 2317 3308 2372 dixit
3333 2333 3463 2373 esse
3485 2320 3724 2388 aposto-

2068 2409 2175 2478 los,
2208 2410 2355 2465 alios
2397 2409 2732 2481 prophetas,
2779 2407 2925 2463 alios
2981 2406 3401 2478 evangelistas:
3454 2405 3539 2460 ita
3579 2409 3637 2459 et
3666 2405 3728 2460 in

2069 2499 2405 2570 pastoribus
2435 2502 2492 2552 et
2521 2498 2579 2552 in
2607 2495 2929 2569 magistris,
2963 2495 3154 2551 ofﬁcia
3184 2495 3412 2550 diversa
3441 2493 3730 2565 posuerit.-

2069 2587 2194 2642 Non
2224 2587 2382 2642 enim
2416 2585 2532 2640 ait:
2567 2584 2711 2640 alios
2743 2589 2938 2640 autem
2970 2588 3232 2655 pastores
3261 2588 3318 2639 et
3354 2581 3500 2638 alios
3538 2581 3725 2654 magi-

2069 2680 2242 2742 stros,
2267 2675 2366 2730 sed
2402 2674 2547 2730 alios
2579 2679 2840 2746 pastores
2861 2678 2919 2728 et
2938 2672 3253 2744 magistros
3280 2688 3293 2727 :
3320 2675 3385 2727 ut
3404 2669 3504 2743 qui
3526 2674 3727 2742 pastor

2068 2769 2309 2831 est,esse
2322 2765 2530 2818 debeat
2549 2767 2607 2817 et
2629 2763 2930 2835 magister:
2948 2778 3054 2817 nec
3070 2761 3128 2816 in
3147 2760 3441 2825 Ecclesiis,
3455 2758 3726 2830 quamvis

2069 2855 2308 2908 sanctus
2329 2852 2424 2917 sit,
2456 2851 2707 2923 pastoris
2729 2850 2840 2906 sibi
2863 2867 3075 2906 nomen
3097 2865 3419 2916 assumere,
3445 2848 3558 2903 nisi
3589 2863 3724 2920 pos-

2069 2942 2146 2998 sit
2175 2942 2380 2997 docere
2411 2957 2557 3012 quos
2591 2939 2797 3011 pascit.
2831 2939 2934 2994 Vel
2961 2943 3113 2994 certe
3134 2937 3322 3003 aliter,
3355 2943 3421 2993 ut
3449 2953 3604 2992 unus
3633 2941 3724 2991 at-

2069 3047 2242 3102 quem
2269 3029 2426 3084 idem
2459 3045 2673 3100 praeses
2727 3026 3016 3093 Ecclesiae,
3050 3026 3127 3082 sit
3174 3030 3373 3099 pastor
3401 3030 3458 3080 et
3481 3025 3687 3080 doctor
3709 3066 3726 3092 ,

2069 3124 2268 3191 pastor
2299 3117 2528 3174 ovium:
2566 3116 2844 3189 magister
2873 3115 3203 3171 homiunm.
3235 3116 3491 3171 Homines
3521 3114 3732 3185 quippe

2071 3217 2122 3264 et
2169 3209 2427 3279 jumenta
2481 3207 2658 3261 salvos
2707 3207 2900 3277 facies,
2957 3206 3183 3260 Domine
3239 3204 3412 3276 (Psal.
3445 3215 3612 3270 XXXV,
3643 3202 3727 3273 7).

311 3275 446 3350 dam
482 3275 740 3351 occultas
770 3275 1259 3368 dispensationes,
1285 3315 1431 3369 quas
1463 3299 1625 3355 solus
1656 3301 1782 3371 ipse
1801 3275 1962 3355 novit
1991 3275 2033 3341 (ἶ
2070 3275 2337 3352 Arbitror
2367 3294 2539 3351 hodie
2558 3275 2868 3366 quoquein
2890 3292 3188 3359 Ecclesiis,
3221 3275 3729 3363 quemadmodum

312 3397 447 3438 cum
479 3382 665 3439 Patre.
696 3383 895 3454 Neque
926 3385 1081 3439 enim
1109 3385 1255 3440 scire
1288 3403 1624 3457 possumus,
1672 3388 1964 3459 quomodo

312 3474 371 3527 et
401 3471 646 3542 angelis,
678 3475 735 3527 et
767 3471 856 3528 his
879 3473 978 3542 qui
1007 3472 1066 3527 in
1099 3473 1324 3530 inferno
1341 3480 1525 3544 erant,
1540 3476 1782 3548 sanguis
1803 3476 1963 3530 Chri-

312 3558 387 3614 sti
421 3559 724 3629 profuerit,
755 3563 813 3614 et
848 3564 1044 3616 tamen
1078 3563 1218 3634 quin
1252 3565 1535 3635 profuerit
1583 3565 1806 3619 nescire
1851 3582 1965 3619 non

309 3663 652 3718 possumus.
677 3647 1241 3723 Descenditquoque
1263 3653 1333 3706 ad
1359 3653 1594 3722 inferos,
1619 3659 1677 3708 et
1705 3653 1969 3709 ascendit

309 3735 383 3792 ad
418 3734 614 3806 ccelos,
650 3739 713 3790 ut
761 3736 1032 3808 impleret
1082 3755 1180 3794 eos
1209 3741 1304 3809 qui
1365 3740 1424 3795 in
1484 3739 1602 3796 illis
1633 3742 1969 3815 regionibus

313 3828 504 3892 erant,
521 3825 846 3880 secundum
870 3826 926 3880 id
951 3828 1104 3898 quod
1129 3845 1190 3883 se
1213 3845 1418 3900 capere
1440 3834 1726 3901 poterant.
1751 3832 1832 3887 Ex
1855 3847 1969 3903 quo

316 3913 643 3981 sciendum,
678 3915 854 3985 quod,
889 3922 1202 3987 antequam
1224 3916 1492 3974 Christus
1513 3919 1888 3976 descenderet
1917 3925 1974 3974 et

322 4003 1104 4074 ascenderet,vacuafuerint
1123 4005 1339 4076 omnia,
1359 4011 1415 4061 et
1432 4007 1793 4078 plenitudine
1814 4008 1974 4064 illius

320 4089 699 4163 indiguerint.
733 4091 836 4148 Hic
864 4092 1027 4148 locus
1048 4094 1356 4150 adversum
1379 4095 1677 4164 Ebionem,
1703 4101 1759 4152 et
1786 4096 1951 4152 Photi

323 4195 490 4243 num,
521 4180 609 4236 vel
641 4181 896 4238 maxime
925 4182 1080 4237 facit.
1108 4183 1167 4238 Si
1199 4183 1353 4238 enim
1379 4184 1503 4256 ipse
1534 4190 1622 4240 est
1651 4186 1974 4242 ascendens

325 4267 386 4323 in
417 4267 612 4336 oculos,
646 4271 746 4341 qui
779 4271 849 4325 de
881 4271 1041 4327 caelis
1072 4276 1206 4327 ante
1236 4273 1638 4339 descenderat,
1683 4275 1975 4346 quomodo

324 4356 609 4412 Dominus
638 4361 834 4413 noster
862 4359 1035 4415 Jesus
1083 4360 1350 4416 Christus
1400 4379 1514 4417 non
1553 4369 1686 4418 ante
1735 4361 1974 4419 Mariam

324 4447 434 4510 est,
463 4445 562 4500 sed
597 4449 729 4517 post
751 4447 991 4502 Mariam
1019 4448 1046 4502 ‘?
1088 4448 1322 4504 Necnon
1353 4454 1410 4505 et
1456 4455 1657 4506 contra
1706 4467 1825 4518 eos,
1877 4451 1977 4523 qui

325 4534 474 4590 duos
517 4533 669 4590 filios
699 4535 905 4590 insano
932 4552 1124 4592 errore
1154 4538 1531 4610 confingunt:
1575 4538 1788 4594 Filium
1819 4540 1975 4594 vide-

2076 3385 2359 3458 propheta
2389 3387 2446 3438 et
2476 3381 2853 3455 evangelista,
2909 3387 3106 3453 pastor
3155 3395 3390 3452 quoque
3438 3378 3733 3435 invenitur

2075 3479 2133 3529 et
2157 3474 2395 3528 doctor:
2430 3471 2513 3526 ita
2543 3488 2713 3544 posse
2758 3476 2814 3525 et
2845 3470 3171 3542 apostolum
3224 3467 3488 3540 reperiri,
3520 3468 3581 3522 in
3613 3483 3730 3538 quo

2077 3560 2439 3634 apostolatus
2473 3560 2642 3631 signa
2672 3563 2729 3614 et
2760 3557 2977 3614 indicia
3017 3557 3463 3629 compleantur:
3492 3561 3548 3611 et
3579 3573 3610 3612 e
3639 3573 3731 3611 re-

2077 3651 2248 3722 gione
2277 3665 2406 3704 esse
2425 3647 2710 3720 plurimos
2743 3653 2861 3703 tam
2897 3647 3058 3714 foris,
3090 3663 3270 3718 quam
3301 3647 3484 3712 intus,
3516 3650 3638 3700 tam
3669 3645 3731 3700 in

2082 3736 2354 3802 Ecclesia,
2407 3753 2585 3808 quam
2633 3736 2691 3790 in
2741 3735 3084 3802 hzeresibus,
3129 3735 3229 3806 qui
3261 3731 3733 3806 pseudoapostoli

2080 3827 2218 3895 sint,
2278 3831 2334 3882 et
2389 3825 2609 3897 pseudo
2677 3824 2992 3897 prophetas,
3050 3828 3109 3879 et
3160 3823 3382 3896 pseudo
3438 3820 3731 3894 evangeli-

2081 3919 2204 3984 stze,
2246 3920 2303 3970 et
2348 3915 2861 3986 pseudopastores,
2893 3918 2951 3968 et
2995 3911 3509 3984 pseudomagistri.
3560 3912 3630 3966 Et
3660 3911 3734 3965 de

2083 4003 2404 4059 haeresibus
2421 4003 2657 4074 quidem
2673 4002 2835 4057 nulla
2851 4001 3135 4058 dubitatio
3154 4000 3394 4073 estquin
3408 3999 3736 4056 secundum

2031 4132 2035 4138 .
2083 4091 2290 4146 falsam
2327 4092 2526 4157 ﬁdem,
2559 4092 2710 4146 falsa
2744 4091 2980 4145 univers
3012 4089 3402 4162 apossideant.
3437 4090 3497 4144 In
3547 4086 3741 4143 Eccle-

2085 4180 2188 4236 siis
2219 4186 2412 4236 autem
2437 4196 2631 4235 nonne
2659 4179 2818 4235 vobis
2840 4178 3114 4235 videntur
3138 4177 3268 4234 falsi
3301 4193 3430 4234 esse
3459 4176 3736 4250 pastoris,

2085 4268 2185 4340 qui
2212 4285 2327 4324 non
2365 4272 2609 4339 pascunt
2656 4285 2788 4324 oves
2835 4285 2970 4324 cum
3028 4266 3358 4339 disciplina,
3418 4266 3519 4322 sed
3568 4264 3741 4337 quasi

2088 4356 2433 4412 mercenarii
2506 4373 2878 4428 nequaquam
2923 4356 3117 4430 gregis
3161 4354 3411 4411 salutem
3458 4353 3738 4427 cogitant,

2088 4446 2244 4517 quod
2275 4444 2507 4511 erravit,
2539 4461 2656 4501 non
2683 4449 3102 4510 convertentes,
3136 4448 3193 4500 et
3212 4445 3368 4515 quod
3399 4442 3596 4515 periit,
3619 4458 3736 4497 non

2088 4541 2411 4604 quaerentes
2437 4551 2449 4601 ;
2475 4534 2574 4589 sed
2595 4534 3002 4589 tantummodo
3020 4534 3091 4588 de
3108 4533 3314 4589 ovibus
3335 4531 3423 4588 lac
3443 4536 3502 4587 et
3516 4530 3738 4601 lanam,

321 4621 459 4679 licet
497 4623 621 4687 Dei,
652 4628 711 4679 et
743 4624 928 4680 ﬁlium
972 4625 1245 4680 hominis.
1300 4627 1441 4682 Ecce
1472 4627 1564 4682 hic
1610 4628 1980 4699 apertissime
2009 4638 2055 4701 D
2087 4624 2240 4678 616
2263 4623 2422 4680 cibos
2443 4619 2708 4678 videlicet
2729 4629 2787 4677 et
2814 4622 3161 4678 vestimenta
3188 4625 3487 4693 captantes
3509 4618 3736 4690 (Emit.

325 4711 558 4784 dicitur,
588 4713 742 4783 quod
777 4713 901 4785 ipse
923 4714 1000 4768 sit
1029 4714 1350 4770 ascendens
1390 4720 1563 4786 atque
1593 4717 1975 4771 descendens.

325 4801 439 4856 Nec
462 4802 662 4857 statim
694 4801 809 4857 ista
827 4802 1106 4868 dicentes,
1125 4803 1315 4858 locum
1338 4803 1501 4858 alteri
1523 4804 1724 4859 baaresi
1747 4805 1978 4876 damus,

328 4905 454 4961 quas
477 4888 844 4946 dimidiatam
865 4890 1076 4946 Christi
1102 4891 1819 4962 asseritdispensationem
1846 4910 1858 4948 :
1879 4894 1980 4948 sed

328 4976 424 5032 hic
449 4994 633 5033 unum
665 4984 723 5034 et
751 4979 852 5035 Dei
884 4984 941 5036 et
969 4979 1228 5035 hominis
1244 4979 1452 5035 Filium
1485 4982 1866 5037 conﬁtemur:
1910 4999 1983 5037 ne

329 5064 829 5136 dispensationem
852 5068 1142 5139 assumpti
1176 5067 1452 5138 hominis,
1506 5085 1622 5140 qua
1654 5069 1855 5124 salvati
1890 5086 1984 5124 su-

329 5169 486 5220 mus,
519 5169 588 5208 ex
620 5158 784 5233 parte
809 5156 1135 5221 credentes,
1169 5157 1248 5211 im
1283 5161 1444 5228 parte
1476 5161 1836 5213 truncemus.

401 5241 587 5312 (Vere.
625 5244 710 5309 11,
743 5245 853 5316 12.)
883 5265 909 5297 υ
935 5245 1001 5300 Et
1030 5245 1155 5316 ipse
1180 5245 1338 5301 dedit
1361 5263 1710 5318 quosquam,
1744 5247 1982 5318 quidem

329 5331 654 5404 apostolos:
703 5334 987 5406 quosdam
1030 5338 1225 5391 autem
1270 5336 1619 5407 prophetas:
1671 5337 1816 5393 alios
1850 5353 1982 5392 vero

328 5419 744 5493 evangelistas:
798 5422 943 5478 alios
974 5433 1167 5479 autem
1207 5429 1465 5494 pastores
1499 5431 1554 5480 et
1576 5427 1888 5498 magistros
1911 5426 1979 5480 ad

330 5509 778 5565 instructionem
827 5515 1190 5573 sanctorum,
1251 5513 1305 5566 in
1360 5530 1506 5584 opus
1559 5513 1892 5586 ministerii,
1925 5513 1981 5568 in

328 5597 770 5654 aediﬁcationem
817 5598 1074 5671 corporis
1121 5599 1354 5655 Christi.
1413 5625 1438 5649 ››
1497 5607 1561 5657 Et
1591 5621 1657 5658 ex
1704 5603 1810 5657 hoc
1858 5601 1982 5658 loco

331 5686 808 5745 manifestissime
830 5688 1261 5761 comprobatur,
1298 5689 1479 5748 l’atris
1511 5697 1567 5747 et
1598 5691 1725 5748 Filii
1751 5709 1865 5747 una
1896 5691 1982 5747 di-

2088 4728 2277 4778 xxxw,
2309 4713 2366 4779 3,
2393 4710 2468 4781 4).
2502 4711 2618 4766 Nec
2645 4727 2780 4766 vero
2831 4712 3053 4783 absque
3083 4711 3287 4766 ordine
3334 4712 3391 4765 in
3421 4708 3542 4764 haec
3571 4713 3739 4780 pute-

2091 4817 2224 4856 mus
2274 4798 2609 4871 Apostolum
2660 4798 2853 4855 subito
2911 4799 3288 4870 prorupisse;
3345 4813 3546 4853 verum
3601 4796 3742 4867 quia

2092 4889 2452 4962 praemiserat
2481 4904 2608 4944 esse
2641 4893 2820 4943 Deum
2849 4904 3024 4959 super
3053 4887 3252 4943 omnia
3297 4891 3353 4942 et
3389 4903 3493 4958 per
3519 4884 3740 4951 omnia,

2091 4983 2147 5032 et
2178 4978 2236 5032 in
2269 4976 2564 5046 omnibus,
2598 4981 2656 5031 et
2681 4975 2998 5047 unicuique
3019 4980 3358 5031 sanctorum
3388 4976 3587 5030 datam
3616 4989 3742 5046 gra-

2092 5066 2235 5121 tiam
2263 5067 2586 5121 secundum
2609 5081 2948 5121 mensuram
2970 5064 3303 5120 donationis
3316 5062 3558 5119 Christi:
3586 5077 3742 5117 nunc

2092 5155 2254 5210 addit
2282 5155 2428 5210 alios
2460 5153 2776 5225 apostolos,
2809 5153 2954 5209 alios
2988 5152 3482 5226 prophetas,alios
3503 5167 3747 5223 evange-

2092 5243 2280 5311 listas,
2317 5241 2464 5300 alios
2495 5248 2761 5316 pastores
2791 5247 2847 5298 et
2877 5242 3191 5315 magistros
3240 5258 3368 5298 esse
3405 5241 3464 5297 in
3489 5238 3746 5297 Ecclesia

2093 5332 2461 5404 distributos,
2493 5322 2593 5405 qui
2652 5331 2966 5388 necessarii
3024 5332 3143 5387 sint
3197 5331 3270 5387 ad
3328 5328 3740 5404 perfectionem

2093 5421 2656 5493 instructionemque
2687 5425 3022 5476 sanctorum
3056 5421 3113 5476 in
3146 5437 3292 5492 opus
3315 5417 3648 5490 ministerii,
3683 5417 3741 5473 in

2093 5511 2529 5566 mdiﬁcationem
2564 5509 2822 5582 corporis
2850 5509 3106 5564 Christi:
3159 5509 3298 5581 quia
3346 5524 3482 5563 cum
3527 5522 3740 5577 corpus

2092 5598 2322 5654 Domini
2350 5598 2604 5655 Ecclesia
2635 5598 2732 5670 sit,
2763 5602 2820 5654 et
2849 5597 3103 5654 Ecclesia
3130 5597 3200 5653 de
3248 5596 3392 5652 vivis
3440 5594 3739 5669 lapidibus

2093 5691 2466 5746 construatur
2490 5704 2502 5742 :
2526 5687 2585 5743 hi
2617 5704 2763 5762 quos
2785 5703 2964 5760 supra
2982 5685 3439 5746 memoravimus
3469 5684 3528 5742 in
3549 5680 3740 5744 Eccle-
