  <div class='ocr_page' id='page_1' title='image "/cluster/home/n/w/nwhite01/storage/ocr_20150623/26/hvd.32044052772472/274.png"; bbox 0 0 4144 6202; ppageno 0'>
   <div class='ocr_carea' id='block_1_1' title="bbox 384 370 504 439">
    <p class='ocr_par' dir='ltr' id='par_1_1' title="bbox 384 370 504 439">
     <span class='ocr_line' id='line_1_1' title="bbox 384 370 504 439; baseline 0.017 -4"><span class='ocrx_word' id='word_1_1' title='bbox 384 370 504 439; x_wconf 77' lang='lat'>533</span> 
     </span>
    </p>
   </div>
   <div class='ocr_carea' id='block_1_2' title="bbox 1060 367 3162 449">
    <p class='ocr_par' dir='ltr' id='par_1_2' title="bbox 1060 367 3162 449">
     <span class='ocr_line' id='line_1_2' title="bbox 1060 367 3162 449; baseline -0 -13"><span class='ocrx_word' id='word_1_2' title='bbox 1060 371 1572 436; x_wconf 76' lang='lat' dir='ltr'>COMMENTAR.</span> <span class='ocrx_word' id='word_1_3' title='bbox 1620 375 1698 435; x_wconf 88' lang='grc' dir='ltr'>ΙΝ</span> <span class='ocrx_word' id='word_1_4' title='bbox 1744 371 1993 436; x_wconf 84' lang='lat' dir='ltr'><strong>EPIST.</strong></span> <span class='ocrx_word' id='word_1_5' title='bbox 2038 371 2141 434; x_wconf 83' lang='lat' dir='ltr'>AD</span> <span class='ocrx_word' id='word_1_6' title='bbox 2186 368 2468 434; x_wconf 86' lang='lat' dir='ltr'>EPHES.</span> <span class='ocrx_word' id='word_1_7' title='bbox 2517 367 2665 436; x_wconf 89' lang='lat' dir='ltr'>LIB.</span> <span class='ocrx_word' id='word_1_8' title='bbox 2710 368 2788 449; x_wconf 92' lang='grc' dir='ltr'>ῙῙ,</span> <span class='ocrx_word' id='word_1_9' title='bbox 2834 369 3009 436; x_wconf 84' lang='lat' dir='ltr'>CAP.</span> <span class='ocrx_word' id='word_1_10' title='bbox 3057 370 3162 436; x_wconf 82' lang='lat' dir='ltr'>IV.</span> 
     </span>
    </p>
   </div>
   <div class='ocr_carea' id='block_1_3' title="bbox 3684 366 3806 435">
    <p class='ocr_par' dir='ltr' id='par_1_3' title="bbox 3684 366 3806 435">
     <span class='ocr_line' id='line_1_3' title="bbox 3684 366 3806 435; baseline -0.016 0"><span class='ocrx_word' id='word_1_11' title='bbox 3684 366 3806 435; x_wconf 70' lang='grc'>534</span> 
     </span>
    </p>
   </div>
   <div class='ocr_carea' id='block_1_4' title="bbox 387 504 3802 581">
    <p class='ocr_par' dir='ltr' id='par_1_4' title="bbox 387 504 3802 581">
     <span class='ocr_line' id='line_1_4' title="bbox 387 504 3802 581; baseline -0 -15"><span class='ocrx_word' id='word_1_12' title='bbox 387 509 477 566; x_wconf 88' lang='lat' dir='ltr'>sia</span> <span class='ocrx_word' id='word_1_13' title='bbox 511 504 961 576; x_wconf 89' lang='lat' dir='ltr'>constitutos,id</span> <span class='ocrx_word' id='word_1_14' title='bbox 992 505 1210 562; x_wconf 82' lang='lat' dir='ltr'>habent</span> <span class='ocrx_word' id='word_1_15' title='bbox 1250 507 1461 578; x_wconf 90' lang='lat' dir='ltr'>operis,</span> <span class='ocrx_word' id='word_1_16' title='bbox 1489 511 1554 562; x_wconf 91' lang='lat' dir='ltr'>ut</span> <span class='ocrx_word' id='word_1_17' title='bbox 1574 509 1898 563; x_wconf 88' lang='lat' dir='ltr'>secundum</span> <span class='ocrx_word' id='word_1_18' title='bbox 1922 508 2041 563; x_wconf 92' lang='lat' dir='ltr'>dis-</span> <span class='ocrx_word' id='word_1_19' title='bbox 2071 508 2128 574; x_wconf 84' lang='grc' dir='ltr'><strong>Α</strong></span> <span class='ocrx_word' id='word_1_20' title='bbox 2158 507 2280 563; x_wconf 92' lang='lat' dir='ltr'>lum</span> <span class='ocrx_word' id='word_1_21' title='bbox 2314 507 2670 580; x_wconf 81' lang='lat' dir='ltr'>pervenisse:</span> <span class='ocrx_word' id='word_1_22' title='bbox 2706 509 2778 563; x_wconf 91' lang='lat' dir='ltr'>ad</span> <span class='ocrx_word' id='word_1_23' title='bbox 2809 525 2876 564; x_wconf 90' lang='lat' dir='ltr'>ea</span> <span class='ocrx_word' id='word_1_24' title='bbox 2905 525 3038 564; x_wconf 90' lang='lat' dir='ltr'>vero</span> <span class='ocrx_word' id='word_1_25' title='bbox 3082 525 3208 580; x_wconf 59' lang='lat' dir='ltr'>qua</span> <span class='ocrx_word' id='word_1_26' title='bbox 3265 504 3518 581; x_wconf 85' lang='lat' dir='ltr'>reposita</span> <span class='ocrx_word' id='word_1_27' title='bbox 3575 505 3802 565; x_wconf 79' lang='lat' dir='ltr'>sanctis</span> 
     </span>
    </p>
   </div>
   <div class='ocr_carea' id='block_1_5' title="bbox 263 594 2040 671">
    <p class='ocr_par' dir='ltr' id='par_1_5' title="bbox 263 594 2040 671">
     <span class='ocr_line' id='line_1_5' title="bbox 263 594 2040 671; baseline -0.001 -18"><span class='ocrx_word' id='word_1_28' title='bbox 263 610 268 612; x_wconf 79' lang='lat'><strong><em>‘</em></strong></span> <span class='ocrx_word' id='word_1_29' title='bbox 380 597 796 671; x_wconf 81' lang='lat' dir='ltr'>pensationem</span> <span class='ocrx_word' id='word_1_30' title='bbox 829 600 884 650; x_wconf 90' lang='lat' dir='ltr'>et</span> <span class='ocrx_word' id='word_1_31' title='bbox 915 594 1109 652; x_wconf 77' lang='lat' dir='ltr'>ofﬁcia</span> <span class='ocrx_word' id='word_1_32' title='bbox 1133 596 1243 651; x_wconf 91' lang='lat' dir='ltr'>sibi</span> <span class='ocrx_word' id='word_1_33' title='bbox 1268 597 1506 664; x_wconf 88' lang='lat' dir='ltr'>credita,</span> <span class='ocrx_word' id='word_1_34' title='bbox 1540 596 1854 653; x_wconf 89' lang='lat' dir='ltr'>Ecclesiam</span> <span class='ocrx_word' id='word_1_35' title='bbox 1883 597 2040 652; x_wconf 88' lang='lat' dir='ltr'>Chri-</span> 
     </span>
    </p>
   </div>
   <div class='ocr_carea' id='block_1_6' title="bbox 383 685 2038 758">
    <p class='ocr_par' dir='ltr' id='par_1_6' title="bbox 383 685 2038 758">
     <span class='ocr_line' id='line_1_6' title="bbox 383 685 2038 758; baseline -0.001 -15"><span class='ocrx_word' id='word_1_36' title='bbox 383 688 483 755; x_wconf 89' lang='lat' dir='ltr'>sti,</span> <span class='ocrx_word' id='word_1_37' title='bbox 517 687 575 741; x_wconf 92' lang='lat' dir='ltr'>id</span> <span class='ocrx_word' id='word_1_38' title='bbox 609 690 701 742; x_wconf 92' lang='lat' dir='ltr'>est</span> <span class='ocrx_word' id='word_1_39' title='bbox 732 702 946 756; x_wconf 89' lang='lat' dir='ltr'>corpus</span> <span class='ocrx_word' id='word_1_40' title='bbox 971 685 1122 756; x_wconf 86' lang='lat' dir='ltr'>ejus,</span> <span class='ocrx_word' id='word_1_41' title='bbox 1146 686 1450 742; x_wconf 72' lang='lat' dir='ltr'>aedificent.</span> <span class='ocrx_word' id='word_1_42' title='bbox 1477 686 1534 742; x_wconf 92' lang='lat' dir='ltr'>Si</span> <span class='ocrx_word' id='word_1_43' title='bbox 1559 689 1691 758; x_wconf 86' lang='lat' dir='ltr'>quis</span> <span class='ocrx_word' id='word_1_44' title='bbox 1716 687 1895 758; x_wconf 87' lang='lat' dir='ltr'>igitur</span> <span class='ocrx_word' id='word_1_45' title='bbox 1924 704 2038 742; x_wconf 92' lang='lat' dir='ltr'>non</span> 
     </span>
    </p>
   </div>
   <div class='ocr_carea' id='block_1_7' title="bbox 385 774 2036 848">
    <p class='ocr_par' dir='ltr' id='par_1_7' title="bbox 385 774 2036 848">
     <span class='ocr_line' id='line_1_7' title="bbox 385 774 2036 848; baseline -0.001 -15"><span class='ocrx_word' id='word_1_46' title='bbox 385 776 637 833; x_wconf 68' lang='lat' dir='ltr'>aedificat</span> <span class='ocrx_word' id='word_1_47' title='bbox 669 775 994 830; x_wconf 89' lang='lat' dir='ltr'>Ecclesiam</span> <span class='ocrx_word' id='word_1_48' title='bbox 1026 774 1266 842; x_wconf 84' lang='lat' dir='ltr'>Christi,</span> <span class='ocrx_word' id='word_1_49' title='bbox 1299 792 1403 831; x_wconf 91' lang='lat' dir='ltr'>nec</span> <span class='ocrx_word' id='word_1_50' title='bbox 1437 775 1665 848; x_wconf 87' lang='lat' dir='ltr'>plebem</span> <span class='ocrx_word' id='word_1_51' title='bbox 1688 776 1800 831; x_wconf 87' lang='lat' dir='ltr'>sibi</span> <span class='ocrx_word' id='word_1_52' title='bbox 1841 776 2036 847; x_wconf 89' lang='lat' dir='ltr'>subje-</span> 
     </span>
    </p>
   </div>
   <div class='ocr_carea' id='block_1_8' title="bbox 382 861 2040 934">
    <p class='ocr_par' dir='ltr' id='par_1_8' title="bbox 382 861 2040 934">
     <span class='ocr_line' id='line_1_8' title="bbox 382 861 2040 934; baseline -0.001 -14"><span class='ocrx_word' id='word_1_53' title='bbox 382 867 537 920; x_wconf 90' lang='lat' dir='ltr'>ctam</span> <span class='ocrx_word' id='word_1_54' title='bbox 563 862 809 918; x_wconf 83' lang='lat' dir='ltr'>instruit</span> <span class='ocrx_word' id='word_1_55' title='bbox 825 863 913 933; x_wconf 89' lang='lat' dir='ltr'>(ut</span> <span class='ocrx_word' id='word_1_56' title='bbox 925 862 994 917; x_wconf 94' lang='lat' dir='ltr'>de</span> <span class='ocrx_word' id='word_1_57' title='bbox 1009 862 1274 933; x_wconf 89' lang='lat' dir='ltr'>subjecto</span> <span class='ocrx_word' id='word_1_58' title='bbox 1291 861 1526 934; x_wconf 87' lang='lat' dir='ltr'>pepulo,</span> <span class='ocrx_word' id='word_1_59' title='bbox 1541 862 1754 918; x_wconf 85' lang='lat' dir='ltr'>Christi</span> <span class='ocrx_word' id='word_1_60' title='bbox 1779 862 2040 918; x_wconf 82' lang='lat' dir='ltr'>Ecclesia</span> 
     </span>
    </p>
   </div>
   <div class='ocr_carea' id='block_1_9' title="bbox 380 950 2036 1024">
    <p class='ocr_par' dir='ltr' id='par_1_9' title="bbox 380 950 2036 1024">
     <span class='ocr_line' id='line_1_9' title="bbox 380 950 2036 1024; baseline -0.002 -14"><span class='ocrx_word' id='word_1_61' title='bbox 380 954 804 1022; x_wconf 82' lang='lat' dir='ltr'>construatur),</span> <span class='ocrx_word' id='word_1_62' title='bbox 838 953 948 1007; x_wconf 87' lang='lat' dir='ltr'>iste</span> <span class='ocrx_word' id='word_1_63' title='bbox 979 967 1085 1007; x_wconf 91' lang='lat' dir='ltr'>nec</span> <span class='ocrx_word' id='word_1_64' title='bbox 1117 950 1440 1023; x_wconf 85' lang='lat' dir='ltr'>apostolus,</span> <span class='ocrx_word' id='word_1_65' title='bbox 1474 968 1581 1008; x_wconf 89' lang='lat' dir='ltr'>nec</span> <span class='ocrx_word' id='word_1_66' title='bbox 1615 952 2036 1024; x_wconf 90' lang='lat' dir='ltr'>propheta,nec</span> 
     </span>
    </p>
   </div>
   <div class='ocr_carea' id='block_1_10' title="bbox 379 1040 2036 1116">
    <p class='ocr_par' dir='ltr' id='par_1_10' title="bbox 379 1040 2036 1116">
     <span class='ocr_line' id='line_1_10' title="bbox 379 1040 2036 1116; baseline -0.002 -16"><span class='ocrx_word' id='word_1_67' title='bbox 379 1043 762 1116; x_wconf 79' lang='lat' dir='ltr'>evangelista,</span> <span class='ocrx_word' id='word_1_68' title='bbox 776 1058 883 1097; x_wconf 93' lang='lat' dir='ltr'>nec</span> <span class='ocrx_word' id='word_1_69' title='bbox 899 1045 1116 1112; x_wconf 84' lang='lat' dir='ltr'>pastor,</span> <span class='ocrx_word' id='word_1_70' title='bbox 1136 1058 1243 1098; x_wconf 90' lang='lat' dir='ltr'>nec</span> <span class='ocrx_word' id='word_1_71' title='bbox 1262 1043 1540 1115; x_wconf 84' lang='lat' dir='ltr'>magister</span> <span class='ocrx_word' id='word_1_72' title='bbox 1553 1040 2036 1113; x_wconf 87' lang='lat' dir='ltr'>estappellandus</span> 
     </span>
    </p>
   </div>
   <div class='ocr_carea' id='block_1_11' title="bbox 450 1131 2034 1206">
    <p class='ocr_par' dir='ltr' id='par_1_11' title="bbox 450 1131 2034 1206">
     <span class='ocr_line' id='line_1_11' title="bbox 450 1131 2034 1206; baseline -0.001 -20"><span class='ocrx_word' id='word_1_73' title='bbox 450 1133 638 1206; x_wconf 90' lang='lat' dir='ltr'>(Vers.</span> <span class='ocrx_word' id='word_1_74' title='bbox 672 1133 742 1188; x_wconf 90' lang='grc'>13</span> <span class='ocrx_word' id='word_1_75' title='bbox 770 1147 933 1203; x_wconf 86' lang='lat' dir='ltr'>seqq.</span> <span class='ocrx_word' id='word_1_76' title='bbox 970 1133 986 1202; x_wconf 95' lang='lat'>)</span> <span class='ocrx_word' id='word_1_77' title='bbox 1017 1154 1044 1181; x_wconf 86' lang='grc'>‹‹</span> <span class='ocrx_word' id='word_1_78' title='bbox 1079 1131 1271 1187; x_wconf 92' lang='lat' dir='ltr'>Donec</span> <span class='ocrx_word' id='word_1_79' title='bbox 1302 1148 1682 1188; x_wconf 86' lang='lat' dir='ltr'>occurramus</span> <span class='ocrx_word' id='word_1_80' title='bbox 1713 1149 1917 1188; x_wconf 91' lang='lat' dir='ltr'>omnes</span> <span class='ocrx_word' id='word_1_81' title='bbox 1975 1132 2034 1186; x_wconf 90' lang='lat' dir='ltr'>in</span> 
     </span>
    </p>
   </div>
   <div class='ocr_carea' id='block_1_12' title="bbox 375 1219 2035 1292">
    <p class='ocr_par' dir='ltr' id='par_1_12' title="bbox 375 1219 2035 1292">
     <span class='ocr_line' id='line_1_12' title="bbox 375 1219 2035 1292; baseline -0.002 -13"><span class='ocrx_word' id='word_1_82' title='bbox 375 1223 611 1280; x_wconf 87' lang='lat' dir='ltr'>unitate</span> <span class='ocrx_word' id='word_1_83' title='bbox 642 1221 775 1276; x_wconf 82' lang='lat' dir='ltr'>fidei</span> <span class='ocrx_word' id='word_1_84' title='bbox 801 1225 856 1276; x_wconf 91' lang='lat' dir='ltr'>et</span> <span class='ocrx_word' id='word_1_85' title='bbox 890 1219 1205 1292; x_wconf 77' lang='lat' dir='ltr'>agnitionis</span> <span class='ocrx_word' id='word_1_86' title='bbox 1230 1219 1333 1275; x_wconf 88' lang='lat' dir='ltr'>filii</span> <span class='ocrx_word' id='word_1_87' title='bbox 1379 1221 1503 1288; x_wconf 88' lang='lat' dir='ltr'>Dei,</span> <span class='ocrx_word' id='word_1_88' title='bbox 1556 1220 1615 1275; x_wconf 90' lang='lat' dir='ltr'>in</span> <span class='ocrx_word' id='word_1_89' title='bbox 1664 1221 1854 1276; x_wconf 91' lang='lat' dir='ltr'>virum</span> <span class='ocrx_word' id='word_1_90' title='bbox 1903 1237 2035 1292; x_wconf 89' lang='lat' dir='ltr'>per-</span> 
     </span>
    </p>
   </div>
   <div class='ocr_carea' id='block_1_13' title="bbox 376 1309 2030 1381">
    <p class='ocr_par' dir='ltr' id='par_1_13' title="bbox 376 1309 2030 1381">
     <span class='ocr_line' id='line_1_13' title="bbox 376 1309 2030 1381; baseline -0.002 -13"><span class='ocrx_word' id='word_1_91' title='bbox 376 1312 620 1376; x_wconf 81' lang='lat' dir='ltr'>fectum,</span> <span class='ocrx_word' id='word_1_92' title='bbox 652 1309 711 1364; x_wconf 92' lang='lat' dir='ltr'>in</span> <span class='ocrx_word' id='word_1_93' title='bbox 745 1325 1083 1364; x_wconf 87' lang='lat' dir='ltr'>mensuram</span> <span class='ocrx_word' id='word_1_94' title='bbox 1128 1310 1315 1365; x_wconf 60' lang='lat' dir='ltr'>astatis</span> <span class='ocrx_word' id='word_1_95' title='bbox 1363 1309 1746 1381; x_wconf 87' lang='lat' dir='ltr'>plenitudinis</span> <span class='ocrx_word' id='word_1_96' title='bbox 1795 1309 2030 1366; x_wconf 88' lang='lat' dir='ltr'>Christi.</span> 
     </span>
    </p>
   </div>
   <div class='ocr_carea' id='block_1_14' title="bbox 374 1397 2032 1470">
    <p class='ocr_par' dir='ltr' id='par_1_14' title="bbox 374 1397 2032 1470">
     <span class='ocr_line' id='line_1_14' title="bbox 374 1397 2032 1470; baseline -0.001 -14"><span class='ocrx_word' id='word_1_97' title='bbox 374 1397 458 1457; x_wconf 62' lang='lat' dir='ltr'>Ut&#39;</span> <span class='ocrx_word' id='word_1_98' title='bbox 477 1399 630 1455; x_wconf 89' lang='lat' dir='ltr'>ultra</span> <span class='ocrx_word' id='word_1_99' title='bbox 659 1415 774 1453; x_wconf 89' lang='lat' dir='ltr'>non</span> <span class='ocrx_word' id='word_1_100' title='bbox 797 1398 984 1454; x_wconf 89' lang='lat' dir='ltr'>simus</span> <span class='ocrx_word' id='word_1_101' title='bbox 1015 1397 1248 1470; x_wconf 87' lang='lat' dir='ltr'>parvuli</span> <span class='ocrx_word' id='word_1_102' title='bbox 1281 1399 1654 1468; x_wconf 87' lang='lat' dir='ltr'>ﬂuctuantes,</span> <span class='ocrx_word' id='word_1_103' title='bbox 1688 1403 1744 1454; x_wconf 91' lang='lat' dir='ltr'>et</span> <span class='ocrx_word' id='word_1_104' title='bbox 1781 1398 2032 1454; x_wconf 88' lang='lat' dir='ltr'>circum-</span> 
     </span>
    </p>
   </div>
   <div class='ocr_carea' id='block_1_15' title="bbox 376 1487 2033 1554">
    <p class='ocr_par' dir='ltr' id='par_1_15' title="bbox 376 1487 2033 1554">
     <span class='ocr_line' id='line_1_15' title="bbox 376 1487 2033 1554; baseline -0.003 -8"><span class='ocrx_word' id='word_1_105' title='bbox 376 1489 484 1546; x_wconf 90' lang='lat' dir='ltr'>lati</span> <span class='ocrx_word' id='word_1_106' title='bbox 516 1487 676 1544; x_wconf 89' lang='lat' dir='ltr'>omni</span> <span class='ocrx_word' id='word_1_107' title='bbox 708 1492 880 1543; x_wconf 90' lang='lat' dir='ltr'>vento</span> <span class='ocrx_word' id='word_1_108' title='bbox 914 1487 1212 1554; x_wconf 80' lang='lat' dir='ltr'>doctrinae,</span> <span class='ocrx_word' id='word_1_109' title='bbox 1246 1487 1304 1542; x_wconf 92' lang='lat' dir='ltr'>in</span> <span class='ocrx_word' id='word_1_110' title='bbox 1339 1487 1568 1543; x_wconf 86' lang='lat' dir='ltr'>fallacia</span> <span class='ocrx_word' id='word_1_111' title='bbox 1609 1487 1918 1543; x_wconf 89' lang='lat' dir='ltr'>hominum</span> <span class='ocrx_word' id='word_1_112' title='bbox 1977 1491 2033 1542; x_wconf 89' lang='lat' dir='ltr'>et</span> 
     </span>
    </p>
   </div>
   <div class='ocr_carea' id='block_1_16' title="bbox 380 1576 2029 1645">
    <p class='ocr_par' dir='ltr' id='par_1_16' title="bbox 380 1576 2029 1645">
     <span class='ocr_line' id='line_1_16' title="bbox 380 1576 2029 1645; baseline -0.003 -9"><span class='ocrx_word' id='word_1_113' title='bbox 380 1577 621 1645; x_wconf 79' lang='lat' dir='ltr'>astutia,</span> <span class='ocrx_word' id='word_1_114' title='bbox 663 1577 736 1632; x_wconf 87' lang='lat' dir='ltr'>ad</span> <span class='ocrx_word' id='word_1_115' title='bbox 795 1576 1358 1632; x_wconf 88' lang='lat' dir='ltr'>circumventionem</span> <span class='ocrx_word' id='word_1_116' title='bbox 1415 1577 1648 1632; x_wconf 85' lang='lat' dir='ltr'>erroris.</span> <span class='ocrx_word' id='word_1_117' title='bbox 1710 1576 2029 1632; x_wconf 85' lang='lat' dir='ltr'>Veritatem</span> 
     </span>
    </p>
   </div>
   <div class='ocr_carea' id='block_1_17' title="bbox 380 1660 2029 1738">
    <p class='ocr_par' dir='ltr' id='par_1_17' title="bbox 380 1660 2029 1738">
     <span class='ocr_line' id='line_1_17' title="bbox 380 1660 2029 1738; baseline -0.003 -14"><span class='ocrx_word' id='word_1_118' title='bbox 380 1672 575 1725; x_wconf 87' lang='lat' dir='ltr'>autem</span> <span class='ocrx_word' id='word_1_119' title='bbox 608 1666 884 1722; x_wconf 79' lang='lat' dir='ltr'>facientes</span> <span class='ocrx_word' id='word_1_120' title='bbox 943 1664 1002 1720; x_wconf 90' lang='lat' dir='ltr'>in</span> <span class='ocrx_word' id='word_1_121' title='bbox 1056 1665 1360 1732; x_wconf 90' lang='lat' dir='ltr'>charitate,</span> <span class='ocrx_word' id='word_1_122' title='bbox 1418 1681 1738 1738; x_wconf 87' lang='lat' dir='ltr'>augeamus</span> <span class='ocrx_word' id='word_1_123' title='bbox 1786 1665 1844 1720; x_wconf 91' lang='lat' dir='ltr'>in</span> <span class='ocrx_word' id='word_1_124' title='bbox 1902 1660 2029 1737; x_wconf 89' lang='lat' dir='ltr'>ipso</span> 
     </span>
    </p>
   </div>
   <div class='ocr_carea' id='block_1_18' title="bbox 378 1753 2027 1827">
    <p class='ocr_par' dir='ltr' id='par_1_18' title="bbox 378 1753 2027 1827">
     <span class='ocr_line' id='line_1_18' title="bbox 378 1753 2027 1827; baseline -0.001 -16"><span class='ocrx_word' id='word_1_125' title='bbox 378 1755 580 1812; x_wconf 82' lang='lat' dir='ltr'>omnia</span> <span class='ocrx_word' id='word_1_126' title='bbox 609 1755 708 1827; x_wconf 87' lang='lat' dir='ltr'>qui</span> <span class='ocrx_word' id='word_1_127' title='bbox 731 1759 821 1811; x_wconf 88' lang='lat' dir='ltr'>est</span> <span class='ocrx_word' id='word_1_128' title='bbox 843 1758 1018 1826; x_wconf 91' lang='lat' dir='ltr'>caput</span> <span class='ocrx_word' id='word_1_129' title='bbox 1048 1753 1337 1810; x_wconf 88' lang='lat' dir='ltr'>Christus.</span> <span class='ocrx_word' id='word_1_130' title='bbox 1370 1776 1398 1804; x_wconf 85' lang='lat'><strong>»</strong></span> <span class='ocrx_word' id='word_1_131' title='bbox 1443 1755 1829 1821; x_wconf 69' lang='lat' dir='ltr'>Quaerendum</span> <span class='ocrx_word' id='word_1_132' title='bbox 1880 1771 2027 1825; x_wconf 90' lang='lat' dir='ltr'>quos</span> 
     </span>
    </p>
   </div>
   <div class='ocr_carea' id='block_1_19' title="bbox 376 1843 2104 1945">
    <p class='ocr_par' dir='ltr' id='par_1_19' title="bbox 376 1843 2104 1945">
     <span class='ocr_line' id='line_1_19' title="bbox 376 1843 2104 1945; baseline -0.002 -44"><span class='ocrx_word' id='word_1_133' title='bbox 376 1861 583 1901; x_wconf 88' lang='lat' dir='ltr'>omnes</span> <span class='ocrx_word' id='word_1_134' title='bbox 613 1844 822 1900; x_wconf 87' lang='lat' dir='ltr'>dixerit</span> <span class='ocrx_word' id='word_1_135' title='bbox 843 1859 1145 1899; x_wconf 91' lang='lat' dir='ltr'>occurrere</span> <span class='ocrx_word' id='word_1_136' title='bbox 1179 1843 1238 1897; x_wconf 93' lang='lat' dir='ltr'>in</span> <span class='ocrx_word' id='word_1_137' title='bbox 1291 1843 1517 1899; x_wconf 89' lang='lat' dir='ltr'>unitate</span> <span class='ocrx_word' id='word_1_138' title='bbox 1565 1843 1734 1899; x_wconf 83' lang='lat' dir='ltr'>fidei:</span> <span class='ocrx_word' id='word_1_139' title='bbox 1794 1843 2028 1900; x_wconf 91' lang='lat' dir='ltr'>Utrum-</span> <span class='ocrx_word' id='word_1_140' title='bbox 2056 1880 2104 1945; x_wconf 79' lang='grc' dir='ltr'>Β</span> 
     </span>
    </p>
   </div>
   <div class='ocr_carea' id='block_1_20' title="bbox 374 1931 2027 2002">
    <p class='ocr_par' dir='ltr' id='par_1_20' title="bbox 374 1931 2027 2002">
     <span class='ocr_line' id='line_1_20' title="bbox 374 1931 2027 2002; baseline -0.001 -13"><span class='ocrx_word' id='word_1_141' title='bbox 374 1950 515 1990; x_wconf 89' lang='lat' dir='ltr'>nam</span> <span class='ocrx_word' id='word_1_142' title='bbox 548 1949 755 1989; x_wconf 90' lang='lat' dir='ltr'>omnes</span> <span class='ocrx_word' id='word_1_143' title='bbox 784 1931 1075 1999; x_wconf 88' lang='lat' dir='ltr'>homines,</span> <span class='ocrx_word' id='word_1_144' title='bbox 1107 1949 1178 1986; x_wconf 90' lang='lat' dir='ltr'>an</span> <span class='ocrx_word' id='word_1_145' title='bbox 1207 1947 1412 1988; x_wconf 90' lang='lat' dir='ltr'>omnes</span> <span class='ocrx_word' id='word_1_146' title='bbox 1444 1937 1701 2002; x_wconf 90' lang='lat' dir='ltr'>sanctos,</span> <span class='ocrx_word' id='word_1_147' title='bbox 1745 1949 1819 1987; x_wconf 90' lang='lat' dir='ltr'>an</span> <span class='ocrx_word' id='word_1_148' title='bbox 1875 1936 2027 1988; x_wconf 89' lang='lat' dir='ltr'>certe</span> 
     </span>
    </p>
   </div>
   <div class='ocr_carea' id='block_1_21' title="bbox 375 2021 2025 2095">
    <p class='ocr_par' dir='ltr' id='par_1_21' title="bbox 375 2021 2025 2095">
     <span class='ocr_line' id='line_1_21' title="bbox 375 2021 2025 2095; baseline -0.002 -15"><span class='ocrx_word' id='word_1_149' title='bbox 375 2039 583 2080; x_wconf 88' lang='lat' dir='ltr'>omnes</span> <span class='ocrx_word' id='word_1_150' title='bbox 616 2023 717 2095; x_wconf 89' lang='lat' dir='ltr'>qui</span> <span class='ocrx_word' id='word_1_151' title='bbox 751 2022 996 2078; x_wconf 88' lang='lat' dir='ltr'>rationis</span> <span class='ocrx_word' id='word_1_152' title='bbox 1015 2038 1258 2094; x_wconf 86' lang='lat' dir='ltr'>capaces</span> <span class='ocrx_word' id='word_1_153' title='bbox 1289 2022 1474 2077; x_wconf 87' lang='lat' dir='ltr'>sunt?</span> <span class='ocrx_word' id='word_1_154' title='bbox 1522 2021 1766 2076; x_wconf 86' lang='lat' dir='ltr'>Videtur</span> <span class='ocrx_word' id='word_1_155' title='bbox 1830 2025 2025 2077; x_wconf 88' lang='lat' dir='ltr'>autem</span> 
     </span>
    </p>
   </div>
   <div class='ocr_carea' id='block_1_22' title="bbox 377 2109 2028 2182">
    <p class='ocr_par' dir='ltr' id='par_1_22' title="bbox 377 2109 2028 2182">
     <span class='ocr_line' id='line_1_22' title="bbox 377 2109 2028 2182; baseline -0.002 -14"><span class='ocrx_word' id='word_1_156' title='bbox 377 2111 526 2170; x_wconf 88' lang='lat' dir='ltr'>mihi</span> <span class='ocrx_word' id='word_1_157' title='bbox 547 2113 619 2167; x_wconf 91' lang='lat' dir='ltr'>de</span> <span class='ocrx_word' id='word_1_158' title='bbox 663 2109 940 2167; x_wconf 90' lang='lat' dir='ltr'>omnibus</span> <span class='ocrx_word' id='word_1_159' title='bbox 999 2109 1340 2166; x_wconf 89' lang='lat' dir='ltr'>hominibus</span> <span class='ocrx_word' id='word_1_160' title='bbox 1391 2109 1600 2176; x_wconf 88' lang='lat' dir='ltr'>dicere,</span> <span class='ocrx_word' id='word_1_161' title='bbox 1665 2111 1803 2182; x_wconf 88' lang='lat' dir='ltr'>quia</span> <span class='ocrx_word' id='word_1_162' title='bbox 1859 2110 2028 2165; x_wconf 89' lang='lat' dir='ltr'>multi</span> 
     </span>
    </p>
   </div>
   <div class='ocr_carea' id='block_1_23' title="bbox 377 2198 2030 2257">
    <p class='ocr_par' dir='ltr' id='par_1_23' title="bbox 377 2198 2030 2257">
     <span class='ocr_line' id='line_1_23' title="bbox 377 2198 2030 2257; baseline -0.002 0"><span class='ocrx_word' id='word_1_163' title='bbox 377 2201 536 2257; x_wconf 87' lang='lat' dir='ltr'>venti</span> <span class='ocrx_word' id='word_1_164' title='bbox 573 2199 971 2256; x_wconf 89' lang='lat' dir='ltr'>doctrinarum</span> <span class='ocrx_word' id='word_1_165' title='bbox 1003 2205 1173 2255; x_wconf 91' lang='lat' dir='ltr'>sunt:</span> <span class='ocrx_word' id='word_1_166' title='bbox 1209 2203 1265 2254; x_wconf 91' lang='lat' dir='ltr'>et</span> <span class='ocrx_word' id='word_1_167' title='bbox 1308 2199 1449 2254; x_wconf 87' lang='lat' dir='ltr'>ﬂatu</span> <span class='ocrx_word' id='word_1_168' title='bbox 1494 2215 1695 2254; x_wconf 91' lang='lat' dir='ltr'>eorum</span> <span class='ocrx_word' id='word_1_169' title='bbox 1754 2198 2030 2254; x_wconf 85' lang='lat' dir='ltr'>fluctibus</span> 
     </span>
    </p>
   </div>
   <div class='ocr_carea' id='block_1_24' title="bbox 387 2287 2028 2360">
    <p class='ocr_par' dir='ltr' id='par_1_24' title="bbox 387 2287 2028 2360">
     <span class='ocr_line' id='line_1_24' title="bbox 387 2287 2028 2360; baseline -0.002 -15"><span class='ocrx_word' id='word_1_170' title='bbox 387 2289 717 2354; x_wconf 87' lang='lat' dir='ltr'>concitatis,</span> <span class='ocrx_word' id='word_1_171' title='bbox 752 2289 867 2344; x_wconf 90' lang='lat' dir='ltr'>huc</span> <span class='ocrx_word' id='word_1_172' title='bbox 895 2292 1069 2360; x_wconf 88' lang='lat' dir='ltr'>atque</span> <span class='ocrx_word' id='word_1_173' title='bbox 1099 2287 1239 2343; x_wconf 91' lang='lat' dir='ltr'>illuc</span> <span class='ocrx_word' id='word_1_174' title='bbox 1269 2287 1534 2343; x_wconf 89' lang='lat' dir='ltr'>homines</span> <span class='ocrx_word' id='word_1_175' title='bbox 1564 2287 1785 2343; x_wconf 88' lang='lat' dir='ltr'>incerto</span> <span class='ocrx_word' id='word_1_176' title='bbox 1828 2304 2028 2354; x_wconf 86' lang='lat' dir='ltr'>cursu,</span> 
     </span>
    </p>
   </div>
   <div class='ocr_carea' id='block_1_25' title="bbox 385 2376 2032 2434">
    <p class='ocr_par' dir='ltr' id='par_1_25' title="bbox 385 2376 2032 2434">
     <span class='ocr_line' id='line_1_25' title="bbox 385 2376 2032 2434; baseline -0.002 0"><span class='ocrx_word' id='word_1_177' title='bbox 385 2384 446 2434; x_wconf 89' lang='lat' dir='ltr'>et</span> <span class='ocrx_word' id='word_1_178' title='bbox 473 2379 630 2434; x_wconf 89' lang='lat' dir='ltr'>vario</span> <span class='ocrx_word' id='word_1_179' title='bbox 661 2378 930 2434; x_wconf 83' lang='lat' dir='ltr'>feruntur</span> <span class='ocrx_word' id='word_1_180' title='bbox 969 2393 1180 2433; x_wconf 91' lang='lat' dir='ltr'>errore.</span> <span class='ocrx_word' id='word_1_181' title='bbox 1224 2377 1386 2432; x_wconf 88' lang='lat' dir='ltr'>Unde</span> <span class='ocrx_word' id='word_1_182' title='bbox 1424 2376 1584 2432; x_wconf 93' lang='lat' dir='ltr'>omni</span> <span class='ocrx_word' id='word_1_183' title='bbox 1633 2376 1826 2432; x_wconf 88' lang='lat' dir='ltr'>studio</span> <span class='ocrx_word' id='word_1_184' title='bbox 1876 2376 2032 2431; x_wconf 92' lang='lat' dir='ltr'>labo-</span> 
     </span>
    </p>
   </div>
   <div class='ocr_carea' id='block_1_26' title="bbox 386 2465 2028 2540">
    <p class='ocr_par' dir='ltr' id='par_1_26' title="bbox 386 2465 2028 2540">
     <span class='ocr_line' id='line_1_26' title="bbox 386 2465 2028 2540; baseline -0.002 -17"><span class='ocrx_word' id='word_1_185' title='bbox 386 2469 664 2532; x_wconf 85' lang='lat' dir='ltr'>randum,</span> <span class='ocrx_word' id='word_1_186' title='bbox 699 2467 956 2540; x_wconf 92' lang='lat' dir='ltr'>primum</span> <span class='ocrx_word' id='word_1_187' title='bbox 988 2466 1048 2522; x_wconf 88' lang='lat' dir='ltr'>in</span> <span class='ocrx_word' id='word_1_188' title='bbox 1073 2466 1204 2522; x_wconf 84' lang='lat' dir='ltr'>ﬁdei</span> <span class='ocrx_word' id='word_1_189' title='bbox 1237 2482 1540 2522; x_wconf 90' lang='lat' dir='ltr'>occurrere</span> <span class='ocrx_word' id='word_1_190' title='bbox 1599 2466 1822 2520; x_wconf 90' lang='lat' dir='ltr'>unitate</span> <span class='ocrx_word' id='word_1_191' title='bbox 1854 2482 1866 2520; x_wconf 93' lang='lat'>:</span> <span class='ocrx_word' id='word_1_192' title='bbox 1929 2465 2028 2520; x_wconf 92' lang='lat' dir='ltr'>de-</span> 
     </span>
    </p>
   </div>
   <div class='ocr_carea' id='block_1_27' title="bbox 385 2553 2029 2626">
    <p class='ocr_par' dir='ltr' id='par_1_27' title="bbox 385 2553 2029 2626">
     <span class='ocr_line' id='line_1_27' title="bbox 385 2553 2029 2626; baseline -0.003 -14"><span class='ocrx_word' id='word_1_193' title='bbox 385 2557 521 2612; x_wconf 90' lang='lat' dir='ltr'>inde</span> <span class='ocrx_word' id='word_1_194' title='bbox 551 2557 611 2612; x_wconf 89' lang='lat' dir='ltr'>in</span> <span class='ocrx_word' id='word_1_195' title='bbox 641 2557 841 2612; x_wconf 87' lang='lat' dir='ltr'>eadem</span> <span class='ocrx_word' id='word_1_196' title='bbox 875 2555 1116 2623; x_wconf 89' lang='lat' dir='ltr'>unitate,</span> <span class='ocrx_word' id='word_1_197' title='bbox 1150 2555 1364 2610; x_wconf 90' lang='lat' dir='ltr'>habere</span> <span class='ocrx_word' id='word_1_198' title='bbox 1394 2554 1748 2626; x_wconf 88' lang='lat' dir='ltr'>agnitionem</span> <span class='ocrx_word' id='word_1_199' title='bbox 1762 2553 2029 2610; x_wconf 88' lang='lat' dir='ltr'>FiliiDei.</span> 
     </span>
    </p>
   </div>
   <div class='ocr_carea' id='block_1_28' title="bbox 385 2642 2031 2715">
    <p class='ocr_par' dir='ltr' id='par_1_28' title="bbox 385 2642 2031 2715">
     <span class='ocr_line' id='line_1_28' title="bbox 385 2642 2031 2715; baseline -0.001 -15"><span class='ocrx_word' id='word_1_200' title='bbox 385 2647 646 2711; x_wconf 90' lang='lat' dir='ltr'>Quorum</span> <span class='ocrx_word' id='word_1_201' title='bbox 679 2661 810 2700; x_wconf 88' lang='lat' dir='ltr'>cum</span> <span class='ocrx_word' id='word_1_202' title='bbox 843 2644 1018 2699; x_wconf 90' lang='lat' dir='ltr'>fuerit</span> <span class='ocrx_word' id='word_1_203' title='bbox 1046 2660 1254 2699; x_wconf 89' lang='lat' dir='ltr'>secura</span> <span class='ocrx_word' id='word_1_204' title='bbox 1283 2642 1597 2715; x_wconf 89' lang='lat' dir='ltr'>possessio,</span> <span class='ocrx_word' id='word_1_205' title='bbox 1631 2643 1856 2714; x_wconf 88' lang='lat' dir='ltr'>parvuli</span> <span class='ocrx_word' id='word_1_206' title='bbox 1904 2659 2031 2699; x_wconf 90' lang='lat' dir='ltr'>esse</span> 
     </span>
    </p>
   </div>
   <div class='ocr_carea' id='block_1_29' title="bbox 385 2731 2032 2805">
    <p class='ocr_par' dir='ltr' id='par_1_29' title="bbox 385 2731 2032 2805">
     <span class='ocr_line' id='line_1_29' title="bbox 385 2731 2032 2805; baseline -0.002 -15"><span class='ocrx_word' id='word_1_207' title='bbox 385 2739 703 2805; x_wconf 87' lang='lat' dir='ltr'>cessantes,</span> <span class='ocrx_word' id='word_1_208' title='bbox 727 2739 783 2789; x_wconf 92' lang='lat' dir='ltr'>et</span> <span class='ocrx_word' id='word_1_209' title='bbox 835 2749 1171 2789; x_wconf 88' lang='lat' dir='ltr'>mensuram</span> <span class='ocrx_word' id='word_1_210' title='bbox 1217 2731 1510 2788; x_wconf 86' lang='lat' dir='ltr'>interioris</span> <span class='ocrx_word' id='word_1_211' title='bbox 1567 2732 1826 2788; x_wconf 90' lang='lat' dir='ltr'>hominis</span> <span class='ocrx_word' id='word_1_212' title='bbox 1886 2733 2032 2788; x_wconf 86' lang='lat' dir='ltr'>reci-</span> 
     </span>
    </p>
   </div>
   <div class='ocr_carea' id='block_1_30' title="bbox 381 2821 2029 2896">
    <p class='ocr_par' dir='ltr' id='par_1_30' title="bbox 381 2821 2029 2896">
     <span class='ocr_line' id='line_1_30' title="bbox 381 2821 2029 2896; baseline -0.002 -17"><span class='ocrx_word' id='word_1_213' title='bbox 381 2824 610 2896; x_wconf 88' lang='lat' dir='ltr'>pientes</span> <span class='ocrx_word' id='word_1_214' title='bbox 639 2824 783 2895; x_wconf 71' lang='lat' dir='ltr'>(quea</span> <span class='ocrx_word' id='word_1_215' title='bbox 799 2839 1077 2878; x_wconf 86' lang='lat' dir='ltr'>mensura</span> <span class='ocrx_word' id='word_1_216' title='bbox 1094 2821 1497 2893; x_wconf 90' lang='lat' dir='ltr'>plenitudinis,</span> <span class='ocrx_word' id='word_1_217' title='bbox 1519 2838 1797 2877; x_wconf 87' lang='lat' dir='ltr'>mensura</span> <span class='ocrx_word' id='word_1_218' title='bbox 1817 2821 2029 2877; x_wconf 87' lang='lat' dir='ltr'>Christi</span> 
     </span>
    </p>
   </div>
   <div class='ocr_carea' id='block_1_31' title="bbox 383 2910 2028 2984">
    <p class='ocr_par' dir='ltr' id='par_1_31' title="bbox 383 2910 2028 2984">
     <span class='ocr_line' id='line_1_31' title="bbox 383 2910 2028 2984; baseline -0.001 -16"><span class='ocrx_word' id='word_1_219' title='bbox 383 2913 512 2983; x_wconf 89' lang='lat' dir='ltr'>est),</span> <span class='ocrx_word' id='word_1_220' title='bbox 549 2912 790 2984; x_wconf 81' lang='lat' dir='ltr'>perfecti</span> <span class='ocrx_word' id='word_1_221' title='bbox 819 2912 932 2966; x_wconf 90' lang='lat' dir='ltr'>viri</span> <span class='ocrx_word' id='word_1_222' title='bbox 961 2910 1311 2966; x_wconf 88' lang='lat' dir='ltr'>vocabulum</span> <span class='ocrx_word' id='word_1_223' title='bbox 1342 2910 1689 2966; x_wconf 90' lang='lat' dir='ltr'>sortiemur:</span> <span class='ocrx_word' id='word_1_224' title='bbox 1722 2912 1803 2966; x_wconf 89' lang='lat' dir='ltr'>ita</span> <span class='ocrx_word' id='word_1_225' title='bbox 1834 2916 2028 2967; x_wconf 90' lang='lat' dir='ltr'>tamen</span> 
     </span>
    </p>
   </div>
   <div class='ocr_carea' id='block_1_32' title="bbox 382 3000 2033 3074">
    <p class='ocr_par' dir='ltr' id='par_1_32' title="bbox 382 3000 2033 3074">
     <span class='ocr_line' id='line_1_32' title="bbox 382 3000 2033 3074; baseline 0 -18"><span class='ocrx_word' id='word_1_226' title='bbox 382 3007 450 3056; x_wconf 87' lang='lat' dir='ltr'>ut</span> <span class='ocrx_word' id='word_1_227' title='bbox 481 3000 593 3074; x_wconf 78' lang='grc' dir='ltr'>[Αἱ.</span> <span class='ocrx_word' id='word_1_228' title='bbox 633 3005 769 3056; x_wconf 83' lang='lat' dir='ltr'>tacet</span> <span class='ocrx_word' id='word_1_229' title='bbox 801 3001 886 3071; x_wconf 79' lang='lat' dir='ltr'>ut]</span> <span class='ocrx_word' id='word_1_230' title='bbox 919 3001 989 3056; x_wconf 90' lang='lat' dir='ltr'>ad</span> <span class='ocrx_word' id='word_1_231' title='bbox 1024 3003 1491 3056; x_wconf 89' lang='lat' dir='ltr'>consummatam</span> <span class='ocrx_word' id='word_1_232' title='bbox 1523 3005 1755 3056; x_wconf 62' lang='lat' dir='ltr'>aetatem</span> <span class='ocrx_word' id='word_1_233' title='bbox 1785 3000 2033 3072; x_wconf 88' lang='lat' dir='ltr'>plenitu-</span> 
     </span>
    </p>
   </div>
   <div class='ocr_carea' id='block_1_33' title="bbox 385 3087 2029 3161">
    <p class='ocr_par' dir='ltr' id='par_1_33' title="bbox 385 3087 2029 3161">
     <span class='ocr_line' id='line_1_33' title="bbox 385 3087 2029 3161; baseline -0.001 -16"><span class='ocrx_word' id='word_1_234' title='bbox 385 3089 543 3145; x_wconf 90' lang='lat' dir='ltr'>dinis</span> <span class='ocrx_word' id='word_1_235' title='bbox 574 3089 812 3160; x_wconf 86' lang='lat' dir='ltr'>Christi,</span> <span class='ocrx_word' id='word_1_236' title='bbox 857 3089 1050 3145; x_wconf 91' lang='lat' dir='ltr'>omnis</span> <span class='ocrx_word' id='word_1_237' title='bbox 1084 3087 1448 3144; x_wconf 90' lang='lat' dir='ltr'>credentium</span> <span class='ocrx_word' id='word_1_238' title='bbox 1486 3090 1658 3144; x_wconf 89' lang='lat' dir='ltr'>turba</span> <span class='ocrx_word' id='word_1_239' title='bbox 1715 3088 2029 3161; x_wconf 89' lang='lat' dir='ltr'>perveniat,</span> 
     </span>
    </p>
   </div>
   <div class='ocr_carea' id='block_1_34' title="bbox 2152 596 3797 670">
    <p class='ocr_par' dir='ltr' id='par_1_34' title="bbox 2152 596 3797 670">
     <span class='ocr_line' id='line_1_34' title="bbox 2152 596 3797 670; baseline 0.001 -17"><span class='ocrx_word' id='word_1_240' title='bbox 2152 601 2312 664; x_wconf 90' lang='lat' dir='ltr'>sunt,</span> <span class='ocrx_word' id='word_1_241' title='bbox 2345 597 2536 654; x_wconf 91' lang='lat' dir='ltr'>adhuc</span> <span class='ocrx_word' id='word_1_242' title='bbox 2558 596 2864 670; x_wconf 90' lang='lat' dir='ltr'>parvulum</span> <span class='ocrx_word' id='word_1_243' title='bbox 2905 597 3566 670; x_wconf 90' lang='lat' dir='ltr'>nuncupari.Siquidem</span> <span class='ocrx_word' id='word_1_244' title='bbox 3590 613 3797 655; x_wconf 83' lang='lat' dir='ltr'>omnes</span> 
     </span>
    </p>
   </div>
   <div class='ocr_carea' id='block_1_35' title="bbox 2152 686 3796 760">
    <p class='ocr_par' dir='ltr' id='par_1_35' title="bbox 2152 686 3796 760">
     <span class='ocr_line' id='line_1_35' title="bbox 2152 686 3796 760; baseline 0.001 -18"><span class='ocrx_word' id='word_1_245' title='bbox 2152 687 2448 759; x_wconf 88' lang='lat' dir='ltr'>apostolos</span> <span class='ocrx_word' id='word_1_246' title='bbox 2479 689 2579 759; x_wconf 89' lang='lat' dir='ltr'>qui</span> <span class='ocrx_word' id='word_1_247' title='bbox 2605 689 2663 743; x_wconf 91' lang='lat' dir='ltr'>in</span> <span class='ocrx_word' id='word_1_248' title='bbox 2695 687 2924 744; x_wconf 90' lang='lat' dir='ltr'>Christo</span> <span class='ocrx_word' id='word_1_249' title='bbox 2941 688 3201 756; x_wconf 88' lang='lat' dir='ltr'>credant,</span> <span class='ocrx_word' id='word_1_250' title='bbox 3217 686 3490 760; x_wconf 86' lang='lat' dir='ltr'>parvulos</span> <span class='ocrx_word' id='word_1_251' title='bbox 3513 687 3796 760; x_wconf 84' lang='lat' dir='ltr'>prapheta</span> 
     </span>
    </p>
   </div>
   <div class='ocr_carea' id='block_1_36' title="bbox 2149 776 3793 849">
    <p class='ocr_par' dir='ltr' id='par_1_36' title="bbox 2149 776 3793 849">
     <span class='ocr_line' id='line_1_36' title="bbox 2149 776 3793 849; baseline 0.001 -18"><span class='ocrx_word' id='word_1_252' title='bbox 2149 781 2589 847; x_wconf 89' lang='lat' dir='ltr'>commemorat,</span> <span class='ocrx_word' id='word_1_253' title='bbox 2630 776 2865 832; x_wconf 89' lang='lat' dir='ltr'>dicens:</span> <span class='ocrx_word' id='word_1_254' title='bbox 2899 778 3036 832; x_wconf 82' lang='lat' dir='ltr'>Ecce</span> <span class='ocrx_word' id='word_1_255' title='bbox 3062 791 3156 848; x_wconf 86' lang='lat' dir='ltr'>ego</span> <span class='ocrx_word' id='word_1_256' title='bbox 3184 784 3239 832; x_wconf 86' lang='lat' dir='ltr'>et</span> <span class='ocrx_word' id='word_1_257' title='bbox 3264 777 3495 849; x_wconf 81' lang='lat' dir='ltr'>parvuli</span> <span class='ocrx_word' id='word_1_258' title='bbox 3521 792 3653 848; x_wconf 72' lang='lat' dir='ltr'>quo:</span> <span class='ocrx_word' id='word_1_259' title='bbox 3698 777 3793 833; x_wconf 83' lang='lat' dir='ltr'>de-</span> 
     </span>
    </p>
   </div>
   <div class='ocr_carea' id='block_1_37' title="bbox 2146 865 3780 939">
    <p class='ocr_par' dir='ltr' id='par_1_37' title="bbox 2146 865 3780 939">
     <span class='ocr_line' id='line_1_37' title="bbox 2146 865 3780 939; baseline 0.002 -20"><span class='ocrx_word' id='word_1_260' title='bbox 2146 865 2225 921; x_wconf 83' lang='lat' dir='ltr'>dit</span> <span class='ocrx_word' id='word_1_261' title='bbox 2254 867 2395 920; x_wconf 85' lang='lat' dir='ltr'>mihi</span> <span class='ocrx_word' id='word_1_262' title='bbox 2433 867 2568 921; x_wconf 77' lang='lat' dir='ltr'>Deus</span> <span class='ocrx_word' id='word_1_263' title='bbox 2625 869 2752 936; x_wconf 84' lang='lat' dir='ltr'>(Isa.</span> <span class='ocrx_word' id='word_1_264' title='bbox 2807 883 2926 931; x_wconf 86' lang='lat' dir='ltr'>vm,</span> <span class='ocrx_word' id='word_1_265' title='bbox 2987 867 3097 933; x_wconf 87' lang='grc'>18),</span> <span class='ocrx_word' id='word_1_266' title='bbox 3138 865 3452 939; x_wconf 86' lang='lat' dir='ltr'>Posthaec</span> <span class='ocrx_word' id='word_1_267' title='bbox 3500 865 3780 922; x_wconf 87' lang='lat' dir='ltr'>attentius</span> 
     </span>
    </p>
   </div>
   <div class='ocr_carea' id='block_1_38' title="bbox 2147 951 3788 1024">
    <p class='ocr_par' dir='ltr' id='par_1_38' title="bbox 2147 951 3788 1024">
     <span class='ocr_line' id='line_1_38' title="bbox 2147 951 3788 1024; baseline 0 -15"><span class='ocrx_word' id='word_1_268' title='bbox 2147 953 2574 1022; x_wconf 90' lang='lat' dir='ltr'>disserendum,</span> <span class='ocrx_word' id='word_1_269' title='bbox 2611 971 2682 1010; x_wconf 90' lang='lat' dir='ltr'>ne</span> <span class='ocrx_word' id='word_1_270' title='bbox 2713 955 2858 1010; x_wconf 89' lang='lat' dir='ltr'>forte</span> <span class='ocrx_word' id='word_1_271' title='bbox 2886 970 3016 1010; x_wconf 88' lang='lat' dir='ltr'>vere</span> <span class='ocrx_word' id='word_1_272' title='bbox 3046 955 3208 1024; x_wconf 81' lang='lat' dir='ltr'>juxta</span> <span class='ocrx_word' id='word_1_273' title='bbox 3227 951 3639 1022; x_wconf 85' lang='lat' dir='ltr'>humilitatem,</span> <span class='ocrx_word' id='word_1_274' title='bbox 3669 970 3788 1010; x_wconf 90' lang='lat' dir='ltr'>non</span> 
     </span>
    </p>
   </div>
   <div class='ocr_carea' id='block_1_39' title="bbox 2148 1041 3793 1115">
    <p class='ocr_par' dir='ltr' id='par_1_39' title="bbox 2148 1041 3793 1115">
     <span class='ocr_line' id='line_1_39' title="bbox 2148 1041 3793 1115; baseline -0.001 -16"><span class='ocrx_word' id='word_1_275' title='bbox 2148 1043 2338 1099; x_wconf 92' lang='lat' dir='ltr'>solum</span> <span class='ocrx_word' id='word_1_276' title='bbox 2369 1043 2680 1111; x_wconf 88' lang='lat' dir='ltr'>parvulum</span> <span class='ocrx_word' id='word_1_277' title='bbox 2712 1042 3024 1115; x_wconf 86' lang='lat' dir='ltr'>Apostolus</span> <span class='ocrx_word' id='word_1_278' title='bbox 3053 1060 3116 1099; x_wconf 89' lang='lat' dir='ltr'>se</span> <span class='ocrx_word' id='word_1_279' title='bbox 3145 1059 3274 1100; x_wconf 89' lang='lat' dir='ltr'>esse</span> <span class='ocrx_word' id='word_1_280' title='bbox 3303 1041 3534 1110; x_wconf 86' lang='lat' dir='ltr'>dixerit,</span> <span class='ocrx_word' id='word_1_281' title='bbox 3567 1042 3668 1098; x_wconf 88' lang='lat' dir='ltr'>sed</span> <span class='ocrx_word' id='word_1_282' title='bbox 3681 1042 3793 1099; x_wconf 82' lang='lat' dir='ltr'>ﬂu-</span> 
     </span>
    </p>
   </div>
   <div class='ocr_carea' id='block_1_40' title="bbox 2145 1131 3791 1202">
    <p class='ocr_par' dir='ltr' id='par_1_40' title="bbox 2145 1131 3791 1202">
     <span class='ocr_line' id='line_1_40' title="bbox 2145 1131 3791 1202; baseline 0 -14"><span class='ocrx_word' id='word_1_283' title='bbox 2145 1137 2464 1202; x_wconf 87' lang='lat' dir='ltr'>ctuantem,</span> <span class='ocrx_word' id='word_1_284' title='bbox 2498 1137 2555 1188; x_wconf 91' lang='lat' dir='ltr'>et</span> <span class='ocrx_word' id='word_1_285' title='bbox 2585 1133 2744 1188; x_wconf 92' lang='lat' dir='ltr'>omni</span> <span class='ocrx_word' id='word_1_286' title='bbox 2792 1131 3191 1188; x_wconf 87' lang='lat' dir='ltr'>doctrinarum</span> <span class='ocrx_word' id='word_1_287' title='bbox 3250 1133 3391 1188; x_wconf 87' lang='lat' dir='ltr'>ﬂatu</span> <span class='ocrx_word' id='word_1_288' title='bbox 3439 1132 3501 1187; x_wconf 92' lang='lat' dir='ltr'>in</span> <span class='ocrx_word' id='word_1_289' title='bbox 3559 1131 3791 1188; x_wconf 91' lang='lat' dir='ltr'>diversa</span> 
     </span>
    </p>
   </div>
   <div class='ocr_carea' id='block_1_41' title="bbox 2144 1221 3787 1294">
    <p class='ocr_par' dir='ltr' id='par_1_41' title="bbox 2144 1221 3787 1294">
     <span class='ocr_line' id='line_1_41' title="bbox 2144 1221 3787 1294; baseline 0 -16"><span class='ocrx_word' id='word_1_290' title='bbox 2144 1227 2460 1294; x_wconf 88' lang='lat' dir='ltr'>raptatum,</span> <span class='ocrx_word' id='word_1_291' title='bbox 2496 1223 2556 1278; x_wconf 93' lang='lat' dir='ltr'>in</span> <span class='ocrx_word' id='word_1_292' title='bbox 2601 1221 2830 1278; x_wconf 81' lang='lat' dir='ltr'>fallacia</span> <span class='ocrx_word' id='word_1_293' title='bbox 2883 1222 3214 1290; x_wconf 91' lang='lat' dir='ltr'>hominum,</span> <span class='ocrx_word' id='word_1_294' title='bbox 3261 1221 3322 1276; x_wconf 93' lang='lat' dir='ltr'>in</span> <span class='ocrx_word' id='word_1_295' title='bbox 3372 1221 3652 1294; x_wconf 88' lang='lat' dir='ltr'>nequitia,</span> <span class='ocrx_word' id='word_1_296' title='bbox 3712 1221 3787 1278; x_wconf 90' lang='lat' dir='ltr'>ad</span> 
     </span>
    </p>
   </div>
   <div class='ocr_carea' id='block_1_42' title="bbox 2143 1309 3786 1376">
    <p class='ocr_par' dir='ltr' id='par_1_42' title="bbox 2143 1309 3786 1376">
     <span class='ocr_line' id='line_1_42' title="bbox 2143 1309 3786 1376; baseline 0 -10"><span class='ocrx_word' id='word_1_297' title='bbox 2143 1311 2694 1367; x_wconf 89' lang='lat' dir='ltr'>circumventionem</span> <span class='ocrx_word' id='word_1_298' title='bbox 2711 1312 2945 1367; x_wconf 90' lang='lat' dir='ltr'>erroris.</span> <span class='ocrx_word' id='word_1_299' title='bbox 2981 1311 3090 1376; x_wconf 87' lang='lat' dir='ltr'>Qui</span> <span class='ocrx_word' id='word_1_300' title='bbox 3121 1314 3320 1366; x_wconf 88' lang='lat' dir='ltr'>autem</span> <span class='ocrx_word' id='word_1_301' title='bbox 3345 1309 3471 1366; x_wconf 88' lang='lat' dir='ltr'>vult</span> <span class='ocrx_word' id='word_1_302' title='bbox 3498 1310 3619 1366; x_wconf 64' lang='lat' dir='ltr'>haec</span> <span class='ocrx_word' id='word_1_303' title='bbox 3649 1325 3786 1366; x_wconf 89' lang='lat' dir='ltr'>eum</span> 
     </span>
    </p>
   </div>
   <div class='ocr_carea' id='block_1_43' title="bbox 2143 1390 3784 1472">
    <p class='ocr_par' dir='ltr' id='par_1_43' title="bbox 2143 1390 3784 1472">
     <span class='ocr_line' id='line_1_43' title="bbox 2143 1390 3784 1472; baseline 0.001 -17"><span class='ocrx_word' id='word_1_304' title='bbox 2143 1390 2257 1456; x_wconf 85' lang='lat' dir='ltr'>non</span> <span class='ocrx_word' id='word_1_305' title='bbox 2289 1402 2360 1456; x_wconf 90' lang='lat' dir='ltr'>de</span> <span class='ocrx_word' id='word_1_306' title='bbox 2389 1399 2869 1470; x_wconf 90' lang='lat' dir='ltr'>humilitate,sed</span> <span class='ocrx_word' id='word_1_307' title='bbox 2912 1401 2982 1455; x_wconf 89' lang='lat' dir='ltr'>de</span> <span class='ocrx_word' id='word_1_308' title='bbox 3030 1400 3389 1456; x_wconf 88' lang='lat' dir='ltr'>conscientia</span> <span class='ocrx_word' id='word_1_309' title='bbox 3444 1398 3784 1472; x_wconf 86' lang='lat' dir='ltr'>protulisse,</span> 
     </span>
    </p>
   </div>
   <div class='ocr_carea' id='block_1_44' title="bbox 2141 1487 3784 1561">
    <p class='ocr_par' dir='ltr' id='par_1_44' title="bbox 2141 1487 3784 1561">
     <span class='ocr_line' id='line_1_44' title="bbox 2141 1487 3784 1561; baseline 0.001 -17"><span class='ocrx_word' id='word_1_310' title='bbox 2141 1489 2318 1544; x_wconf 91' lang='lat' dir='ltr'>dicit:</span> <span class='ocrx_word' id='word_1_311' title='bbox 2379 1487 2597 1545; x_wconf 89' lang='lat' dir='ltr'>Paulus</span> <span class='ocrx_word' id='word_1_312' title='bbox 2638 1490 2959 1561; x_wconf 86' lang='lat' dir='ltr'>apostolus,</span> <span class='ocrx_word' id='word_1_313' title='bbox 2993 1489 3168 1545; x_wconf 91' lang='lat' dir='ltr'>homo</span> <span class='ocrx_word' id='word_1_314' title='bbox 3207 1492 3332 1546; x_wconf 86' lang='lat' dir='ltr'>erat</span> <span class='ocrx_word' id='word_1_315' title='bbox 3359 1488 3514 1544; x_wconf 91' lang='lat' dir='ltr'>acuti</span> <span class='ocrx_word' id='word_1_316' title='bbox 3543 1492 3601 1544; x_wconf 90' lang='lat' dir='ltr'>et</span> <span class='ocrx_word' id='word_1_317' title='bbox 3632 1487 3784 1545; x_wconf 88' lang='lat' dir='ltr'>acris</span> 
     </span>
    </p>
   </div>
   <div class='ocr_carea' id='block_1_45' title="bbox 2140 1576 3782 1651">
    <p class='ocr_par' dir='ltr' id='par_1_45' title="bbox 2140 1576 3782 1651">
     <span class='ocr_line' id='line_1_45' title="bbox 2140 1576 3782 1651; baseline -0.001 -18"><span class='ocrx_word' id='word_1_318' title='bbox 2140 1578 2380 1651; x_wconf 88' lang='lat' dir='ltr'>ingenii,</span> <span class='ocrx_word' id='word_1_319' title='bbox 2413 1584 2470 1634; x_wconf 90' lang='lat' dir='ltr'>et</span> <span class='ocrx_word' id='word_1_320' title='bbox 2500 1578 2600 1651; x_wconf 90' lang='lat' dir='ltr'>qui</span> <span class='ocrx_word' id='word_1_321' title='bbox 2651 1579 2722 1634; x_wconf 90' lang='lat' dir='ltr'>ad</span> <span class='ocrx_word' id='word_1_322' title='bbox 2758 1578 2980 1650; x_wconf 91' lang='lat' dir='ltr'>primos</span> <span class='ocrx_word' id='word_1_323' title='bbox 3036 1593 3302 1650; x_wconf 89' lang='lat' dir='ltr'>quosque</span> <span class='ocrx_word' id='word_1_324' title='bbox 3349 1576 3782 1649; x_wconf 86' lang='lat' dir='ltr'>disputantium</span> 
     </span>
    </p>
   </div>
   <div class='ocr_carea' id='block_1_46' title="bbox 2139 1665 3780 1740">
    <p class='ocr_par' dir='ltr' id='par_1_46' title="bbox 2139 1665 3780 1740">
     <span class='ocr_line' id='line_1_46' title="bbox 2139 1665 3780 1740; baseline -0.001 -17"><span class='ocrx_word' id='word_1_325' title='bbox 2139 1673 2405 1735; x_wconf 88' lang='lat' dir='ltr'>conatus,</span> <span class='ocrx_word' id='word_1_326' title='bbox 2439 1666 2633 1740; x_wconf 88' lang='lat' dir='ltr'>sagaci</span> <span class='ocrx_word' id='word_1_327' title='bbox 2667 1671 2861 1722; x_wconf 89' lang='lat' dir='ltr'>mente</span> <span class='ocrx_word' id='word_1_328' title='bbox 2891 1682 3019 1738; x_wconf 72' lang='lat' dir='ltr'>quas</span> <span class='ocrx_word' id='word_1_329' title='bbox 3049 1669 3213 1723; x_wconf 88' lang='lat' dir='ltr'>erant</span> <span class='ocrx_word' id='word_1_330' title='bbox 3254 1665 3575 1730; x_wconf 88' lang='lat' dir='ltr'>inferendo,</span> <span class='ocrx_word' id='word_1_331' title='bbox 3633 1681 3780 1738; x_wconf 66' lang='lat' dir='ltr'>pra-</span> 
     </span>
    </p>
   </div>
   <div class='ocr_carea' id='block_1_47' title="bbox 2139 1752 3782 1828">
    <p class='ocr_par' dir='ltr' id='par_1_47' title="bbox 2139 1752 3782 1828">
     <span class='ocr_line' id='line_1_47' title="bbox 2139 1752 3782 1828; baseline -0.001 -16"><span class='ocrx_word' id='word_1_332' title='bbox 2139 1760 2423 1813; x_wconf 90' lang='lat' dir='ltr'>nosceret.</span> <span class='ocrx_word' id='word_1_333' title='bbox 2455 1755 2702 1812; x_wconf 90' lang='lat' dir='ltr'>Videbat</span> <span class='ocrx_word' id='word_1_334' title='bbox 2731 1755 2912 1828; x_wconf 87' lang='lat' dir='ltr'>igitur</span> <span class='ocrx_word' id='word_1_335' title='bbox 2941 1771 3093 1827; x_wconf 68' lang='lat' dir='ltr'>saepe</span> <span class='ocrx_word' id='word_1_336' title='bbox 3115 1771 3184 1811; x_wconf 85' lang='lat' dir='ltr'>ex</span> <span class='ocrx_word' id='word_1_337' title='bbox 3204 1759 3454 1827; x_wconf 88' lang='lat' dir='ltr'>utraque</span> <span class='ocrx_word' id='word_1_338' title='bbox 3483 1757 3648 1828; x_wconf 89' lang='lat' dir='ltr'>parte</span> <span class='ocrx_word' id='word_1_339' title='bbox 3696 1752 3782 1810; x_wconf 91' lang='lat' dir='ltr'>sic</span> 
     </span>
    </p>
   </div>
   <div class='ocr_carea' id='block_1_48' title="bbox 2137 1841 3780 1916">
    <p class='ocr_par' dir='ltr' id='par_1_48' title="bbox 2137 1841 3780 1916">
     <span class='ocr_line' id='line_1_48' title="bbox 2137 1841 3780 1916; baseline -0.002 -15"><span class='ocrx_word' id='word_1_340' title='bbox 2137 1845 2273 1916; x_wconf 88' lang='lat' dir='ltr'>dici,</span> <span class='ocrx_word' id='word_1_341' title='bbox 2306 1850 2362 1901; x_wconf 90' lang='lat' dir='ltr'>et</span> <span class='ocrx_word' id='word_1_342' title='bbox 2391 1851 2512 1901; x_wconf 88' lang='lat' dir='ltr'>tam</span> <span class='ocrx_word' id='word_1_343' title='bbox 2545 1843 2888 1901; x_wconf 91' lang='lat' dir='ltr'>verisimilia</span> <span class='ocrx_word' id='word_1_344' title='bbox 2916 1844 2976 1899; x_wconf 92' lang='lat' dir='ltr'>in</span> <span class='ocrx_word' id='word_1_345' title='bbox 3008 1844 3182 1900; x_wconf 90' lang='lat' dir='ltr'>rebus</span> <span class='ocrx_word' id='word_1_346' title='bbox 3231 1842 3538 1900; x_wconf 87' lang='lat' dir='ltr'>contrariis</span> <span class='ocrx_word' id='word_1_347' title='bbox 3578 1841 3780 1914; x_wconf 86' lang='lat' dir='ltr'>asseri,</span> 
     </span>
    </p>
   </div>
   <div class='ocr_carea' id='block_1_49' title="bbox 2138 1930 3780 2005">
    <p class='ocr_par' dir='ltr' id='par_1_49' title="bbox 2138 1930 3780 2005">
     <span class='ocr_line' id='line_1_49' title="bbox 2138 1930 3780 2005; baseline -0.001 -16"><span class='ocrx_word' id='word_1_348' title='bbox 2138 1938 2204 1989; x_wconf 91' lang='lat' dir='ltr'>ut</span> <span class='ocrx_word' id='word_1_349' title='bbox 2229 1934 2460 2005; x_wconf 82' lang='lat' dir='ltr'>abigere</span> <span class='ocrx_word' id='word_1_350' title='bbox 2491 1933 2747 1989; x_wconf 87' lang='lat' dir='ltr'>facerent</span> <span class='ocrx_word' id='word_1_351' title='bbox 2781 1933 3151 1989; x_wconf 89' lang='lat' dir='ltr'>audientem:</span> <span class='ocrx_word' id='word_1_352' title='bbox 3199 1931 3414 1989; x_wconf 88' lang='lat' dir='ltr'>idcirco</span> <span class='ocrx_word' id='word_1_353' title='bbox 3472 1936 3538 1988; x_wconf 88' lang='lat' dir='ltr'>ut</span> <span class='ocrx_word' id='word_1_354' title='bbox 3581 1930 3780 2002; x_wconf 89' lang='lat' dir='ltr'>homo,</span> 
     </span>
    </p>
   </div>
   <div class='ocr_carea' id='block_1_50' title="bbox 2137 2021 3790 2095">
    <p class='ocr_par' dir='ltr' id='par_1_50' title="bbox 2137 2021 3790 2095">
     <span class='ocr_line' id='line_1_50' title="bbox 2137 2021 3790 2095; baseline -0.002 -16"><span class='ocrx_word' id='word_1_355' title='bbox 2137 2027 2196 2079; x_wconf 90' lang='lat' dir='ltr'>et</span> <span class='ocrx_word' id='word_1_356' title='bbox 2225 2023 2417 2079; x_wconf 90' lang='lat' dir='ltr'>adhuc</span> <span class='ocrx_word' id='word_1_357' title='bbox 2447 2023 2505 2077; x_wconf 92' lang='lat' dir='ltr'>in</span> <span class='ocrx_word' id='word_1_358' title='bbox 2535 2021 2726 2095; x_wconf 87' lang='lat' dir='ltr'>fragili</span> <span class='ocrx_word' id='word_1_359' title='bbox 2749 2021 3092 2094; x_wconf 91' lang='lat' dir='ltr'>corpusculo</span> <span class='ocrx_word' id='word_1_360' title='bbox 3121 2021 3498 2093; x_wconf 90' lang='lat' dir='ltr'>constitutus,</span> <span class='ocrx_word' id='word_1_361' title='bbox 3539 2021 3790 2076; x_wconf 90' lang='lat' dir='ltr'>circum-</span> 
     </span>
    </p>
   </div>
   <div class='ocr_carea' id='block_1_51' title="bbox 2139 2109 3782 2183">
    <p class='ocr_par' dir='ltr' id='par_1_51' title="bbox 2139 2109 3782 2183">
     <span class='ocr_line' id='line_1_51' title="bbox 2139 2109 3782 2183; baseline -0.002 -16"><span class='ocrx_word' id='word_1_362' title='bbox 2139 2113 2431 2169; x_wconf 89' lang='lat' dir='ltr'>ferebatur</span> <span class='ocrx_word' id='word_1_363' title='bbox 2459 2111 2695 2183; x_wconf 90' lang='lat' dir='ltr'>quidem</span> <span class='ocrx_word' id='word_1_364' title='bbox 2726 2111 2886 2166; x_wconf 90' lang='lat' dir='ltr'>omni</span> <span class='ocrx_word' id='word_1_365' title='bbox 2910 2115 3079 2166; x_wconf 91' lang='lat' dir='ltr'>vento</span> <span class='ocrx_word' id='word_1_366' title='bbox 3119 2109 3415 2178; x_wconf 66' lang='lat' dir='ltr'>doctrinae,</span> <span class='ocrx_word' id='word_1_367' title='bbox 3467 2109 3620 2165; x_wconf 72' lang='lat'>618</span> <span class='ocrx_word' id='word_1_368' title='bbox 3679 2109 3782 2163; x_wconf 91' lang='lat' dir='ltr'>sed</span> 
     </span>
    </p>
   </div>
   <div class='ocr_carea' id='block_1_52' title="bbox 2140 2197 3784 2272">
    <p class='ocr_par' dir='ltr' id='par_1_52' title="bbox 2140 2197 3784 2272">
     <span class='ocr_line' id='line_1_52' title="bbox 2140 2197 3784 2272; baseline -0.002 -15"><span class='ocrx_word' id='word_1_369' title='bbox 2140 2219 2257 2257; x_wconf 91' lang='lat' dir='ltr'>non</span> <span class='ocrx_word' id='word_1_370' title='bbox 2280 2201 2606 2257; x_wconf 89' lang='lat' dir='ltr'>elidebatur</span> <span class='ocrx_word' id='word_1_371' title='bbox 2628 2200 2686 2255; x_wconf 92' lang='lat' dir='ltr'>in</span> <span class='ocrx_word' id='word_1_372' title='bbox 2715 2217 2873 2266; x_wconf 88' lang='lat' dir='ltr'>saxa,</span> <span class='ocrx_word' id='word_1_373' title='bbox 2910 2216 3013 2254; x_wconf 90' lang='lat' dir='ltr'>nec</span> <span class='ocrx_word' id='word_1_374' title='bbox 3043 2199 3208 2254; x_wconf 90' lang='lat' dir='ltr'>navis</span> <span class='ocrx_word' id='word_1_375' title='bbox 3262 2200 3390 2270; x_wconf 88' lang='lat' dir='ltr'>ejus</span> <span class='ocrx_word' id='word_1_376' title='bbox 3448 2197 3784 2272; x_wconf 85' lang='lat' dir='ltr'>gurgitibus</span> 
     </span>
    </p>
   </div>
   <div class='ocr_carea' id='block_1_53' title="bbox 2099 2286 3783 2363">
    <p class='ocr_par' dir='ltr' id='par_1_53' title="bbox 2099 2286 3783 2363">
     <span class='ocr_line' id='line_1_53' title="bbox 2099 2286 3783 2363; baseline -0.002 -17"><span class='ocrx_word' id='word_1_377' title='bbox 2099 2297 2107 2306; x_wconf 75' lang='lat'><strong>‘</strong></span> <span class='ocrx_word' id='word_1_378' title='bbox 2140 2290 2760 2363; x_wconf 79' lang='lat' dir='ltr'>implebaturz&#39;stabat</span> <span class='ocrx_word' id='word_1_379' title='bbox 2788 2289 3005 2361; x_wconf 91' lang='lat' dir='ltr'>quippe</span> <span class='ocrx_word' id='word_1_380' title='bbox 3034 2287 3093 2342; x_wconf 90' lang='lat' dir='ltr'>in</span> <span class='ocrx_word' id='word_1_381' title='bbox 3125 2287 3306 2360; x_wconf 91' lang='lat' dir='ltr'>puppi</span> <span class='ocrx_word' id='word_1_382' title='bbox 3319 2286 3783 2360; x_wconf 88' lang='lat' dir='ltr'>gubernaculum</span> 
     </span>
    </p>
   </div>
   <div class='ocr_carea' id='block_1_54' title="bbox 2137 2376 3788 2450">
    <p class='ocr_par' dir='ltr' id='par_1_54' title="bbox 2137 2376 3788 2450">
     <span class='ocr_line' id='line_1_54' title="bbox 2137 2376 3788 2450; baseline -0.002 -15"><span class='ocrx_word' id='word_1_383' title='bbox 2137 2383 2364 2444; x_wconf 89' lang='lat' dir='ltr'>tenens,</span> <span class='ocrx_word' id='word_1_384' title='bbox 2399 2384 2456 2434; x_wconf 88' lang='lat' dir='ltr'>et</span> <span class='ocrx_word' id='word_1_385' title='bbox 2486 2382 2829 2450; x_wconf 89' lang='lat' dir='ltr'>spumantes</span> <span class='ocrx_word' id='word_1_386' title='bbox 2851 2377 3137 2432; x_wconf 67' lang='lat' dir='ltr'>hmreseos</span> <span class='ocrx_word' id='word_1_387' title='bbox 3168 2376 3384 2434; x_wconf 83' lang='lat' dir='ltr'>fluctus</span> <span class='ocrx_word' id='word_1_388' title='bbox 3433 2376 3566 2432; x_wconf 84' lang='lat' dir='ltr'>fidei</span> <span class='ocrx_word' id='word_1_389' title='bbox 3625 2392 3788 2433; x_wconf 84' lang='lat' dir='ltr'>secu-</span> 
     </span>
    </p>
   </div>
   <div class='ocr_carea' id='block_1_55' title="bbox 2140 2465 3784 2539">
    <p class='ocr_par' dir='ltr' id='par_1_55' title="bbox 2140 2465 3784 2539">
     <span class='ocr_line' id='line_1_55' title="bbox 2140 2465 3784 2539; baseline -0.002 -16"><span class='ocrx_word' id='word_1_390' title='bbox 2140 2469 2311 2523; x_wconf 87' lang='lat' dir='ltr'>ritate</span> <span class='ocrx_word' id='word_1_391' title='bbox 2347 2467 2803 2539; x_wconf 89' lang='lat' dir='ltr'>frangebat.Non</span> <span class='ocrx_word' id='word_1_392' title='bbox 2829 2470 3025 2522; x_wconf 88' lang='lat' dir='ltr'>tamen</span> <span class='ocrx_word' id='word_1_393' title='bbox 3057 2465 3390 2537; x_wconf 90' lang='lat' dir='ltr'>intrepidus</span> <span class='ocrx_word' id='word_1_394' title='bbox 3426 2469 3484 2520; x_wconf 90' lang='lat' dir='ltr'>et</span> <span class='ocrx_word' id='word_1_395' title='bbox 3509 2481 3784 2531; x_wconf 89' lang='lat' dir='ltr'>securus,</span> 
     </span>
    </p>
   </div>
   <div class='ocr_carea' id='block_1_56' title="bbox 2141 2551 3788 2629">
    <p class='ocr_par' dir='ltr' id='par_1_56' title="bbox 2141 2551 3788 2629">
     <span class='ocr_line' id='line_1_56' title="bbox 2141 2551 3788 2629; baseline -0.001 -17"><span class='ocrx_word' id='word_1_396' title='bbox 2141 2573 2246 2613; x_wconf 89' lang='lat' dir='ltr'>nec</span> <span class='ocrx_word' id='word_1_397' title='bbox 2277 2557 2512 2629; x_wconf 88' lang='lat' dir='ltr'>quietus</span> <span class='ocrx_word' id='word_1_398' title='bbox 2544 2561 2602 2612; x_wconf 91' lang='lat' dir='ltr'>et</span> <span class='ocrx_word' id='word_1_399' title='bbox 2656 2555 2943 2628; x_wconf 89' lang='lat' dir='ltr'>placidus,</span> <span class='ocrx_word' id='word_1_400' title='bbox 2977 2554 3368 2627; x_wconf 89' lang='lat' dir='ltr'>prospiciebat</span> <span class='ocrx_word' id='word_1_401' title='bbox 3395 2556 3596 2610; x_wconf 90' lang='lat' dir='ltr'>ventos</span> <span class='ocrx_word' id='word_1_402' title='bbox 3648 2551 3788 2610; x_wconf 90' lang='lat' dir='ltr'>hinc</span> 
     </span>
    </p>
   </div>
   <div class='ocr_carea' id='block_1_57' title="bbox 2139 2641 3789 2719">
    <p class='ocr_par' dir='ltr' id='par_1_57' title="bbox 2139 2641 3789 2719">
     <span class='ocr_line' id='line_1_57' title="bbox 2139 2641 3789 2719; baseline -0.002 -18"><span class='ocrx_word' id='word_1_403' title='bbox 2139 2646 2275 2702; x_wconf 90' lang='lat' dir='ltr'>inde</span> <span class='ocrx_word' id='word_1_404' title='bbox 2288 2646 2695 2719; x_wconf 87' lang='lat' dir='ltr'>perﬂantes,et</span> <span class='ocrx_word' id='word_1_405' title='bbox 2719 2644 2965 2702; x_wconf 79' lang='lat' dir='ltr'>sollicita</span> <span class='ocrx_word' id='word_1_406' title='bbox 2990 2661 3130 2700; x_wconf 91' lang='lat' dir='ltr'>aure</span> <span class='ocrx_word' id='word_1_407' title='bbox 3169 2643 3461 2717; x_wconf 88' lang='lat' dir='ltr'>captabat,</span> <span class='ocrx_word' id='word_1_408' title='bbox 3492 2641 3789 2699; x_wconf 80' lang='lat' dir='ltr'>vincebat-</span> 
     </span>
    </p>
   </div>
   <div class='ocr_carea' id='block_1_58' title="bbox 2141 2731 3785 2808">
    <p class='ocr_par' dir='ltr' id='par_1_58' title="bbox 2141 2731 3785 2808">
     <span class='ocr_line' id='line_1_58' title="bbox 2141 2731 3785 2808; baseline -0.002 -18"><span class='ocrx_word' id='word_1_409' title='bbox 2141 2752 2255 2808; x_wconf 88' lang='lat' dir='ltr'>que</span> <span class='ocrx_word' id='word_1_410' title='bbox 2303 2735 2631 2791; x_wconf 88' lang='lat' dir='ltr'>contraria:</span> <span class='ocrx_word' id='word_1_411' title='bbox 2688 2736 2790 2790; x_wconf 92' lang='lat' dir='ltr'>sed</span> <span class='ocrx_word' id='word_1_412' title='bbox 2848 2751 2963 2790; x_wconf 91' lang='lat' dir='ltr'>non</span> <span class='ocrx_word' id='word_1_413' title='bbox 3021 2738 3146 2789; x_wconf 90' lang='lat' dir='ltr'>erat</span> <span class='ocrx_word' id='word_1_414' title='bbox 3183 2732 3265 2787; x_wconf 88' lang='lat' dir='ltr'>illi</span> <span class='ocrx_word' id='word_1_415' title='bbox 3289 2747 3495 2788; x_wconf 91' lang='lat' dir='ltr'>secura</span> <span class='ocrx_word' id='word_1_416' title='bbox 3522 2731 3785 2788; x_wconf 89' lang='lat' dir='ltr'>victoria.</span> 
     </span>
    </p>
   </div>
   <div class='ocr_carea' id='block_1_59' title="bbox 2140 2820 3783 2896">
    <p class='ocr_par' dir='ltr' id='par_1_59' title="bbox 2140 2820 3783 2896">
     <span class='ocr_line' id='line_1_59' title="bbox 2140 2820 3783 2896; baseline -0.002 -16"><span class='ocrx_word' id='word_1_417' title='bbox 2140 2825 2287 2891; x_wconf 84' lang='lat' dir='ltr'>Quia</span> <span class='ocrx_word' id='word_1_418' title='bbox 2317 2824 2510 2896; x_wconf 90' lang='lat' dir='ltr'>agitur</span> <span class='ocrx_word' id='word_1_419' title='bbox 2537 2823 3005 2879; x_wconf 89' lang='lat' dir='ltr'>adversariorum</span> <span class='ocrx_word' id='word_1_420' title='bbox 3044 2823 3238 2890; x_wconf 91' lang='lat' dir='ltr'>verba,</span> <span class='ocrx_word' id='word_1_421' title='bbox 3275 2825 3452 2892; x_wconf 90' lang='lat' dir='ltr'>atque</span> <span class='ocrx_word' id='word_1_422' title='bbox 3505 2820 3783 2887; x_wconf 86' lang='lat' dir='ltr'>rationes,</span> 
     </span>
    </p>
   </div>
   <div class='ocr_carea' id='block_1_60' title="bbox 2141 2909 3780 2986">
    <p class='ocr_par' dir='ltr' id='par_1_60' title="bbox 2141 2909 3780 2986">
     <span class='ocr_line' id='line_1_60' title="bbox 2141 2909 3780 2986; baseline -0.004 -17"><span class='ocrx_word' id='word_1_423' title='bbox 2141 2913 2358 2986; x_wconf 91' lang='lat' dir='ltr'>quibus</span> <span class='ocrx_word' id='word_1_424' title='bbox 2387 2912 2689 2968; x_wconf 88' lang='lat' dir='ltr'>veritatem</span> <span class='ocrx_word' id='word_1_425' title='bbox 2720 2917 2972 2968; x_wconf 90' lang='lat' dir='ltr'>evertere</span> <span class='ocrx_word' id='word_1_426' title='bbox 3004 2910 3362 2976; x_wconf 86' lang='lat' dir='ltr'>nitebantur,</span> <span class='ocrx_word' id='word_1_427' title='bbox 3393 2909 3628 2964; x_wconf 88' lang='lat' dir='ltr'>videbat</span> <span class='ocrx_word' id='word_1_428' title='bbox 3664 2923 3780 2963; x_wconf 92' lang='lat' dir='ltr'>non</span> 
     </span>
    </p>
   </div>
   <div class='ocr_carea' id='block_1_61' title="bbox 2141 2995 3786 3074">
    <p class='ocr_par' dir='ltr' id='par_1_61' title="bbox 2141 2995 3786 3074">
     <span class='ocr_line' id='line_1_61' title="bbox 2141 2995 3786 3074; baseline -0.004 -16"><span class='ocrx_word' id='word_1_429' title='bbox 2141 3002 2309 3058; x_wconf 81' lang='lat' dir='ltr'>facile</span> <span class='ocrx_word' id='word_1_430' title='bbox 2347 3017 2520 3074; x_wconf 90' lang='lat' dir='ltr'>posse</span> <span class='ocrx_word' id='word_1_431' title='bbox 2578 3001 2864 3073; x_wconf 89' lang='lat' dir='ltr'>superari,</span> <span class='ocrx_word' id='word_1_432' title='bbox 2917 3004 2974 3055; x_wconf 89' lang='lat' dir='ltr'>et</span> <span class='ocrx_word' id='word_1_433' title='bbox 3021 2999 3181 3055; x_wconf 91' lang='lat' dir='ltr'>omni</span> <span class='ocrx_word' id='word_1_434' title='bbox 3212 2997 3530 3054; x_wconf 90' lang='lat' dir='ltr'>calliditate</span> <span class='ocrx_word' id='word_1_435' title='bbox 3558 2995 3786 3068; x_wconf 90' lang='lat' dir='ltr'>plenas,</span> 
     </span>
    </p>
   </div>
   <div class='ocr_carea' id='block_1_62' title="bbox 2142 3085 3784 3160">
    <p class='ocr_par' dir='ltr' id='par_1_62' title="bbox 2142 3085 3784 3160">
     <span class='ocr_line' id='line_1_62' title="bbox 2142 3085 3784 3160; baseline -0.004 -14"><span class='ocrx_word' id='word_1_436' title='bbox 2142 3091 2458 3146; x_wconf 71' lang='lat' dir='ltr'>dialecticae</span> <span class='ocrx_word' id='word_1_437' title='bbox 2537 3105 2787 3160; x_wconf 87' lang='lat' dir='ltr'>quoque,</span> <span class='ocrx_word' id='word_1_438' title='bbox 2846 3089 2964 3144; x_wconf 91' lang='lat' dir='ltr'>imo</span> <span class='ocrx_word' id='word_1_439' title='bbox 3021 3085 3236 3142; x_wconf 90' lang='lat' dir='ltr'>diaboli</span> <span class='ocrx_word' id='word_1_440' title='bbox 3276 3089 3397 3142; x_wconf 91' lang='lat' dir='ltr'>arte</span> <span class='ocrx_word' id='word_1_441' title='bbox 3465 3087 3784 3151; x_wconf 81' lang='lat' dir='ltr'>contextae,</span> 
     </span>
    </p>
   </div>
   <div class='ocr_carea' id='block_1_63' title="bbox 385 3173 3787 3252">
    <p class='ocr_par' dir='ltr' id='par_1_63' title="bbox 385 3173 3787 3252">
     <span class='ocr_line' id='line_1_63' title="bbox 385 3173 3787 3252; baseline -0.002 -18"><span class='ocrx_word' id='word_1_442' title='bbox 385 3183 444 3234; x_wconf 91' lang='lat' dir='ltr'>et</span> <span class='ocrx_word' id='word_1_443' title='bbox 474 3194 847 3250; x_wconf 88' lang='lat' dir='ltr'>nequaquam</span> <span class='ocrx_word' id='word_1_444' title='bbox 872 3178 932 3232; x_wconf 91' lang='lat' dir='ltr'>in</span> <span class='ocrx_word' id='word_1_445' title='bbox 963 3177 1337 3250; x_wconf 90' lang='lat' dir='ltr'>dogmatibus</span> <span class='ocrx_word' id='word_1_446' title='bbox 1358 3177 1786 3246; x_wconf 73' lang='lat' dir='ltr'>ﬂuctuans,!ad</span> <span class='ocrx_word' id='word_1_447' title='bbox 1845 3177 2034 3232; x_wconf 88' lang='lat' dir='ltr'>instar</span> <span class='ocrx_word' id='word_1_448' title='bbox 2075 3246 2106 3252; x_wconf 74' lang='lat'>_</span> <span class='ocrx_word' id='word_1_449' title='bbox 2145 3179 2417 3252; x_wconf 88' lang='lat' dir='ltr'>sperabat</span> <span class='ocrx_word' id='word_1_450' title='bbox 2439 3178 2539 3234; x_wconf 91' lang='lat' dir='ltr'>Dei</span> <span class='ocrx_word' id='word_1_451' title='bbox 2571 3177 2876 3246; x_wconf 82' lang='lat' dir='ltr'>auxilium,</span> <span class='ocrx_word' id='word_1_452' title='bbox 2911 3180 2976 3232; x_wconf 91' lang='lat' dir='ltr'>ut</span> <span class='ocrx_word' id='word_1_453' title='bbox 3019 3191 3254 3233; x_wconf 89' lang='lat' dir='ltr'>omnem</span> <span class='ocrx_word' id='word_1_454' title='bbox 3302 3173 3787 3230; x_wconf 89' lang='lat' dir='ltr'>deliberationem</span> 
     </span>
    </p>
   </div>
   <div class='ocr_carea' id='block_1_64' title="bbox 385 3246 3789 3340">
    <p class='ocr_par' dir='ltr' id='par_1_64' title="bbox 385 3246 3789 3340">
     <span class='ocr_line' id='line_1_64' title="bbox 385 3246 3789 3340; baseline -0.002 -17"><span class='ocrx_word' id='word_1_455' title='bbox 385 3246 767 3340; x_wconf 76' lang='lat' dir='ltr'>parvulorum</span> <span class='ocrx_word' id='word_1_456' title='bbox 811 3246 1457 3339; x_wconf 40' lang='lat' dir='ltr'>gurgitevinﬁdelitatis</span> <span class='ocrx_word' id='word_1_457' title='bbox 1516 3266 1735 3322; x_wconf 89' lang='lat' dir='ltr'>feratur</span> <span class='ocrx_word' id='word_1_458' title='bbox 1790 3267 2031 3333; x_wconf 90' lang='lat' dir='ltr'>incerto,</span> <span class='ocrx_word' id='word_1_459' title='bbox 2065 3246 2108 3312; x_wconf 67' lang='grc' dir='ltr'>Ο</span> <span class='ocrx_word' id='word_1_460' title='bbox 2146 3246 2217 3325; x_wconf 53' lang='grc'>(1.0</span> <span class='ocrx_word' id='word_1_461' title='bbox 2240 3272 2434 3323; x_wconf 89' lang='lat' dir='ltr'>mente</span> <span class='ocrx_word' id='word_1_462' title='bbox 2464 3285 2572 3323; x_wconf 88' lang='lat' dir='ltr'>sua</span> <span class='ocrx_word' id='word_1_463' title='bbox 2628 3263 2976 3339; x_wconf 90' lang='lat' dir='ltr'>propelleret</span> <span class='ocrx_word' id='word_1_464' title='bbox 3020 3268 3077 3320; x_wconf 92' lang='lat' dir='ltr'>et</span> <span class='ocrx_word' id='word_1_465' title='bbox 3130 3267 3300 3319; x_wconf 77' lang='lat' dir='ltr'>certae</span> <span class='ocrx_word' id='word_1_466' title='bbox 3358 3265 3532 3334; x_wconf 89' lang='lat' dir='ltr'>atque</span> <span class='ocrx_word' id='word_1_467' title='bbox 3587 3259 3789 3317; x_wconf 66' lang='lat' dir='ltr'>defixa:</span> 
     </span>
    </p>
   </div>
   <div class='ocr_carea' id='block_1_65' title="bbox 387 3353 2030 3426">
    <p class='ocr_par' dir='ltr' id='par_1_65' title="bbox 387 3353 2030 3426">
     <span class='ocr_line' id='line_1_65' title="bbox 387 3353 2030 3426; baseline -0.001 -14"><span class='ocrx_word' id='word_1_468' title='bbox 387 3357 529 3412; x_wconf 87' lang='lat' dir='ltr'>dum</span> <span class='ocrx_word' id='word_1_469' title='bbox 561 3355 716 3412; x_wconf 89' lang='lat' dir='ltr'>venti</span> <span class='ocrx_word' id='word_1_470' title='bbox 743 3355 879 3410; x_wconf 87' lang='lat' dir='ltr'>hinc</span> <span class='ocrx_word' id='word_1_471' title='bbox 911 3355 1047 3410; x_wconf 90' lang='lat' dir='ltr'>inde</span> <span class='ocrx_word' id='word_1_472' title='bbox 1068 3353 1401 3426; x_wconf 84' lang='lat' dir='ltr'>perflantes,</span> <span class='ocrx_word' id='word_1_473' title='bbox 1435 3354 1839 3411; x_wconf 68' lang='lat' dir='ltr'>haereticorum</span> <span class='ocrx_word' id='word_1_474' title='bbox 1880 3357 2030 3411; x_wconf 74' lang='lat'>617</span> 
     </span>
    </p>
   </div>
   <div class='ocr_carea' id='block_1_66' title="bbox 387 3443 2033 3516">
    <p class='ocr_par' dir='ltr' id='par_1_66' title="bbox 387 3443 2033 3516">
     <span class='ocr_line' id='line_1_66' title="bbox 387 3443 2033 3516; baseline -0.001 -16"><span class='ocrx_word' id='word_1_475' title='bbox 387 3444 676 3512; x_wconf 89' lang='lat' dir='ltr'>videlicet,</span> <span class='ocrx_word' id='word_1_476' title='bbox 709 3444 826 3500; x_wconf 91' lang='lat' dir='ltr'>sive</span> <span class='ocrx_word' id='word_1_477' title='bbox 857 3443 1212 3516; x_wconf 90' lang='lat' dir='ltr'>sapientium</span> <span class='ocrx_word' id='word_1_478' title='bbox 1246 3443 1465 3510; x_wconf 73' lang='lat' dir='ltr'>saeculi,</span> <span class='ocrx_word' id='word_1_479' title='bbox 1497 3443 1738 3499; x_wconf 62' lang='lat' dir='ltr'>diversa</span> <span class='ocrx_word' id='word_1_480' title='bbox 1794 3461 2033 3516; x_wconf 91' lang='lat' dir='ltr'>compu-</span> 
     </span>
    </p>
   </div>
   <div class='ocr_carea' id='block_1_67' title="bbox 387 3533 2039 3607">
    <p class='ocr_par' dir='ltr' id='par_1_67' title="bbox 387 3533 2039 3607">
     <span class='ocr_line' id='line_1_67' title="bbox 387 3533 2039 3607; baseline 0.001 -18"><span class='ocrx_word' id='word_1_481' title='bbox 387 3539 760 3607; x_wconf 87' lang='lat' dir='ltr'>gnantesque</span> <span class='ocrx_word' id='word_1_482' title='bbox 782 3533 1059 3598; x_wconf 89' lang='lat' dir='ltr'>rationes,</span> <span class='ocrx_word' id='word_1_483' title='bbox 1093 3533 1462 3604; x_wconf 83' lang='lat' dir='ltr'>naufragium</span> <span class='ocrx_word' id='word_1_484' title='bbox 1504 3533 1879 3589; x_wconf 90' lang='lat' dir='ltr'>audientibus</span> <span class='ocrx_word' id='word_1_485' title='bbox 1939 3539 2039 3590; x_wconf 90' lang='lat' dir='ltr'>aut</span> 
     </span>
    </p>
   </div>
   <div class='ocr_carea' id='block_1_68' title="bbox 389 3621 2038 3693">
    <p class='ocr_par' dir='ltr' id='par_1_68' title="bbox 389 3621 2038 3693">
     <span class='ocr_line' id='line_1_68' title="bbox 389 3621 2038 3693; baseline -0.001 -14"><span class='ocrx_word' id='word_1_486' title='bbox 389 3624 672 3690; x_wconf 89' lang='lat' dir='ltr'>inferunt,</span> <span class='ocrx_word' id='word_1_487' title='bbox 707 3627 808 3678; x_wconf 90' lang='lat' dir='ltr'>aut</span> <span class='ocrx_word' id='word_1_488' title='bbox 839 3622 1172 3676; x_wconf 90' lang='lat' dir='ltr'>minantur:</span> <span class='ocrx_word' id='word_1_489' title='bbox 1208 3621 1347 3677; x_wconf 91' lang='lat' dir='ltr'>dum</span> <span class='ocrx_word' id='word_1_490' title='bbox 1380 3621 1477 3677; x_wconf 92' lang='lat' dir='ltr'>alii</span> <span class='ocrx_word' id='word_1_491' title='bbox 1510 3622 2038 3693; x_wconf 85' lang='lat' dir='ltr'>absquevoluntate</span> 
     </span>
    </p>
   </div>
   <div class='ocr_carea' id='block_1_69' title="bbox 388 3710 2037 3783">
    <p class='ocr_par' dir='ltr' id='par_1_69' title="bbox 388 3710 2037 3783">
     <span class='ocr_line' id='line_1_69' title="bbox 388 3710 2037 3783; baseline -0.001 -15"><span class='ocrx_word' id='word_1_492' title='bbox 388 3711 657 3775; x_wconf 71' lang='lat' dir='ltr'>fallaciae,</span> <span class='ocrx_word' id='word_1_493' title='bbox 691 3728 760 3768; x_wconf 91' lang='lat' dir='ltr'>ea</span> <span class='ocrx_word' id='word_1_494' title='bbox 779 3716 977 3766; x_wconf 90' lang='lat' dir='ltr'>tamen</span> <span class='ocrx_word' id='word_1_495' title='bbox 1009 3727 1135 3782; x_wconf 78' lang='lat' dir='ltr'>quae</span> <span class='ocrx_word' id='word_1_496' title='bbox 1167 3710 1316 3766; x_wconf 90' lang='lat' dir='ltr'>falsa</span> <span class='ocrx_word' id='word_1_497' title='bbox 1346 3715 1504 3778; x_wconf 91' lang='lat' dir='ltr'>sunt,</span> <span class='ocrx_word' id='word_1_498' title='bbox 1537 3711 1883 3783; x_wconf 73' lang='lat' dir='ltr'>praedicant:</span> <span class='ocrx_word' id='word_1_499' title='bbox 1940 3711 2037 3766; x_wconf 88' lang='lat' dir='ltr'>alii</span> 
     </span>
    </p>
   </div>
   <div class='ocr_carea' id='block_1_70' title="bbox 387 3798 2040 3874">
    <p class='ocr_par' dir='ltr' id='par_1_70' title="bbox 387 3798 2040 3874">
     <span class='ocr_line' id='line_1_70' title="bbox 387 3798 2040 3874; baseline 0.001 -20"><span class='ocrx_word' id='word_1_500' title='bbox 387 3816 524 3856; x_wconf 92' lang='lat' dir='ltr'>vero</span> <span class='ocrx_word' id='word_1_501' title='bbox 571 3799 730 3856; x_wconf 91' lang='lat' dir='ltr'>omni</span> <span class='ocrx_word' id='word_1_502' title='bbox 779 3798 1100 3856; x_wconf 87' lang='lat' dir='ltr'>calliditate</span> <span class='ocrx_word' id='word_1_503' title='bbox 1139 3799 1351 3855; x_wconf 91' lang='lat' dir='ltr'>erroris</span> <span class='ocrx_word' id='word_1_504' title='bbox 1399 3799 1639 3872; x_wconf 90' lang='lat' dir='ltr'>laqueos</span> <span class='ocrx_word' id='word_1_505' title='bbox 1693 3817 2040 3874; x_wconf 90' lang='lat' dir='ltr'>componen-</span> 
     </span>
    </p>
   </div>
   <div class='ocr_carea' id='block_1_71' title="bbox 390 3888 2037 3961">
    <p class='ocr_par' dir='ltr' id='par_1_71' title="bbox 390 3888 2037 3961">
     <span class='ocr_line' id='line_1_71' title="bbox 390 3888 2037 3961; baseline 0.001 -17"><span class='ocrx_word' id='word_1_506' title='bbox 390 3895 501 3960; x_wconf 89' lang='lat' dir='ltr'>tes,</span> <span class='ocrx_word' id='word_1_507' title='bbox 527 3906 636 3945; x_wconf 91' lang='lat' dir='ltr'>nos</span> <span class='ocrx_word' id='word_1_508' title='bbox 665 3889 930 3961; x_wconf 90' lang='lat' dir='ltr'>decipere</span> <span class='ocrx_word' id='word_1_509' title='bbox 953 3892 1008 3944; x_wconf 91' lang='lat' dir='ltr'>et</span> <span class='ocrx_word' id='word_1_510' title='bbox 1037 3890 1269 3944; x_wconf 87' lang='lat' dir='ltr'>vincere</span> <span class='ocrx_word' id='word_1_511' title='bbox 1290 3888 1586 3944; x_wconf 86' lang='lat' dir='ltr'>festinant.</span> <span class='ocrx_word' id='word_1_512' title='bbox 1640 3889 1785 3944; x_wconf 88' lang='lat' dir='ltr'>Cum</span> <span class='ocrx_word' id='word_1_513' title='bbox 1841 3895 2037 3946; x_wconf 90' lang='lat' dir='ltr'>autem</span> 
     </span>
    </p>
   </div>
   <div class='ocr_carea' id='block_1_72' title="bbox 389 3977 2039 4050">
    <p class='ocr_par' dir='ltr' id='par_1_72' title="bbox 389 3977 2039 4050">
     <span class='ocr_line' id='line_1_72' title="bbox 389 3977 2039 4050; baseline -0.001 -15"><span class='ocrx_word' id='word_1_514' title='bbox 389 3979 754 4035; x_wconf 90' lang='lat' dir='ltr'>occurrerint</span> <span class='ocrx_word' id='word_1_515' title='bbox 782 3982 956 4050; x_wconf 90' lang='lat' dir='ltr'>atque</span> <span class='ocrx_word' id='word_1_516' title='bbox 988 3977 1356 4049; x_wconf 90' lang='lat' dir='ltr'>pervenerint</span> <span class='ocrx_word' id='word_1_517' title='bbox 1392 3979 1580 4034; x_wconf 89' lang='lat' dir='ltr'>sancti</span> <span class='ocrx_word' id='word_1_518' title='bbox 1609 3979 1669 4033; x_wconf 91' lang='lat' dir='ltr'>in</span> <span class='ocrx_word' id='word_1_519' title='bbox 1701 3995 2039 4034; x_wconf 90' lang='lat' dir='ltr'>mensuram</span> 
     </span>
    </p>
   </div>
   <div class='ocr_carea' id='block_1_73' title="bbox 390 4065 2041 4139">
    <p class='ocr_par' dir='ltr' id='par_1_73' title="bbox 390 4065 2041 4139">
     <span class='ocr_line' id='line_1_73' title="bbox 390 4065 2041 4139; baseline -0.001 -16"><span class='ocrx_word' id='word_1_520' title='bbox 390 4067 716 4139; x_wconf 87' lang='lat' dir='ltr'>supradicti</span> <span class='ocrx_word' id='word_1_521' title='bbox 748 4067 878 4132; x_wconf 91' lang='lat' dir='ltr'>viri,</span> <span class='ocrx_word' id='word_1_522' title='bbox 913 4071 1054 4122; x_wconf 90' lang='lat' dir='ltr'>tunc</span> <span class='ocrx_word' id='word_1_523' title='bbox 1083 4065 1479 4139; x_wconf 89' lang='lat' dir='ltr'>intelligentes</span> <span class='ocrx_word' id='word_1_524' title='bbox 1511 4066 1853 4123; x_wconf 89' lang='lat' dir='ltr'>charitatem</span> <span class='ocrx_word' id='word_1_525' title='bbox 1880 4067 2041 4122; x_wconf 90' lang='lat' dir='ltr'>Chri-</span> 
     </span>
    </p>
   </div>
   <div class='ocr_carea' id='block_1_74' title="bbox 393 4155 2044 4227">
    <p class='ocr_par' dir='ltr' id='par_1_74' title="bbox 393 4155 2044 4227">
     <span class='ocr_line' id='line_1_74' title="bbox 393 4155 2044 4227; baseline 0.001 -17"><span class='ocrx_word' id='word_1_526' title='bbox 393 4155 469 4211; x_wconf 87' lang='lat' dir='ltr'>sti</span> <span class='ocrx_word' id='word_1_527' title='bbox 500 4156 800 4227; x_wconf 89' lang='lat' dir='ltr'>augebunt</span> <span class='ocrx_word' id='word_1_528' title='bbox 832 4155 890 4209; x_wconf 91' lang='lat' dir='ltr'>in</span> <span class='ocrx_word' id='word_1_529' title='bbox 923 4171 988 4211; x_wconf 90' lang='lat' dir='ltr'>eo</span> <span class='ocrx_word' id='word_1_530' title='bbox 1013 4155 1211 4210; x_wconf 87' lang='lat' dir='ltr'>omnia</span> <span class='ocrx_word' id='word_1_531' title='bbox 1243 4171 1374 4226; x_wconf 71' lang='lat' dir='ltr'>qua:</span> <span class='ocrx_word' id='word_1_532' title='bbox 1423 4159 1765 4227; x_wconf 90' lang='lat' dir='ltr'>acceperant</span> <span class='ocrx_word' id='word_1_533' title='bbox 1817 4156 2044 4212; x_wconf 90' lang='lat' dir='ltr'>semina</span> 
     </span>
    </p>
   </div>
   <div class='ocr_carea' id='block_1_75' title="bbox 388 4242 2042 4316">
    <p class='ocr_par' dir='ltr' id='par_1_75' title="bbox 388 4242 2042 4316">
     <span class='ocr_line' id='line_1_75' title="bbox 388 4242 2042 4316; baseline 0.002 -19"><span class='ocrx_word' id='word_1_534' title='bbox 388 4243 685 4312; x_wconf 87' lang='lat' dir='ltr'>veritatis,</span> <span class='ocrx_word' id='word_1_535' title='bbox 719 4242 1003 4298; x_wconf 90' lang='lat' dir='ltr'>habentes</span> <span class='ocrx_word' id='word_1_536' title='bbox 1025 4243 1281 4316; x_wconf 90' lang='lat' dir='ltr'>corporis</span> <span class='ocrx_word' id='word_1_537' title='bbox 1310 4242 1576 4300; x_wconf 75' lang='lat' dir='ltr'>Ecclesiae</span> <span class='ocrx_word' id='word_1_538' title='bbox 1617 4248 1792 4315; x_wconf 91' lang='lat' dir='ltr'>caput</span> <span class='ocrx_word' id='word_1_539' title='bbox 1847 4245 2042 4301; x_wconf 90' lang='lat' dir='ltr'>Domi-</span> 
     </span>
    </p>
   </div>
   <div class='ocr_carea' id='block_1_76' title="bbox 394 4331 2046 4395">
    <p class='ocr_par' dir='ltr' id='par_1_76' title="bbox 394 4331 2046 4395">
     <span class='ocr_line' id='line_1_76' title="bbox 394 4331 2046 4395; baseline 0.001 -9"><span class='ocrx_word' id='word_1_540' title='bbox 394 4348 541 4386; x_wconf 91' lang='lat' dir='ltr'>num</span> <span class='ocrx_word' id='word_1_541' title='bbox 572 4331 798 4388; x_wconf 83' lang='lat' dir='ltr'>Jesum.</span> <span class='ocrx_word' id='word_1_542' title='bbox 848 4331 998 4395; x_wconf 89' lang='lat' dir='ltr'>Quia</span> <span class='ocrx_word' id='word_1_543' title='bbox 1040 4348 1176 4387; x_wconf 91' lang='lat' dir='ltr'>vero</span> <span class='ocrx_word' id='word_1_544' title='bbox 1231 4331 1348 4387; x_wconf 87' lang='lat' dir='ltr'>ait:</span> <span class='ocrx_word' id='word_1_545' title='bbox 1405 4333 1466 4389; x_wconf 82' lang='lat' dir='ltr'>Ut</span> <span class='ocrx_word' id='word_1_546' title='bbox 1510 4333 1660 4388; x_wconf 83' lang='lat' dir='ltr'>ultra</span> <span class='ocrx_word' id='word_1_547' title='bbox 1705 4349 1815 4389; x_wconf 83' lang='lat' dir='ltr'>non</span> <span class='ocrx_word' id='word_1_548' title='bbox 1869 4335 2046 4388; x_wconf 77' lang='lat' dir='ltr'>simus</span> 
     </span>
    </p>
   </div>
   <div class='ocr_carea' id='block_1_77' title="bbox 391 4418 2044 4492">
    <p class='ocr_par' dir='ltr' id='par_1_77' title="bbox 391 4418 2044 4492">
     <span class='ocr_line' id='line_1_77' title="bbox 391 4418 2044 4492; baseline 0.003 -20"><span class='ocrx_word' id='word_1_549' title='bbox 391 4418 624 4490; x_wconf 80' lang='lat' dir='ltr'>parvuli</span> <span class='ocrx_word' id='word_1_550' title='bbox 651 4420 994 4487; x_wconf 79' lang='lat' dir='ltr'>ﬂuctuantes,</span> <span class='ocrx_word' id='word_1_551' title='bbox 1027 4422 1083 4474; x_wconf 90' lang='lat' dir='ltr'>et</span> <span class='ocrx_word' id='word_1_552' title='bbox 1111 4418 1356 4490; x_wconf 88' lang='lat' dir='ltr'>reliqua,</span> <span class='ocrx_word' id='word_1_553' title='bbox 1388 4435 1449 4474; x_wconf 88' lang='lat' dir='ltr'>se</span> <span class='ocrx_word' id='word_1_554' title='bbox 1480 4436 1712 4492; x_wconf 91' lang='lat' dir='ltr'>quoque</span> <span class='ocrx_word' id='word_1_555' title='bbox 1759 4425 2044 4477; x_wconf 87' lang='lat' dir='ltr'>ﬂuctuan-</span> 
     </span>
    </p>
   </div>
   <div class='ocr_carea' id='block_1_78' title="bbox 393 4507 2044 4579">
    <p class='ocr_par' dir='ltr' id='par_1_78' title="bbox 393 4507 2044 4579">
     <span class='ocr_line' id='line_1_78' title="bbox 393 4507 2044 4579; baseline 0.002 -17"><span class='ocrx_word' id='word_1_556' title='bbox 393 4511 519 4562; x_wconf 86' lang='lat' dir='ltr'>tem</span> <span class='ocrx_word' id='word_1_557' title='bbox 555 4511 612 4561; x_wconf 87' lang='lat' dir='ltr'>et</span> <span class='ocrx_word' id='word_1_558' title='bbox 653 4507 966 4579; x_wconf 88' lang='lat' dir='ltr'>parvulum</span> <span class='ocrx_word' id='word_1_559' title='bbox 1026 4523 1156 4563; x_wconf 90' lang='lat' dir='ltr'>esse</span> <span class='ocrx_word' id='word_1_560' title='bbox 1200 4512 1558 4573; x_wconf 88' lang='lat' dir='ltr'>contestans,</span> <span class='ocrx_word' id='word_1_561' title='bbox 1609 4511 2044 4565; x_wconf 88' lang='lat' dir='ltr'>retractandum</span> 
     </span>
    </p>
   </div>
   <div class='ocr_carea' id='block_1_79' title="bbox 2145 3351 3796 3428">
    <p class='ocr_par' dir='ltr' id='par_1_79' title="bbox 2145 3351 3796 3428">
     <span class='ocr_line' id='line_1_79' title="bbox 2145 3351 3796 3428; baseline -0.006 -14"><span class='ocrx_word' id='word_1_562' title='bbox 2145 3360 2368 3428; x_wconf 88' lang='lat' dir='ltr'>absque</span> <span class='ocrx_word' id='word_1_563' title='bbox 2399 3355 2521 3412; x_wconf 90' lang='lat' dir='ltr'>ulla</span> <span class='ocrx_word' id='word_1_564' title='bbox 2548 3353 2818 3411; x_wconf 89' lang='lat' dir='ltr'>molestia</span> <span class='ocrx_word' id='word_1_565' title='bbox 2846 3354 3104 3409; x_wconf 89' lang='lat' dir='ltr'>crederet</span> <span class='ocrx_word' id='word_1_566' title='bbox 3134 3351 3388 3416; x_wconf 90' lang='lat' dir='ltr'>veritati,</span> <span class='ocrx_word' id='word_1_567' title='bbox 3439 3353 3498 3405; x_wconf 90' lang='lat' dir='ltr'>et</span> <span class='ocrx_word' id='word_1_568' title='bbox 3553 3351 3796 3421; x_wconf 88' lang='lat' dir='ltr'>augeret</span> 
     </span>
    </p>
   </div>
   <div class='ocr_carea' id='block_1_80' title="bbox 2145 3437 3797 3514">
    <p class='ocr_par' dir='ltr' id='par_1_80' title="bbox 2145 3437 3797 3514">
     <span class='ocr_line' id='line_1_80' title="bbox 2145 3437 3797 3514; baseline -0.007 -10"><span class='ocrx_word' id='word_1_569' title='bbox 2145 3464 2272 3504; x_wconf 88' lang='lat' dir='ltr'>eam</span> <span class='ocrx_word' id='word_1_570' title='bbox 2305 3447 2363 3500; x_wconf 91' lang='lat' dir='ltr'>in</span> <span class='ocrx_word' id='word_1_571' title='bbox 2397 3445 2705 3501; x_wconf 91' lang='lat' dir='ltr'>dilectione</span> <span class='ocrx_word' id='word_1_572' title='bbox 2763 3442 3008 3498; x_wconf 88' lang='lat' dir='ltr'>Christi:</span> <span class='ocrx_word' id='word_1_573' title='bbox 3047 3457 3221 3514; x_wconf 91' lang='lat' dir='ltr'>quem</span> <span class='ocrx_word' id='word_1_574' title='bbox 3252 3439 3475 3495; x_wconf 91' lang='lat' dir='ltr'>sciebat</span> <span class='ocrx_word' id='word_1_575' title='bbox 3512 3441 3570 3494; x_wconf 91' lang='lat' dir='ltr'>et</span> <span class='ocrx_word' id='word_1_576' title='bbox 3606 3437 3700 3494; x_wconf 92' lang='lat' dir='ltr'>sui</span> <span class='ocrx_word' id='word_1_577' title='bbox 3739 3440 3797 3494; x_wconf 91' lang='lat' dir='ltr'>et</span> 
     </span>
    </p>
   </div>
   <div class='ocr_carea' id='block_1_81' title="bbox 2145 3525 3796 3604">
    <p class='ocr_par' dir='ltr' id='par_1_81' title="bbox 2145 3525 3796 3604">
     <span class='ocr_line' id='line_1_81' title="bbox 2145 3525 3796 3604; baseline -0.006 -14"><span class='ocrx_word' id='word_1_578' title='bbox 2145 3536 2326 3591; x_wconf 89' lang='lat' dir='ltr'>totius</span> <span class='ocrx_word' id='word_1_579' title='bbox 2357 3533 2623 3590; x_wconf 82' lang='lat' dir='ltr'>Ecclesiae</span> <span class='ocrx_word' id='word_1_580' title='bbox 2654 3532 2913 3604; x_wconf 91' lang='lat' dir='ltr'>corporis</span> <span class='ocrx_word' id='word_1_581' title='bbox 2946 3534 3121 3601; x_wconf 88' lang='lat' dir='ltr'>caput</span> <span class='ocrx_word' id='word_1_582' title='bbox 3150 3529 3364 3600; x_wconf 83' lang='lat' dir='ltr'>(Ephes.</span> <span class='ocrx_word' id='word_1_583' title='bbox 3396 3544 3453 3598; x_wconf 91' lang='lat' dir='ltr'>v,</span> <span class='ocrx_word' id='word_1_584' title='bbox 3471 3527 3563 3582; x_wconf 84' lang='lat'>25.</span> <span class='ocrx_word' id='word_1_585' title='bbox 3596 3525 3796 3583; x_wconf 89' lang='lat' dir='ltr'>Scien-</span> 
     </span>
    </p>
   </div>
   <div class='ocr_carea' id='block_1_82' title="bbox 2147 3613 3797 3696">
    <p class='ocr_par' dir='ltr' id='par_1_82' title="bbox 2147 3613 3797 3696">
     <span class='ocr_line' id='line_1_82' title="bbox 2147 3613 3797 3696; baseline -0.007 -16"><span class='ocrx_word' id='word_1_586' title='bbox 2147 3625 2286 3680; x_wconf 89' lang='lat' dir='ltr'>dum</span> <span class='ocrx_word' id='word_1_587' title='bbox 2310 3624 2465 3696; x_wconf 90' lang='lat' dir='ltr'>quod</span> <span class='ocrx_word' id='word_1_588' title='bbox 2495 3622 2592 3678; x_wconf 87' lang='lat' dir='ltr'>hic</span> <span class='ocrx_word' id='word_1_589' title='bbox 2618 3621 2781 3677; x_wconf 90' lang='lat' dir='ltr'>locus</span> <span class='ocrx_word' id='word_1_590' title='bbox 2813 3620 2872 3674; x_wconf 92' lang='lat' dir='ltr'>in</span> <span class='ocrx_word' id='word_1_591' title='bbox 2905 3621 3098 3676; x_wconf 68' lang='lat' dir='ltr'>Graeco</span> <span class='ocrx_word' id='word_1_592' title='bbox 3129 3615 3498 3673; x_wconf 73' lang='lat' dir='ltr'>manifestior</span> <span class='ocrx_word' id='word_1_593' title='bbox 3525 3613 3623 3682; x_wconf 89' lang='lat' dir='ltr'>sit,</span> <span class='ocrx_word' id='word_1_594' title='bbox 3654 3615 3797 3670; x_wconf 90' lang='lat' dir='ltr'>dum</span> 
     </span>
    </p>
   </div>
   <div class='ocr_carea' id='block_1_83' title="bbox 2148 3695 3795 3769">
    <p class='ocr_par' dir='ltr' id='par_1_83' title="bbox 2148 3695 3795 3769">
     <span class='ocr_line' id='line_1_83' title="bbox 2148 3695 3795 3769; baseline -0.007 0"><span class='ocrx_word' id='word_1_595' title='bbox 2148 3717 2343 3769; x_wconf 91' lang='lat' dir='ltr'>autem</span> <span class='ocrx_word' id='word_1_596' title='bbox 2373 3695 2736 3768; x_wconf 30' lang='lat' dir='ltr'>in‘Latinum</span> <span class='ocrx_word' id='word_1_597' title='bbox 2771 3726 2801 3765; x_wconf 93' lang='lat' dir='ltr'>e</span> <span class='ocrx_word' id='word_1_598' title='bbox 2831 3709 3007 3764; x_wconf 81' lang='lat' dir='ltr'>verbo</span> <span class='ocrx_word' id='word_1_599' title='bbox 3039 3706 3393 3762; x_wconf 90' lang='lat' dir='ltr'>transfertur</span> <span class='ocrx_word' id='word_1_600' title='bbox 3431 3703 3502 3759; x_wconf 87' lang='lat' dir='ltr'>ad</span> <span class='ocrx_word' id='word_1_601' title='bbox 3531 3703 3795 3768; x_wconf 86' lang='lat' dir='ltr'>verbum,</span> 
     </span>
    </p>
   </div>
   <div class='ocr_carea' id='block_1_84' title="bbox 2149 3789 3792 3865">
    <p class='ocr_par' dir='ltr' id='par_1_84' title="bbox 2149 3789 3792 3865">
     <span class='ocr_line' id='line_1_84' title="bbox 2149 3789 3792 3865; baseline -0.007 -8"><span class='ocrx_word' id='word_1_602' title='bbox 2149 3819 2358 3858; x_wconf 89' lang='lat' dir='ltr'>sensus</span> <span class='ocrx_word' id='word_1_603' title='bbox 2389 3799 2762 3857; x_wconf 89' lang='lat' dir='ltr'>sermonibus</span> <span class='ocrx_word' id='word_1_604' title='bbox 2802 3795 3068 3865; x_wconf 88' lang='lat' dir='ltr'>involuti,</span> <span class='ocrx_word' id='word_1_605' title='bbox 3104 3795 3422 3851; x_wconf 90' lang='lat' dir='ltr'>obscurum</span> <span class='ocrx_word' id='word_1_606' title='bbox 3452 3791 3638 3849; x_wconf 88' lang='lat' dir='ltr'>fecere</span> <span class='ocrx_word' id='word_1_607' title='bbox 3684 3789 3792 3861; x_wconf 85' lang='lat' dir='ltr'>[Al.</span> 
     </span>
    </p>
   </div>
   <div class='ocr_carea' id='block_1_85' title="bbox 2149 3887 3216 3962">
    <p class='ocr_par' dir='ltr' id='par_1_85' title="bbox 2149 3887 3216 3962">
     <span class='ocr_line' id='line_1_85' title="bbox 2149 3887 3216 3962; baseline -0.007 -16"><span class='ocrx_word' id='word_1_608' title='bbox 2149 3889 2357 3962; x_wconf 88' lang='lat' dir='ltr'>facere]</span> <span class='ocrx_word' id='word_1_609' title='bbox 2391 3890 2545 3961; x_wconf 89' lang='lat' dir='ltr'>quod</span> <span class='ocrx_word' id='word_1_610' title='bbox 2577 3887 2810 3944; x_wconf 91' lang='lat' dir='ltr'>dicitur.</span> <span class='ocrx_word' id='word_1_611' title='bbox 3003 3905 3009 3909; x_wconf 91' lang='grc'>·</span> <span class='ocrx_word' id='word_1_612' title='bbox 3213 3953 3216 3958; x_wconf 93' lang='lat'><strong>_</strong></span> 
     </span>
    </p>
   </div>
   <div class='ocr_carea' id='block_1_86' title="bbox 2222 3971 3793 4052">
    <p class='ocr_par' dir='ltr' id='par_1_86' title="bbox 2222 3971 3793 4052">
     <span class='ocr_line' id='line_1_86' title="bbox 2222 3971 3793 4052; baseline -0.007 -19"><span class='ocrx_word' id='word_1_613' title='bbox 2222 3980 2402 4052; x_wconf 90' lang='lat' dir='ltr'>(Vers.</span> <span class='ocrx_word' id='word_1_614' title='bbox 2440 3979 2550 4047; x_wconf 89' lang='lat'>16.)</span> <span class='ocrx_word' id='word_1_615' title='bbox 2580 4000 2607 4027; x_wconf 79' lang='grc' dir='ltr'><strong>α</strong></span> <span class='ocrx_word' id='word_1_616' title='bbox 2640 3978 2722 4032; x_wconf 81' lang='lat' dir='ltr'>Ex</span> <span class='ocrx_word' id='word_1_617' title='bbox 2751 3992 2866 4048; x_wconf 90' lang='lat' dir='ltr'>quo</span> <span class='ocrx_word' id='word_1_618' title='bbox 2895 3978 3083 4031; x_wconf 90' lang='lat' dir='ltr'>totum</span> <span class='ocrx_word' id='word_1_619' title='bbox 3127 3988 3340 4044; x_wconf 90' lang='lat' dir='ltr'>corpus</span> <span class='ocrx_word' id='word_1_620' title='bbox 3399 3971 3793 4042; x_wconf 90' lang='lat' dir='ltr'>compactum,</span> 
     </span>
    </p>
   </div>
   <div class='ocr_carea' id='block_1_87' title="bbox 2150 4055 3796 4139">
    <p class='ocr_par' dir='ltr' id='par_1_87' title="bbox 2150 4055 3796 4139">
     <span class='ocr_line' id='line_1_87' title="bbox 2150 4055 3796 4139; baseline -0.009 -15"><span class='ocrx_word' id='word_1_621' title='bbox 2150 4065 2709 4139; x_wconf 60' lang='lat' dir='ltr'>et‘conglutinatum</span> <span class='ocrx_word' id='word_1_622' title='bbox 2742 4082 2844 4137; x_wconf 89' lang='lat' dir='ltr'>per</span> <span class='ocrx_word' id='word_1_623' title='bbox 2873 4079 3107 4120; x_wconf 90' lang='lat' dir='ltr'>omnem</span> <span class='ocrx_word' id='word_1_624' title='bbox 3130 4061 3472 4132; x_wconf 89' lang='lat' dir='ltr'>juncturam</span> <span class='ocrx_word' id='word_1_625' title='bbox 3503 4055 3796 4114; x_wconf 84' lang='lat' dir='ltr'>submini-</span> 
     </span>
    </p>
   </div>
   <div class='ocr_carea' id='block_1_88' title="bbox 2153 4146 3796 4222">
    <p class='ocr_par' dir='ltr' id='par_1_88' title="bbox 2153 4146 3796 4222">
     <span class='ocr_line' id='line_1_88' title="bbox 2153 4146 3796 4222; baseline -0.008 -11"><span class='ocrx_word' id='word_1_626' title='bbox 2153 4155 2453 4212; x_wconf 88' lang='lat' dir='ltr'>strationis</span> <span class='ocrx_word' id='word_1_627' title='bbox 2505 4153 2834 4209; x_wconf 88' lang='lat' dir='ltr'>secundum</span> <span class='ocrx_word' id='word_1_628' title='bbox 2888 4149 3285 4222; x_wconf 90' lang='lat' dir='ltr'>operationem</span> <span class='ocrx_word' id='word_1_629' title='bbox 3337 4146 3399 4201; x_wconf 93' lang='lat' dir='ltr'>in</span> <span class='ocrx_word' id='word_1_630' title='bbox 3456 4159 3796 4200; x_wconf 89' lang='lat' dir='ltr'>mensuram</span> 
     </span>
    </p>
   </div>
   <div class='ocr_carea' id='block_1_89' title="bbox 2152 4232 3880 4315">
    <p class='ocr_par' dir='ltr' id='par_1_89' title="bbox 2152 4232 3880 4315">
     <span class='ocr_line' id='line_1_89' title="bbox 2152 4232 3880 4315; baseline -0.008 -14"><span class='ocrx_word' id='word_1_631' title='bbox 2152 4245 2624 4315; x_wconf 90' lang='lat' dir='ltr'>uniuscujusque</span> <span class='ocrx_word' id='word_1_632' title='bbox 2656 4240 2905 4296; x_wconf 89' lang='lat' dir='ltr'>membri</span> <span class='ocrx_word' id='word_1_633' title='bbox 2933 4240 3316 4310; x_wconf 81' lang='lat' dir='ltr'>augmentum</span> <span class='ocrx_word' id='word_1_634' title='bbox 3368 4232 3626 4306; x_wconf 87' lang='lat' dir='ltr'>corporis</span> <span class='ocrx_word' id='word_1_635' title='bbox 3659 4232 3801 4288; x_wconf 86' lang='lat' dir='ltr'>facit</span> <span class='ocrx_word' id='word_1_636' title='bbox 3876 4255 3880 4258; x_wconf 92' lang='grc'>·</span> 
     </span>
    </p>
   </div>
   <div class='ocr_carea' id='block_1_90' title="bbox 2153 4323 3794 4394">
    <p class='ocr_par' dir='ltr' id='par_1_90' title="bbox 2153 4323 3794 4394">
     <span class='ocr_line' id='line_1_90' title="bbox 2153 4323 3794 4394; baseline -0.007 -6"><span class='ocrx_word' id='word_1_637' title='bbox 2153 4334 2211 4388; x_wconf 90' lang='lat' dir='ltr'>in</span> <span class='ocrx_word' id='word_1_638' title='bbox 2236 4331 2682 4388; x_wconf 84' lang='lat' dir='ltr'>aediﬁcationem</span> <span class='ocrx_word' id='word_1_639' title='bbox 2713 4330 2807 4384; x_wconf 89' lang='lat' dir='ltr'>sui</span> <span class='ocrx_word' id='word_1_640' title='bbox 2838 4327 2896 4382; x_wconf 92' lang='lat' dir='ltr'>in</span> <span class='ocrx_word' id='word_1_641' title='bbox 2929 4325 3235 4382; x_wconf 87' lang='lat' dir='ltr'>charitate.</span> <span class='ocrx_word' id='word_1_642' title='bbox 3259 4344 3286 4378; x_wconf 74' lang='grc' dir='ltr'>ιι</span> <span class='ocrx_word' id='word_1_643' title='bbox 3313 4329 3379 4380; x_wconf 88' lang='lat' dir='ltr'>In</span> <span class='ocrx_word' id='word_1_644' title='bbox 3419 4323 3536 4380; x_wconf 82' lang='lat' dir='ltr'>fine</span> <span class='ocrx_word' id='word_1_645' title='bbox 3576 4338 3794 4394; x_wconf 90' lang='lat' dir='ltr'>rerum,</span> 
     </span>
    </p>
   </div>
   <div class='ocr_carea' id='block_1_91' title="bbox 2153 4409 3802 4486">
    <p class='ocr_par' dir='ltr' id='par_1_91' title="bbox 2153 4409 3802 4486">
     <span class='ocr_line' id='line_1_91' title="bbox 2153 4409 3802 4486; baseline -0.007 -9"><span class='ocrx_word' id='word_1_646' title='bbox 2153 4438 2287 4479; x_wconf 91' lang='lat' dir='ltr'>cum</span> <span class='ocrx_word' id='word_1_647' title='bbox 2315 4426 2496 4474; x_wconf 90' lang='lat' dir='ltr'>Deum</span> <span class='ocrx_word' id='word_1_648' title='bbox 2548 4417 2692 4473; x_wconf 88' lang='lat' dir='ltr'>facie</span> <span class='ocrx_word' id='word_1_649' title='bbox 2743 4417 2938 4472; x_wconf 90' lang='lat' dir='ltr'>videre</span> <span class='ocrx_word' id='word_1_650' title='bbox 2993 4413 3343 4486; x_wconf 85' lang='lat' dir='ltr'>cceperimus</span> <span class='ocrx_word' id='word_1_651' title='bbox 3391 4413 3463 4468; x_wconf 90' lang='lat' dir='ltr'>ad</span> <span class='ocrx_word' id='word_1_652' title='bbox 3523 4409 3729 4468; x_wconf 84' lang='lat' dir='ltr'>faciem</span> <span class='ocrx_word' id='word_1_653' title='bbox 3753 4411 3802 4482; x_wconf 88' lang='grc' dir='ltr'>(Ι</span> 
     </span>
    </p>
   </div>
   <div class='ocr_carea' id='block_1_92' title="bbox 2157 4502 3798 4578">
    <p class='ocr_par' dir='ltr' id='par_1_92' title="bbox 2157 4502 3798 4578">
     <span class='ocr_line' id='line_1_92' title="bbox 2157 4502 3798 4578; baseline -0.007 -12"><span class='ocrx_word' id='word_1_654' title='bbox 2157 4511 2278 4567; x_wconf 84' lang='lat' dir='ltr'>Cor.</span> <span class='ocrx_word' id='word_1_655' title='bbox 2309 4527 2436 4575; x_wconf 85' lang='lat' dir='ltr'>xm,</span> <span class='ocrx_word' id='word_1_656' title='bbox 2466 4509 2573 4578; x_wconf 81' lang='lat' dir='ltr'>l2),</span> <span class='ocrx_word' id='word_1_657' title='bbox 2607 4511 2664 4563; x_wconf 91' lang='lat' dir='ltr'>et</span> <span class='ocrx_word' id='word_1_658' title='bbox 2691 4506 2751 4561; x_wconf 91' lang='lat' dir='ltr'>in</span> <span class='ocrx_word' id='word_1_659' title='bbox 2782 4521 3119 4561; x_wconf 90' lang='lat' dir='ltr'>mensuram</span> <span class='ocrx_word' id='word_1_660' title='bbox 3174 4502 3608 4575; x_wconf 90' lang='lat' dir='ltr'>pervenerimus</span> <span class='ocrx_word' id='word_1_661' title='bbox 3663 4503 3798 4557; x_wconf 66' lang='lat' dir='ltr'>aeta-</span> 
     </span>
    </p>
   </div>
   <div class='ocr_carea' id='block_1_93' title="bbox 393 4587 3798 4681">
    <p class='ocr_par' dir='ltr' id='par_1_93' title="bbox 393 4587 3798 4681">
     <span class='ocr_line' id='line_1_93' title="bbox 393 4587 3798 4681; baseline -0.002 -31"><span class='ocrx_word' id='word_1_662' title='bbox 393 4595 653 4666; x_wconf 86' lang='lat' dir='ltr'>videtur,</span> <span class='ocrx_word' id='word_1_663' title='bbox 685 4601 964 4652; x_wconf 90' lang='lat' dir='ltr'>utrumne</span> <span class='ocrx_word' id='word_1_664' title='bbox 994 4596 1116 4651; x_wconf 70' lang='lat' dir='ltr'>haec</span> <span class='ocrx_word' id='word_1_665' title='bbox 1148 4597 1472 4652; x_wconf 88' lang='lat' dir='ltr'>secundum</span> <span class='ocrx_word' id='word_1_666' title='bbox 1512 4597 1907 4653; x_wconf 84' lang='lat' dir='ltr'>humilitatem</span> <span class='ocrx_word' id='word_1_667' title='bbox 1968 4598 2048 4654; x_wconf 86' lang='lat' dir='ltr'>lo-</span> <span class='ocrx_word' id='word_1_668' title='bbox 2080 4615 2124 4681; x_wconf 74' lang='grc' dir='ltr'>ι)</span> <span class='ocrx_word' id='word_1_669' title='bbox 2156 4600 2233 4655; x_wconf 90' lang='lat' dir='ltr'>tis</span> <span class='ocrx_word' id='word_1_670' title='bbox 2265 4596 2649 4671; x_wconf 86' lang='lat' dir='ltr'>plenitudinis</span> <span class='ocrx_word' id='word_1_671' title='bbox 2680 4593 2896 4650; x_wconf 89' lang='lat' dir='ltr'>Christi</span> <span class='ocrx_word' id='word_1_672' title='bbox 2926 4597 3086 4663; x_wconf 84' lang='lat' dir='ltr'>(vers.</span> <span class='ocrx_word' id='word_1_673' title='bbox 3124 4593 3210 4664; x_wconf 90' lang='grc'>15)</span> <span class='ocrx_word' id='word_1_674' title='bbox 3238 4592 3331 4665; x_wconf 91' lang='lat' dir='ltr'>[de</span> <span class='ocrx_word' id='word_1_675' title='bbox 3386 4591 3556 4681; x_wconf 84' lang='lat' dir='ltr'>cujus</span> <span class='ocrx_word' id='word_1_676' title='bbox 3598 4587 3798 4681; x_wconf 74' lang='lat' dir='ltr'>pleni-</span> 
     </span>
    </p>
   </div>
   <div class='ocr_carea' id='block_1_94' title="bbox 397 4685 2047 4760">
    <p class='ocr_par' dir='ltr' id='par_1_94' title="bbox 397 4685 2047 4760">
     <span class='ocr_line' id='line_1_94' title="bbox 397 4685 2047 4760; baseline 0.002 -20"><span class='ocrx_word' id='word_1_677' title='bbox 397 4690 574 4740; x_wconf 91' lang='lat' dir='ltr'>cutus</span> <span class='ocrx_word' id='word_1_678' title='bbox 605 4685 682 4740; x_wconf 87' lang='lat' dir='ltr'>sit</span> <span class='ocrx_word' id='word_1_679' title='bbox 718 4703 732 4743; x_wconf 90' lang='lat'>:</span> <span class='ocrx_word' id='word_1_680' title='bbox 764 4702 837 4739; x_wconf 88' lang='lat' dir='ltr'>an</span> <span class='ocrx_word' id='word_1_681' title='bbox 870 4689 1021 4740; x_wconf 88' lang='lat' dir='ltr'>certe</span> <span class='ocrx_word' id='word_1_682' title='bbox 1055 4701 1123 4741; x_wconf 86' lang='lat' dir='ltr'>ex</span> <span class='ocrx_word' id='word_1_683' title='bbox 1176 4690 1337 4756; x_wconf 87' lang='lat' dir='ltr'>parte</span> <span class='ocrx_word' id='word_1_684' title='bbox 1383 4685 1608 4752; x_wconf 90' lang='lat' dir='ltr'>videns,</span> <span class='ocrx_word' id='word_1_685' title='bbox 1669 4691 1725 4741; x_wconf 91' lang='lat' dir='ltr'>et</span> <span class='ocrx_word' id='word_1_686' title='bbox 1770 4703 1856 4741; x_wconf 73' lang='lat' dir='ltr'>ex</span> <span class='ocrx_word' id='word_1_687' title='bbox 1885 4692 2047 4760; x_wconf 88' lang='lat' dir='ltr'>parte</span> 
     </span>
    </p>
   </div>
   <div class='ocr_carea' id='block_1_95' title="bbox 396 4773 2047 4846">
    <p class='ocr_par' dir='ltr' id='par_1_95' title="bbox 396 4773 2047 4846">
     <span class='ocr_line' id='line_1_95' title="bbox 396 4773 2047 4846; baseline 0.002 -18"><span class='ocrx_word' id='word_1_688' title='bbox 396 4787 762 4846; x_wconf 89' lang='lat' dir='ltr'>cognoscens</span> <span class='ocrx_word' id='word_1_689' title='bbox 793 4776 840 4841; x_wconf 88' lang='lat' dir='ltr'>(I</span> <span class='ocrx_word' id='word_1_690' title='bbox 858 4777 983 4831; x_wconf 87' lang='lat' dir='ltr'>Cor.</span> <span class='ocrx_word' id='word_1_691' title='bbox 1017 4791 1140 4843; x_wconf 87' lang='lat' dir='ltr'>xm,</span> <span class='ocrx_word' id='word_1_692' title='bbox 1175 4774 1250 4844; x_wconf 88' lang='lat'>9),</span> <span class='ocrx_word' id='word_1_693' title='bbox 1289 4773 1636 4830; x_wconf 82' lang='lat' dir='ltr'>intellexerit</span> <span class='ocrx_word' id='word_1_694' title='bbox 1694 4781 1980 4846; x_wconf 89' lang='lat' dir='ltr'>quantum</span> <span class='ocrx_word' id='word_1_695' title='bbox 2013 4793 2047 4832; x_wconf 92' lang='lat' dir='ltr'>a</span> 
     </span>
    </p>
   </div>
   <div class='ocr_carea' id='block_1_96' title="bbox 405 4861 2046 4935">
    <p class='ocr_par' dir='ltr' id='par_1_96' title="bbox 405 4861 2046 4935">
     <span class='ocr_line' id='line_1_96' title="bbox 405 4861 2046 4935; baseline 0.001 -17"><span class='ocrx_word' id='word_1_696' title='bbox 405 4863 664 4935; x_wconf 88' lang='lat' dir='ltr'>perfecta</span> <span class='ocrx_word' id='word_1_697' title='bbox 693 4863 849 4918; x_wconf 90' lang='lat' dir='ltr'>absit</span> <span class='ocrx_word' id='word_1_698' title='bbox 877 4862 1142 4929; x_wconf 89' lang='lat' dir='ltr'>scientia,</span> <span class='ocrx_word' id='word_1_699' title='bbox 1165 4861 1300 4918; x_wconf 92' lang='lat' dir='ltr'>etin</span> <span class='ocrx_word' id='word_1_700' title='bbox 1331 4879 1466 4918; x_wconf 85' lang='lat' dir='ltr'>vera</span> <span class='ocrx_word' id='word_1_701' title='bbox 1512 4864 1878 4919; x_wconf 71' lang='lat' dir='ltr'>conscientiae</span> <span class='ocrx_word' id='word_1_702' title='bbox 1929 4881 2046 4919; x_wconf 78' lang='lat' dir='ltr'>suae</span> 
     </span>
    </p>
   </div>
   <div class='ocr_carea' id='block_1_97' title="bbox 395 4951 2048 5023">
    <p class='ocr_par' dir='ltr' id='par_1_97' title="bbox 395 4951 2048 5023">
     <span class='ocr_line' id='line_1_97' title="bbox 395 4951 2048 5023; baseline 0.002 -18"><span class='ocrx_word' id='word_1_703' title='bbox 395 4951 580 5006; x_wconf 90' lang='lat' dir='ltr'>verba</span> <span class='ocrx_word' id='word_1_704' title='bbox 641 4951 994 5022; x_wconf 90' lang='lat' dir='ltr'>proruperit.</span> <span class='ocrx_word' id='word_1_705' title='bbox 1052 4951 1111 5006; x_wconf 89' lang='lat' dir='ltr'>Si</span> <span class='ocrx_word' id='word_1_706' title='bbox 1171 4952 1270 5022; x_wconf 90' lang='lat' dir='ltr'>qui</span> <span class='ocrx_word' id='word_1_707' title='bbox 1298 4951 1479 5023; x_wconf 86' lang='lat' dir='ltr'>igitur</span> <span class='ocrx_word' id='word_1_708' title='bbox 1503 4952 1624 5007; x_wconf 90' lang='lat' dir='ltr'>vult</span> <span class='ocrx_word' id='word_1_709' title='bbox 1643 4969 1777 5008; x_wconf 91' lang='lat' dir='ltr'>eum</span> <span class='ocrx_word' id='word_1_710' title='bbox 1817 4953 1936 5008; x_wconf 70' lang='lat' dir='ltr'>haec</span> <span class='ocrx_word' id='word_1_711' title='bbox 1963 4969 2048 5008; x_wconf 91' lang='lat' dir='ltr'>se-</span> 
     </span>
    </p>
   </div>
   <div class='ocr_carea' id='block_1_98' title="bbox 402 5039 2042 5113">
    <p class='ocr_par' dir='ltr' id='par_1_98' title="bbox 402 5039 2042 5113">
     <span class='ocr_line' id='line_1_98' title="bbox 402 5039 2042 5113; baseline 0.002 -18"><span class='ocrx_word' id='word_1_712' title='bbox 402 5040 692 5109; x_wconf 88' lang='lat' dir='ltr'>cundum,</span> <span class='ocrx_word' id='word_1_713' title='bbox 709 5039 1105 5098; x_wconf 87' lang='lat' dir='ltr'>humilitatem</span> <span class='ocrx_word' id='word_1_714' title='bbox 1122 5039 1384 5095; x_wconf 89' lang='lat' dir='ltr'>locutum</span> <span class='ocrx_word' id='word_1_715' title='bbox 1407 5039 1505 5096; x_wconf 91' lang='lat' dir='ltr'>illo</span> <span class='ocrx_word' id='word_1_716' title='bbox 1521 5045 1717 5096; x_wconf 87' lang='lat' dir='ltr'>utetur</span> <span class='ocrx_word' id='word_1_717' title='bbox 1745 5042 2042 5113; x_wconf 88' lang='lat' dir='ltr'>exemplo;</span> 
     </span>
    </p>
   </div>
   <div class='ocr_carea' id='block_1_99' title="bbox 397 5128 2050 5203">
    <p class='ocr_par' dir='ltr' id='par_1_99' title="bbox 397 5128 2050 5203">
     <span class='ocr_line' id='line_1_99' title="bbox 397 5128 2050 5203; baseline 0.001 -19"><span class='ocrx_word' id='word_1_718' title='bbox 397 5128 629 5197; x_wconf 82' lang='lat' dir='ltr'>Quando</span> <span class='ocrx_word' id='word_1_719' title='bbox 656 5145 810 5184; x_wconf 86' lang='lat' dir='ltr'>eram</span> <span class='ocrx_word' id='word_1_720' title='bbox 832 5130 1116 5199; x_wconf 79' lang='lat' dir='ltr'>parvulus,</span> <span class='ocrx_word' id='word_1_721' title='bbox 1157 5131 1417 5200; x_wconf 82' lang='lat' dir='ltr'>loquebar</span> <span class='ocrx_word' id='word_1_722' title='bbox 1448 5140 1508 5186; x_wconf 80' lang='lat' dir='ltr'>ut</span> <span class='ocrx_word' id='word_1_723' title='bbox 1558 5131 1852 5203; x_wconf 78' lang='lat' dir='ltr'>parvulus,</span> <span class='ocrx_word' id='word_1_724' title='bbox 1909 5148 2050 5201; x_wconf 77' lang='lat' dir='ltr'>cogi-</span> 
     </span>
    </p>
   </div>
   <div class='ocr_carea' id='block_1_100' title="bbox 397 5218 2048 5291">
    <p class='ocr_par' dir='ltr' id='par_1_100' title="bbox 397 5218 2048 5291">
     <span class='ocr_line' id='line_1_100' title="bbox 397 5218 2048 5291; baseline 0.002 -18"><span class='ocrx_word' id='word_1_725' title='bbox 397 5218 586 5274; x_wconf 81' lang='lat' dir='ltr'>tabam</span> <span class='ocrx_word' id='word_1_726' title='bbox 613 5226 676 5274; x_wconf 81' lang='lat' dir='ltr'>ut</span> <span class='ocrx_word' id='word_1_727' title='bbox 701 5220 990 5290; x_wconf 76' lang='lat' dir='ltr'>parvulus,</span> <span class='ocrx_word' id='word_1_728' title='bbox 1035 5219 1317 5290; x_wconf 85' lang='lat' dir='ltr'>sapiebam</span> <span class='ocrx_word' id='word_1_729' title='bbox 1375 5227 1436 5274; x_wconf 85' lang='lat' dir='ltr'>ut</span> <span class='ocrx_word' id='word_1_730' title='bbox 1479 5221 1765 5291; x_wconf 73' lang='lat' dir='ltr'>parvulus.</span> <span class='ocrx_word' id='word_1_731' title='bbox 1826 5221 2048 5289; x_wconf 84' lang='lat' dir='ltr'>Quando</span> 
     </span>
    </p>
   </div>
   <div class='ocr_carea' id='block_1_101' title="bbox 395 5308 2049 5382">
    <p class='ocr_par' dir='ltr' id='par_1_101' title="bbox 395 5308 2049 5382">
     <span class='ocr_line' id='line_1_101' title="bbox 395 5308 2049 5382; baseline 0.003 -20"><span class='ocrx_word' id='word_1_732' title='bbox 395 5322 521 5364; x_wconf 74' lang='lat' dir='ltr'>vero</span> <span class='ocrx_word' id='word_1_733' title='bbox 550 5309 730 5378; x_wconf 76' lang='lat' dir='ltr'>factus</span> <span class='ocrx_word' id='word_1_734' title='bbox 758 5323 878 5362; x_wconf 74' lang='lat' dir='ltr'>sum</span> <span class='ocrx_word' id='word_1_735' title='bbox 905 5308 1011 5374; x_wconf 87' lang='lat' dir='ltr'>vir,</span> <span class='ocrx_word' id='word_1_736' title='bbox 1043 5309 1302 5363; x_wconf 81' lang='lat' dir='ltr'>evacuavi</span> <span class='ocrx_word' id='word_1_737' title='bbox 1329 5324 1397 5364; x_wconf 86' lang='lat' dir='ltr'>ea</span> <span class='ocrx_word' id='word_1_738' title='bbox 1438 5324 1564 5380; x_wconf 65' lang='lat' dir='ltr'>quw</span> <span class='ocrx_word' id='word_1_739' title='bbox 1616 5314 1772 5365; x_wconf 84' lang='lat' dir='ltr'>erant</span> <span class='ocrx_word' id='word_1_740' title='bbox 1826 5311 2049 5382; x_wconf 85' lang='lat' dir='ltr'>parvuli</span> 
     </span>
    </p>
   </div>
   <div class='ocr_carea' id='block_1_102' title="bbox 396 5395 2046 5472">
    <p class='ocr_par' dir='ltr' id='par_1_102' title="bbox 396 5395 2046 5472">
     <span class='ocr_line' id='line_1_102' title="bbox 396 5395 2046 5472; baseline 0.003 -20"><span class='ocrx_word' id='word_1_741' title='bbox 396 5395 563 5467; x_wconf 79' lang='lat' dir='ltr'>(Ibid.</span> <span class='ocrx_word' id='word_1_742' title='bbox 601 5397 710 5465; x_wconf 91' lang='lat'>11).</span> <span class='ocrx_word' id='word_1_743' title='bbox 743 5395 909 5452; x_wconf 89' lang='lat' dir='ltr'>Alius</span> <span class='ocrx_word' id='word_1_744' title='bbox 938 5411 1070 5452; x_wconf 89' lang='lat' dir='ltr'>vero</span> <span class='ocrx_word' id='word_1_745' title='bbox 1118 5397 1188 5451; x_wconf 89' lang='lat' dir='ltr'>ad</span> <span class='ocrx_word' id='word_1_746' title='bbox 1248 5396 1363 5453; x_wconf 90' lang='lat' dir='ltr'>ista</span> <span class='ocrx_word' id='word_1_747' title='bbox 1408 5397 1746 5469; x_wconf 90' lang='lat' dir='ltr'>repondeat,</span> <span class='ocrx_word' id='word_1_748' title='bbox 1813 5416 2046 5472; x_wconf 90' lang='lat' dir='ltr'>compa-</span> 
     </span>
    </p>
   </div>
   <div class='ocr_carea' id='block_1_103' title="bbox 399 5484 2049 5561">
    <p class='ocr_par' dir='ltr' id='par_1_103' title="bbox 399 5484 2049 5561">
     <span class='ocr_line' id='line_1_103' title="bbox 399 5484 2049 5561; baseline 0.004 -21"><span class='ocrx_word' id='word_1_749' title='bbox 399 5485 629 5541; x_wconf 87' lang='lat' dir='ltr'>ratione</span> <span class='ocrx_word' id='word_1_750' title='bbox 647 5484 998 5552; x_wconf 86' lang='lat' dir='ltr'>multorum,</span> <span class='ocrx_word' id='word_1_751' title='bbox 1030 5484 1087 5539; x_wconf 92' lang='lat' dir='ltr'>in</span> <span class='ocrx_word' id='word_1_752' title='bbox 1121 5489 1345 5542; x_wconf 65' lang='lat' dir='ltr'>atatem</span> <span class='ocrx_word' id='word_1_753' title='bbox 1371 5487 1609 5558; x_wconf 88' lang='lat' dir='ltr'>perfecti</span> <span class='ocrx_word' id='word_1_754' title='bbox 1646 5488 1751 5542; x_wconf 89' lang='lat' dir='ltr'>viri</span> <span class='ocrx_word' id='word_1_755' title='bbox 1808 5491 2049 5561; x_wconf 89' lang='lat' dir='ltr'>Aposto-</span> 
     </span>
    </p>
   </div>
   <div class='ocr_carea' id='block_1_104' title="bbox 2157 4676 3796 4753">
    <p class='ocr_par' dir='ltr' id='par_1_104' title="bbox 2157 4676 3796 4753">
     <span class='ocr_line' id='line_1_104' title="bbox 2157 4676 3796 4753; baseline -0.008 -9"><span class='ocrx_word' id='word_1_756' title='bbox 2157 4689 2360 4744; x_wconf 90' lang='lat' dir='ltr'>tudine</span> <span class='ocrx_word' id='word_1_757' title='bbox 2412 4702 2568 4742; x_wconf 91' lang='lat' dir='ltr'>nunc</span> <span class='ocrx_word' id='word_1_758' title='bbox 2624 4701 2827 4740; x_wconf 90' lang='lat' dir='ltr'>omnes</span> <span class='ocrx_word' id='word_1_759' title='bbox 2858 4685 2874 4718; x_wconf 80' lang='grc' dir='ltr'>ί</span> <span class='ocrx_word' id='word_1_760' title='bbox 2908 4681 3265 4753; x_wconf 91' lang='lat' dir='ltr'>accepimus]</span> <span class='ocrx_word' id='word_1_761' title='bbox 3296 4681 3482 4752; x_wconf 84' lang='lat' dir='ltr'>(Joan.</span> <span class='ocrx_word' id='word_1_762' title='bbox 3514 4680 3554 4747; x_wconf 74' lang='grc' dir='ltr'>ι,</span> <span class='ocrx_word' id='word_1_763' title='bbox 3586 4677 3642 4744; x_wconf 87' lang='lat'>6,</span> <span class='ocrx_word' id='word_1_764' title='bbox 3686 4676 3796 4748; x_wconf 90' lang='lat'>16),</span> 
     </span>
    </p>
   </div>
   <div class='ocr_carea' id='block_1_105' title="bbox 2157 4764 3796 4844">
    <p class='ocr_par' dir='ltr' id='par_1_105' title="bbox 2157 4764 3796 4844">
     <span class='ocr_line' id='line_1_105' title="bbox 2157 4764 3796 4844; baseline -0.009 -10"><span class='ocrx_word' id='word_1_765' title='bbox 2157 4779 2240 4834; x_wconf 90' lang='lat' dir='ltr'>ita</span> <span class='ocrx_word' id='word_1_766' title='bbox 2269 4783 2334 4833; x_wconf 94' lang='lat' dir='ltr'>ut</span> <span class='ocrx_word' id='word_1_767' title='bbox 2361 4777 2628 4832; x_wconf 88' lang='lat' dir='ltr'>Christus</span> <span class='ocrx_word' id='word_1_768' title='bbox 2659 4790 2774 4829; x_wconf 89' lang='lat' dir='ltr'>non</span> <span class='ocrx_word' id='word_1_769' title='bbox 2805 4790 2869 4828; x_wconf 82' lang='lat' dir='ltr'>ex</span> <span class='ocrx_word' id='word_1_770' title='bbox 2908 4776 3070 4844; x_wconf 90' lang='lat' dir='ltr'>parte</span> <span class='ocrx_word' id='word_1_771' title='bbox 3100 4771 3197 4838; x_wconf 92' lang='lat' dir='ltr'>sit,</span> <span class='ocrx_word' id='word_1_772' title='bbox 3224 4769 3324 4824; x_wconf 91' lang='lat' dir='ltr'>sed</span> <span class='ocrx_word' id='word_1_773' title='bbox 3339 4766 3571 4823; x_wconf 91' lang='lat' dir='ltr'>totusin</span> <span class='ocrx_word' id='word_1_774' title='bbox 3587 4764 3796 4821; x_wconf 89' lang='lat' dir='ltr'>nobis:</span> 
     </span>
    </p>
   </div>
   <div class='ocr_carea' id='block_1_106' title="bbox 2158 4854 3800 4936">
    <p class='ocr_par' dir='ltr' id='par_1_106' title="bbox 2158 4854 3800 4936">
     <span class='ocr_line' id='line_1_106' title="bbox 2158 4854 3800 4936; baseline -0.01 -12"><span class='ocrx_word' id='word_1_775' title='bbox 2158 4874 2215 4924; x_wconf 90' lang='lat' dir='ltr'>et</span> <span class='ocrx_word' id='word_1_776' title='bbox 2245 4867 2462 4923; x_wconf 88' lang='lat' dir='ltr'>relictis</span> <span class='ocrx_word' id='word_1_777' title='bbox 2488 4863 2672 4920; x_wconf 89' lang='lat' dir='ltr'>initiis</span> <span class='ocrx_word' id='word_1_778' title='bbox 2711 4860 3109 4936; x_wconf 88' lang='lat' dir='ltr'>parvulorum,</span> <span class='ocrx_word' id='word_1_779' title='bbox 3151 4857 3503 4914; x_wconf 90' lang='lat' dir='ltr'>creverimus</span> <span class='ocrx_word' id='word_1_780' title='bbox 3548 4854 3610 4910; x_wconf 92' lang='lat' dir='ltr'>in</span> <span class='ocrx_word' id='word_1_781' title='bbox 3663 4869 3800 4910; x_wconf 90' lang='lat' dir='ltr'>eum</span> 
     </span>
    </p>
   </div>
   <div class='ocr_carea' id='block_1_107' title="bbox 2156 4945 3800 5026">
    <p class='ocr_par' dir='ltr' id='par_1_107' title="bbox 2156 4945 3800 5026">
     <span class='ocr_line' id='line_1_107' title="bbox 2156 4945 3800 5026; baseline -0.007 -14"><span class='ocrx_word' id='word_1_782' title='bbox 2156 4957 2370 5017; x_wconf 85' lang='lat' dir='ltr'>virum.</span> <span class='ocrx_word' id='word_1_783' title='bbox 2403 4957 2473 5011; x_wconf 90' lang='lat' dir='ltr'>de</span> <span class='ocrx_word' id='word_1_784' title='bbox 2505 4971 2621 5026; x_wconf 91' lang='lat' dir='ltr'>quo</span> <span class='ocrx_word' id='word_1_785' title='bbox 2652 4952 2936 5026; x_wconf 89' lang='lat' dir='ltr'>propheta</span> <span class='ocrx_word' id='word_1_786' title='bbox 2964 4948 3134 5006; x_wconf 91' lang='lat' dir='ltr'>dicit:</span> <span class='ocrx_word' id='word_1_787' title='bbox 3166 4950 3296 5003; x_wconf 85' lang='lat' dir='ltr'>Ecce</span> <span class='ocrx_word' id='word_1_788' title='bbox 3322 4947 3428 5014; x_wconf 85' lang='lat' dir='ltr'>vir,</span> <span class='ocrx_word' id='word_1_789' title='bbox 3463 4945 3654 5003; x_wconf 74' lang='lat' dir='ltr'>Oriens</span> <span class='ocrx_word' id='word_1_790' title='bbox 3699 4959 3800 5000; x_wconf 86' lang='lat' dir='ltr'>n0-</span> 
     </span>
    </p>
   </div>
   <div class='ocr_carea' id='block_1_108' title="bbox 2158 5033 3798 5115">
    <p class='ocr_par' dir='ltr' id='par_1_108' title="bbox 2158 5033 3798 5115">
     <span class='ocr_line' id='line_1_108' title="bbox 2158 5033 3798 5115; baseline -0.009 -13"><span class='ocrx_word' id='word_1_791' title='bbox 2158 5063 2282 5102; x_wconf 84' lang='lat' dir='ltr'>men</span> <span class='ocrx_word' id='word_1_792' title='bbox 2314 5047 2405 5101; x_wconf 82' lang='lat' dir='ltr'>illi</span> <span class='ocrx_word' id='word_1_793' title='bbox 2426 5045 2608 5115; x_wconf 85' lang='lat' dir='ltr'>(Zach.</span> <span class='ocrx_word' id='word_1_794' title='bbox 2639 5060 2718 5109; x_wconf 80' lang='lat' dir='ltr'>v1,</span> <span class='ocrx_word' id='word_1_795' title='bbox 2754 5041 2861 5111; x_wconf 86' lang='lat'>12).</span> <span class='ocrx_word' id='word_1_796' title='bbox 2910 5040 2981 5094; x_wconf 88' lang='lat' dir='ltr'>Et</span> <span class='ocrx_word' id='word_1_797' title='bbox 3017 5038 3272 5094; x_wconf 85' lang='lat' dir='ltr'>Joannes</span> <span class='ocrx_word' id='word_1_798' title='bbox 3319 5033 3582 5107; x_wconf 86' lang='lat' dir='ltr'>Baptista</span> <span class='ocrx_word' id='word_1_799' title='bbox 3637 5047 3798 5089; x_wconf 88' lang='lat' dir='ltr'>com-</span> 
     </span>
    </p>
   </div>
   <div class='ocr_carea' id='block_1_109' title="bbox 2159 5122 3800 5205">
    <p class='ocr_par' dir='ltr' id='par_1_109' title="bbox 2159 5122 3800 5205">
     <span class='ocr_line' id='line_1_109' title="bbox 2159 5122 3800 5205; baseline -0.007 -15"><span class='ocrx_word' id='word_1_800' title='bbox 2159 5137 2446 5190; x_wconf 90' lang='lat' dir='ltr'>memorat</span> <span class='ocrx_word' id='word_1_801' title='bbox 2493 5133 2669 5205; x_wconf 86' lang='lat' dir='ltr'>(Joan.</span> <span class='ocrx_word' id='word_1_802' title='bbox 2735 5133 2777 5195; x_wconf 77' lang='grc' dir='ltr'>ι,</span> <span class='ocrx_word' id='word_1_803' title='bbox 2825 5130 2915 5183; x_wconf 86' lang='grc'>50.</span> <span class='ocrx_word' id='word_1_804' title='bbox 2977 5133 3105 5183; x_wconf 75' lang='lat' dir='ltr'>Post</span> <span class='ocrx_word' id='word_1_805' title='bbox 3158 5142 3244 5181; x_wconf 87' lang='lat' dir='ltr'>me</span> <span class='ocrx_word' id='word_1_806' title='bbox 3279 5125 3426 5180; x_wconf 80' lang='lat' dir='ltr'>venit</span> <span class='ocrx_word' id='word_1_807' title='bbox 3456 5122 3566 5196; x_wconf 84' lang='grc' dir='ltr'>[ΑΙ.</span> <span class='ocrx_word' id='word_1_808' title='bbox 3597 5123 3800 5192; x_wconf 81' lang='lat' dir='ltr'>veniet]</span> 
     </span>
    </p>
   </div>
   <div class='ocr_carea' id='block_1_110' title="bbox 2159 5211 3799 5295">
    <p class='ocr_par' dir='ltr' id='par_1_110' title="bbox 2159 5211 3799 5295">
     <span class='ocr_line' id='line_1_110' title="bbox 2159 5211 3799 5295; baseline -0.009 -16"><span class='ocrx_word' id='word_1_809' title='bbox 2159 5226 2244 5280; x_wconf 88' lang='lat' dir='ltr'>vir</span> <span class='ocrx_word' id='word_1_810' title='bbox 2297 5226 2393 5295; x_wconf 80' lang='lat' dir='ltr'>qni</span> <span class='ocrx_word' id='word_1_811' title='bbox 2444 5223 2572 5277; x_wconf 85' lang='lat' dir='ltr'>ante</span> <span class='ocrx_word' id='word_1_812' title='bbox 2609 5235 2696 5275; x_wconf 84' lang='lat' dir='ltr'>me</span> <span class='ocrx_word' id='word_1_813' title='bbox 2724 5221 2902 5290; x_wconf 69' lang='lat' dir='ltr'>[actus</span> <span class='ocrx_word' id='word_1_814' title='bbox 2931 5225 3028 5283; x_wconf 81' lang='lat' dir='ltr'>est,</span> <span class='ocrx_word' id='word_1_815' title='bbox 3061 5217 3316 5289; x_wconf 84' lang='lat' dir='ltr'>quoniam</span> <span class='ocrx_word' id='word_1_816' title='bbox 3352 5221 3481 5271; x_wconf 84' lang='lat' dir='ltr'>ante</span> <span class='ocrx_word' id='word_1_817' title='bbox 3509 5228 3594 5269; x_wconf 86' lang='lat' dir='ltr'>me</span> <span class='ocrx_word' id='word_1_818' title='bbox 3639 5211 3799 5283; x_wconf 82' lang='lat' dir='ltr'>erat),</span> 
     </span>
    </p>
   </div>
   <div class='ocr_carea' id='block_1_111' title="bbox 2157 5299 3803 5374">
    <p class='ocr_par' dir='ltr' id='par_1_111' title="bbox 2157 5299 3803 5374">
     <span class='ocr_line' id='line_1_111' title="bbox 2157 5299 3803 5374; baseline -0.008 -5"><span class='ocrx_word' id='word_1_819' title='bbox 2157 5318 2297 5369; x_wconf 87' lang='lat' dir='ltr'>tunc</span> <span class='ocrx_word' id='word_1_820' title='bbox 2319 5310 2378 5365; x_wconf 92' lang='lat' dir='ltr'>in</span> <span class='ocrx_word' id='word_1_821' title='bbox 2411 5324 2657 5366; x_wconf 89' lang='lat' dir='ltr'>occursu</span> <span class='ocrx_word' id='word_1_822' title='bbox 2686 5305 2864 5362; x_wconf 91' lang='lat' dir='ltr'>unius</span> <span class='ocrx_word' id='word_1_823' title='bbox 2923 5304 3083 5370; x_wconf 84' lang='lat' dir='ltr'>ﬁdei,</span> <span class='ocrx_word' id='word_1_824' title='bbox 3141 5308 3198 5360; x_wconf 92' lang='lat' dir='ltr'>et</span> <span class='ocrx_word' id='word_1_825' title='bbox 3257 5302 3437 5359; x_wconf 91' lang='lat' dir='ltr'>unius</span> <span class='ocrx_word' id='word_1_826' title='bbox 3483 5299 3803 5374; x_wconf 86' lang='lat' dir='ltr'>agnitionis</span> 
     </span>
    </p>
   </div>
   <div class='ocr_carea' id='block_1_112' title="bbox 2159 5389 3800 5470">
    <p class='ocr_par' dir='ltr' id='par_1_112' title="bbox 2159 5389 3800 5470">
     <span class='ocr_line' id='line_1_112' title="bbox 2159 5389 3800 5470; baseline -0.007 -14"><span class='ocrx_word' id='word_1_827' title='bbox 2159 5399 2285 5456; x_wconf 85' lang='lat' dir='ltr'>Filii</span> <span class='ocrx_word' id='word_1_828' title='bbox 2308 5399 2628 5470; x_wconf 89' lang='lat' dir='ltr'>Dei,quem</span> <span class='ocrx_word' id='word_1_829' title='bbox 2650 5411 2805 5452; x_wconf 92' lang='lat' dir='ltr'>nunc</span> <span class='ocrx_word' id='word_1_830' title='bbox 2844 5412 2947 5468; x_wconf 90' lang='lat' dir='ltr'>pro</span> <span class='ocrx_word' id='word_1_831' title='bbox 2998 5392 3278 5450; x_wconf 89' lang='lat' dir='ltr'>varietate</span> <span class='ocrx_word' id='word_1_832' title='bbox 3322 5389 3632 5457; x_wconf 88' lang='lat' dir='ltr'>mentium,</span> <span class='ocrx_word' id='word_1_833' title='bbox 3685 5404 3800 5446; x_wconf 89' lang='lat' dir='ltr'>non</span> 
     </span>
    </p>
   </div>
   <div class='ocr_carea' id='block_1_113' title="bbox 2161 5477 3807 5556">
    <p class='ocr_par' dir='ltr' id='par_1_113' title="bbox 2161 5477 3807 5556">
     <span class='ocr_line' id='line_1_113' title="bbox 2161 5477 3807 5556; baseline -0.007 -11"><span class='ocrx_word' id='word_1_834' title='bbox 2161 5506 2278 5545; x_wconf 89' lang='lat' dir='ltr'>una</span> <span class='ocrx_word' id='word_1_835' title='bbox 2307 5503 2413 5543; x_wconf 89' lang='lat' dir='ltr'>nec</span> <span class='ocrx_word' id='word_1_836' title='bbox 2443 5486 2644 5543; x_wconf 89' lang='lat' dir='ltr'>eadem</span> <span class='ocrx_word' id='word_1_837' title='bbox 2679 5485 2791 5540; x_wconf 83' lang='lat' dir='ltr'>fide</span> <span class='ocrx_word' id='word_1_838' title='bbox 2822 5489 2879 5541; x_wconf 89' lang='lat' dir='ltr'>et</span> <span class='ocrx_word' id='word_1_839' title='bbox 2908 5482 3202 5556; x_wconf 87' lang='lat' dir='ltr'>agnitione</span> <span class='ocrx_word' id='word_1_840' title='bbox 3232 5477 3672 5552; x_wconf 83' lang='lat' dir='ltr'>cognoscimus,</span> <span class='ocrx_word' id='word_1_841' title='bbox 3718 5481 3807 5533; x_wconf 85' lang='lat' dir='ltr'>to-</span> 
     </span>
    </p>
   </div>
   <div class='ocr_carea' id='block_1_114' title="bbox 472 5601 3811 5694">
    <p class='ocr_par' dir='ltr' id='par_1_114' title="bbox 472 5601 3811 5694">
     <span class='ocr_line' id='line_1_114' title="bbox 472 5601 3811 5694; baseline -0.004 -26"><span class='ocrx_word' id='word_1_842' title='bbox 472 5615 488 5648; x_wconf 76' lang='grc' dir='ltr'><strong>ι</strong></span> <span class='ocrx_word' id='word_1_843' title='bbox 524 5611 886 5694; x_wconf 51' lang='grc' dir='ltr'>Υρςίῃιεωηοε</span> <span class='ocrx_word' id='word_1_844' title='bbox 941 5626 1170 5694; x_wconf 52' lang='lat' dir='ltr'>omnes,</span> <span class='ocrx_word' id='word_1_845' title='bbox 1204 5610 1452 5668; x_wconf 84' lang='lat' dir='ltr'>Ruﬁnus</span> <span class='ocrx_word' id='word_1_846' title='bbox 1476 5613 1716 5694; x_wconf 65' lang='lat' dir='ltr'>legerit,</span> <span class='ocrx_word' id='word_1_847' title='bbox 1761 5613 1858 5669; x_wconf 92' lang='lat' dir='ltr'>ubi</span> <span class='ocrx_word' id='word_1_848' title='bbox 1905 5618 1959 5670; x_wconf 90' lang='lat' dir='ltr'>et</span> <span class='ocrx_word' id='word_1_849' title='bbox 2017 5613 2340 5672; x_wconf 82' lang='lat' dir='ltr'>subnexam</span> <span class='ocrx_word' id='word_1_850' title='bbox 2396 5609 2818 5684; x_wconf 81' lang='lat' dir='ltr'>expositionem</span> <span class='ocrx_word' id='word_1_851' title='bbox 2891 5624 3126 5667; x_wconf 89' lang='lat' dir='ltr'>omnem</span> <span class='ocrx_word' id='word_1_852' title='bbox 3182 5621 3464 5682; x_wconf 86' lang='lat' dir='ltr'>perquam</span> <span class='ocrx_word' id='word_1_853' title='bbox 3526 5601 3811 5662; x_wconf 87' lang='lat' dir='ltr'>invidiose</span> 
     </span>
    </p>
   </div>
   <div class='ocr_carea' id='block_1_115' title="bbox 400 5682 1675 5759">
    <p class='ocr_par' dir='ltr' id='par_1_115' title="bbox 400 5682 1675 5759">
     <span class='ocr_line' id='line_1_115' title="bbox 400 5682 1675 5759; baseline 0 -18"><span class='ocrx_word' id='word_1_854' title='bbox 400 5683 704 5759; x_wconf 78' lang='lat' dir='ltr'>suggillet,</span> <span class='ocrx_word' id='word_1_855' title='bbox 736 5683 838 5741; x_wconf 88' lang='lat' dir='ltr'>lib.</span> <span class='ocrx_word' id='word_1_856' title='bbox 866 5702 905 5755; x_wconf 83' lang='grc' dir='ltr'>ι,</span> <span class='ocrx_word' id='word_1_857' title='bbox 939 5699 1082 5741; x_wconf 90' lang='lat' dir='ltr'>num</span> <span class='ocrx_word' id='word_1_858' title='bbox 1113 5682 1201 5754; x_wconf 76' lang='grc'>41,</span> <span class='ocrx_word' id='word_1_859' title='bbox 1237 5699 1411 5756; x_wconf 86' lang='lat' dir='ltr'>quem</span> <span class='ocrx_word' id='word_1_860' title='bbox 1437 5682 1675 5744; x_wconf 70' lang='lat' dir='ltr'>videsis.</span> 
     </span>
    </p>
   </div>
  </div>
