4144 6202
313 331 432 398 53.8

1558 331 1624 396 S.
1669 332 1985 432 EUSEBlI
2029 331 2475 396 HIERONYMI

3605 327 3725 406 53B

319 472 449 525 tum
484 481 722 539 corpus,
753 465 911 538 quod
960 463 1127 538 prius
1170 461 1524 539 dissipatum
1572 467 1758 523 fuerat
1800 472 1856 522 et
1911 467 1968 522 in
2001 470 2053 534 Α
2087 472 2281 526 autem
2315 469 2586 524 universa
2615 465 2895 532 sic'fient,
2929 470 2995 521 ut
3024 461 3273 522 invicem
3301 461 3455 521 inter
3483 479 3545 521 se
3593 464 3731 520 cha-

319 558 553 614 diversa
583 556 922 624 laceratum,
954 556 1014 610 in
1047 573 1214 612 suam
1245 559 1966 628 compagemjuncturam-

320 664 435 719 que
467 647 763 718 redigetur
792 647 873 702 ita
920 651 984 700 ut
1039 663 1157 700 una
1212 645 1679 700 subministratio
1739 647 1966 700 cadem-

317 751 430 808 que
453 736 738 807 operatio,
771 739 828 789 et
860 733 1033 789 unius
1085 735 1272 789 aetatis
1330 740 1737 790 consummata
1789 736 1965 806 perfe-

320 827 458 889 etio,
492 829 684 880 totum
718 839 979 879 crescere
1035 823 1210 878 faciat
1268 839 1480 895 corpus
1537 823 1858 896 aequaliter,
1910 828 1965 878 et
2014 833 2017 835 ’

316 913 514 976 omnia
535 915 803 968 membra
827 913 998 982 juxta
1029 929 1368 967 mensuram
1421 930 1588 968 suam
1638 913 1961 968 incremen-

315 1010 442 1064 tum
474 1002 664 1058 aetatis
693 1002 1003 1072 accipiant.
1037 1001 1168 1056 Haec
1209 1007 1405 1057 autem
1457 1007 1579 1058 tota
1637 1002 1961 1071 azdificatio,

317 1109 625 1166 perquam
651 1093 804 1148 619
837 1090 1103 1146 Ecclesiae
1153 1107 1254 1162 per
1293 1097 1490 1162 partes
1545 1109 1758 1164 corpus
1789 1108 1963 1164 auge-

317 1187 434 1251 tur,
469 1186 676 1237 mutua
698 1180 756 1236 in
790 1197 850 1236 se
871 1180 1153 1235 charitate
1183 1180 1592 1252 complebitur.
1640 1181 1814 1237 Totas
1873 1198 1964 1236 ra-

318 1271 628 1330 tionabiles
650 1274 951 1326 creaturas
977 1271 1085 1324 sub
1119 1271 1292 1324 unius
1324 1269 1690 1325 rationabilis
1748 1269 1965 1326 anima-

319 1362 392 1422 Iis
419 1360 820 1432 intelligamus
849 1358 1136 1431 exemplo,
1168 1363 1225 1414 et
1247 1360 1638 1430 quodcunque
1669 1359 1740 1413 de
1790 1359 1964 1429 hujus

320 1449 603 1507 membris
625 1448 948 1505 dixerimus
979 1453 1036 1502 et
1066 1449 1349 1519 partibus,
1385 1447 1493 1503 hoc
1525 1447 1781 1502 sciamus
1837 1464 1967 1503 esse

319 1539 695 1614 referendum
724 1538 795 1593 ad
836 1553 1314 1609 unamquamque
1357 1535 1763 1591 rationabilem
1805 1552 1967 1592 creao

315 1635 533 1685 turam.
559 1628 839 1683 Putemus
868 1626 978 1681 hoc
1011 1625 1229 1681 animal
1260 1626 1340 1680 ita
1374 1641 1476 1697 per
1525 1629 1708 1694 artus,
1763 1641 1963 1690 venas,

311 1733 635 1788 carnesque
679 1716 1020 1784 laceratum,
1083 1720 1149 1769 ut
1199 1731 1302 1770 nec
1358 1731 1421 1769 os
1454 1714 1569 1770 ossi
1595 1715 1829 1779 haereat,
1865 1731 1968 1770 nec

2075 563 2246 618 ritate
2292 564 2668 632 jungantur:
2727 560 2783 612 et
2827 557 2968 611 dum
3001 554 3331 627 congaudet
3387 554 3730 610 membrum

2079 653 2347 706 membro
2378 652 2424 720 (Ι
2455 650 2578 704 Cor.
2603 664 2702 713 χιι,
2735 647 2846 716 26),
2879 650 2935 700 et
2964 645 3023 698 in
3062 643 3301 698 alterius
3360 643 3731 715 provectione

2074 739 2322 805 laetatur,
2355 738 2571 794 Christi
2598 752 2832 806 corpus,
2868 732 3132 788 Ecclesia
3159 732 3590 804 primitivorum
3627 732 3728 788 ha.-

2075 829 2301 884 bitetin
2334 827 2552 882 caelesti
2601 822 2929 880 Jerusalem
2990 823 3173 888 (Hebr.
3233 839 3334 887 xu,
3376 823 3488 893 22),
3549 839 3728 895 quam

2073 919 2131 972 in
2166 918 2278 974 alio
2312 917 2436 972 loco
2484 912 2799 986 Apostolus
2857 918 3105 967 matrem
3165 915 3500 966 sanctorum
3560 915 3730 968 vocat

2073 1009 2273 1077 (Galat.
2326 1024 2400 1076 1v,
2460 1005 2570 1074 26).
2626 1002 2843 1056 Idcirco
2893 1002 2981 1071 (ut
3037 1016 3217 1071 supra
3275 999 3555 1069 diximus)
3605 999 3730 1055 haec

2074 1097 2228 1168 apud
2264 1112 2369 1150 nos
2409 1091 2745 1148 obscuriora
2785 1095 2942 1156 sunt,
2994 1087 3134 1161 quia
3197 1090 3571 1163 μεταφορικῶς
3627 1086 3729 1153 ,di-

2074 1190 2289 1241 cuntur
2320 1185 2377 1237 in
2403 1181 2617 1238 Grmco.
2651 1180 2718 1234 Et
2747 1177 2940 1234 omnis
2973 1176 3332 1249 metaphora,
3389 1177 3439 1230 si
3487 1176 3558 1232 de
3615 1173 3732 1238 alia

2074 1275 2133 1330 in
2167 1273 2342 1328 aliam
2377 1271 2641 1341 linguam
2669 1268 3057 1324 transferatur
3079 1267 3150 1321 ad
3201 1264 3731 1336 verbum,quibus-

2075 1363 2211 1418 dam
2233 1360 2402 1433 quasi
2436 1357 2724 1424 sentibus,
2756 1355 3038 1412 orationis
3076 1370 3284 1409 sensus
3342 1358 3400 1409 et
3463 1353 3731 1426 germina

2076 1452 2456 1507 suti‘ocantur.

2148 1539 2333 1610 (Vers.
2373 1539 2436 1593 17
2459 1538 2650 1607 seqq.)
2683 1558 2709 1583 ‹‹
2771 1534 2888 1589 Hoc
2917 1548 3054 1604 ergo
3085 1531 3236 1598 dico,
3267 1535 3324 1587 et
3353 1532 3720 1588 contestorin

2077 1627 2343 1697 Domino,
2381 1629 2444 1682 ut
2475 1642 2588 1680 non
2618 1622 2874 1696 amplius
2905 1620 3240 1690 ambuletis,
3273 1621 3426 1676 sicut
3448 1625 3506 1676 et
3529 1626 3736 1693 gentes

2079 1716 2404 1781 ambulant,
2438 1715 2497 1769 in
2523 1713 2777 1768 vanitate
2807 1728 3016 1767 sensus
3047 1709 3159 1777 sui,
3194 1709 3488 1765 obscurati
3515 1715 3733 1780 mente,

319 1822 536 1863 nervus
560 1806 848 1876 jungatur
868 1805 941 1859 ad
973 1820 1216 1860 nervum
1245 1821 1256 1859 :
1297 1804 1611 1874 separatim
1670 1803 1822 1859 oculi
1874 1805 1967 1874 ja-
1999 1838 2045 1903 Β
2079 1805 2392 1862 abalienati
2425 1821 2459 1858 a
2489 1802 2580 1857 via
2608 1800 2707 1856 Dei
2742 1805 2975 1872 propter
3006 1797 3422 1871 ignorantiam,
3471 1815 3601 1870 quae
3647 1802 3740 1855 est

321 1900 508 1966 ceant,
543 1910 810 1950 seorsum
843 1909 1033 1962 nares,
1069 1909 1280 1948 manus
1305 1893 1964 1963 aliumlocumteneant,

321 1983 440 2042 alio
489 1982 731 2055 projecti
804 1982 924 2038 sint
972 1982 1168 2053 pedes,
1214 1986 1272 2036 et
1324 1981 1547 2053 reliqua
1596 1982 1860 2036 membra
1909 1981 2009 2036 in'

321 2073 479 2131 hunc
511 2073 752 2129 modum
808 2072 959 2128 inter
1014 2089 1075 2127 se
1125 2072 1394 2142 dispersa
1442 2071 1584 2138 sint,
1645 2075 1700 2125 et
1756 2070 1964 2125 divisa.

322 2163 502 2234 Finge
528 2161 783 2234 aliquem
815 2160 1009 2217 venire
1040 2165 1215 2216 tanta
1245 2160 1497 2216 scientias
1532 2159 1968 2231 medicum,'qui

315 2253 482 2324 juxta
513 2251 741 2307 fabulas
770 2251 1157 2315 ethnicorum,
1185 2249 1583 2321 zEsculapium
1607 2249 1792 2320 possit
1843 2248 1969 2304 imi-

321 2342 453 2407 tari,
485 2340 620 2396 etin
654 2356 863 2394 novam
895 2340 1147 2410 ﬁguram
1179 2354 1513 2409 novumque
1545 2354 1779 2406 nomen,
1833 2337 1969 2392 Vir-

321 2430 486 2488 bium
520 2431 536 2464 ί
568 2429 887 2484 suscitare:
923 2427 1016 2482 hic
1048 2444 1284 2482 necesse
1315 2427 1553 2481 habebit
1595 2427 1968 2498 unumquod-

319 2534 434 2590 que
464 2517 795 2572 membrum
826 2532 932 2572 suo
976 2516 1096 2572 loco
1129 2516 1456 2581 restituere,
1514 2520 1571 2570 et
1628 2531 1966 2587 compagem

320 2606 592 2677 copulare
617 2603 884 2676 compagi
914 2608 973 2659 et
1001 2604 1255 2675 quodam
1288 2603 1516 2675 glutino
1566 2603 1829 2674 partibus
1887 2621 1969 2657 re-

320 2693 567 2760 stitutis,
622 2709 807 2748 unum
864 2708 1077 2762 corpus
1137 2692 1385 2746 efficere.
1421 2691 1541 2746 llue
1583 2707 1768 2762 usque
1800 2691 1970 2746 nobis

323 2800 443 2844 una
472 2781 800 2838 similitudo
830 2780 1216 2853 processerit;
1252 2796 1406 2836 nunc
1439 2780 1496 2834 in
1528 2781 1791 2834 eamdem
1811 2780 1972 2835 simi-

326 2871 634 2930 litudinem
669 2871 739 2926 ad
774 2871 831 2926 id
849 2872 1003 2942 quod
1022 2869 1572 2942 intelligivolumus,
1593 2868 1749 2924 aliud
1773 2869 1968 2924 traha-

321 2966 419 3018 tur
475 2959 830 3032 exemplum.
892 2958 1173 3015 Parvulus
1217 2962 1460 3024 crescat,
1493 2962 1551 3013 ct
1577 2957 1800 3013 occulto
1832 2975 1968 3024 aevo,

323 3051 385 3107 in
416 3052 729 3122 perlectam
753 3048 1046 3105 adolescat
1071 3052 1298 3103 aetatem
1328 3065 1341 3114 ;
1375 3065 1548 3102 suum
1609 3064 1821 3102 manus
1873 3065 1972 3102 au-

321 3144 630 3213 gmentum
659 3138 914 3206 habebit,
948 3155 1056 3193 sua
1087 3138 1258 3208 pedes
1291 3138 1544 3192 sentient
1573 3136 1966 3192 incrementa:

2076 1896 2136 1950 in
2222 1893 2360 1963 illis,
2411 1895 2646 1964 propter
2702 1889 3019 1944 caecitatem
3078 1887 3268 1943 cordis
3327 1903 3553 1941 eorum.
3626 1886 3737 1950 Qui

2079 1985 2480 2055 desperantes,
2514 1980 2861 2050 semetipsos
2916 1976 3288 2032 tradiderunt
3351 1975 3736 2046 impudicitia;

2079 2075 2137 2130 in
2169 2071 2502 2145 Operatione
2532 2067 2922 2124 immunditize
2953 2067 3148 2121 omnis
3171 2066 3231 2120 in
3263 2064 3526 2120 avaritia.
3564 2087 3593 2114 »
3617 2065 3738 2121 Hoc

2078 2178 2234 2234 ergo,
2269 2159 2370 2227 ait,
2407 2159 2533 2214 dico
2564 2156 2751 2223 vobis,
2785 2173 2816 2210 ο
2848 2155 3102 2227 Ephesii,
3153 2170 3369 2226 vosque
3413 2157 3732 2222 contestor,

2085 2256 2149 2306 ut
2178 2250 2316 2321 quia
2348 2247 2646 2304 occursuri
2680 2245 2822 2300 estis
2844 2246 2902 2300 in
2937 2261 3272 2299 mensuram
3304 2243 3490 2299 aatatis
3547 2243 3735 2316 pleni-

2078 2339 2304 2395 tudinis
2329 2335 2545 2393 Christi
2573 2337 2737 2407 (vcrs.
2775 2336 2882 2405 15),
2919 2351 3032 2388 non
3069 2331 3386 2388 ambuletis
3426 2333 3580 2388 sicut
3601 2350 3729 2388 am-

2076 2429 2286 2484 bulant
2311 2431 2534 2499 gentes,
2568 2442 2694 2496 quae
2745 2423 2917 2480 idolis
2977 2423 3285 2489 sevientes,
3340 2428 3398 2477 et
3449 2439 3626 2478 sensu
3673 2427 3734 2479 et

2077 2522 2272 2580 mente
2300 2517 2625 2572 abutuntur
2657 2514 2714 2568 in
2748 2530 2945 2585 prava.
2980 2513 3112 2577 Quae
3146 2529 3278 2567 cum
3310 2511 3438 2568 ideo
3487 2527 3728 2584 accepe-

2079 2607 2196 2662 rint
2227 2607 2484 2660 animam
2517 2609 2574 2659 et
2599 2601 2980 2672 intellectum,
3002 2607 3065 2655 ut
3088 2606 3503 2673 cognoscerent
3518 2601 3730 2670 Deum,

2079 2693 2389 2750 abalienati
2413 2697 2553 2747 sunt
2608 2709 2641 2746 a
2699 2691 2791 2746 via
2846 2691 2974 2761 ejus
3037 2690 3241 2762 (quam
3301 2688 3476 2745 aliam
3537 2690 3731 2761 abque

2083 2783 2309 2839 Christo
2345 2799 2458 2836 non
2491 2780 2782 2850 novimus)
2823 2784 2882 2835 et
2929 2779 2987 2834 in
3055 2779 3145 2833 sui
3195 2777 3387 2834 cordis
3427 2777 3737 2833 ambulant

2079 2871 2352 2926 caecitate.
2385 2872 2570 2941 Atque
2602 2868 2826 2924 utinam
2858 2883 3130 2940 peccasse
3181 2867 3496 2936 sufﬁceret,
3555 2872 3612 2921 et
3642 2865 3733 2922 vel

2081 2977 2211 3016 sero
2240 2964 2478 3028 agerent
2504 2957 2948 3029 paenitudinem,
2973 2957 3437 3028 damnarentque
3482 2955 3621 3010 vitia
3673 2954 3735 3011 in

2080 3049 2296 3120 quibus
2320 3048 2541 3120 jugiter
2571 3044 2914 3102 inhiarnntl
2951 3050 3106 3101 esset
3147 3045 3470 3101 remedium
3524 3043 3736 3116 resipi-

2081 3155 2240 3194 scere
2274 3143 2403 3209 post
2431 3153 2702 3192 errorem.
2740 3135 2904 3190 Nunc
2928 3151 3060 3190 vero
3095 3134 3494 3206 desperantes,
3555 3138 3614 3188 et
3674 3149 3737 3189 se

326 3232 528 3284 venter
557 3228 696 3282 dum
731 3227 1048 3291 nescimus,
1081 3225 1394 3297 impletur:
1433 3227 1680 3293 humeri,
1710 3227 1848 3280 dum
1868 3225 1969 3281 fal-
2000 3204 2043 3271 (ἶ
2085 3227 2144 3281 in
2178 3227 2354 3281 ritum
2387 3224 2899 3294 irrationabilium,
2933 3223 3255 3278 bestiarum
3301 3239 3463 3278 cceno
3507 3222 3736 3295 voragi-

326 3315 534 3372 luntur
580 3315 753 3381 oculi,
804 3314 1164 3370 dilatantur:
1217 3322 1272 3369 et
1325 3315 1523 3369 omnia
1573 3319 1816 3370 menbra
1877 3332 1978 3386 per

333 3409 528 3478 partes
550 3406 723 3477 juxta
752 3419 1087 3460 mensuram
1121 3420 1289 3458 suam
1314 3405 1396 3457 sic
1410 3409 1679 3458 crescunt
1697 3409 1759 3458 ut
1781 3409 1976 3458 tamen

335 3512 451 3551 non
479 3493 612 3561 sibi,
647 3494 747 3549 sed
781 3493 1006 3564 corpori
1035 3491 1340 3547 videantur
1387 3492 1606 3564 augeri.
1661 3492 1744 3547 Ita
1799 3493 1978 3565 igitur

331 3587 388 3639 et
419 3583 475 3636 in
507 3581 877 3639 restitutione
908 3581 1172 3636 omnium
1208 3583 1248 3648 '-’,
1283 3582 1517 3652 quando
1550 3598 1760 3653 corpus
1793 3582 1974 3637 totius

331 3667 598 3726 Eoclesim
632 3684 786 3722 nunc
816 3668 1149 3740 dispersum
1182 3673 1358 3739 atque
1404 3668 1746 3733 laceratum,
1805 3686 1974 3725 verus

328 3756 594 3812 medicus
625 3755 893 3812 Christus
917 3756 1088 3812 Jesus
1121 3762 1436 3811 sanaturus
1463 3758 1972 3828 advenerit,unus-

328 3845 582 3918 quisque
614 3846 938 3900 secundum
972 3862 1313 3900 mensuram
1346 3846 1500 3914 ﬁdei,
1544 3851 1600 3901 et
1655 3848 1973 3919 agnitionis

325 3934 452 3992 Filii
486 3935 586 3990 Dei
610 3937 807 4006 (quem
839 3920 967 3990 ideo
999 3950 1310 4006 agnoscere
1340 3934 1570 4006 dicitur,
1613 3937 1748 4008 quia
1806 3938 1970 4008 prius

328 4028 564 4080 noverat
595 4029 651 4078 et
681 4029 884 4095 postea
907 4040 1077 4079 nosse
1106 4023 1333 4094 desivit)
1365 4041 1537 4078 suum
1589 4025 1826 4097 recipiet
1883 4026 1966 4081 lo-

328 4129 496 4178 cum,
527 4117 585 4168 et
616 4112 855 4184 incipiet
885 4113 941 4167 id
969 4128 1096 4168 esse
1127 4113 1281 4183 quod
1316 4113 1541 4168 fuerat:
1576 4112 1655 4167 ita
1685 4118 1879 4169 tamen
1913 4120 1978 4170 ut

331 4217 447 4258 non
465 4203 636 4273 juxta
666 4201 839 4256 aliam
872 4201 1492 4272 haeresim,3,omnesin
1527 4207 1824 4258 unaeetate
1856 4203 1976 4258 sint

331 4289 534 4362 positi,
596 4290 650 4344 id
709 4296 798 4346 est
827 4307 1032 4346 omnes
1065 4290 1121 4345 in
1144 4289 1384 4362 angelos
1417 4290 1843 4348 reformentur:
1871 4294 1972 4348 sed

330 4380 798 4450 unumquodque
829 4380 1158 4434 membrum
1193 4380 1353 4450 juxta
1395 4395 1732 4435 mensuram
1765 4387 1820 4436 et
1845 4381 1971 4436 olli-

327 4467 483 4524 cium
518 4483 690 4523 suum
726 4470 1043 4540 perfectum
1085 4469 1193 4524 sit:
1237 4470 1391 4524 620
1435 4469 1595 4524 verbi
1638 4471 1848 4542 gratia,
1911 4476 1971 4526 ut

2088 3317 2264 3388 nique
2297 3324 2645 3387 mergentes,
2696 3313 3064 3368 tradiderunt
3122 3312 3501 3383 impudicitia:
3557 3316 3736 3384 atque

2085 3405 2326 3461 luxuriae
2358 3406 2534 3474 (Rom.
2573 3421 2609 3472 ι,
2633 3404 2722 3470 23,
2756 3402 2867 3473 24),
2901 3405 3210 3474 operantes
3267 3399 3554 3474 quidquid
3606 3415 3734 3453 cor-

2088 3512 2198 3567 pus
2229 3494 2433 3559 voluit,
2467 3509 2633 3547 mens
2657 3491 3025 3560 desideravit,
3070 3489 3250 3545 libido
3313 3488 3628 3561 suggessit.
3664 3488 3735 3543 Et

2086 3600 2216 3638 cum
2251 3581 2398 3636 nihil
2424 3582 2660 3636 omnino
2695 3577 3730 3652 przetermiserintquodimmundum

2088 3672 2181 3737 sit,
2217 3671 2324 3726 hoc
2349 3674 2536 3725 totum
2567 3669 2748 3724 fecere
2795 3669 2853 3723 in
2902 3667 3163 3735 avaritia,
3222 3667 3363 3723 dum
3424 3682 3733 3738 nunquam

2084 3759 2433 3815 luxuriando
2456 3758 2765 3823 satiantur,
2807 3773 2912 3812 nec
2945 3757 3092 3813 621
3152 3773 3353 3811 eorum
3412 3754 3733 3811 terminum

2083 3849 2258 3905 habet
2281 3846 2566 3920 voluptas.
2600 3849 2714 3902 Aut
2745 3850 2898 3902 certe
2929 3845 3085 3901 ultra
3113 3861 3449 3901 concessam
3487 3844 3594 3898 viri
3658 3843 3728 3898 ad

2084 3938 2369 3994 feminam
2404 3936 2899 4008 conjunctionem,
2931 3935 3002 3990 ad
3047 3934 3270 4006 majora
3315 3934 3740 4000 conscendunt,

2097 4027 2341 4084 masculi
2377 4027 2433 4081 in
2491 4024 2788 4081 masculos
2846 4022 3272 4096 turpitudinem
3329 4026 3752 4095 operantes,et

2084 4116 2410 4170 mercedem
2473 4115 2688 4170 erroris
2731 4113 2822 4170 sui
2875 4113 2932 4167 in
3001 4111 3338 4185 semetipsis
3395 4112 3742 4184 recipientes

2084 4205 2242 4276 (Ibid.
2274 4205 2386 4275 27).
2428 4203 2675 4258 Vanitas
2709 4219 2941 4266 sensus,
3001 4207 3058 4258 et
3115 4204 3330 4257 mentis
3381 4201 3733 4258 obscuritas.

2085 4293 2353 4348 bifariam
2413 4292 2716 4358 dividitur,
2772 4289 2830 4346 in
2869 4289 3065 4346 saeculi
3098 4290 3278 4362 hujus
3312 4290 3564 4364 negotia,
3591 4295 3649 4346 et
3677 4292 3738 4347 in

2082 4382 2432 4454 sapientiam
2495 4380 2832 4436 saecularem
2892 4379 3125 4452 quando
3185 4383 3288 4434 aut
3347 4379 3404 4434 in
3466 4377 3558 4434 his
3605 4395 3738 4451 quae

2082 4471 2290 4526 mundi
2325 4470 2503 4542 hujus
2525 4475 2684 4534 sunt,
2716 4474 2774 4525 et
2818 4470 2931 4524 cito
2988 4472 3320 4534 transeunt,
3383 4468 3736 4538 detinemur,

328 4556 572 4630 angelus
604 4558 809 4628 refuga
838 4556 893 4610 id
919 4573 1046 4612 esse
1073 4556 1315 4628 incipiat
1352 4558 1506 4628 quod
1559 4564 1788 4613 creatus
1847 4566 1967 4615 est:
2005 4577 2048 4641 D
2082 4565 2182 4614 aut
2212 4576 2327 4614 non
2361 4561 2664 4631 profutura
2693 4557 3125 4630 cognoscimus.
3151 4557 3351 4612 Nonne
3377 4557 3541 4612 vobis
3572 4556 3740 4614 vide-

323 4653 380 4702 et
429 4647 622 4713 homo,
655 4645 756 4717 qui
789 4646 858 4700 de
883 4645 1154 4717 paradiso
1187 4646 1375 4701 fuerat
1403 4648 1622 4717 ejectus
1678 4647 1829 4714 (Gen.
1887 4667 1968 4719 ni,

321 4735 436 4807 24),
462 4736 534 4790 ad
567 4734 861 4792 culturam
897 4735 1108 4789 iterum
1139 4733 1398 4805 paradisi
1446 4735 1803 4790 restituatur.
1858 4737 1974 4792 Ista

400 4877 606 4934 ‘ldem
664 4879 933 4945 Ruﬁnus,
988 4882 1038 4932 ct
1095 4893 1289 4949 novam
1339 4878 1598 4949 ﬁguram,
1667 4893 1974 4949 novumque

331 4949 604 5005 hominem
642 4951 922 5014 Virbium,
946 4953 1054 5004 etc.
1085 4948 1306 5003 Videsis
1338 4965 1464 5019 qua:
1496 4948 1574 5002 ibi
1625 4948 1973 5005 adnotamus

333 5020 443 5074 sub
468 5021 674 5089 prioris
698 5021 829 5076 libri
863 5024 1059 5076 linem.

405 5092 424 5124 ³
455 5091 578 5148 Non
613 5109 718 5164 suo
751 5092 842 5147 hic
874 5110 935 5148 se
971 5091 1126 5164 loqui
1161 5109 1359 5154 Sensu,
1389 5091 1488 5146 sed
1523 5108 1589 5144 ex
1639 5091 1971 5164 Adamantii

333 5179 582 5236 persona
614 5163 1001 5236 Hieronymus
1049 5162 1426 5236 'signilicatin
1488 5164 1760 5234 .elpologz'w
1821 5162 1904 5236 lib
1936 5182 1972 5230 1,

334 5226 496 5300 num,
528 5235 616 5297 26.
655 5234 751 5288 tibi
786 5226 855 5290 de
885 5235 992 5290 hoc
1026 5226 1187 5290 Pauli
1213 5236 1368 5289 loco':
1399 5258 1425 5282 «
1467 5226 1854 5304 latissimam,
1894 5226 2011 5288 inL'

332 5304 478 5372 quit,
512 5304 774 5377 Origenis
802 5307 1218 5378 expositionem
1255 5312 1309 5360 et
1334 5307 1565 5360 eosdem
1621 5324 1830 5362 sensus
1875 5324 1978 5377 per

328 5379 557 5432 diversa
587 5379 760 5432 verba
789 5377 1111 5436 volventem
1149 5377 1300 5431 brevi
1334 5395 1600 5433 sermone
1625 5380 1973 5432 constrinxi-

329 5466 483 5518 mus,
519 5449 663 5504 nihil
696 5448 996 5521 exemplis,
1029 5455 1086 5521 et
1115 5449 1538 5503 assertionibus
1603 5449 1755 5504 illius
1815 5452 1974 5504 aufe-

328 5527 540 5592 rentes.
570 5525 832 5592 Cumque
863 5519 1329 5592 pervenissemus
1361 5523 1428 5574 ad
1466 5522 1659 5587 finem,
1695 5521 1814 5575 hanc
1845 5522 1978 5576 sub-

319 5591 576 5673 jeeirnus
604 5607 615 5646 :
647 5591 827 5673 Igitur
857 5597 915 5646 et
945 5593 1002 5673 in
1037 5591 1841 5673 restitutionemomniumug.
1865 5600 1974 5647 etc.

395 5664 416 5698 ⁶
447 5663 564 5721 Hoc
595 5662 739 5719 satis
772 5663 1004 5720 abunde
1035 5668 1157 5718 erat
1187 5662 1255 5717 ad
1288 5665 1654 5736 purgandam
1689 5663 1746 5718 in
1779 5663 1977 5719 Hiero-

2082 4654 2176 4702 tur
2233 4649 2292 4703 in
2342 4648 2594 4703 vanitate
2645 4664 2857 4703 sensus
2915 4652 2971 4701 et
3001 4645 3357 4701 obscuritate
3387 4645 3604 4702 mentis
3634 4646 3736 4700 in-

2079 4737 2265 4810 gredi,
2301 4738 2401 4808 qui
2447 4737 2652 4793 diebus
2693 4754 2756 4791 ac
2815 4735 3085 4791 noetibus
3144 4736 3201 4790 in
3259 4734 3566 4791 dialectica
3611 4739 3741 4792 arte

2091 4898 2274 4952 nymo
2299 4881 2646 4952 ()rigenismi
2680 4878 3094 4951 suspicionem,
3155 4879 3308 4952 quod
3370 4878 3490 4933 hinc
3540 4878 3744 4952 omnia

2093 4950 2163 5007 ei
2214 4950 2614 5007 heareticorum
2659 4950 2918 5021 profecta
2969 4950 3203 5021 ingenio
3248 4952 3612 5020 pronuntiet.
3653 4950 3744 5004 ita

2088 5024 2386 5079 enimvero
2418 5025 2542 5094 ipse
2572 5023 2800 5092 reponit
2831 5022 3080 5094 Ruﬁno:
3113 5044 3140 5070 ‹‹
3168 5021 3410 5083 Quando
3440 5022 3572 5077 dico
3596 5041 3615 5075 :
3655 5023 3744 5077 Ita

2083 5101 2295 5159 tamen,
2353 5099 2406 5148 ui
2442 5092 2571 5149 'non
2615 5096 2782 5164 juxta
2807 5095 2986 5148 aliam
3038 5092 3503 5164 lueresimomnes
3533 5095 3589 5146 in
3622 5109 3742 5148 una

2083 5175 2248 5223 (elate
2277 5169 2386 5220 sint
2413 5163 2876 5236 positarostendo
2908 5170 2965 5218 ct
2993 5180 3077 5224 ea.
3108 5165 3178 5236 de
3206 5163 3432 5236 quibus
3479 5163 3741 5236 disputo,

2085 5254 2212 5292 esse
2244 5235 2530 5305 haeretica,
2566 5242 2622 5290 et
2651 5238 2720 5290 ab
2755 5236 2866 5290 alia
2919 5235 3123 5290 haeresi
3184 5235 3536 5306 discrepare.
3580 5235 3738 5298 Qua

2092 5315 2230 5364 sunt
2259 5327 2394 5374 ergo
2427 5311 2551 5364 dum
2586 5307 2879 5362 haereses?
2912 5307 3057 5378 Una,
3086 5323 3212 5378 qua:
3246 5307 3608 5362 dicitomnes
3645 5324 3741 5362 ra-

2093 5381 2402 5435 tionabiles
2434 5386 2727 5436 creaturas
2761 5380 2819 5434 in
2867 5377 3115 5451 angelos
3157 5379 3499 5451 reformari:
3533 5377 3739 5451 altera,

2093 5471 2216 5521 quae
2249 5453 2458 5507 asserit
2481 5449 3029 5522 unumquodque‘in
3065 5449 3650 5522 restitutionemundi
3677 5450 3736 5506 id

2091 5525 2393 5650 tbgetquod
2426 5520 2725 5580 conditum
2760 5520 2868 5592 est,
2899 5543 2924 5571 ››
2958 5526 3065 5576 etc.
3095 5539 3218 5591 quae
3249 5520 3736 5592 consuluisseju-

2091 5612 2153 5650 va
2202 5613 2267 5650 ιι.

2085 5600 2211 5651 vabi
2225 5600 2267 5661 t,
