4144 6202
375 369 499 434 33'!

379 593 592 650 ccelum
652 592 822 663 levat,
874 598 931 648 et
983 594 1134 650 ultra
1190 598 1546 666 profundum
1623 605 1910 653 terrarum
1983 602 2040 654 et

379 683 579 754 abyssi
611 683 908 753 quoddam
945 682 1116 738 inane
1148 685 1436 758 demergit
1469 688 1574 757 [AL
1628 688 2033 757 demergitur],

380 773 480 844 qui
515 771 783 826 iambum
818 773 1014 836 struit,
1049 773 1145 843 qui
1182 779 1401 830 tantam
1464 781 1779 831 metrorum
1830 776 2034 832 silvam

380 860 440 915 in
472 877 578 916 suo
611 860 918 915 studiosus
948 863 1121 916 corde
1146 863 1458 936 distinguit
1507 871 1566 920 et
1632 866 1928 937 congerit:
1981 871 2038 920 et

379 951 471 1020 (ut
501 949 742 1004 alteram
778 954 1001 1021 partem
1035 954 1354 1024 transeam)
1387 954 1485 1020 qui
1520 954 1752 1009 divitias
1804 971 1904 1026 per
1951 955 2037 1010 fas

380 1044 440 1095 et
482 1039 647 1094 nefas
701 1038 947 1109 quaerit:
1011 1040 1109 1110 qui
1171 1041 1446 1097 adulatur
1493 1045 1750 1115 regibus,
1795 1043 2036 1098 hearedi-

380 1131 536 1183 tates
569 1132 760 1199 captat
803 1126 1045 1196 alienas,
1075 1131 1154 1184 et
1199 1147 1338 1202 opes
1385 1139 1719 1206 congregat,
1778 1150 1927 1204 quas
1975 1134 2035 1188 in

381 1221 681 1272 momento
713 1215 803 1270 cui
837 1216 913 1270 sit
943 1217 1278 1286 relicturus,
1315 1221 1594 1292 ignorat?
1628 1221 1790 1285 Quod
1839 1226 2034 1277 autem

379 1304 484 1360 ait:
517 1307 614 1376 qui
641 1305 991 1376 desperantes
1019 1311 1350 1378 semetipsos,
1384 1309 1443 1365 id
1485 1316 1592 1376 est,
1649 1308 2034 1384 ἀπηλγηκότες

388 1391 634 1461 ἑαυτούς,
669 1397 853 1449 multo
886 1395 1043 1451 aliud
1076 1396 1135 1452 in
1168 1398 1363 1454 Graeco
1412 1399 1702 1472 signiﬁcat
1750 1417 1927 1472 quam
1976 1400 2035 1455 in

383 1481 630 1540 Latino:
702 1483 1060 1554 desperantes
1133 1488 1350 1559 quippe
1401 1485 1786 1562 ἀπηλγηκότες
1856 1490 2038 1545 nomi-

385 1577 648 1638 nantur;
682 1569 1070 1645 ἀπηλγηκότες
1103 1579 1296 1631 autem
1330 1577 1388 1632 hi
1411 1583 1568 1648 sunt,
1601 1579 1700 1650 qui
1727 1583 2036 1651 postquam

384 1661 775 1732 peccaverint,
809 1680 923 1718 non
954 1663 1187 1720 dolent:
1221 1666 1319 1736 qui
1352 1683 1724 1738 nequaquam
1778 1669 2036 1724 sentien-

379 1755 471 1805 tes
505 1749 738 1805 ruinam
771 1767 962 1818 suam,
999 1753 1265 1809 feruntur
1292 1753 1351 1809 in
1372 1772 1642 1827 pronum,
1677 1761 1735 1812 et
1755 1761 2036 1829 tanquam

378 1838 584 1895 bestia
618 1840 837 1895 ferrum
887 1840 1167 1913 videntes,
1229 1845 1284 1897 in
1337 1850 1583 1900 mortem
1632 1851 1832 1901 ruunt.
1887 1846 2037 1902 Pone

378 1927 529 1983 mihi
561 1928 712 1983 duos
741 1928 798 1982 in
853 1945 968 1984 uno
1001 1929 1139 1986 vitio
1172 1931 1603 2002 deprehensos:
1638 1934 1884 1990 alterum
1939 1936 2039 2005 qui

375 2015 1095 2098 intelligatuplangatque
1125 2021 1276 2090 quod
1315 2021 1447 2076 fecit
1495 2021 1746 2078 alterum
1789 2025 1889 2096 qui
1941 2025 2042 2080 de-

377 2102 634 2160 lectetur
665 2106 723 2160 in
757 2106 990 2173 scelere,
1024 2112 1082 2162 et
1113 2125 1225 2165 non
1251 2111 1443 2166 solum
1476 2129 1589 2166 non
1614 2113 1819 2181 doleet,
1840 2130 2040 2170 verum

377 2193 560 2249 etiam
594 2193 895 2266 glorietur,
929 2201 986 2251 et
1003 2202 1164 2267 putet
1186 2214 1247 2254 se
1268 2201 1584 2270 quamdam
1609 2203 2040 2274 turpitudinum

389 2281 646 2354 palmam
680 2289 737 2339 et
766 2283 1067 2340 victoriam
1099 2293 1478 2344 consecutum
1508 2307 1520 2344 :
1549 2308 1741 2346 nonne
1771 2291 2042 2348 tibivide—

388 2376 490 2425 tur
520 2371 614 2426 ille
645 2372 860 2439 dolere,
894 2377 953 2428 et
981 2373 1073 2429 hic
1108 2376 1338 2446 penitus
1382 2395 1496 2433 non
1549 2379 1742 2435 dolere
1764 2381 1792 2435 ?
1838 2381 2040 2452 Expri-

388 2475 625 2516 mamus
649 2461 696 2515 si
738 2461 1058 2533 possimus,
1092 2465 1332 2520 verbum
1365 2467 1434 2522 de
1465 2469 1636 2522 verbo
1667 2474 1724 2523 et
1773 2469 2041 2524 dicamus

395 2545 806 2621 ἀπηλγηκότες,
874 2551 1195 2618 indolentes,
1244 2553 1362 2609 sive
1408 2554 1723 2611 indolorios.
1784 2557 1928 2612 Nam
1986 2562 2044 2613 et

391 2637 636 2710 quidam
671 2637 1153 2711 philosophorum
1184 2640 1559 2716 ἀπηλγησίαν,
1585 2645 1641 2700 id
1685 2650 1793 2711 est,
1826 2647 2042 2702 indolo-

392 2728 542 2782 riam
581 2728 911 2798 praedicavit
944 2718 1085 2786 ¹.Ἠἱ
1118 2732 1218 2802 qui
1259 2737 1501 2789 naturas
1548 2734 1738 2790 varias
1785 2735 2044 2791 introdu-

387 2820 554 2883 cunt,
587 2815 775 2870 sciant
804 2823 1112 2890 propterea
1170 2825 1372 2888 gentes
1430 2823 1489 2877 in
1534 2823 1788 2878 vanitate
1833 2840 2042 2879 sensus

395 2904 729 2960 obscuratis
758 2907 1051 2962 mentibus
1083 2909 1405 2980 ambulare,
1440 2913 1580 2982 quia
1607 2912 1948 2984 ignorantiae
1980 2930 2042 2968 se

393 2998 451 3048 et
481 2994 724 3048 caecitati
759 2995 1045 3050 dederint.
1072 2997 1252 3054 Nemo
1283 2999 1440 3055 enim
1462 3001 1770 3071 imperitus
1792 3001 2042 3072 appella-

395 3084 493 3136 tur
521 3086 578 3137 et
609 3099 816 3154 caecus,
851 3085 965 3140 nisi
1003 3085 1054 3142 is
1085 3087 1186 3158 qui
1217 3103 1567 3159 cognoscere
1619 3095 1808 3161 potest
1849 3096 1908 3145 et
1954 3090 2038 3144 vi—

387 3169 546 3225 dere.
579 3171 694 3227 Nec
725 3171 976 3228 dicimus
1009 3191 1227 3230 caseum
1258 3193 1387 3232 esse
1410 3177 1687 3249 lapidem,
1719 3185 1778 3235 et
1802 3181 2038 3234 brutum

385 3259 607 3315 animal
639 3261 950 3333 ignorare:
994 3263 1133 3335 quia
1177 3281 1292 3320 non
1344 3267 1416 3322 ab
1461 3283 1526 3322 eo
1577 3267 1874 3338 qumritur,
1937 3285 2040 3324 nec
2071 3241 2113 3308 α

387 3349 518 3417 ejus
551 3354 775 3405 naturas
799 3356 908 3416 est,
943 3355 1006 3406 ut
1035 3359 1436 3424 cognoscat‘et
1465 3356 1681 3411 videat.
1715 3357 1815 3412 Sin
1844 3362 2037 3413 autem

386 3436 447 3492 in
475 3441 688 3493 natura
717 3439 980 3510 gentium
1017 3441 1148 3508 fuit,
1182 3446 1245 3497 ut
1289 3443 1389 3498 Dei
1440 3445 1593 3501 622
1647 3445 1825 3501 vitam
1875 3446 2042 3502 intel-

388 3524 638 3597 ligerent
667 3533 725 3582 et
755 3528 1017 3584 viderent
1049 3547 1061 3585 :
1099 3547 1214 3586 non
1263 3531 1599 3589 choicorum
1647 3540 1704 3589 et
1759 3535 2040 3606 spiritua-

385 3611 537 3670 lium
570 3621 781 3671 natura
811 3617 990 3686 varia,
1023 3619 1124 3674 sed
1158 3619 1449 3677 voluntas.
1482 3623 1826 3679 Dixeramus
1863 3641 2042 3696 supra

386 3704 788 3774 operationem
822 3704 1212 3762 immunditiaa
1245 3709 1438 3765 omnis
1469 3711 1526 3765 in
1550 3713 1810 3779 avaritia,
1836 3731 1949 3769 non
1969 3713 2039 3769 ad

387 3791 716 3860 avaritiam,
752 3797 816 3848 ut
846 3800 1015 3849 sonat
1039 3795 1401 3867 simpliciter,
1449 3801 1757 3870 pertinere,
1811 3804 1911 3858 sed
1968 3803 2040 3857 ad

385 3880 698 3938 libidinem
723 3887 898 3953 atque
931 3882 1247 3940 luxuriam.
1281 3887 1570 3943 Debemus
1601 3889 1757 3944 hunc
1799 3907 2038 3946 sensum

388 3967 634 4026 alterius
665 3969 776 4026 loci
809 3972 1144 4028 testimonio
1204 3977 1602 4046 comprobare.
1637 3979 1699 4032 In
1735 3978 1923 4050 prima
1968 3980 2040 4035 ad

385 4057 949 4116 Thessalonicenses
978 4061 1240 4132 Epistola
1269 4063 1585 4120 scribitur:
1620 4071 1756 4123 Haec
1782 4075 1864 4122 est
1889 4071 2042 4124 enim

392 4148 645 4205 voluntas
662 4151 796 4214 Dei,
828 4152 1191 4220 sanctiﬁcatio
1240 4163 1449 4220 vestra,
1482 4163 1540 4209 ut
1589 4156 1906 4212 abstineatis
1951 4174 2042 4213 vos

383 4252 419 4292 a
448 4239 854 4305 lomicatione:
887 4243 950 4293 ut
999 4243 1140 4296 sciat
1182 4244 1551 4316 unusquisque
1606 4255 1840 4301 vestrum
1880 4263 2041 4302 suum

383 4341 484 4381 vas
513 4327 790 4396 possidere
809 4329 870 4382 in
899 4331 1328 4400 sanctiﬁcatione
1347 4341 1397 4387 et
1424 4333 1648 4403 honore,
1698 4350 1806 4391 non
1853 4338 1912 4390 in
1965 4335 2041 4392 li-

388 4413 579 4471 bidine
609 4416 896 4483 desiderii,
928 4420 1069 4474 sicut
1099 4424 1151 4475 et
1201 4423 1403 4490 gentes,
1455 4437 1579 4492 quae
1621 4439 1731 4478 non
1771 4429 2042 4480 nover-unt

384 4507 610 4558 Deum:
643 4511 702 4559 ut
736 4521 806 4559 ne
837 4507 960 4577 quis
1004 4509 1478 4579 supergrediutur,
1522 4519 1572 4565 et
1622 4513 2043 4570 circumscribat

1055 369 1576 437 COMMENTAR.
1622 369 1703 438 IN
1745 371 1999 439 EPIST.
2046 371 2150 438 AD
2195 370 2469 439 EPHES.
2514 368 2664 438 LIB.
2708 375 2790 450 ῙῙ,
2829 376 3006 439 CAP.
3049 371 3155 439 IV.

381 506 732 576 torquetur:
767 503 867 575 qui
900 503 1178 576 phvsicus
1213 512 1607 575 perscrutator
1637 510 1837 565 oculos
1869 514 2031 564 trans

2153 511 2423 586 πράγματι
2474 508 2564 564 τὸν
2649 506 2874 586 ἀδεκφὸν
2947 507 3130 563 αὐτοῦ.

3673 365 3797 436 638

3219 502 3388 575 ῌλεον
3399 505 3510 578 εξῐα
3593 510 3792 564 autem

2145 603 2386 658 avaritia
2439 605 2834 672 nuncupatur,
2895 616 3067 672 quam
3126 615 3232 654 nos
3289 615 3631 670 possumus,
3676 597 3795 653 vim

2147 691 2304 747 verbi
2366 691 2805 755 transferentes,
2855 691 2938 744 sic
2984 689 3042 744 in
3103 688 3371 760 praesenti
3431 687 3554 743 loco
3611 687 3798 759 expri-

2148 797 2344 837 mere:
2386 783 2450 838 Ut
2477 796 2550 835 ne
2576 782 2699 852 quis
2745 779 3181 852 supegrediatur,
3234 782 3285 833 et
3330 794 3529 832 avarus
3572 777 3800 846 fraude!

2149 873 2208 926 in
2232 872 2446 940 negotio
2475 871 2706 940 fratrem
2752 886 2934 924 suum.
2981 871 3118 934 Qure
3167 867 3324 922 enim
3382 865 3799 936 consequentia

2147 964 2256 1029 est,
2285 959 2370 1015 vel
2401 959 2458 1014 in
2495 958 2595 1014 illo
2644 957 2900 1030 capitulo
2949 958 3100 1029 quod
3145 973 3301 1012 nunc
3341 956 3410 1010 ad
3463 953 3796 1024 exemplum

2145 1050 2501 1115 vocavimus,
2531 1049 2619 1103 vel
2651 1049 2709 1102 in
2735 1048 2844 1102 hoc
2876 1047 3028 1118 quod
3065 1044 3460 1117 principaliter
3488 1044 3559 1099 ad
3609 1042 3798 1115 Ephe-

2149 1138 2266 1194 sios
2300 1154 2580 1193 conamur
2607 1153 2913 1207 exponere,
2946 1136 3096 1191 inter
3123 1133 3553 1206 impudicitiam
3598 1137 3658 1188 et
3686 1131 3799 1188 im.-

2148 1227 2525 1293 munditiam,
2561 1225 2886 1281 castitatem
2920 1240 3154 1296 quoque
3179 1227 3236 1278 et
3267 1223 3538 1278 affectum
3593 1222 3798 1291 conju-

2145 1315 2359 1386 galem,
2391 1313 2847 1370 extraordinaria
2875 1317 3112 1385 repente
3134 1311 3434 1368 avaritiam
3456 1310 3796 1366 dominari?

2145 1406 2269 1460 Non
2303 1405 2466 1459 vobis
2498 1403 2810 1458 molestum
2841 1403 2938 1470 sit,
2990 1402 3035 1457 si
3084 1401 3182 1456 diu
3232 1400 3290 1455 in
3353 1399 3789 1455 obscurioribus

2146 1494 2569 1550 immoremur:
2606 1493 2831 1548 causati
2856 1491 3011 1547 enim
3043 1491 3101 1546 in
3129 1486 3412 1563 principio
3432 1505 3664 1551 sumus,
3697 1488 3792 1542 in-

2145 1588 2233 1640 ter
2265 1600 2470 1639 omnes
2503 1582 2664 1638 Pauli
2714 1581 3021 1652 Epistolas,
3075 1581 3226 1635 hanc
3275 1578 3363 1634 vel
3421 1577 3676 1633 maxime
3737 1579 3795 1632 et

2145 1675 2358 1744 verbis,
2391 1677 2449 1728 et
2479 1673 2750 1728 sensibus
2781 1671 3126 1726 involutam.

2223 1763 2407 1836 (Vers.
2441 1762 2554 1834 20.)
2579 1785 2605 1812 «
2639 1760 2754 1816 Vos
2787 1764 2980 1816 autem
3015 1776 3131 1815 non
3160 1759 3242 1814 ita
3289 1756 3580 1813 didicistis
3628 1755 3796 1812 Chri-

2071 1872 2117 1938 Β
2149 1857 2329 1921 stum,
2350 1853 2399 1908 si
2431 1856 2626 1907 tamen
2658 1849 2826 1904 illum
2860 1847 3111 1903 audistis
3133 1852 3190 1938 et
3214 1847 3272 1903 in
3295 1844 3562 1901 illodocti
3587 1843 3794 1900 estis.»

2150 1942 2208 1998 Si
2241 1957 2445 1996 omnes
2478 1941 2575 2011 qui
2611 1939 2910 1995 Christum
2942 1931 3458 1996 audire‘videntur,
3500 1933 3792 2000 audirent,

2152 2047 2456 2102 nunquam
2492 2030 2562 2084 ad
2596 2028 2900 2099 Ephesios,
2932 2031 2988 2082 et
3020 2029 3174 2082 certe
3201 2023 3332 2079 illos
3365 2023 3582 2094 quibus
3604 2038 3798 2078 sacra-

2153 2124 2349 2175 menta
2380 2117 2592 2174 Christi
2625 2116 2928 2180 revelarat,
2961 2113 3272 2186 Apostolus
3303 2111 3557 2168 diceret:
3601 2110 3662 2166 Si
3706 2115 3798 2166 ta—

2148 2225 2276 2264 men
2302 2209 2463 2264 illum
2483 2207 2725 2262 audistis.
2753 2205 2981 2260 Discere
3005 2207 3196 2259 autem
3213 2199 3797 2271 Christum,idipsum

2152 2303 2260 2361 est,
2293 2298 2446 2369 quod
2510 2312 2683 2352 nosse
2733 2294 3054 2348 virtutem:
3106 2297 3165 2346 et
3212 2290 3414 2346 audire
3447 2287 3635 2355 illum,
3682 2305 3799 2344 non

2152 2388 2345 2444 differt
2374 2387 2445 2442 ab
2478 2402 2545 2441 eo
2597 2384 2647 2440 si
2705 2383 2939 2448 diceret,
2985 2381 3190 2438 audire
3239 2377 3610 2450 sapientiam,
3644 2378 3798 2436 628

2145 2477 2462 2550 justitiam,
2500 2473 2926 2538 fortitudinem,
2987 2467 3453 2542 temperantiam,
3505 2471 3563 2521 et
3593 2469 3801 2520 cetera

2151 2567 2369 2638 quibus
2419 2563 2685 2622 Christus
2737 2566 2996 2617 vocatur.
3038 2558 3096 2614 Si
3136 2558 3270 2630 quis
3317 2572 3454 2628 ergo
3500 2554 3794 2611 Chrislum

2152 2654 2375 2711 audivit
2404 2659 2462 2709 et
2493 2651 2717 2718 didicit,
2749 2667 2863 2705 non
2885 2647 3208 2704 ambulabit
3229 2645 3288 2701 in
3307 2645 3562 2701 vanitate
3583 2659 3796 2700 sensus

2152 2744 2242 2800 sui
2278 2762 2290 2799 :
2325 2760 2428 2799 nec
2459 2742 2810 2798 obscuratus
2843 2741 3037 2794 mente
3093 2735 3421 2808 gradietur:
3455 2748 3644 2804 neque
3688 2730 3798 2787 erit

2152 2833 2516 2890 abalienatus
2549 2848 2582 2885 a
2620 2829 2737 2884 vita
2776 2828 2915 2883 Dei:
2967 2824 3202 2882 habebit
3255 2823 3434 2878 etiam
3484 2819 3793 2876 scientiam

2150 2921 2516 2993 ignoratione
2548 2919 2806 2980 dicussa,
2855 2920 2912 2971 et
2961 2909 3505 2969 immissotenebris
3547 2907 3795 2972 lumine,

2150 3010 2344 3066 omnis
2375 3010 2446 3064 de
2477 3006 2662 3063 oculis
2685 3003 2874 3060 cordis
2898 3003 3026 3073 ejus
3049 3001 3273 3056 caecitas
3313 2997 3611 3054 auferetur
3636 2997 3794 3067 (vers,

2153 3099 2261 3167 l8).
2297 3097 2460 3163 Quod
2493 3112 2626 3151 cum
2656 3092 2950 3157 habuerit,
3005 3107 3117 3146 non
3170 3104 3232 3143 se
3277 3082 3796 3157 tradetimpudici-

2149 3187 2275 3244 tite:
2310 3203 2415 3241 nec
2444 3183 2778 3256 operabitur
2798 3196 3030 3237 omnem
3063 3175 3501 3233 immunditiam
3560 3175 3619 3228 in
3661 3189 3794 3228 ava-

2153 3275 2284 3332 ritia
2341 3275 2500 3346 (vers.
2564 3274 2673 3343 l7),
2715 3285 3024 3326 concessos
3098 3267 3246 3322 fines
3317 3260 3794 3336 praetregrediens

2151 3364 2510 3436 nuptiarum.
2537 3361 2596 3418 Si
2623 3365 2817 3416 autem
2843 3357 3158 3429 aliquando
3180 3353 3486 3424 contigerit
3511 3355 3576 3407 ut
3596 3350 3794 3422 aliqua

2150 3453 2421 3524 passione
2450 3451 2777 3521 superetur,
2811 3444 3029 3501 dolebit
3058 3458 3236 3513 super
3275 3438 3514 3495 vulnere
3561 3453 3689 3500 suo,
3738 3439 3797 3491 et

2150 3523 2519 3598 conscientia
2550 3539 2841 3592 tormenta
2871 3533 3161 3605 patietur:
3197 3529 3334 3600 quia
3364 3527 3608 3583 liberam
3650 3523 3799 3580 fron-

2150 3636 2290 3697 tem,
2321 3634 2378 3685 et
2411 3627 2723 3699 puritatem
2749 3621 3136 3678 immaculata?
3156 3616 3369 3674 mentis
3400 3614 3681 3671 amiserit.
3707 3613 3796 3668 Di-

2149 3734 2386 3776 scamus
2414 3715 2596 3789 igitur
2611 3712 2926 3781 Christum,
2951 3714 3008 3765 et
3030 3707 3340 3764 audiamus
3362 3703 3531 3760 illum
3558 3721 3570 3759 :
3591 3702 3638 3758 si
3663 3701 3798 3773 quis

2150 3813 2238 3863 est
2285 3806 2384 3878 qui
2435 3808 2626 3876 potest
2677 3801 2910 3857 dicere:
2962 3805 3049 3853 An
3093 3793 3797 3868 experimentumquseritis

2147 3897 2267 3966 ejus
2289 3897 2384 3966 qui
2413 3898 2472 3950 in
2528 3909 2613 3948 me
2671 3890 2916 3964 loquitur
2965 3888 3210 3944 Christus
3241 3885 3313 3956 (ΙΙ
3376 3883 3643 3945 Cor.xm,
3705 3880 3796 3950 3)?

2149 3985 2469 4040 Curramus
2499 3983 2568 4038 ad
2601 3997 2735 4037 eum
2767 3979 2974 4035 diebus
3005 3992 3072 4032 ac
3101 3973 3390 4039 noctibus,
3443 3970 3513 4024 ad
3565 3985 3632 4025 os
3662 3968 3790 4038 ejus

2151 4079 2206 4130 et
2237 4074 2307 4128 ad
2341 4071 2640 4142 eloquium
2676 4069 3056 4140 pendeamus.
3089 4061 3354 4118 Christus
3387 4056 3557 4114 nobis
3603 4055 3794 4112 lobui-

2150 4168 2282 4218 tur:
2318 4161 2570 4232 Spiritus
2601 4157 2789 4214 sancti
2823 4158 2961 4211 sunt
2989 4152 3167 4207 verba
3211 4167 3340 4220 qum
3393 4145 3627 4219 promit.
3675 4148 3796 4199 Sta-

2151 4251 2263 4306 tuit
2292 4250 2446 4305 enim
2482 4253 2630 4302 Deus
2665 4247 2724 4300 in
2754 4241 3014 4300 Ecclesia
3044 4239 3300 4311 primum
3347 4232 3661 4307 apostolos,
3703 4248 3792 4288 se-

2152 4340 2342 4396 cundo
2373 4336 2709 4410 prophetas,
2743 4331 2912 4388 tertio
2965 4329 3230 4386 doctores
3273 4326 3315 4394 (Ι
3369 4325 3487 4381 Cor.
3538 4340 3637 4390 xu,
3679 4322 3792 4391 :8).

2151 4429 2261 4484 Sed
2295 4443 2400 4482 nec
2432 4424 2574 4480 illud
2633 4428 2722 4478 est
2769 4419 3220 4490 desperandum,
3271 4414 3427 4486 quod
3480 4411 3795 4484 aliquando

2152 4517 2276 4587 ipse
2303 4515 2362 4570 in
2396 4513 2695 4568 montibus
2727 4508 2940 4565 nostris
2970 4506 3239 4562 Christus
3270 4504 3565 4574 loquatur,
3609 4504 3667 4556 et
3696 4515 3798 4568 per

384 4593 453 4648 in
482 4594 692 4662 negotio
713 4597 943 4664 fratrem
972 4611 1173 4665 suum;
1207 4599 1468 4668 quoniam
1498 4600 1699 4656 vindex
1738 4608 1819 4658 est
1861 4604 2047 4660 Domi-
2077 4611 2122 4676 ι)
2155 4604 2535 4675 semetipsum
2602 4617 2708 4654 nos
2755 4599 2978 4663 doceat,
3031 4599 3089 4650 et
3144 4607 3429 4665 organum
3496 4589 3614 4644 oris
3679 4603 3794 4642 non

386 4697 496 4736 nus
517 4682 700 4738 dehis
724 4685 996 4750 omnibus,
1026 4687 1166 4742 sicut
1195 4696 1248 4742 et
1267 4687 1630 4757 praediximus
1662 4691 1810 4747 vobis
1855 4695 1904 4747 et
1959 4697 2042 4749 te-

385 4769 617 4838 stiﬁcati
642 4787 852 4828 sumus.
895 4775 1014 4830 Non
1055 4777 1204 4831 enim
1249 4779 1458 4832 vocavit
1510 4795 1606 4834 nos
1653 4781 1790 4835 Deus
1838 4783 1898 4836 in
1948 4785 2047 4838 im-

385 4859 693 4930 munditia,
727 4861 818 4917 sed
861 4864 921 4918 in
955 4865 1391 4935 sanctiﬁcatione
1445 4867 1493 4937 (I
1541 4868 1718 4922 Thess.
1775 4887 1847 4938 1v,
1897 4871 2041 4941 3—7).

389 4946 722 5020 Diligenter
755 4950 1021 5020 observa,
1078 4953 1220 5024 quia
1268 4954 1338 5009 ad
1389 4955 1714 5012 castitatem
1770 4975 1875 5014 nos
1914 4977 2045 5030 pro-

382 5052 627 5102 vocans,
658 5045 716 5094 et
746 5039 944 5096 volens
981 5041 1256 5097 uxoribus
1282 5048 1514 5100 tantum
1545 5062 1674 5101 esse
1714 5051 2042 5118 contentos,

383 5125 637 5184 dixerit:
671 5129 749 5185 Ne
776 5133 900 5201 quis
920 5133 1392 5203 supergrediatur;
1429 5143 1480 5189 et
1520 5138 1935 5193 circumscribat
1985 5141 2046 5194 in

382 5217 607 5282 negotio
634 5221 869 5289 fratrem
907 5237 1090 5287 suum,
1145 5221 1200 5277 id
1235 5227 1347 5290 est,
1391 5239 1460 5279 ne
1509 5241 1676 5282 suam
1737 5229 2043 5300 conjugem

387 5302 832 5378 derelinquens,
859 5307 1100 5368 alterius
1119 5310 1376 5382 polluere
1405 5320 1628 5384 quierat
1649 5332 1906 5372 uxorem.
1937 5317 2043 5374 Ubi

385 5408 498 5448 nos
530 5393 838 5469 habemus,
873 5403 922 5456 et
962 5401 1374 5458 circumscribat
1428 5405 1488 5459 in
1534 5407 1760 5473 negotio
1813 5409 2045 5476 fratrem

383 5496 570 5552 suum,
629 5485 690 5542 in
749 5488 947 5546 Graeco
993 5488 1224 5562 legitur,
1279 5489 1368 5543 καί
1417 5488 1763 5547 πλεονεκτεῖν
1838 5495 1888 5548 ἐν
1965 5499 2044 5565 τῷ

2153 4697 2374 4766 qumrat
2402 4690 2576 4748 alieni
2607 4708 2618 4744 :
2648 4691 2877 4745 tantum
2910 4703 3025 4741 non
3059 4684 3246 4740 simus
3276 4677 3494 4736 subditi
3528 4679 3791 4749 peccato;

2155 4801 2258 4839 nec
2290 4797 2500 4852 corpus
2533 4783 2802 4836 nostrum
2837 4774 3048 4831 delicta
3097 4770 3457 4844 possideant,
3495 4773 3552 4821 et
3601 4766 3794 4837 ingre-

2154 4872 2347 4929 dietur
2377 4871 2433 4926 in
2464 4868 2604 4924 illud
2639 4865 2943 4939 sapientia.

2227 4962 2412 5032 (Vers.
2454 4959 2567 5029 ‘21.)
2600 4945 2627 5007 (ἑ
2660 4957 2823 5012 Sicut
2868 4957 2957 5009 est
3000 4951 3212 5006 veritas
3267 4948 3327 5002 in
3373 4946 3538 5002 Jesu.
3564 4966 3592 4993 »
3619 4941 3799 4998 Voca-

2155 5030 2380 5114 bulum,
2415 5050 2584 5115 Jcsus,
2617 5045 2909 5101 interdum
2955 5057 3089 5096 cum
3134 5038 3433 5094 hominem
3483 5030 3794 5106 significat.

2154 5139 2253 5212 qui
2280 5156 2313 5194 a
2342 5139 2457 5193 Deo
2486 5136 2676 5190 Verbo
2708 5138 2796 5188 est
2824 5133 3172 5201 assumptus
3201 5143 3269 5182 ex
3314 5123 3572 5196 Virgine,
3627 5121 3798 5212 juxta

2154 5208 2320 5283 illlud
2346 5245 2358 5282 :
2399 5224 2621 5280 Vocubis
2650 5238 2855 5277 nomen
2884 5221 3003 5290 ejus
3031 5221 3182 5274 Jesus
3207 5233 3219 5271 :
3255 5217 3370 5287 ipse
3384 5214 3536 5269 enim
3563 5208 3796 5268 satvabit

2151 5317 2414 5388 populum
2463 5331 2493 5368 α
2540 5313 2773 5384 peccatis
2821 5309 2938 5381 ejus
2990 5306 3198 5378 (Matth.
3252 5323 3287 5376 ι,
3328 5303 3438 5375 21).
3493 5301 3560 5356 Et
3615 5295 3793 5388 alibi:

2153 5386 2305 5464 iesus
2335 5419 2458 5474 ergo
2486 5404 2752 5474 fatigatus
2768 5399 2832 5454 de
2862 5398 2949 5454 via
2980 5398 3158 5467 (Jacn.
3193 5411 3265 5456 ιν.
3315 5393 3390 5463 6),
3439 5394 3496 5446 ct
3553 5386 3794 5458 reliqua.

2157 5493 2456 5550 Interdum
2488 5507 2621 5546 vero
2648 5490 2832 5546 Deum
2865 5485 3160 5542 Verbum:
3213 5481 3391 5539 Nobis
3433 5477 3590 5534 enim
3641 5488 3796 5529 unus

463 5588 770 5674 'Dionysii
793 5599 1178 5674 cognomento
1223 5596 1614 5664 Metathemini,
1661 5600 1774 5674 fuit
1819 5611 1946 5659 ante
1973 5601 2265 5668 sententia,
2297 5599 2539 5654 dolorem
2593 5609 2874 5652 non-csse
2929 5591 3161 5645 malum.
3223 5587 3455 5642 Hieron.
3515 5598 3678 5656 supr.
3737 5578 3796 5636 in

385 5674 518 5730 cap.
553 5663 674 5733 i_ad
709 5663 899 5726 Galat'.
