4144 6202
389 353 506 418 B39

1639 357 1703 436 Sp.
1752 354 2062 422 EUSEBII
2106 352 2550 420 HIERONYMI

3684 354 3801 418 5&0

398 488 684 546 Dominus
703 487 876 546 Jesus
893 489 1158 547 Christus
1173 508 1274 564 per
1292 507 1466 564 quem
1489 493 1705 548 omnia.
1728 493 1786 549 Si
1808 493 2041 564 quando
2071 492 2126 558 Α
2157 492 2590 562 deponendum,
2623 490 3006 548 inveteratum
3029 507 3063 546 a
3089 487 3316 546 malitia
3335 487 3802 563 arbitrorappel-

389 595 524 650 ergo
556 577 695 634 dicit
725 581 894 635 Jesus
920 597 932 634 :
971 583 1078 650 Ego
1105 599 1229 637 sum
1258 584 1346 638 via
1372 577 1424 637 et
1455 585 1653 639 veritas
1685 583 1860 655 (Joan.
1921 601 2033 655 xw,

384 667 462 740 6),
492 668 660 737 juxta
692 668 748 723 id
782 669 923 724 dicit
954 671 1107 741 quod
1146 670 1325 726 Filius
1356 672 1454 726 Dei
1488 677 1593 727 est.
1639 674 1779 728 Cum
1836 678 2033 728 autem

387 757 594 812 scribit
626 757 882 814 Paulus:
915 760 1068 814 Sicut
1096 764 1174 815 est
1197 762 1399 815 veritas
1429 763 1486 816 in
1513 765 1659 832 Jesu,
1701 763 1770 817 de
1815 763 2034 834 templo

388 845 652 918 corporis
691 845 972 918 loquitur,
1008 848 1067 902 in
1121 865 1236 920 quo
1285 849 1510 904 habitat
1558 850 1811 906 Verbum
1856 851 2032 906 Deus.

2148 578 2275 634 lari.
2313 585 2426 636 Iste
2457 581 2610 636 enim
2645 581 2794 638 625
2833 581 3161 636 secundum
3203 579 3455 650 priorem
3487 594 3800 634 conversa-

2147 670 2366 725 tionem
2399 673 2456 725 et
2488 670 2779 726 desideria
2810 669 3046 736 erroris,
3104 684 3334 740 semper
3381 683 3604 733 errans,
3646 671 3703 722 et
3733 669 3796 722 in

2147 775 2319 830 opere
2378 759 2774 831 corruptionis
2832 759 3126 826 belluans,
3172 757 3567 828 corrumpitur
3615 760 3794 827 atque

2149 847 2414 903 violatur.
2451 850 2519 903 Et
2551 847 2690 920 quia
2719 847 2776 902 in
2810 847 3114 903 desideriis
3142 844 3545 901 indesinenter
3594 861 3794 900 versa-

392 934 632 989 Verbum
662 935 819 991 enim
849 953 973 991 caro
1001 940 1212 1008 factum
1243 944 1339 1007 est,
1367 943 1420 994 et
1465 939 1734 995 habitavit
1765 942 1824 994 in
1878 940 2036 996 nobis
2143 941 2239 991 tur
2267 937 2502 1002 erroris,
2539 942 2596 992 et
2632 954 2936 1009 nunquam
2969 940 3160 992 cessat
3181 952 3214 989 a
3242 934 3399 1003 vitio,
3420 950 3792 1005 nequaquam

389 1023 569 1093 (Joan.
603 1041 642 1088 1,
679 1024 785 1095 M).
821 1025 945 1080 Nisi
1004 1027 1147 1081 forte
1197 1031 1516 1097 utrumque
1564 1029 1633 1083 de
1677 1029 1792 1083 Deo
1845 1029 2031 1085 Verbo

386 1111 862 1185 intelligendum,
894 1115 1048 1185 quod
1082 1117 1376 1186 quomodo
1408 1116 1630 1172 habitet
1662 1118 1722 1171 in
1781 1134 1846 1172 eo
1895 1119 2028 1184 vita,

384 1205 440 1257 et
467 1201 592 1274 ipse
623 1203 700 1258 sit
728 1202 880 1258 vita:
914 1206 1073 1258 Sicut
1130 1207 1278 1260 enim
1327 1204 1489 1260 habet
1544 1207 1709 1262 Pater
1755 1209 1925 1262 vitam
1971 1211 2030 1264 in

382 1292 707 1362 semetipso:
739 1294 815 1346 ita
845 1300 895 1347 et
921 1293 1062 1348 Filio
1106 1293 1253 1348 dedit
1284 1294 1481 1350 habere
1510 1298 1682 1351 vitam
1729 1298 1790 1351 in
1836 1306 2028 1353 semet-

382 1381 499 1452 ipso
530 1381 726 1452 (Joan.
759 1398 811 1450 ν,
843 1382 953 1454 26).
989 1382 1082 1437 Sic
1109 1389 1162 1437 et
1194 1385 1404 1439 veritas
1444 1385 1671 1440 dicatur
1720 1385 1922 1454 Filius,
1971 1391 2028 1443 et

384 1467 514 1540 ipsa
537 1469 592 1523 in
613 1486 674 1524 ro
697 1469 960 1525 habitare
983 1475 1360 1527 monstretur.
1387 1473 1515 1528 Haec
1532 1479 1727 1529 autem
1751 1474 2023 1545 dicimus,

381 1573 496 1612 non
528 1557 732 1613 Jesum
757 1576 790 1613 ιι
819 1558 1048 1615 Christo
1071 1566 1434 1632 separantes,
1469 1563 1624 1619 624
1659 1579 1762 1619 nec
1789 1581 2024 1619 rursum

379 1645 828 1702 DeumVerbum
848 1649 919 1703 ab
941 1665 1007 1704 eo
1031 1665 1204 1720 quem
1224 1652 1872 1724 assumpsit,hominem
1889 1652 2025 1708 alte-

381 1749 508 1788 rum
551 1750 679 1788 esse
708 1735 1004 1792 dicentes:
1052 1739 1376 1794 secundum
1419 1739 1840 1812 intelligentias
1889 1742 2023 1797 effe-

2142 1032 2457 1098 corruptus
2485 1027 2700 1082 dicitur
2730 1027 2831 1082 sed
2853 1025 3188 1097 corrumpi:
3217 1024 3373 1096 quod
3401 1039 3504 1095 per
3521 1021 3788 1094 singulos

2141 1115 2286 1183 dies,
2323 1117 2518 1184 horas,
2553 1121 2771 1188 puncta
2801 1119 2974 1187 atque
3020 1117 3320 1169 momenta
3367 1113 3790 1184 corrumpitur,

2137 1205 2531 1279 intercipitur,
2573 1206 2843 1262 violatur.
2899 1206 3101 1261 Sermo
3131 1219 3264 1259 vero
3313 1202 3412 1258 Dei
3485 1202 3587 1274 qui
3659 1202 3790 1257 ideo

2138 1294 2432 1364 interﬁcit,
2472 1301 2535 1352 ut
2563 1295 2813 1350 viviﬁcet
2846 1298 3166 1362 mortuum,
3199 1297 3255 1349 et
3297 1291 3622 1348 viviﬁcatus
3670 1291 3786 1347 Do-

2139 1384 2367 1441 minum
2401 1386 2682 1458 requirat,
2715 1401 2888 1457 quem
2938 1388 3072 1439 ante
3109 1381 3414 1438 interitum
3463 1380 3781 1452 nesciebat,

2137 1489 2252 1529 non
2285 1474 2624 1546 corrumpit,
2668 1475 2767 1529 sed
2827 1471 3100 1528 interficit
3145 1475 3402 1526 veterem
3449 1468 3783 1525 hominem:

2136 1564 2252 1632 Ego
2281 1564 2433 1618 enim
2462 1563 2663 1631 occido,
2705 1561 2804 1628 ait,
2847 1564 2897 1616 et
2961 1577 3056 1631 ego
3105 1560 3321 1630 viviﬁco
3369 1559 3544 1631 (Deut.
3605 1573 3782 1614 χχχιι.

2135 1652 2224 1722 39)
2251 1667 2264 1705 :
2289 1656 2382 1708 et:
2419 1652 2556 1707 Cum
2585 1652 2912 1722 interﬁceret
2937 1651 3081 1717 illos,
3115 1654 3246 1704 tunc
3301 1649 3618 1720 quarebant
3659 1663 3790 1702 eum

2135 1741 2304 1811 (Psal.
2341 1759 2512 1808 Lxxn,
2543 1742 2654 1808 34).
2689 1741 2804 1796 Nec
2836 1744 3111 1812 putemus
3141 1738 3252 1794 hoc
3281 1738 3436 1809 quod
3471 1753 3628 1792 nunc
3658 1736 3783 1791 ait:

380 1825 581 1876 ctuum
605 1821 2020 1898 vellocorum,illumquemunumessecredimus
2057 1861 2104 1924 Β
2137 1829 2244 1898 Qui
2292 1833 2665 1902 corrumpitur
2717 1829 3014 1886 secundum
3069 1827 3346 1884 desideria
3391 1827 3620 1895 erroris,
3697 1823 3786 1880 illi

381 1909 591 1965 Filium
615 1911 873 1968 hominis
905 1919 961 1970 et
992 1913 1202 1970 Filium
1237 1917 1356 1986 Dei,
1389 1921 1446 1973 et
1479 1918 1933 1990 antevirginem,
1967 1922 2023 1973 et

380 2003 513 2070 post
539 2000 825 2072 virginem
858 2002 1038 2058 alium
1071 2009 1244 2076 atque
1262 2005 1442 2061 alium
1468 2012 1892 2078 nuncupantes.
1925 2007 2028 2062 Po-'

382 2091 497 2142 test
518 2093 717 2144 autem
739 2096 793 2146 et
806 2091 974 2146 aliter
1003 2091 1268 2166 intelligi.
1303 2095 1456 2150 Sicut
1484 2099 1534 2150 et
1563 2098 1761 2152 veritas
1791 2097 1849 2151 in
1877 2097 2018 2152 Jcsu.

377 2179 441 2230 In
475 2176 637 2233 nullo
667 2180 1155 2250 patriarcharum,
1187 2183 1246 2237 in
1278 2183 1440 2239 nullo
1473 2185 1910 2256 prophetarum,
1961 2185 2018 2239 in

377 2264 539 2320 nullo
570 2266 968 2338 apostolorum
995 2270 1209 2326 veritas
1242 2271 1368 2342 fuit,
1419 2272 1532 2326 nisi
1582 2273 1640 2328 in
1697 2273 1819 2329 solo
1857 2276 2018 2330 Jesu.

375 2353 490 2409 Alii
523 2355 677 2411 enim
711 2373 778 2412 ex
808 2363 972 2428 parte
1002 2361 1447 2431 cognoscebant,
1481 2366 1537 2416 et
1565 2378 1635 2416 ex
1679 2367 1841 2434 parte
1887 2379 2022 2434 pro-

379 2442 717 2514 pbetabant,
760 2450 817 2500 et
845 2463 948 2517 per
978 2447 1283 2518 speculum
1316 2449 1372 2503 in
1407 2451 1714 2522 mnigmate
1743 2451 2022 2506 videbant

378 2529 421 2606 (Ι
457 2533 582 2586 Cor.
616 2549 739 2604 χιιι,
775 2534 861 2601 13,
899 2534 1007 2603 15).
1066 2537 1126 2589 In
1172 2535 1295 2590 solo
1343 2541 1478 2593 Jesu
1523 2538 1736 2593 veritas
1769 2539 1866 2593 Dei
1919 2555 2020 2610 ap-

375 2619 589 2691 paruit,
625 2637 751 2692 quae
781 2620 1045 2694 loquitur
1073 2623 1468 2682 confidenter:
1514 2627 1618 2698 Ego
1646 2644 1768 2682 sum
1814 2630 2020 2684 veritas

375 2711 560 2775 (Joan.
594 2726 706 2782 xxv,
728 2711 820 2782 6):
861 2729 985 2784 quas
1017 2714 1390 2770 credentibus
1422 2715 1481 2770 in
1526 2732 1587 2771 se
1609 2718 1780 2787 juxta
1827 2716 2022 2774 analo-

374 2796 528 2868 giam
563 2798 697 2855 fidei
730 2800 936 2856 tribuit
965 2801 1312 2858 libertatem.
1349 2804 1458 2868 Qui
1507 2805 1663 2860 enim
1723 2806 2021 2878 cognoscit

371 2886 695 2953 veritatem,
730 2905 763 2943 a
791 2890 1030 2945 veritate
1060 2890 1328 2948 libertate
1359 2893 1631 2949 donatur.
1665 2895 1735 2949 Et
1765 2895 1895 2967 ipsa
1919 2913 2017 2951 ve-

376 2974 518 3031 ritas
549 2981 854 3050 propterea
880 2979 1128 3035 formam
1160 2982 1311 3037 servi
1337 2983 1679 3055 assumpsit,
1712 2989 1769 3040 et
1817 2984 2016 3040 humi-

375 3063 536 3120 liavit
567 3083 648 3136 se,
683 3066 833 3123 facta
866 3069 1146 3126 obediens
1197 3072 1355 3127 Patri
1412 3089 1596 3145 usque
1645 3073 1714 3128 ad
1768 3080 2016 3129 mortem

376 3153 607 3226 (Philip.
646 3173 706 3226 ιι,
738 3157 813 3227 8),
875 3162 937 3212 ut
985 3175 1218 3215 servum
1271 3161 1538 3217 redderet
1587 3161 1858 3219 liberum.
1911 3163 2018 3219 Ubi

376 3241 532 3298 enim
564 3226 805 3316 spiritus
839 3247 935 3302 Dei
968 3253 1076 3314 est,
1109 3248 1188 3304 ibi
1221 3248 1460 3306 libertas
1492 3250 1560 3323 (II
1594 3250 1713 3307 Cor.
1769 3269 1848 3319 ιιι,
1907 3254 2014 3324 17).
2049 3226 2092 3294 C

376 3330 435 3387 Si
465 3331 736 3390 volumus
768 3335 1014 3392 formam
1046 3336 1210 3393 liberi
1243 3337 1302 3393 in
1331 3339 1493 3402 Jesu,
1550 3340 1876 3412 faciemque
1925 3359 2018 3398 co-

376 3438 654 3494 gnoscere
682 3425 963 3492 veritatis,
999 3427 1533 3484 ascendemuscum
1561 3445 1626 3484 eo
1651 3429 1708 3482 in
1733 3435 2017 3501 montem,

374 3511 678 3568 videamus
709 3530 842 3568 eum
874 3516 1358 3588 transfiguratum
1385 3535 1397 3572 :
1427 3518 1526 3573 ubi
1569 3523 1626 3573 et
1671 3519 2022 3574 vestimenta

376 3600 524 3671 ejus,
557 3600 615 3655 id
647 3606 756 3672 est,
789 3604 1101 3675 Scripturae
1134 3622 1260 3677 quas
1292 3607 1362 3662 de
1392 3623 1458 3662 eo
1486 3607 1864 3673 annuntiant,
1915 3609 2023 3664 im-

377 3693 700 3758 mutantur,
733 3695 790 3746 et
822 3691 1047 3765 Moyses
1078 3710 1312 3767 quoque
1343 3700 1400 3751 et
1430 3695 1604 3761 Elias,
1654 3696 1711 3751 id
1763 3701 1870 3764 est,
1931 3697 2022 3753 lex

375 3781 431 3832 et
463 3777 756 3850 prophetre
784 3781 1058 3836 videntur
1092 3781 1151 3838 in
1185 3783 1372 3856 gloria
1426 3783 1633 3852 (Matth.
1688 3802 1824 3855 xvn,
1875 3786 2017 3858 2-6).

377 3865 645 3930 Quandiu
675 3869 960 3927 Dominus
990 3872 1238 3928 formam
1296 3873 1445 3929 servi
1491 3890 1606 3928 non
1655 3879 1864 3944 mutat,
1917 3891 2021 3931 nec

374 3957 638 4014 ascendit
667 3958 725 4013 in
759 3963 1040 4032 montem,
1074 3961 1164 4018 lex
1193 3962 1251 4017 in
1283 3963 1576 4029 sordibus,
1611 3963 1904 4035 prophetae
1960 3964 2019 4019 in

376 4045 647 4118 squalore
677 4053 1006 4104 versantur.
1040 4050 1183 4106 Cum
1215 4050 1315 4106 ille
1341 4051 1409 4106 ad
1433 4052 2022 4122 superioraconscen-

376 4135 545 4202 derit,
577 4139 633 4192 et
661 4138 1011 4195 vestimenta
1040 4157 1149 4195 sua
1175 4139 1424 4196 voluerit
1462 4139 1796 4207 immutare,
1847 4141 2018 4196 intel-

373 4222 678 4295 lectusque
734 4227 803 4281 de
854 4244 1019 4284 servo
1077 4227 1252 4284 fuerit
1294 4226 1487 4283 clarus
1547 4233 1604 4282 et
1654 4228 1821 4295 liber,
1881 4234 2020 4285 tunc

376 4311 562 4382 Moysi
593 4329 826 4385 quoque
856 4319 913 4370 et
933 4315 1091 4384 Elite,
1115 4321 1173 4372 et
1202 4317 1398 4387 facies,
1431 4321 1488 4372 et
1517 4317 1868 4374 vestimenta
1890 4336 2020 4374 mu-

375 4403 592 4455 tantur.

445 4489 632 4560 (Vers.
664 4491 752 4545 22.

2135 1934 2263 1973 esse
2313 1919 2677 1975 contrarium
2711 1919 2866 1991 quod
2897 1918 2955 1972 in
2988 1915 3098 1972 alio
3132 1915 3256 1972 loco
3314 1914 3598 1986 scriptum
3649 1917 3780 1969 est:

2133 2011 2200 2063 Et
2227 2010 2280 2062 si
2302 2011 2544 2064 exterior
2569 2016 2752 2063 noster
2789 2008 2944 2063 homo
2973 2006 3384 2076 corrumpitur:
3413 2002 3528 2058 sed
3571 2004 3622 2057 is
3679 2003 3781 2073 qui

2131 2097 2372 2153 interior
2400 2101 2499 2167 est,
2531 2100 2831 2152 renovatur
2873 2096 2938 2151 de
2965 2095 3055 2150 die
3106 2096 3166 2149 in
3213 2093 3360 2148 diem
3391 2092 3466 2162 (II
3514 2090 3634 2147 Cor.
3692 2107 3766 2145 ιν.

2134 2186 2221 2256 16]
2281 2185 2417 2258 quia
2455 2185 2747 2257 corruptio
2795 2183 3093 2241 exterioris
3141 2180 3419 2246 hominis,
3484 2179 3780 2236 interioris

2130 2273 2388 2330 hominis
2418 2275 2713 2331 renovatio
2744 2279 2868 2346 est:
2898 2277 2955 2330 et
2985 2276 3205 2339 contra,
3238 2269 3530 2325 interioris
3579 2268 3777 2324 homi-

2132 2361 2224 2417 nis
2290 2363 2606 2436 corruptio,
2665 2361 2967 2418 exterioris
3025 2365 3114 2416 est
3157 2358 3522 2416 restauratio.
3600 2359 3778 2412 {Esti—

2133 2455 2252 2507 met
2297 2451 2512 2524 aliquis
2571 2451 2915 2524 simpliciter
2962 2449 3206 2506 Paulum
3261 2447 3452 2535 loqui:
3511 2447 3570 2502 Si
3653 2448 3778 2519 quis

2129 2542 2392 2612 templum
2448 2542 2546 2596 Dei
2599 2542 2923 2612 corrumpit,
3011 2545 3319 2609 corrumpet
3374 2537 3541 2592 illum
3593 2536 3772 2590 Deus:

2131 2631 2394 2701 templum
2445 2631 2593 2686 enim
2651 2631 2746 2686 Dei
2799 2632 3050 2685 sanctum
3079 2631 3175 2697 est,
3215 2625 3356 2698 quod
3409 2627 3536 2681 estis
3585 2640 3676 2679 vos
3729 2623 3779 2694 (ι
3852 2678 3854 2680 ,

2130 2717 2251 2773 Cor.
2276 2735 2358 2784 ιιι,
2394 2719 2503 2790 17).
2535 2719 2647 2774 Sed
2675 2719 2822 2774 forte
2844 2721 2902 2772 et
2931 2716 3011 2772 ibi
3043 2715 3180 2771 alibi
3205 2714 3416 2785 latitat,
3443 2714 3598 2785 quod
3618 2713 3774 2785 apud

2129 2823 2236 2862 nos
2267 2807 2496 2862 videtur
2533 2806 2966 2863 absconditum.
2998 2805 3055 2860 Si
3087 2803 3371 2876 templum
3396 2803 3493 2858 Dei
3527 2818 3644 2857 non
3676 2818 3776 2856 su-

2131 2912 2284 2963 mus,
2318 2897 2642 2951 secundum
2675 2895 2734 2950 id
2767 2895 2921 2967 quod
2955 2893 3260 2950 scribitur:
3295 2891 3570 2960 Templum
3627 2892 3779 2945 enim

2129 2987 2238 3041 Dei
2261 2989 2514 3041 sanctum
2543 2989 2638 3053 est,
2672 2985 2813 3058 quod
2841 2985 2970 3040 estis
3001 2999 3093 3039 vos
3123 2982 3306 3053 (lbid.)
3328 2999 3346 3036 :
3402 2985 3459 3036 et
3487 2979 3640 3036 alius
3688 2983 3778 3035 est

2129 3075 2229 3146 qui
2260 3074 2580 3146 corrumpit
2609 3073 2895 3145 templum
2929 3071 3047 3142 Dei,
3081 3070 3237 3126 aliud
3261 3070 3416 3141 quod
3443 3067 3774 3140 corrumpi-

2131 3167 2246 3228 tur,
2279 3163 2657 3235 quaerendum
2690 3161 2823 3234 quis
2874 3161 2951 3217 sit
3002 3160 3100 3216 ille
3157 3159 3258 3231 qui
3307 3157 3595 3230 templum
3649 3173 3777 3212 cor-

2130 3256 2367 3325 rumpat
2398 3251 2519 3308 Dei.
2553 3251 2611 3306 Si
2669 3249 2960 3306 inveneris
3009 3249 3210 3326 hostes
3239 3247 3588 3313 Jerusalem,
3649 3263 3776 3302 cor-

2130 3345 2468 3413 rumpentes
2497 3344 2671 3412 atque
2700 3339 2986 3395 violantes
3017 3338 3304 3410 templum
3349 3353 3419 3391 ex
3474 3335 3777 3408 lapidibus

2129 3434 2515 3494 exstructum,
2549 3427 2773 3484 videbis
2803 3427 3267 3500 pariteromnem
3297 3428 3774 3496 corrumpentem

2129 3524 2186 3575 et
2207 3517 2519 3574 violantem
2550 3516 2837 3588 templum
2874 3515 2994 3584 Dei,
3027 3531 3202 3588 quem
3229 3522 3564 3587 corrumpet
3579 3518 3636 3568 et
3654 3513 3775 3567 vio-

2130 3607 2274 3664 labit
2302 3607 2479 3673 Deus,
2513 3605 2803 3662 ulciscens
2833 3604 3264 3677 corruptionem
3294 3601 3498 3674 templi
3521 3601 3632 3657 sui.
3661 3601 3774 3657 Ve-

2131 3699 2464 3752 rumtamen
2496 3699 2553 3750 et
2595 3693 2881 3767 templum
2934 3694 3087 3765 quod
3144 3709 3208 3748 se
3258 3691 3508 3764 praebuit
3555 3690 3776 3762 (vivens

2133 3786 2370 3859 quidem
2400 3789 2490 3842 est
2520 3788 2694 3856 atque
2725 3782 3024 3854 sensibile)
3049 3781 3283 3838 insidiis
3319 3779 3772 3852 corrumpentis,

2131 3875 2255 3930 fuet
2276 3891 2499 3947 pcenas,
2532 3891 2634 3947 per
2662 3873 2771 3928 huc
2801 3873 2998 3944 ipsum
3029 3872 3187 3944 quod
3214 3874 3554 3942 corruptum
3601 3872 3778 3940 atque

2130 3963 2432 4033 violatum,
2467 3964 2738 4036 spiritum
2773 3959 3230 4033 incorruptionis
3257 3959 3476 4016 amisit.

2205 4054 2391 4125 (Vers.
2422 4055 2512 4108 23.
2543 4052 2657 4124 2i.)
2690 4075 2718 4101 «
2746 4050 3127 4106 Renovamini
3159 4053 3354 4105 autem
3387 4047 3598 4121 spiritu
3645 4063 3777 4102 sen-

2132 4159 2234 4198 sus
2265 4142 2438 4198 vestri
2467 4157 2478 4195 :
2519 4140 2822 4203 etinduite
2853 4155 3068 4195 novum
3099 4137 3420 4204 hominem,
3455 4136 3554 4208 qui
3569 4151 3778 4191 secun-

2133 4231 2274 4286 dum
2327 4235 2507 4286 Deum
2548 4233 2777 4284 creatus
2829 4233 2938 4294 est,
2970 4227 3029 4282 in
3076 4215 3312 4298 juStitia
3366 4229 3425 4280 et
3466 4223 3779 4280 sanctitate

2128 4319 2409 4376 veritatis.
2439 4341 2459 4368 ι
2495 4319 2610 4374 Nec
2626 4318 2684 4373 in
2708 4333 2886 4373 sensu
2908 4332 3257 4372 renovamur
3286 4314 3508 4386 absque
3538 4312 3772 4386 spiritu,

2130 4425 2234 4465 nec
2264 4409 2323 4464 in
2364 4408 2575 4481 spiritu
2603 4408 2825 4478 absque
2854 4422 3030 4462 sensu
3058 4423 3071 4474 ;
3105 4405 3207 4461 sed
3238 4419 3589 4460 renovamur
3636 4418 3776 4457 con-

838 4514 865 4541 «
900 4492 1196 4566 Deponere
1233 4512 1334 4551 vos
1392 4495 1712 4552 secundum
1763 4497 2014 4568 priorem
2119 4498 2326 4569 juncte
2357 4497 2416 4552 in
2451 4495 2659 4568 spiritu
2691 4497 2845 4552 626
2879 4511 3090 4551 sensus
3123 4493 3339 4549 nostri:
3385 4496 3452 4546 ut
3480 4491 3778 4562 quomodo

373 4579 869 4636 conversationem
885 4586 1135 4638 veterem
1160 4585 1481 4651 hominem,
1504 4585 2018 4658 quicorrumpitur
2045 4595 2094 4660 Β
2125 4585 2435 4658 psallimus
2467 4584 2701 4658 spiritu,
2731 4583 3041 4656 psallimus
3073 4587 3131 4639 et
3159 4597 3359 4649 sensu,
3391 4596 3628 4636 oramus
3663 4579 3779 4652 spi-

361 4666 533 4737 juxta
561 4666 850 4736 desideria
875 4671 1108 4727 erroris.
1140 4695 1160 4721 ι
1197 4673 1343 4738 Quia
1371 4674 1664 4729 videretur
1693 4675 1863 4743 juxta
1921 4691 2012 4729 or-

370 4755 590 4821 dinem,
645 4761 985 4831 textumque
1015 4762 1304 4816 scrmonis
1335 4766 1556 4818 scatere
1586 4763 1894 4826 sententia,
1931 4764 2014 4819 sic

369 4843 680 4917 legendum
715 4851 839 4903 est:
880 4849 972 4904 Vos
1000 4852 1186 4904 autem
1240 4867 1355 4904 non
1407 4852 1485 4904 ita
1533 4849 1806 4906 didicistis
1854 4851 2016 4908 Chri-

369 4938 515 4990 stum
539 4935 612 5005 (si
631 4938 819 4990 tamen
851 4938 1017 4993 illum
1045 4937 1302 5008 audistis,
1333 4947 1382 4994 et
1429 4941 1485 4992 in
1547 4939 1643 4995 illo
1689 4940 1831 4995 docti
1871 4943 2016 5013 estis)

369 5021 633 5094 deponere
658 5041 748 5080 vos
777 5027 1074 5082 secundum
1123 5030 1366 5100 priorem
1417 5031 1882 5085 conversationem
1928 5047 2015 5086 ve-

369 5120 536 5168 terem
563 5112 858 5187 hominem,
891 5119 993 5188 qui
1019 5121 1396 5190 corrumpitur
1415 5120 1583 5190 juxta
1629 5118 1899 5174 desideria
1926 5137 2016 5176 er-

368 5203 518 5258 roris
539 5220 558 5257 :
585 5204 726 5260 sicut
745 5209 823 5261 est
843 5208 1043 5262 veritas
1073 5209 1130 5262 in
1161 5209 1291 5263 Iesu
1317 5225 1336 5262 :
1385 5211 1450 5263 ut
1496 5207 1574 5264 sit
1593 5224 1837 5265 sensus:
1871 5210 2018 5274 Quo-

368 5291 542 5346 modo
574 5297 662 5348 est
689 5293 904 5350 veritas
935 5294 993 5350 in
1028 5295 1192 5361 Jesu,
1228 5295 1311 5351 sic
1350 5297 1462 5352 erit
1490 5301 1548 5352 et
1597 5297 1653 5351 in
1701 5296 1864 5354 vobis
1914 5297 2014 5370 qui

368 5379 658 5437 didicistis
690 5382 1013 5448 Christum,
1043 5387 1100 5439 et
1121 5385 1372 5440 audistis
1398 5384 1588 5450 illum,
1614 5390 1672 5441 et
1695 5386 1848 5441 docti
1873 5386 2015 5442 estis

367 5469 656 5542 deponere
687 5473 1012 5528 secundum
1046 5472 1298 5545 priorem
1330 5476 1825 5532 conversationem
1860 5480 2013 5532 vete-

370 5574 490 5613 rem
523 5559 844 5628 hominem,
907 5562 1006 5633 qui
1066 5562 1462 5635 corrumpitur
1511 5566 1679 5636 juxta
1725 5565 2015 5622 desideria

367 5647 600 5707 erroris.
634 5648 899 5709 Veterem
931 5655 1127 5710 autem
1158 5651 1477 5724 hominem,
1527 5670 1701 5741 quem
1751 5653 2015 5728 prmoipit

2125 4675 2267 4742 ritu,
2300 4691 2538 4732 oramus
2567 4678 2625 4730 et
2655 4691 2756 4730 seu
2784 4691 2797 4728 :
2833 4673 2916 4728 sic
2969 4673 3030 4728 in
3063 4671 3276 4744 spiritu
3325 4685 3538 4726 sensus
3587 4667 3774 4724 nostri

2123 4780 2511 4821 renovamur:
2547 4767 2612 4819 ut
2641 4780 2772 4818 cum
2826 4778 3040 4818 sensus
3090 4761 3351 4816 mundus
3382 4757 3560 4815 fuerit
3599 4762 3776 4830 atque

2128 4858 2432 4927 purgatus,
2466 4856 2522 4908 et
2551 4853 2624 4908 ab
2653 4851 2815 4909 omni
2841 4851 3072 4906 macula
3101 4849 3352 4906 sordida;
3384 4845 3775 4904 concretionis

2127 4943 2384 4999 alienus:
2419 4946 2559 4997 tunc
2579 4941 2628 4997 ei
2655 4941 2944 5012 jungatur
2973 4943 3030 4994 et
3050 4937 3314 5012 spiritus,
3346 4941 3404 4992 et
3424 4933 3776 5008 itaquodam

2125 5031 2277 5087 inter
2307 5047 2368 5088 se
2394 5029 2637 5086 unitatis
2666 5028 2892 5102 glutino
2909 5027 3272 5101 copulentur,
3299 5030 3365 5082 ut
3398 5039 3775 5097 nequaquam

2126 5119 2374 5193 simplex
2403 5119 2669 5193 spiritus,
2693 5119 2795 5175 sed
2826 5117 3072 5191 spiritus
3103 5132 3316 5173 sensus
3344 5130 3473 5171 esse
3521 5112 3773 5168 dicatur.

2124 5209 2270 5266 Cum
2303 5213 2499 5265 autem
2531 5207 2790 5265 renovati
2821 5205 3110 5263 fuerimus
3129 5204 3189 5261 in
3208 5203 3438 5278 spiritu,
3462 5201 3564 5274 qui
3586 5199 3776 5257 nostri

2125 5315 2336 5355 sensus
2367 5303 2456 5355 est
2485 5297 2765 5371 spiritus:
2798 5300 2940 5352 tunc
2971 5296 3288 5353 induemur
3317 5307 3531 5350 novum
3580 5289 3775 5348 homi-

2124 5404 2280 5453 nem,
2313 5388 2412 5460 qui
2444 5387 2770 5444 secundum
2802 5386 2986 5442 Deum
3021 5389 3253 5442 creatus
3282 5387 3391 5441 est.
3423 5382 3587 5447 Quod
3647 5380 3776 5454 qui-

2124 5479 2253 5534 dem
2290 5477 2418 5534 aliis
2447 5477 2639 5534 verbis
2669 5476 2932 5550 idipsum
2957 5479 3098 5550 puto
3149 5491 3298 5543 esse,
3358 5472 3513 5546 quod
3553 5471 3616 5527 in
3657 5469 3772 5526 alio

2122 5566 2246 5624 loco
2280 5567 2526 5624 dicitur:
2558 5565 2774 5623 lnduite
2822 5582 2913 5622 vos
2945 5564 3194 5621 Chritum
3220 5565 3405 5621 Jesum
3435 5561 3611 5634 (Rom.
3641 5575 3771 5628 xm,

2127 5655 2236 5728 14).
2296 5657 2411 5716 Iste
2466 5655 2685 5730 quippe
2737 5657 2828 5713 est
2878 5670 3060 5715 novus
3111 5653 3311 5723 homo,
3349 5667 3466 5726 quo
3510 5646 3768 5709 universi
