4144 6202
370 359 486 426 BH

1043 362 1559 432 COMMENTAR.
1606 365 1686 428 IN
1730 365 1982 428 EPIST.
2025 365 2130 428 AD
2171 365 2450 430 EPHES.
2495 366 2644 429 LIB.
2689 368 2766 430 ll.
2813 367 2984 430 CAP.
3027 355 3130 430 IV.

3658 360 3778 426 542

372 495 676 552 credentes
706 493 990 552 debemus
1034 497 1197 552 indui
1236 503 1412 571 atque
1440 500 1660 555 vestiri.
1686 500 1829 566 Quid
1865 499 2019 555 enim
2051 501 2104 567 Α
2137 499 2268 554 dem
2313 503 2370 555 et
2417 501 2475 555 in
2524 499 2649 572 lege
2698 503 3049 573 praceptum
3101 502 3233 555 est:
3275 499 3388 556 Non
3441 496 3780 555 adulterabis

380 583 438 640 in
473 583 712 640 homine
742 586 841 658 qui
891 603 923 640 a
968 585 1261 642 Salvatore
1295 592 1488 644 nostro
1521 594 1864 661 assumptus
1913 593 2022 656 est,

373 690 490 730 non
525 691 739 729 novum
781 674 930 729 fuit?
967 675 1313 748 Conceptus,
1349 677 1646 744 nativitas,
1679 683 1900 750 partus,
1934 678 2024 733 in-

373 762 579 830 fantia,
611 763 904 832 doctrina,
951 765 1091 829 vita,
1125 765 1366 821 virtutes
1405 784 1418 822 :
1452 771 1508 822 et
1557 767 1627 822 ad
1676 773 2022 838 extremum,

370 868 511 907 crux
551 856 608 907 et
639 853 857 923 passio,
889 853 1268 925 exspoliantis
1311 855 1370 910 in
1419 871 1486 910 ea
1518 855 1880 928 principatus
1909 856 2025 927 (Co-

370 940 497 997 loss.
524 958 587 1008 ιι,
615 942 725 1011 15),
765 947 821 996 et
872 943 1192 998 contrarias
1225 944 1597 1000 fortitudines
1636 945 1886 1000 ostentui
1920 945 2023 1000 ha-

370 1027 565 1085 bentis
596 1030 776 1099 (Hebr.
802 1047 880 1096 v1,
914 1032 1007 1101 6):
1046 1033 1392 1088 resurrectio
1439 1050 1671 1105 quoque
1717 1039 1773 1089 et
1821 1050 2020 1089 ascen-

368 1134 477 1174 sus
508 1117 581 1172 ad
613 1117 840 1175 caelum.
870 1119 973 1175 Hie
1003 1137 1140 1193 ergo
1167 1139 1298 1177 vere
1329 1128 1556 1178 creatus
1587 1127 1675 1178 est
1703 1123 1760 1177 in
1786 1123 2024 1193 justitia

369 1209 430 1262 et
484 1207 792 1262 sanctitate
819 1209 1080 1265 veritatis
1116 1231 1129 1272 ς
1163 1211 1302 1282 quia
1349 1211 1503 1266 Deus
1532 1227 1723 1281 verus,
1752 1211 1851 1267 Dei
1901 1211 2021 1267 veri

369 1295 554 1352 Filius
586 1296 717 1366 fuit,
749 1302 806 1351 et
835 1301 954 1353 tota
986 1298 1045 1353 in
1090 1297 1188 1354 illo
1231 1299 1432 1372 religio
1464 1305 1638 1372 atque
1661 1299 1896 1372 justitia
1924 1300 2019 1356 Dei

364 1384 608 1440 veritate
657 1385 950 1457 completa
989 1392 1096 1445 est.
1131 1389 1238 1453 Qui
1289 1389 1468 1459 igitur
1519 1389 2019 1446 conversationem

367 1472 532 1530 illius
571 1473 790 1528 imitari
841 1480 1050 1546 potest,
1081 1481 1137 1532 et
1180 1477 1484 1534 universas
1514 1478 1573 1532 in
1607 1495 1667 1534 se
1697 1479 2021 1551 exprimere

366 1561 634 1634 virtutes,
657 1567 717 1618 et
737 1564 815 1619 sit
846 1571 1214 1632 mansuetus,
1239 1567 1389 1622 sicut
1411 1567 1520 1622 fuit
1549 1567 1647 1623 ille
1675 1571 2020 1624 mansuetus

367 1654 426 1707 et
454 1651 697 1708 humilis
745 1653 917 1708 corde
948 1655 1157 1721 (Matth.
1190 1673 1270 1722 x1,
1299 1657 1412 1727 29),
1444 1661 1502 1711 et
1531 1661 1710 1728 ponat
1760 1655 2018 1712 animam

371 1756 541 1796 suam
573 1757 678 1811 pro
709 1741 915 1797 amicis
948 1743 1124 1814 (Joan.
1157 1761 1248 1812 xv,
1285 1745 1393 1815 13),
1428 1750 1492 1799 ut
1532 1744 1628 1800 ille
1687 1745 1884 1816 posuit
1915 1762 2018 1816 pro

2133 605 2360 644 uxorem
2384 591 2632 660 proximi
2651 591 2741 645 tui
2760 590 2956 660 (Exod.
2979 607 3071 657 xx,
3098 588 3204 648 17).
3228 588 3287 643 Si
3319 588 3618 660 proximus
3648 593 3781 642 tan-

2133 681 2256 732 tum
2318 679 2685 750 propinquus
2731 678 2819 734 vel
2875 678 3101 734 amicus
3157 677 3458 749 accipitur,
3491 677 3778 732 adulteria

2134 766 2192 822 in
2238 767 2460 823 alienos
2509 769 2646 838 jure
2701 768 3021 840 permittit;
3073 767 3171 822 sed
3234 765 3560 837 proximum
3612 769 3780 820 vocat

2119 872 2368 911 omnem
2400 855 2721 926 hominem,
2745 857 2842 925 qui
2873 873 2941 912 ex
2972 857 3173 912 eodem
3201 855 3508 911 nobiscum
3540 858 3778 926 parente

2134 951 2446 1016 generatus
2477 950 2583 1000 est.
2613 946 2773 1010 Quod
2808 945 3042 1017 quidem
3075 950 3131 1000 et
3160 943 3436 1017 parabola
3465 942 3567 998 illa
3595 942 3778 1015 signi-

2135 1034 2287 1104 ﬁcat,
2319 1035 2390 1089 de
2416 1033 2744 1089 Jerusalem
2791 1033 3022 1089 Jericho
3061 1034 3318 1089 hominis
3347 1032 3776 1100 descendentis,

2134 1123 2233 1194 qui
2267 1122 2470 1178 incidit
2499 1123 2558 1178 in
2591 1123 2844 1178 latrones
2873 1139 2885 1178 :
2919 1126 2975 1178 et
3003 1123 3300 1178 sacerdote
3329 1125 3386 1177 et
3417 1121 3612 1177 Levita
3640 1138 3780 1193 prae-

2132 1212 2518 1282 tereuntibus,
2545 1229 2578 1267 a
2626 1211 2992 1268 Samaritano
3024 1215 3263 1267 curatus
3293 1215 3400 1278 est,
3434 1215 3492 1266 et
3539 1211 3610 1266 ad
3659 1215 3777 1266 sta-

2132 1299 2425 1356 bularium
2473 1305 2739 1356 revectus
2769 1302 2918 1371 (Luc.
2950 1318 3006 1370 x,
3038 1301 3248 1371 30-35).
3283 1299 3552 1354 Affirmat
3578 1304 3774 1355 autem

2132 1399 2264 1460 post
2310 1389 2432 1444 haec
2479 1389 2764 1444 Dominus
2799 1406 2934 1445 eum
2983 1405 3111 1445 esse
3154 1388 3506 1461 proximum,
3541 1388 3639 1460 qui
3691 1386 3777 1442 illi

2132 1476 2592 1534 misericordiam
2644 1478 2842 1534 fecerit
2888 1477 3046 1550 (Ibid.
3071 1479 3160 1545 36,
3193 1478 3307 1548 37),
3336 1476 3536 1532 volens
3585 1481 3777 1533 osten-

2130 1566 2266 1621 dere
2297 1583 2501 1622 omnes
2551 1566 2839 1632 homines,
2873 1567 3148 1623 omnibus
3186 1582 3315 1622 esse
3363 1565 3676 1639 proximos.
3710 1569 3777 1620 Et

2129 1654 2236 1710 hoc
2281 1656 2519 1727 quidem
2581 1655 2665 1710 sic
2723 1655 3087 1712 intellectum
3146 1655 3392 1710 adiﬁcat
3447 1653 3772 1710 audientes.

2128 1745 2411 1798 Caeterum
2443 1742 2499 1798 id
2533 1745 2686 1815 quod
2721 1744 3022 1816 sequitur:
3049 1746 3316 1814 Quoniam
3343 1759 3533 1799 sumus
3561 1743 3774 1798 alterno

366 1828 570 1884 ovibus
622 1830 748 1885 suis
794 1832 973 1902 (Joan.
1006 1850 1062 1900 x,
1094 1832 1150 1904 2)
1183 1849 1196 1888 :
1231 1835 1569 1889 verberatus
1618 1850 1733 1889 non
1768 1849 2013 1905 respon-
2043 1874 2091 1932 Β
2124 1841 2278 1887 trum
2328 1832 2592 1899 membra,
2629 1832 2818 1904 magis
2845 1833 3073 1889 videtur
3104 1832 3246 1888 mihi
3277 1831 3608 1904 signiﬁcare
3655 1848 3779 1904 my-

365 1917 540 1974 deat:
577 1916 924 1975 maledictus
973 1936 1088 1976 non
1139 1920 1531 1989 remaledicat,
1565 1924 1666 1978 sed
1716 1923 1908 1978 vincat
1955 1923 2012 1977 in

367 2005 702 2062 humilitate
733 2009 1070 2080 superbiam
1095 2027 1107 2064 :
1132 2009 1242 2066 iste
1275 2010 1517 2066 indutus
1547 2016 1635 2067 est
1665 2028 1880 2066 novum
1912 2011 2015 2067 ho-

371 2094 618 2163 minem,
652 2100 708 2150 et
737 2096 930 2153 dicere
961 2114 1096 2154 cum
1127 2099 1404 2171 Apostolo
1436 2105 1662 2173 potest:
1695 2103 1816 2156 Vivo
1837 2109 2018 2156 autem

367 2184 484 2252 iam
512 2201 625 2240 non
653 2201 771 2253 ego,
786 2187 921 2242 vivit
951 2203 1076 2243 vero
1105 2189 1166 2242 in
1194 2204 1280 2244 me
1311 2189 1562 2244 Christus
1583 2189 1782 2259 (Galat.
1809 2207 1872 2259 ιι,
1891 2191 2014 2261 2Ο);

367 2277 428 2328 et
457 2289 471 2327 :
504 2274 805 2330 lmitatores
834 2291 938 2331 mei
985 2279 1166 2342 estote,
1196 2279 1340 2333 sicut
1369 2284 1421 2333 et
1455 2294 1550 2346 ego
1581 2279 1788 2334 Christi
1818 2278 1864 2349 (I
1893 2278 2010 2334 Cor.

367 2379 448 2427 ιι,
475 2363 545 2433 1).
582 2363 772 2419 Potest
801 2381 1034 2436 quoque
1065 2366 1240 2421 verba
1267 2366 1512 2422 Joannis
1543 2382 1880 2423 assumere:
1912 2368 2019 2436 Qui

363 2448 506 2506 dicit
533 2467 590 2506 se
634 2455 691 2506 in
745 2453 956 2508 Christo
983 2453 1218 2522 credere,
1250 2454 1403 2510 debet
1430 2457 1574 2510 sicut
1622 2457 1719 2510 ille
1764 2456 2015 2511 ambula-

362 2541 468 2604 vit,
517 2549 572 2595 et
628 2543 742 2612 ipse
800 2543 1084 2597 ambulare
1112 2543 1161 2613 (I
1201 2545 1358 2599 Joan.
1395 2561 1456 2610 ιι,
1488 2546 1563 2611 6).
1599 2545 1759 2610 Quod
1819 2549 2013 2600 autem

364 2627 445 2684 ait
477 2647 491 2686 :
541 2633 653 2700 Qui
698 2631 995 2686 secundum
1020 2633 1189 2687 Deum
1217 2637 1430 2688 creatus
1454 2637 1554 2699 est,
1591 2650 1704 2687 non
1755 2633 2014 2704 idipsum

364 2722 534 2773 sonat
590 2717 646 2774 in
709 2719 913 2774 Latino
964 2736 1232 2776 sermone
1279 2721 1434 2792 quod
1485 2721 1746 2777 Graeco‘.
1791 2722 2014 2777 Creatio

363 2806 580 2878 quippe
619 2809 773 2879 apud
824 2825 954 2874 nos,
983 2812 1286 2879 generatio,
1319 2810 1404 2865 vel
1461 2812 1720 2866 nativitas
1751 2810 1968 2866 dicitur
1998 2828 2011 2866 :

363 2895 519 2966 apud
553 2896 778 2952 Grecos
809 2913 940 2952 vero
992 2898 1102 2953 sub
1149 2898 1386 2954 nomine
1416 2899 1748 2967 creationis,
1772 2899 2011 2956 verbum

360 2986 593 3056 factum
618 2989 676 3040 et
703 2985 1033 3042 conditionis
1082 2987 1388 3059 accipitur.
1421 2989 1491 3043 Et
1521 2989 1676 3060 quod
1723 2988 1875 3059 apud
1910 3004 2014 3043 nos

362 3075 632 3144 conditio,
667 3075 776 3130 hoc
825 3075 980 3146 apud
1013 3075 1242 3132 Grascos
1283 3079 1488 3132 creatio
1528 3081 1716 3132 sonat.
1751 3075 1913 3132 Unde
1961 3080 2017 3132 et

363 3161 603 3218 haeresis
630 3162 1189 3220 621'nativitatem
1225 3164 1434 3220 Christi
1489 3165 1876 3232 calumnians,
1911 3165 2013 3220 Sa-

2127 1921 2395 1985 sterium,
2427 1925 2484 1976 et
2531 1922 2600 1977 de
2628 1921 2720 1976 his
2751 1921 2962 1987 dicere,
2986 1923 3085 1992 qui
3131 1921 3300 1977 nobis
3332 1921 3446 1976 fide
3477 1924 3536 1975 et
3563 1920 3775 1975 virtute

2126 2015 2265 2066 sunt
2294 2010 2563 2082 proximi.
2587 2010 2845 2065 Membra
2867 2009 3084 2082 quippe
3109 2009 3450 2065 alterutrum
3476 2025 3591 2064 non
3612 2011 3773 2073 sunt,

2125 2099 2239 2154 nisi
2274 2099 2472 2154 ﬁdeles
2523 2097 2806 2166 fidelium,
2849 2102 2906 2154 et
2936 2097 3251 2154 Christiani
3283 2097 3770 2161 Christianorum,

2125 2191 2182 2242 et
2213 2186 2474 2258 perfecti,
2507 2201 2708 2242 eorum
2759 2185 2858 2257 qui
2908 2191 3047 2242 sunt
3088 2185 3291 2259 plenis,
3325 2190 3773 2242 consummatae-

2125 2291 2237 2347 que
2266 2275 2518 2332 virtutis.
2553 2279 2793 2346 Propter
2824 2277 2977 2348 quod
3031 2274 3245 2330 Paulus
3293 2274 3432 2346 ipse
3457 2274 3769 2346 perfectus,

2125 2363 2185 2419 in
2217 2365 2368 2420 6'28
2421 2363 2681 2436 Epistola
2711 2365 2825 2419 alia
2855 2364 3204 2436 loquebatur
3238 2381 3250 2419 :
3283 2363 3623 2435 Sapientiam
3669 2381 3770 2418 au-

2123 2457 2233 2509 tem
2291 2454 2570 2524 loquimur
2621 2455 2765 2510 inter
2812 2457 3075 2525 perfectos
3114 2454 3161 2524 (I
3203 2455 3330 2511 Cor.
3385 2471 3446 2522 ιι,
3496 2453 3574 2524 6).
3624 2453 3773 2524 Ergo

2125 2541 2232 2598 hoc
2255 2543 2446 2613 jubet,
2481 2545 2536 2598 et
2587 2543 2994 2615 unusquisque
3043 2542 3291 2615 mystica
3321 2557 3569 2614 quaeque
3599 2545 3774 2614 atque

2124 2635 2370 2696 secreta,
2403 2636 2459 2686 et
2488 2648 2556 2687 ea
2586 2648 2712 2704 qua:
2756 2631 2848 2687 Dei
2883 2631 3123 2686 veritate
3154 2635 3293 2686 sunt
3343 2629 3534 2702 plena,
3567 2629 3773 2702 loqua-

2124 2723 2220 2775 tur
2245 2736 2381 2774 cum
2414 2720 2677 2792 proximo
2707 2738 2834 2784 suo,
2869 2724 2926 2775 et
2955 2719 3080 2776 dies
3112 2719 3225 2776 diei
3256 2723 3476 2776 eructet
3503 2719 3769 2785 verbum,

2122 2813 2179 2865 et
2239 2826 2348 2864 nox
2407 2809 2560 2864 nocti
2624 2809 2840 2865 indicet
2892 2809 3196 2865 scientiam
3260 2809 3429 2878 (Psal.
3484 2825 3642 2873 xvm,
3693 2808 3771 2878 3),

2123 2897 2232 2953 hoc
2264 2902 2374 2964 est,
2407 2897 2564 2953 clara
2593 2915 2839 2970 quisque
2869 2903 2926 2954 et
2960 2897 3212 2953 lucentia
3259 2896 3351 2952 his
3398 2895 3636 2963 indicet,
3669 2896 3770 2966 qui

2124 2991 2422 3042 merentur
2471 2987 2718 3042 audire:
2761 2989 2855 3042 Vos
2884 2989 3014 3043 estis
3065 2987 3251 3041 lumen
3307 2985 3505 3039 mundi
3553 2984 3768 3053 (Matth.

2122 3091 2176 3139 v,
2213 3076 2320 3145 14).
2352 3075 2527 3130 Porro
2559 3077 2870 3131 tenebrosa
2901 3080 2958 3131 et
2987 3074 3266 3141 involuta,
3299 3080 3354 3130 et
3383 3073 3543 3130 omni
3577 3089 3770 3129 sacra-

2125 3167 2459 3218 mentorum
2519 3168 2684 3219 nocte
2736 3163 2946 3230 velata,
2979 3164 3072 3219 his
3123 3163 3353 3229 referat,
3386 3162 3484 3234 qui
3545 3166 3603 3218 et
3658 3161 3770 3232 ipsi

360 3251 618 3307 lomonis
668 3258 915 3324 usurpat
965 3253 1295 3326 exemplum
1331 3271 1343 3308 :
1377 3256 1650 3310 Dominus
1697 3256 1900 3309 creavit
1931 3270 2018 3309 me
2046 3240 2089 3306 C
2129 3269 2260 3319 nox,
2293 3253 2564 3320 tenebras,
2599 3252 2685 3308 vel
2726 3252 2910 3325 caligo
2951 3257 3108 3321 sunt,
3142 3253 3213 3308 de
3243 3251 3460 3324 quibus
3508 3250 3724 3307 dicitur
3757 3267 3771 3306 :

363 3341 596 3396 initium
625 3342 844 3396 viarum
871 3358 1104 3397 suarum
1132 3345 1315 3411 (Prov.
1342 3359 1463 3411 vm,
1493 3343 1604 3412 22).
1639 3342 2019 3398 Consideran-

362 3429 506 3485 dum
538 3430 738 3502 igitur,
775 3430 914 3502 quia
945 3432 1160 3487 creatio
1203 3440 1377 3504 atque
1423 3431 1678 3487 conditio
1711 3447 2016 3503 nunquam

363 3518 479 3573 nisi
511 3519 570 3574 in
605 3519 836 3592 magnis
866 3519 1142 3592 operibus
1186 3521 1580 3577 nominentur.
1612 3520 1784 3576 Verbi
1818 3537 2014 3585 causa,

361 3608 628 3663 mundus
659 3613 889 3664 creatus
915 3613 1022 3676 est,
1047 3609 1190 3666 urbs
1215 3610 1447 3665 condita
1469 3615 1558 3666 est
1581 3626 1594 3664 :
1620 3611 1832 3665 domus
1861 3625 2014 3676 vero,

362 3697 640 3768 quamvis
671 3713 886 3771 magna
916 3698 1016 3763 sit,
1047 3697 1332 3754 mdiﬁcata
1356 3699 1550 3771 potius
1581 3699 1813 3765 dicitur,
1840 3715 2015 3770 quam

363 3785 620 3851 condita,
653 3787 741 3843 vel
783 3792 994 3843 creata.
1029 3787 1090 3842 In
1141 3787 1372 3861 magnis
1421 3787 1574 3843 enim
1627 3787 1902 3859 operibus
1931 3792 2015 3842 at-

364 3890 480 3946 que
513 3875 780 3941 iacturis,
806 3876 1048 3931 verbum
1081 3875 1395 3933 creationis
1427 3876 1770 3932 assumitur.
1795 3881 1872 3930 Ex
1903 3892 2016 3948 quo

366 3964 955 4020 animadvertendum
1016 3965 1195 4021 istum
1256 3981 1473 4020 novum
1529 3965 1857 4029 hominem,
1917 3965 2018 4038 qui

354 4051 530 4123 juxta
561 4056 742 4108 Deum
773 4053 833 4108 in
883 4052 1114 4110 Christo
1165 4058 1392 4110 creatus
1442 4056 1549 4121 est,
1587 4068 1866 4124 magnum
1917 4053 2016 4108 Dei

363 4157 515 4213 opus
545 4157 696 4212 esse,
721 4147 777 4197 et
797 4142 1053 4198 eminere
1075 4141 1230 4198 ultra
1255 4147 1493 4198 caeteras
1524 4146 1819 4198 creaturas
1844 4157 1856 4195 :
1883 4159 2017 4197 cum

361 4229 450 4286 sic
482 4231 756 4286 conditus
809 4247 938 4287 esse
970 4231 1220 4303 dicatur,
1255 4237 1320 4287 ut
1366 4232 1644 4300 mundus,
1678 4235 1735 4286 et
1779 4231 2017 4286 initium

359 4319 593 4374 viarum
641 4319 765 4387 Dei,
797 4324 856 4376 et
905 4320 965 4374 in
1014 4321 1248 4376 exordio
1297 4321 1717 4376 elementorum
1751 4320 2017 4376 omnium

361 4407 446 4462 sit
480 4412 731 4464 creatus.

438 4495 628 4568 (Vers.
659 4497 776 4569 25.)
809 4519 836 4546 ‹‹
868 4501 1112 4570 Propter
1159 4498 1313 4570 quod
1365 4499 1744 4570 deponentes'
1773 4497 2019 4552 menda-

364 4585 547 4649 cium,
571 4585 883 4657 loquimini
915 4585 1216 4643 veritatem
1240 4587 1648 4660 unusquisque
1669 4603 1803 4642 cum
1832 4585 2020 4658 proxi-
2051 4610 2098 4675 D

366 4689 463 4729 mo
513 4691 621 4730 suo
655 4693 669 4731 :
703 4675 980 4746 quoniam
1017 4692 1226 4732 sumus
1273 4675 1619 4731 alterutrum
1671 4675 1953 4730 membra.
1991 4696 2013 4722 ι

363 4762 491 4818 Non
523 4763 894 4836 simpliciter,
928 4769 993 4820 ut
1023 4764 1262 4836 quidam
1295 4766 1563 4837 putant’,
1587 4780 1692 4820 nec
1723 4763 2021 4818 moraliter

362 4853 680 4924 Apostolus
713 4853 1004 4926 praecepit,
1030 4854 1334 4909 mendacio
1357 4852 1802 4921 derelicto,cum
1827 4852 2018 4923 proxi-

364 4941 480 4997 mis
510 4941 816 4998 veritatem
848 4941 1222 5014 loquendam.
1256 4942 1486 5014 Alioqui
1527 4941 1576 4998 si
1620 4945 1848 4996 tantum
1882 4957 2014 4996 cum

363 5030 651 5102 proximis
701 5031 1000 5103 loquimur
1029 5031 1353 5101 veritatem,
1385 5031 1720 5103 quicunque
1752 5045 1866 5084 non
1902 5031 2016 5084 fue-

365 5119 439 5174 rit
468 5119 798 5193 proximus,
833 5119 1004 5176 debet
1037 5119 1239 5176 audire
1277 5120 1670 5176 mendacium.
1696 5119 1858 5185 Quod
1885 5118 2015 5190 qui-

437 5259 1027 5335 ‘Huc_referen_dus_
1061 5261 1114 5316 S.
1175 5261 1538 5335 Augustinus
1583 5247 1698 5318 lib.
1759 5265 2010 5335 Igcontr.

361 5331 747 5418 Advers._Leg.
780 5336 833 5387 et
859 5332 1116 5418 P-rophet.
1144 5331 1292 5417 ,σειρῖ
1310 5335 1400 5418 23,
1420 5333 1534 5418 ,ιιιιὶ
1565 5338 1771 5418 tamen.
1793 5333 2012 5418 factum

363 5410 733 5487 aequamque
755 5409 1021 5487 creatum
1056 5406 1114 5460 in
1141 5406 1288 5487 ipsis
1313 5406 1630 5487 Scripturis
1660 5406 1773 5487 dici
1806 5406 2015 5487 asserit

364 5476 437 5531 de
469 5475 654 5532 rebus
673 5475 1089 5543 indifferenter,
1118 5475 1236 5533 sive
1266 5495 1394 5550 quae
1425 5475 1493 5533 ex
1519 5477 1764 5532 materia
1792 5476 2011 5548 aliqua,

365 5547 488 5620 sive
516 5564 586 5603 ex
608 5545 780 5620 nulla
817 5546 1176 5620 prodierunt.
1210 5549 1290 5605 Ex
1319 5549 1568 5606 ethnicis
1615 5547 1794 5604 nimis
1843 5548 2012 5604 multi

365 5617 649 5675 laudandi
681 5617 896 5676 essent.
928 5618 1086 5691 Virg.
1119 5621 1335 5676 /Eneid.
1369 5639 1403 5676 x
1437 5637 1449 5676 :

459 5699 721 5751 Sitvicole
751 5700 934 5751 Fauno
965 5701 1176 5765 Dryope
1206 5714 1366 5765 quem
1395 5700 1639 5766 Nympha
1667 5704 1886 5752 crearat.

2127 3343 2192 3397 Et
2248 3342 2431 3412 caligo
2482 3342 2581 3397 sub
2637 3342 2864 3413 pedibus
2919 3344 3038 3414 ejus
3086 3342 3256 3413 (Psal.
3300 3339 3773 3414 xvr,10),ghaud

2128 3429 2378 3502 dubium
2409 3428 2550 3502 quin
2585 3412 2701 3486 Dei.
2736 3431 2882 3485 Nam
2926 3412 2982 3486 et
3028 3412 3098 3485 in
3119 3433 3315 3486 monte
3363 3429 3502 3485 Sina
3549 3412 3775 3500 Moyses

2127 3519 2456 3590 ingreditur
2513 3519 2571 3573 in
2633 3519 2928 3574 turbinem
2987 3524 3044 3574 et
3096 3517 3439 3589 caliginem,
3500 3516 3599 3572 ubi
3656 3520 3779 3571 erat

2126 3607 2279 3664 Deus
2309 3608 2500 3675 (Exod.
2535 3625 2628 3675 xx,
2659 3608 2772 3678 21),
2805 3613 2861 3663 et
2892 3609 2962 3663 de
2992 3607 3118 3678 ipso
3164 3612 3277 3662 Deo
3326 3606 3610 3678 scriptum
3642 3611 3731 3660 est
3760 3619 3775 3658 :

2129 3699 2322 3753 Posuit
2346 3697 2594 3752 tenebras
2625 3697 2924 3752 latibulum
2954 3713 3115 3752 suum
3147 3696 3316 3768 (Psat.
3351 3713 3487 3763 xvu,
3523 3695 3632 3766 12).
3667 3694 3779 3750 Lo-

2128 3791 2344 3858 quatur
2370 3785 2570 3857 itaque
2619 3787 2922 3841 veritatem
2977 3791 3153 3858 atque
3203 3784 3545 3856 mysterium
3594 3799 3777 3839 unus-

2127 3873 2381 3946 quisque
2407 3891 2539 3929 cum
2575 3874 2837 3946 proximo
2869 3891 2998 3940 suo,
3031 3879 3088 3930 et
3117 3891 3232 3930 non
3263 3875 3362 3929 det
3390 3877 3659 3928 sanctum
3691 3887 3780 3926 ca-

2127 3961 2324 4031 nibus,
2357 3979 2545 4034 neque
2591 3964 2784 4017 mittat
2829 3962 3178 4035 margaritas
3206 3978 3347 4016 suas
3395 3964 3529 4015 ante
3572 3974 3779 4030 porcos

2128 4050 2335 4122 (Matth.
2378 4069 2480 4119 νιι,
2529 4054 2615 4119 6);
2669 4053 2770 4107 sed
2826 4051 3164 4123 quicunque
3215 4049 3407 4105 oleum
3467 4045 3780 4102 habuerint

2126 4140 2407 4206 veritatis,
2441 4139 2573 4196 illos
2595 4140 2653 4196 in
2686 4139 3012 4195 thalamum
3059 4139 3258 4211 sponsi
3289 4142 3345 4193 et
3377 4152 3590 4209 penum
3622 4135 3777 4206 regis

2127 4229 2367 4286 inducat
2397 4230 2606 4299 (Matth.
2662 4247 2793 4293 xxx,
2831 4229 2937 4298 10).
2989 4232 3166 4282 Porro
3210 4226 3364 4298 quod
3417 4224 3544 4279 ait:
3579 4224 3776 4296 Loqui-

2125 4321 2270 4374 mini
2331 4321 2612 4374 veritatem
2692 4319 3066 4388 unusquisque
3141 4332 3267 4371 cum
3341 4315 3592 4386 proximo
3656 4328 3774 4382 suo,

2128 4407 2390 4462 sciamus
2445 4407 2516 4461 de
2571 4405 2848 4461 Zacharia
2905 4404 3190 4478 propheta
3243 4408 3548 4476 sumptum
3591 4403 3773 4474 (Zach.

2126 4512 2250 4566 VIII,
2287 4494 2395 4565 16).

2200 4583 2383 4656 (Vers.
2414 4585 2528 4650 26.)
2563 4606 2590 4634 «
2625 4583 2971 4650 lrascimini,
3017 4587 3073 4639 et
3124 4582 3302 4639 nolite
3350 4596 3607 4654 peccare.
3635 4601 3662 4630 »
3695 4579 3776 4634 De

2131 4678 2338 4746 quarto
2386 4671 2619 4728 Psalmo
2661 4672 2821 4742 (vers.
2854 4674 2910 4743 5)
2937 4672 3047 4727 hoc
3079 4674 3452 4742 usurpatum,
3481 4666 3627 4723 nulli
3673 4668 3777 4722 du-

2128 4763 2290 4817 bium
2324 4765 2495 4825 est,et
2526 4760 2758 4816 videtur
2787 4760 2870 4815 illi
2905 4777 3033 4816 esse
3054 4757 3412 4816 contrarium
3446 4755 3600 4828 quod
3633 4753 3772 4810 alibi

2129 4850 2380 4906 dicitur:
2417 4852 2581 4906 Nunc
2609 4855 2796 4905 autem
2830 4850 3083 4922 deponite
3110 4857 3160 4904 et
3197 4864 3286 4903 vos
3313 4861 3498 4902 omnes
3526 4847 3693 4913 iram,
3726 4851 3776 4898 et

2127 4939 2588 5009 indignationem,
2619 4947 2670 4994 et
2708 4940 3006 5008 malitiam,
3041 4940 3090 4992 et
3137 4935 3548 5008 blasphemiam,
3580 4940 3635 4988 et
3663 4939 3776 4988 tur-

2121 5026 2247 5101 pem
2274 5044 2579 5085 sermonem
2625 5044 2694 5082 ex
2734 5044 2826 5083 ore
2866 5031 3036 5082 vestro
3066 5026 3288 5098 (Coloss.
3324 5041 3408 5090 ιιι,
3441 5025 3512 5092 8).
3561 5022 3671 5078 Sed
3719 5024 3776 5077 et

2126 5117 2473 5190 simpliciter
2522 5116 2880 5172 intellectum
2936 5120 3122 5183 nocet,
3157 5115 3298 5170 dum
3347 5115 3628 5186 putantur
3675 5111 3773 5166 iraa

2124 5263 2194 5318 Et
2219 5259 2594 5330 Claudianus,
2628 5275 2643 5315 ι
2674 5258 2738 5317 de
2769 5260 2946 5332 Rapta
2976 5277 2994 5314 :

2877 5375 3143 5439 Quidquid
3176 5374 3374 5438 ubique

2343 5441 2518 5506 Gignit
2545 5438 2810 5496 materies,
2841 5438 2958 5495 hoc,
2991 5438 3046 5487 te
3073 5438 3325 5494 donante,
3353 5438 3581 5488 creatur.

2196 5550 2216 5582 ²
2245 5547 2348 5605 Hic
2376 5553 2434 5603 et
2465 5545 2636 5612 paulo
2669 5544 2911 5600 inferius
2937 5543 3280 5600 reuulendus
3303 5540 3497 5612 Ruﬁni
3526 5538 3674 5612 liber
3703 5556 3764 5612 ιι,

2127 5637 2288 5676 num.
2313 5621 2366 5674 2.
2391 5610 2483 5674 Ad
2506 5619 2684 5690 cujus
2709 5616 3017 5690 lectionem
3049 5615 3198 5672 levia
3220 5610 3485 5688 quaedam
3519 5610 3769 5667 subinde

2132 5692 2504 5751 emendanda
2532 5689 2591 5749 in
2623 5689 2956 5763 Hieronymi
2990 5692 3169 5748 textu.
