4066 6190
303 349 423 421 848

1531 338 1620 432 ἐ.
1665 369 1977 434 EUSEBII
2019 365 2465 432 HIEBONYMI

3595 369 3711 432 3H

305 493 470 554 frena
500 498 707 592 laxata.
744 501 965 576 Duplex
994 508 1187 562 autem
1219 523 1334 563 non
1375 505 1566 564 solum
1619 509 1770 581 apud
1821 525 1948 577 nos,
1983 510 2035 577 Α
2066 506 2252 562 Belial
2282 506 2357 579 (Il
2385 509 2509 564 Cor.
2542 525 2622 592 vr,
2652 506 2761 580 15),
2793 505 2904 565 hoc
2951 510 3059 575 est,
3109 507 3310 580 absque
3345 506 3520 580 jugo'
3549 505 3710 580 quad

304 599 506 644 verum
539 590 715 646 etiam
748 594 900 662 apud
935 593 1316 668 philosophos
1353 596 1450 653 iras
1490 616 1702 654 nomen
1743 599 1951 669 accipi-

304 679 420 732 tur.
446 678 538 734 Vel
575 696 707 734 cum
740 680 958 750 injuria
985 683 1262 752 lacessiti,
1297 687 1663 744 naturalibus
1695 687 1953 743 stimulis

305 766 701 837 concitemur;
729 771 816 826 vel
849 789 1008 841 cum,
1053 775 1452 846 requiescente
1499 777 1741 849 impetu,
1777 783 1834 832 et
1865 779 1953 831 fu-

304 861 436 911 ‘rore
485 857 783 931 restincto,
816 866 1005 932 potest
1055 879 1221 919 mens
1278 865 1490 921 habere
1540 867 1850 935 judicium,
1898 871 1954 921 et

308 945 694 1003 nihilominus
717 965 894 1020 super
913 967 978 1006 eo
1006 952 1103 1021 qui
1133 958 1371 1022 putatur
1397 953 1637 1019 laesisse,
1661 956 1955 1010 desiderat

307 1033 611 1091 ultionem.
648 1037 904 1093 Arbitror
948 1040 1146 1111 itaque
1177 1043 1248 1097 de
1297 1043 1474 1114 priori
1505 1061 1661 1099 nunc
1707 1044 1950 1109 dictum,

307 1126 366 1179 et
395 1123 565 1179 nobis
598 1127 762 1196 quasi
807 1127 1145 1186 hominibus
1194 1148 1321 1187 esse
1367 1149 1734 1200 concessum,
1768 1138 1832 1187 ut
1881 1133 1950 1188 ad

307 1212 561 1285 indignae
593 1214 840 1286 alicujus
873 1218 953 1273 rei
986 1219 1190 1275 faciem
1233 1237 1591 1288 moveamur,
1625 1221 1951 1294 tranquilli-

305 1305 600 1375 tatemque
649 1308 881 1377 mentis,
914 1308 1074 1362 velut
1122 1309 1270 1365 lenis
1309 1312 1575 1381 quaedam
1629 1329 1769 1367 aura
1816 1329 1950 1366 con-

305 1392 502 1447 turbet
531 1411 544 1448 :
579 1410 949 1466 nequaquam
979 1401 1175 1453 tamen
1217 1399 1277 1453 in
1324 1404 1616 1455 tumentes
1646 1401 1949 1472 gurgites1

309 1480 522 1537 furoris
560 1483 780 1554 impetu
833 1486 1225 1542 sublevemur.
1256 1488 1586 1544 Firmianus
1641 1493 1837 1544 uoster
1882 1489 1952 1543 li-

305 1569 478 1625 brum
511 1572 584 1626 De
621 1574 710 1628 ira
757 1576 854 1630 Dei
902 1577 1069 1632 docto
1121 1579 1341 1649 pariter
1385 1583 1441 1633 et
1489 1578 1781 1650 eloquenti
1832 1594 1952 1633 ser-

309 1675 482 1714 mone
511 1663 881 1734 conscripsit,
913 1682 1085 1736 quem
1119 1667 1217 1737 qui
1249 1667 1473 1738 legerit,
1498 1673 1638 1740 puto
1668 1667 1716 1723 ei
1752 1668 1821 1722 ad
1853 1667 1953 1723 irae

307 1747 669 1804 intellectum
736 1753 890 1808 029
949 1753 1092 1809 satis
1145 1755 1494 1826 abundeque
1550 1772 1720 1827 posse
1788 1755 1950 1810 sufﬁ-

308 1846 455 1893 bere.

380 1949 412 1977 ‹‹
443 1928 538 1983 Sol
571 1947 684 1985 non
725 1931 950 1988 occidat
993 1949 1169 2005 super
1215 1934 1575 1990 iracundiam
1620 1939 1895 1990 vestram.
1923 1954 1946 1983 ι»

309 2016 367 2073 Si
399 2019 744 2091 simpliciter
773 2021 928 2078 hunc
971 2023 1152 2079 solem
1196 2023 1602 2095 intelligimus,
1635 2025 1748 2096 quis
1769 2023 1952 2080 oculis

305 2107 500 2163 carnis
549 2110 849 2181 aspicitur,
885 2128 1216 2184 peccamus,
1249 2115 1485 2186 quando
1535 2115 1864 2184 irascimur,
1897 2116 1953 2167 et

306 2197 605 2253 occidente
654 2201 794 2271 sole,
846 2201 1147 2257 iracundia
1196 2209 1543 2275 perseverat.
1585 2204 1709 2258 Non
1756 2218 1954 2274 pecca-

305 2283 440 2342 mus
471 2292 689 2352 autem,
724 2292 958 2361 quando
1010 2292 1186 2362 (verbi
1239 2293 1445 2364 gratia)
1493 2311 1526 2348 a
1570 2295 1760 2364 prima
1807 2291 1952 2345 hora

307 2391 494 2446 usque
552 2379 623 2432 ad
677 2379 1048 2435 undecimam
1097 2381 1438 2452 irascentes,
1494 2381 1740 2437 facimus
1794 2379 1950 2450 quod

306 2462 654 2537 indignatio,
676 2468 856 2534 furor,
888 2468 976 2524 ira
1004 2471 1425 2542 suggesserint.
1448 2474 1570 2535 Quo
1597 2487 1773 2526 sensu
1806 2467 1952 2524 nihil

309 2554 455 2610 mihi
485 2555 713 2611 videtur
741 2557 1077 2628 absurdius,
1110 2560 1277 2630 quasi
1307 2578 1420 2616 non
1452 2565 1628 2631 queat
1657 2559 1948 2632 quispiam

309 2644 380 2698 ab
411 2647 540 2699 ortu
573 2645 714 2700 solis
763 2662 948 2717 usque
987 2647 1058 2702 ad
1091 2665 1363 2704 occasum
1415 2650 1474 2704 in
1524 2641 1687 2705 tanta
1736 2649 1955 2704 scelera

308 2732 673 2804 debacchari,
705 2739 925 2806 quanta
954 2740 1076 2792 tota
1109 2737 1229 2793 vita
1270 2756 1377 2795 sua
1406 2756 1522 2794 non
1552 2740 1739 2811 possit
1771 2738 1953 2811 lacry-

308 2821 424 2878 mis
453 2823 704 2896 expiare,
740 2829 841 2880 aut
873 2843 987 2881 non
1036 2827 1224 2899 magis
1277 2829 1363 2883 ira
1410 2827 1602 2883 locum
1635 2829 1694 2884 in
1729 2829 1820 2884 die
1851 2828 1954 2882 ha-

309 2912 462 2983 beat,
496 2930 627 2968 cum
661 2914 862 2985 utique
892 2933 1005 2971 nox
1035 2916 1268 2989 requies
1298 2918 1377 2974 sit
1407 2919 1640 2982 furoris,
1673 2922 1730 2974 et
1758 2934 1956 2972 succe-

312 3002 486 3057 dente
503 3005 912 3068 somno,etiam
934 3005 980 3062 si
1006 3006 1402 3074 irascimur,in
1421 3008 1574 3063 diem
1595 3007 1959 3063 iracundiam

2064 597 2134 651 de
2165 595 2310 653 collo
2342 615 2448 653 suo
2471 598 2570 654 Dei
2600 598 2877 670 abjecerit
2901 599 3236 654 servitutem
3263 615 3275 653 :
3302 614 3476 670 quem
3500 597 3715 670 Aquila

2065 689 2364 756 apostatam
2417 688 2739 743 transtulit.
2784 690 2852 743 Et
2900 689 3202 744 sciendum
3264 688 3601 759 ubicunque
3649 687 3712 744 in

2062 774 2251 829 Veteri
2286 776 2431 842 Lege
2469 777 2580 846 ﬁlii
2620 779 2955 848 pestilentiae
2984 777 3336 846 scribantur,
3369 777 3526 832 sicut
3576 777 3656 832 ibi
3691 791 3708 834 :

2062 866 2193 920 Filii
2221 869 2412 920 autem
2442 867 2582 934 Heli,
2612 866 2733 939 ﬁlii
2773 869 3108 937 pestilentiae
3138 868 3188 938 (Ι
3214 870 3338 938 Reg.
3369 884 3448 937 x1,
3484 867 3592 937 12),
3626 866 3710 923 ibi

2062 953 2120 1007 in
2153 953 2450 1009 Hebraicis
2479 954 2877 1012 voluminibus
2909 957 3105 1026 Belial,
3140 956 3249 1012 hoc
3287 959 3396 1026 est,
3427 956 3710 1014 diabolum

2062 1058 2165 1112 pro
2210 1044 2522 1113 pestilentia
2570 1044 2861 1100 nominari
2897 1063 2910 1100 :
2941 1044 3075 1100 licet
3120 1044 3359 1113 plurimi
3402 1046 3555 1100 680
3603 1061 3710 1116 pro

2063 1132 2238 1186 Belial
2286 1137 2558 1204 corrupte
2587 1133 2643 1187 in
2687 1133 2965 1204 Apostolo
3012 1134 3240 1188 Beliar‘
3269 1133 3486 1206 legant.
3519 1133 3712 1190 Nolite

2062 1220 2261 1292 itaque
2308 1223 2407 1291 ait,
2441 1223 2578 1276 dare
2629 1222 2822 1279 locum
2867 1223 3119 1290 diabolo,
3153 1224 3276 1296 qui,
3305 1228 3589 1296 tanquam
3619 1223 3710 1281 leo

2062 1310 2320 1382 rugiens,
2341 1312 2546 1382 quaerit
2575 1313 2798 1367 aditum
2827 1329 2928 1383 per
2957 1330 3133 1385 quem
3165 1313 3351 1385 possit
3377 1313 3711 1386 irrumpere

2062 1399 2111 1470 (Ι
2167 1405 2316 1455 Pctr.
2366 1419 2420 1470 v,
2479 1402 2556 1472 8).
2617 1403 2915 1466 Quomodo
2972 1401 3127 1458 enim
3187 1403 3356 1459 Pater
3411 1407 3467 1459 et
3523 1403 3709 1460 Filius

2063 1493 2221 1544 stant
2253 1494 2384 1545 ante
2434 1491 2672 1562 ostium,
2705 1495 2762 1547 et
2791 1491 3049 1564 pulsant,
3080 1495 3145 1546 ut
3176 1491 3484 1559 introeant,
3517 1499 3571 1547 et
3601 1510 3714 1550 cm-

2063 1584 2204 1634 nent
2235 1597 2369 1636 cum
2409 1598 2474 1637 eo
2525 1582 2623 1653 qui
2677 1597 2738 1637 se
2786 1581 3069 1654 receperit
3118 1581 3302 1654 (Apoc.
3337 1599 3423 1649 ιιι,
3453 1582 3546 1653 20)
3582 1599 3594 1636 :
3626 1581 3712 1637 ita

2063 1673 2119 1723 et
2151 1669 2517 1725 adversarius
2567 1685 2800 1740 semper
2832 1670 2892 1725 in
2926 1687 3033 1726 nos
3082 1674 3172 1726 est
3219 1675 3456 1740 paratus
3489 1670 3710 1726 irrum-

2063 1773 2218 1829 pere,
2253 1763 2310 1813 et
2358 1775 2492 1815 cum
2538 1758 2732 1815 locum
2779 1759 3136 1830 dederimus,
3179 1759 3521 1831 ingreditur.
3552 1759 3714 1816 Solet

2063 1850 2280 1915 autem,
2315 1852 2627 1920 antequam
2665 1848 2881 1914 veniat,
2915 1850 3183 1920 quaedam
3220 1847 3420 1920 jacula
3449 1848 3710 1920 praemit-

2060 1939 2198 2003 tere,
2233 1939 2290 1992 et
2331 1953 2745 2010 praecursorem
2777 1939 3061 1993 adventus
3111 1937 3202 1993 sui
3254 1939 3441 1993 facere
3487 1938 3712 2009 cogita-

2060 2025 2278 2080 tionem
2315 2043 2327 2080 :
2362 2025 2512 2081 hanc
2544 2025 2592 2080 si
2623 2043 2730 2081 nos
2774 2026 2844 2080 in
2884 2027 3058 2082 corde
3113 2031 3314 2083 nostro
3372 2031 3712 2098 susceptam

2061 2113 2444 2169 nutrierimus
2498 2115 2880 2186 intrinsecus,
2941 2119 2998 2171 et
3061 2131 3319 2171 crescere
3372 2114 3711 2182 fecerimus,

2060 2219 2194 2258 cum
2225 2202 2284 2258 in
2315 2203 2484 2259 nobis
2515 2203 2737 2276 prolem
2770 2221 2940 2259 suam
2970 2208 3203 2260 auctam
3231 2204 3464 2270 viderit,
3496 2207 3554 2260 et
3580 2204 3712 2276 ipse

2060 2293 2298 2348 audebit
2325 2293 2562 2348 intrare.
2581 2293 2841 2364 Denique
2870 2294 2930 2348 in
2951 2293 3118 2348 Judie
3139 2293 3442 2361 Iscariotb,
3466 2310 3566 2349 cor
3587 2293 3710 2364 pri-

2061 2397 2218 2435 mam
2245 2381 2388 2451 jeeit
2417 2381 2712 2453 sagittam,
2745 2387 2812 2438 ut
2849 2383 3107 2438 traderet
3135 2383 3490 2450 Salvatorem
3523 2384 3705 2455 (Joan.

2059 2487 2182 2540 xm,
2213 2471 2289 2541 2),
2323 2487 2501 2542 quam
2535 2471 2582 2527 si
2614 2475 2910 2543 exceptam
2950 2470 3048 2526 ille
3088 2471 3440 2527 miserabilis
3471 2489 3588 2526 non
3621 2472 3710 2526 fo-

2059 2561 2262 2623 visset,
2322 2577 2627 2632 nunquam
2674 2565 2806 2633 post
2847 2560 3163 2616 intinctum
3212 2577 3420 2632 panem
3453 2560 3513 2616 in
3547 2578 3718 2633 paro-

2062 2648 2249 2720 pside,
2281 2647 2562 2704 intrasset
2591 2650 2650 2704 in
2682 2648 2850 2704 illum
2893 2649 3140 2705 Satanas
3170 2650 3378 2720 (Matth.
3409 2666 3561 2714 xxvx,
3595 2650 3714 2722 43).

2065 2736 2372 2808 Simulque
2406 2741 2464 2792 et
2492 2737 2601 2792 hoc
2631 2737 2943 2810 diligenter
2972 2738 3277 2805 attendite,
3302 2738 3458 2811 quod
3491 2755 3605 2794 non
3631 2738 3721 2794 in-

2065 2827 2285 2882 venerit
2314 2825 2580 2881 diabolus
2600 2826 2790 2882 locum
2817 2827 3153 2882 introeundi
3185 2827 3244 2881 in
3273 2827 3512 2893 Judam,
3547 2828 3718 2898 cujus

2068 2919 2270 2987 pectus
2292 2915 2418 2985 jam
2449 2917 2581 2970 ante
2613 2920 3002 2988 percusserat,
3034 2916 3148 2971 nisi
3198 2916 3256 2972 in
3304 2916 3562 2971 convivio
3592 2911 3722 2972 Sal-

2067 3003 2285 3060 vatoris
2332 3005 2509 3075 (Joan.
2557 3022 2682 3073 xm,
2714 3006 2816 3077 2):
2854 3005 2993 3077 quia
3039 3009 3179 3060 tunc
3224 3005 3311 3060 vel
3361 3005 3617 3064 maxime
3662 3005 3723 3060 in

317 3090 675 3148 differamus.
725 3093 870 3157 Quia
925 3094 1111 3166 igitur
1164 3113 1336 3152 verus
1392 3097 1500 3167 sol,
1552 3097 1706 3153 sicut
1751 3097 1962 3152 occidit
2072 3097 2417 3166 potestatem
2450 3093 2501 3148 ei
2532 3093 3024 3166 damur,.quando
3056 3110 3162 3150 nec
3194 3095 3583 3160 humanitate,
3617 3111 3726 3151 nec

318 3195 496 3248 super
526 3179 712 3236 malos
755 3183 1088 3254 prophetas,
1113 3185 1285 3254 juxta
1313 3185 1455 3241 illud
1488 3187 1642 3258 quod
1675 3186 1961 3257 scripturn
2004 3253 2035 3258 ῳ
2072 3182 2402 3253 clementia,
2428 3199 2533 3237 nec
2566 3183 3022 3238 mansuetudine
3052 3185 3182 3254 ejus
3211 3183 3524 3249 vincimur,
3547 3199 3726 3254 quem

317 3271 450 3332 est:
499 3263 750 3325 Occidit’
794 3273 874 3326 sol
923 3290 1089 3344 super
1120 3253 1428 3345 prophetas
1483 3253 1687 3332 uestros
1736 3253 1966 3331 meridie
1995 3253 2036 3320 (ἶ
2075 3273 2308 3327 odimus
2340 3271 2597 3345 indigne.
2631 3271 2779 3326 Huic
2826 3272 2980 3344 quod
3023 3253 3180 3328 nunc
3223 3273 3520 3345 pracepit,
3550 3253 3729 3344 neque

315 3357 499 3429 (Amos
527 3375 650 3428 vm,
684 3360 739 3431 9)
766 3376 778 3414 :
815 3361 895 3415 ita
925 3361 1101 3418 etiam
1133 3380 1312 3434 super
1343 3381 1546 3420 omnes
1587 3364 1799 3419 occidit
1830 3381 1962 3435 pec-
2073 3363 2248 3433 locum
2293 3360 2430 3417 detis
2471 3362 2714 3430 diabolo,
2743 3359 2885 3416 illud
2917 3362 2989 3417 de
3020 3361 3428 3417 Ecclesiastico
3478 3378 3725 3430 compa-

315 3450 560 3513 catores,
589 3464 958 3520 nequaquam
985 3449 1069 3505 eis
1091 3455 1254 3507 ortus
1278 3452 1959 3525 suilumenindulgens:
2074 3460 2238 3506 ratur
2279 3468 2291 3503 :
2341 3453 2408 3506 Si
2459 3451 2692 3521 spiritus
2745 3455 3067 3523 potestatem
3123 3451 3372 3507 habentis
3422 3449 3729 3506 ascenderit

315 3535 584 3608 praecipit
616 3554 772 3592 nunc
806 3539 1141 3610 Apostolus,
1175 3558 1246 3597 ne
1289 3542 1428 3597 talia
1459 3542 1744 3598 faciamus
1771 3543 1966 3597 furore
2075 3556 2237 3611 super
2293 3548 2362 3605 te,
2411 3539 2592 3595 locum
2642 3543 2803 3595 tuum
2856 3557 2926 3595 ne
2983 3539 3198 3595 dederis
3246 3541 3300 3596 ei
3341 3540 3532 3610 (Eccle.
3563 3556 3616 3608 ι,
3651 3539 3730 3611 4).

324 3623 605 3694 superati,
639 3642 742 3696 per
783 3643 908 3698 quae
941 3627 1110 3684 nobis
1151 3631 1235 3685 sol
1270 3630 1513 3697 occidat,
1547 3634 1604 3685 et
1651 3629 1970 3702 principale
2078 3627 2179 3683 Ille
2230 3627 2521 3700 superbus
2564 3631 2621 3682 et
2667 3627 3016 3684 temerarius
3066 3631 3191 3683 vult
3237 3629 3571 3695 ascendere,
3603 3626 3737 3682 vult

325 3711 518 3766 cordis
560 3714 816 3769 tenebris
857 3715 1200 3774 iuvolvatur.
1235 3719 1483 3784 Quidam
1515 3723 1723 3791 putant
1767 3718 1850 3774 sic
1881 3736 1972 3774 ac-

324 3799 657 3872 cipiendum
700 3802 809 3859 hoc
839 3821 966 3860 esse
998 3805 1362 3877 simpliciter,
1397 3809 1690 3880 quomodo
1721 3813 1778 3864 et
1822 3807 1971 3862 illud

324 3890 519 3964 quarti
569 3892 803 3963 psalmi,
839 3893 993 3949 unde
1033 3895 1289 3968 idipsum
1340 3902 1644 3970 sumptum
1695 3898 1970 3952 videtur:

324 3980 460 4050 Quae
486 3981 672 4038 dicitis
721 3985 777 4037 in
817 3983 1070 4040 cordibus
1102 3987 1309 4053 vestris,
1343 3991 1395 4041 et
1424 3989 1485 4042 in
1530 3985 1813 4042 cubilibus
1856 4002 1976 4041 ves-

319 4071 424 4125 tris
479 4073 921 4142 compungi-mini
973 4073 1151 4142 (Psal.
1186 4091 1257 4146 1v,
1289 4075 1366 4146 5),
1425 4075 1480 4130 id
1542 4079 1650 4147 est,
1703 4091 1976 4146 quacun-

327 4175 442 4231 que
467 4159 525 4214 in
557 4159 670 4225 die,
701 4161 790 4217 vel
823 4178 1014 4234 opere,
1045 4163 1131 4218 vel
1168 4180 1456 4231 sermone,
1490 4165 1575 4220 vel
1626 4163 1979 4237 cogitatione

331 4249 606 4319 peccatis,
641 4250 764 4306 haec
813 4252 1160 4309 succedente
1197 4253 1540 4326 pmnitentia
1589 4256 1833 4326 purgate
1879 4268 1983 4324 per

335 4340 563 4392 noctem
599 4353 611 4390 :
648 4342 704 4393 et
731 4339 818 4394 ira
867 4340 945 4394 sit
987 4341 1198 4410 brevis,
1229 4357 1336 4398 nec
1366 4342 1424 4398 in
1468 4341 1623 4398 diem
1655 4341 1981 4397 crastinum

333 4424 655 4481 differatur.

407 4513 592 4584 (Vers.
624 4516 740 4588 27).
773 4539 801 4566 «
836 4517 1032 4590 Neque
1069 4519 1263 4576 locum
1315 4520 1466 4576 detis
1515 4520 1765 4578 diabolo.
1791 4543 1819 4570 »
1850 4520 1983 4576 Dia-

2080 3717 2278 3772 subire
2312 3735 2325 3773 :
2359 3717 2461 3772 sed
2493 3717 2669 3772 etiam
2702 3718 2750 3772 si
2782 3721 2838 3772 te
2868 3734 3213 3790 oppressum
3246 3717 3559 3789 putaverit,
3581 3721 3641 3772 et
3669 3733 3736 3772 se

2081 3804 2370 3876 extulerit,
2406 3811 2469 3861 tu
2522 3821 2594 3860 ne
2647 3805 2878 3861 dederis
2934 3806 3150 3861 locum.
3200 3807 3460 3862 Potestas
3517 3805 3739 3878 quippe

2083 3894 2322 3960 diaboli,
2354 3911 2469 3951 non
2521 3896 2579 3949 in
2624 3895 2953 3950 temeritate
2999 3893 3159 3950 illius
3207 3898 3384 3967 atque
3423 3894 3737 3966 jactantia,

2085 3986 2184 4048 sed
2218 3985 2277 4040 in
2309 3989 2413 4040 tua
2441 3988 2530 4040 est
2557 3982 2875 4039 voluntate.

2158 4074 2343 4145 (Vers.
2374 4073 2490 4145 ‘28.)
2526 4073 2690 4136 «Qui
2736 4072 3062 4144 iurabatur,
3107 4073 3233 4145 jam
3284 4089 3398 4128 non
3464 4073 3690 4128 furetur
3723 4089 3742 4129 :

2088 4162 2277 4235 magis
2309 4165 2502 4216 autem
2526 4161 2772 4227 laboret,
2795 4160 3087 4232 operando
3119 4159 3394 4216 manibus
3424 4159 3548 4216 suis
3579 4161 3743 4232 quod

2090 4253 2308 4308 bonum
2340 4256 2430 4306 est
2462 4268 2474 4306 :
2511 4254 2576 4305 ut
2615 4250 2828 4306 habeat
2869 4250 3306 4306 communicare
3354 4249 3405 4305 ei
3455 4249 3555 4322 qui
3585 4247 3744 4304 indi-

2091 4346 2206 4415 get.
2241 4363 2269 4392 λ
2302 4340 2449 4407 Quia
2477 4339 2537 4394 hi
2568 4339 2664 4411 qui
2713 4338 2773 4394 in
2801 4338 2931 4394 vita:
2982 4338 3154 4394 istius
3202 4337 3454 4410 negotiis
3503 4354 3750 4395 conver-

2092 4436 2321 4502 santur,
2355 4432 2589 4502 propter
2631 4427 2910 4484 alimenta
2955 4431 3012 4483 et
3060 4444 3207 4484 usus
3256 4427 3616 4484 necessarios
3648 4443 3747 4483 co-

2094 4525 2313 4595 guntur
2343 4518 2540 4590 aliqua
2581 4515 2669 4574 vel
2701 4533 2912 4584 emere,
2936 4515 3023 4571 vel
3072 4515 3339 4584 vendere,
3374 4519 3432 4572 et
3479 4514 3644 4571 lucra
3675 4515 3750 4572 de

335 4603 508 4659 bolus
555 4602 815 4660 Graecum
863 4607 1107 4662 verbum
1158 4613 1266 4673 est,
1319 4609 1473 4681 quod
1525 4608 1724 4664 Latine
1774 4607 1987 4664 dicitur
2014 4625 2061 4688 ι)
2095 4608 2487 4682 negotiatione
2518 4605 2728 4663 sectari
2764 4621 2777 4661 :
2811 4609 2870 4661 et
2905 4603 3147 4660 difficile
3185 4608 3274 4664 est
3303 4604 3482 4660 etiam
3513 4621 3611 4661 eos
3643 4605 3749 4678 qui

331 4693 658 4749 criminator
687 4713 705 4748 :
737 4693 940 4767 lingua
984 4713 1115 4753 vero
1145 4697 1383 4753 Hebraea
1413 4697 1582 4753 Satan
1631 4695 1980 4770 appellatur,

334 4780 392 4836 id
425 4784 514 4837 est
543 4782 910 4854 adversarius,
955 4785 1077 4842 sive
1123 4789 1453 4858 contrarius,
1487 4791 1545 4842 et
1584 4787 1656 4842 ab
1705 4785 1983 4858 Apostolo

415 4962 429 4994 ¹
466 4960 834 5016 Correximus
855 4966 988 5032 post
1006 4960 1327 5018 Victoriam
1354 4963 1422 5017 ad
1448 4962 1621 5017 fidem
1647 4979 1790 5018 mss.
1815 4962 1986 5019 codd.

338 5032 400 5104 in
429 5038 699 5087 tumentes
731 5037 997 5103 gurgites,
1031 5050 1134 5104 pro
1167 5049 1282 5104 quo
1328 5033 1532 5089 vitiose
1562 5033 1803 5089 retinuit
1831 5035 1987 5089 Mar-

338 5103 964 5177 tia_nieu_s,_intumentis
993 5103 1254 5177 gurgitis,
1289 5109 1398 5161 etc.

412 5174 434 5248 ξ
460 5172 679 5248 Maluit
704 5172 1013 5243 Victorius,
1057 5172 1288 5246 occidet,
1320 5195 1389 5232 ex
1422 5179 1548 5248 ipso
1575 5177 1773 5232 Amosi
1806 5180 1986 5232 textu.

413 5246 434 5279 ³
461 5244 606 5320 Aliis
629 5245 815 5316 placet
840 5248 985 5320 satis
1011 5244 1391 5314 contentiosa,
1417 5244 1539 5305 sine
1563 5264 1813 5315 ascensu,
1833 5249 1989 5320 quod

342 5321 449 5383 est,
485 5311 673 5388 inﬁnite
719 5311 1069 5391 conditionis,
1120 5325 1177 5376 et
1219 5311 1408 5387 nihili,
1443 5325 1500 5376 et
1529 5337 1766 5392 nequam
1804 5311 1990 5375 inter-

346 5405 582 5474 pretari.
615 5407 992 5462 Commodius
1022 5425 1154 5462 vero
1198 5408 1584 5481 Hieronymus
1615 5393 1807 5474 51:35:,
1841 5407 1993 5462 Beli-

349 5493 501 5569 iahal
531 5495 773 5569 deduxit
795 5481 965 5564 δίνην,
997 5496 1118 5569 sive
1145 5481 1238 5566 ὃν,
1261 5502 1320 5551 et
1357 5483 1472 5563 νὴ,
1505 5514 1754 5569 quarum
1787 5512 1994 5569 vocum

351 5565 549 5640 altera.
563 5566 765 5640 jugum
797 5573 985 5638 sonat,
1019 5565 1500 5640 alteranegandi
1523 5565 1637 5624 'est
1683 5566 1994 5640 particula.

355 5637 486 5693 Hac
507 5637 772 5713 profecto
792 5642 850 5695 et
879 5637 1048 5713 apud
1065 5637 1352 5713 Hebraeos
1365 5639 1588 5713 obtinet
1605 5637 1954 5713 etymologia
1981 5656 1993 5694 :

351 5713 409 5770 et
439 5709 604 5768 rabbi
644 5709 933 5769 Salomon'
970 5709 1128 5769 ﬁlius
1157 5711 1335 5770 Belial
1375 5712 1610 5784 exponit
1653 5709 1754 5784 qui
1800 5709 1998 5798 ipim?

2094 4718 2128 4757 a
2158 4699 2376 4755 caeteris
2407 4694 2780 4770 passionibus
2809 4693 3039 4751 liberati
3067 4697 3225 4761 sunt,
3254 4693 3640 4750 fornicatione
3669 4693 3752 4750 vi-

2093 4787 2322 4859 delicet,
2371 4784 2721 4852 idololatria,
2764 4782 3047 4838 adulterio
3097 4786 3155 4838 et
3199 4781 3540 4852 homicidio,
3589 4782 3744 4849 681

2097 4961 2276 5011 σηοω
2330 4933 2458 5012 θην,
2509 4947 2708 5019 jugum
2758 4951 3113 5019 excusserunt
3165 4942 3757 5019 caeli._CopcinAitget

2095 5020 2316 5094 Aquilae
2346 5014 2750 5094 interpretatio
2776 5015 3108 5094 ἁποσξᾴξης,
3131 5031 3312 5094 quam
3333 5014 3537 5094 lapdat
3646 5017 3757 5078 Pa-

2097 5082 2184 5179 ter
2218 5110 2230 5148 :
2263 5095 2322 5179 et:
2350 5082 2583 5179 Suidas,
2613 5085 2836 5162 Βελίαρ,
2867 5090 2936 5160 τῇ
2965 5082 3232 5162 Ἑϐρὰίὶυν
3265 5089 3416 5163 φωνῇ
3445 5082 3539 5142 τὸν
3577 5085 3752 5142 ἀποσ-

2147 5165 2156 5179 ’
2236 5185 2261 5215 ν
2296 5157 2480 5217 δτλοῖ.
2787 5157 2796 5162 '
2913 5157 2920 5160 γ
3067 5157 3074 5162 1
3277 5157 3288 5163 ’
3393 5157 3400 5160 ν

2096 5184 2721 5312 ῗαῖηῼοτιέθχὶρωερἱδ
2740 5231 2970 5312 βᾳζίαν,
3001 5249 3106 5312 pro
3137 5247 3252 5312 quo
3296 5228 3524 5312 vitiose.
3553 5229 3760 5312 Belia"

2099 5308 2421 5389 legebatur.
2458 5303 2691 5386 Passim.
2731 5303 2925 5385 Beliar
2953 5303 3109 5378 apud
3140 5303 3364 5388 vetenes
3409 5303 3754 5427 scriptores,

2103 5394 2356 5427 maxime
2401 5377 2630 5427 Grmcos
2678 5390 2934 5427 invenire
2976 5382 3071 5427 est
3121 5392 3135 5427 ε
3186 5373 3384 5427 Baliari
3431 5374 3535 5427 nul
3563 5373 3648 5427 ibi
3697 5378 3754 5427 et

2103 5373 2356 5438 maxime
2401 5377 2630 5434 Graecos
2678 5375 2934 5430 invenire
2976 5373 3071 5437 est
3121 5392 3135 5430 :
3186 5373 3384 5435 Bclian
3431 5373 3648 5436 nullibi
3697 5378 3759 5428 et

2104 5465 2420 5522 nusquam.
2440 5448 2672 5522 Vadam
2691 5445 3132 5522 b_abeto_ipsuzn
3149 5446 3573 5522 Hieronymum
3603 5443 3757 5501 libro

2103 5517 2401 5581 Nominum
2429 5537 2495 5576 ex
2526 5519 2572 5574 ΙΙ
2607 5518 2676 5574 ad
2710 5517 2975 5576 Corinth:
3003 5539 3016 5579 :
3042 5544 3069 5571 «
3105 5519 3317 5589 Beliar,
3348 5517 3500 5583 deos
3525 5532 3758 5589 angus-

2104 5595 2205 5664 tia,
2238 5595 2357 5650 sive
2388 5607 2615 5666 caecium,
2649 5589 2870 5666 lumen,
2899 5591 2989 5653 vel
3018 5591 3177 5650 illius
3225 5587 3755 5666 pravarieatio'ais;

2106 5662 2208 5730 sed
2238 5667 2476 5739 rectius,
2499 5662 2680 5726 Belial
2710 5663 2939 5724 dicitur.
2963 5685 2996 5716 »
