4066 6190
267 315 387 379 545
918 311 1432 376 COMMEN'I‘AR.
1479 315 1558 375 IN
1603 315 1853 378 EPIST.

2077 317 2327 380 BPHES.
2371 320 2520 380 LIB.
2566 319 2671 395 ΙΙΙ,
2715 321 2890 387 CAP.
2934 324 3037 389 IV.
3560 334 3683 397 διο

269 449 382 505 hoc
435 446 574 503 vitio
632 462 750 502 non
808 447 1015 502 teneri.
1074 448 1376 519 Propterea
1434 465 1590 503 nunc
1642 448 1928 520 Ephesios
1958 451 2009 517 Α
2043 451 2332 521 tunitatis,
2393 454 2541 510 dans
2598 456 2846 526 gratiam
2903 457 3296 529 audientibus,
3357 463 3458 533 qui
3515 464 3688 521 docet.

277 540 496 601 monet,
531 553 603 592 ne
633 535 743 591 sub
775 536 1077 591 occasione
1107 536 1506 604 emolumenti,
1534 537 1671 592 furti
1709 538 1930 593 crimen
2038 540 2284 596 virtutes
2314 544 2665 613 sequendas,
2711 545 2850 600 vitia
2889 546 3160 618 fugienda
3187 567 3202 616 ;
3258 549 3449 606 malus
3481 552 3580 623 qui
3611 554 3685 609 ad

276 626 602 683 incurrant.
636 625 882 680 Furtum
931 624 1265 690 nominans,
1299 643 1472 682 omne
1501 627 1657 698 quod
1691 627 1932 682 alterius
2045 634 2277 700 peccata
2307 637 2596 702 provocat,
2647 638 2705 688 et
2731 650 2944 705 pronos
2992 637 3180 708 magis
3227 638 3431 694 incitat
3462 644 3532 696 ad
3564 642 3686 698 rui-

282 716 498 771 damno
530 713 834 786 quaeritur.
865 714 1108 769 Justum
1143 719 1338 770 autem
1387 732 1532 782 esse,
1566 721 1630 771 ut
1660 715 1935 771 manibus
2045 735 2203 773 nam.
2238 719 2346 775 Pro
2377 736 2442 776 eo
2475 726 2668 776 autem
2699 723 2850 794 quod
2882 741 2988 779 nos
3014 725 3320 796 posuimus
3350 729 3429 783 ad
3455 729 3690 799 aediﬁca»-

283 804 410 860 suis
437 803 854 874 unusquisque
893 819 1162 875 operans,
1209 809 1265 858 et
1315 804 1531 859 victum
1572 804 1769 860 labore
1799 821 1935 859 con-
2046 809 2258 862 tionem
2288 812 2726 880 opportunitatis,
2760 811 2869 867 hoc
2907 819 2996 868 est
3043 815 3196 884 quod
3230 815 3458 871 dicitur.
3504 821 3694 876 Graece

288 893 551 965 quirens,
601 891 901 964 impertiat
948 909 1064 948 non
1122 893 1496 949 habentibus.
1550 894 1748 964 Neque
1804 909 1938 950 vero
2045 901 2148 962 τῆς
2179 895 2390 970 χρείας,
2424 898 2480 952 in
2508 899 2727 954 Latinis
2757 900 3054 957 codicibus
3081 907 3318 974 propter
3341 904 3696 976 euphoniam

287 983 404 1039 ait:
434 981 623 1054 Magis
653 985 852 1037 autem
890 980 1134 1049 laboret,
1183 984 1474 1054 operando
1507 984 1784 1038 manibus
1816 981 1940 1038 suis
2051 985 2299 1039 mutavit
2330 985 2635 1057 interpres,
2667 993 2725 1042 et
2755 990 2949 1058 posuit
2989 989 3059 1045 ad
3093 990 3518 1061 aediﬁcationem
3546 995 3696 1066 ﬁdei.

291 1072 448 1145 quod
469 1072 691 1126 bonum
715 1074 826 1138 est,
850 1074 915 1125 ut
940 1087 1055 1125 non
1077 1070 1358 1143 indigeat,
1390 1077 1447 1127 et
1471 1072 1680 1129 habeat
1699 1073 1941 1137 victum,
2054 1074 2522 1146 Quotiescunque
2554 1092 2623 1131 ex
2653 1093 2921 1133 sermone
2965 1083 3162 1135 nostro
3205 1080 3422 1153 aliquis
3452 1083 3702 1154 proﬁcit.

289 1166 350 1217 et
379 1159 530 1216 nulli
560 1158 886 1215 molestiam
919 1159 1224 1216 exhibeat:
1257 1162 1381 1227 sed,
1433 1161 1693 1232 Laborat,
1728 1160 1944 1232 inquit,
2054 1168 2111 1216 et
2135 1163 2304 1232 juxta
2332 1165 2827 1235 opportunitatem
2859 1166 2990 1232 loci,
3037 1170 3322 1240 temporis
3351 1177 3410 1226 et
3438 1189 3704 1243 persona

293 1249 576 1305 manibus
627 1249 750 1305 suis
797 1248 953 1320 quod
1005 1248 1226 1304 bonum
1278 1255 1384 1318 est,
1437 1255 1502 1305 ut
1547 1251 1760 1305 habeat
1793 1249 1946 1304 unde
2056 1250 2304 1306 aediﬁcat
2333 1252 2662 1323 audientes,
2697 1255 2881 1310 bonus
2904 1256 2972 1311 de
3003 1273 3099 1312 ore
3132 1263 3329 1315 nostro
3354 1277 3546 1318 sermo
3579 1279 3707 1334 pro-

295 1338 691 1395 communicet
712 1336 1132 1410 indigentibus.
1159 1339 1267 1402 Qui
1288 1338 1472 1411 igitur
1495 1340 1566 1394 ad
1589 1339 1698 1395 hoc
1721 1342 1946 1394 tantum
2058 1339 2253 1394 cessit.
2286 1340 2520 1403 Quoties
2553 1358 2684 1398 vero
2713 1341 3031 1413 loquimur,
3065 1351 3164 1400 aut
3187 1363 3300 1402 non
3332 1347 3389 1403 in
3420 1353 3704 1422 tempore,

293 1427 546 1494 laborat,
579 1426 705 1498 ipse
737 1431 801 1481 ut
849 1443 964 1481 non
1012 1430 1197 1500 egeat,
1226 1432 1282 1482 et
1333 1444 1367 1481 a
1405 1427 1630 1490 caeteris
1660 1425 1951 1483 contrahit
2059 1432 2160 1482 aut
2191 1428 2524 1500 importuno
2554 1429 2700 1501 loco,
2732 1437 2835 1486 aut
2867 1449 2981 1488 non
3016 1439 3079 1488 ut
3115 1436 3380 1492 convenit
3410 1440 3707 1496 audienti-

304 1532 571 1582 manum,
604 1514 874 1586 quamvis
922 1514 1239 1586 applaudat
1281 1516 1414 1583 sibi,
1463 1521 1659 1572 tamen
1691 1514 1950 1586 Apostoli
2062 1516 2194 1583 bus,
2225 1518 2397 1572 toties
2454 1535 2646 1574 sermo
2695 1519 2887 1576 malus
2929 1524 3187 1593 procedit
3229 1525 3300 1581 de
3357 1543 3456 1582 ore
3485 1533 3707 1598 nostro,

305 1609 657 1678 praeceptum
692 1620 809 1658 non
834 1603 988 1659 fecit.
1021 1604 1218 1660 Potest
1260 1609 1457 1660 autem
1488 1609 1546 1660 et
1575 1602 1753 1659 altius
1782 1601 1951 1658 intel-
2062 1607 2134 1662 ad
2168 1606 2620 1662 destructionem
2671 1625 2872 1664 eorum
2923 1611 3022 1682 qui
3072 1613 3335 1668 audiunt.
3368 1615 3710 1673 Considere-

303 1694 446 1766 ligi:
482 1693 588 1760 Qui
630 1693 947 1764 furabatur,
988 1693 1111 1764 jam
1159 1709 1268 1749 non
1314 1697 1552 1765 ίαν-ρίαν,
1602 1697 1659 1748 et
1689 1693 1950 1763 reliqua:
2066 1711 2198 1750 mus
2229 1694 2425 1766 itaque
2456 1697 2596 1766 quid
2648 1697 2982 1770 loquamur,
3017 1701 3157 1772 quia
3201 1719 3303 1774 pro
3335 1705 3495 1758 omni
3527 1706 3712 1764 otioso

305 1787 546 1861 propter
574 1781 718 1836 illud
749 1782 906 1852 quod
937 1782 1219 1854 scriptum
1253 1787 1342 1838 est
1381 1784 1451 1837 de
1479 1781 1953 1854 pseudOprophe-
1988 1824 2034 1888 Β
2065 1783 2238 1838 verbo
2288 1784 2572 1839 reddituri
2632 1803 2840 1842 sumus
2899 1789 3186 1846 rationem
3246 1792 3304 1846 in
3363 1793 3456 1848 die
3501 1795 3716 1864 judicii
3770 1789 3780 1804 ’

305 1871 420 1926 tis:
457 1872 576 1942 Qui
600 1871 866 1940 furantur
909 1887 1181 1927 sermones
1229 1873 1603 1943 unusquisque
1641 1888 1675 1925 a
1699 1871 1956 1942 proximo
1991 1871 2034 1888 "
2068 1872 2276 1942 (Matth.
2309 1890 2411 1939 x11,
2446 1875 2557 1945 36).
2592 1876 2660 1930 Et
2691 1877 2866 1932 etiam
2898 1879 2947 1933 si
2997 1896 3110 1934 non
3142 1880 3446 1948 lzsdamus,
3480 1900 3594 1939 non
3626 1889 3712 1940 ta-

306 1975 404 2015 suo
449 1959 669 2030 (Jerem.
727 1975 886 2026 xxm,
946 1960 1056 2031 30).
1117 1960 1185 2015 Et
1241 1960 1301 2014 in
1354 1959 1705 2029 Evangelio:
1762 1960 1958 2015 Omnes
2068 1976 2200 2016 men
2233 1960 2609 2031 aadificemus,
2636 1964 2774 2020 mali
2798 1967 2954 2022 verbi
2986 1968 3391 2026 nobisluenda
3411 1972 3489 2027 sit
3520 1987 3712 2044 poena.

309 2050 408 2121 qui
463 2056 733 2104 venerunt
785 2051 911 2103 ante
955 2065 1062 2115 me,
1119 2051 1271 2118 fures
1325 2054 1555 2120 [uerunt
1605 2054 1655 2104 et
1711 2050 1961 2104 latrones
2139 2049 2324 2117 (Vers.
2357 2052 2471 2120 30.)
2503 2075 2530 2100 «
2563 2054 2634 2108 Et
2667 2053 2842 2109 nolite
2890 2057 3235 2113 contristare
3265 2059 3546 2131 Spiritum
3580 2079 3715 2117 san-

313 2139 493 2205 (Joan.
527 2153 586 2202 χ,
617 2137 695 2208 8).
753 2137 823 2191 Et
876 2137 950 2192 ad
998 2138 1327 2195 Romanos:
1385 2140 1495 2207 Qui
1538 2139 1803 2210 pradicas
1850 2153 1960 2193 non
2069 2143 2228 2193 ctum
2260 2139 2382 2204 Dei,
2415 2139 2474 2193 in
2525 2157 2640 2211 quo
2688 2141 2897 2213 signati
2929 2143 3070 2199 estis
3118 2146 3176 2200 in
3226 2147 3319 2203 die
3362 2149 3718 2221 redemptio-

311 2227 640 2294 furandum,
670 2227 888 2297 furoris
932 2226 1108 2299 (Rom.
1157 2245 1217 2295 ιι,
1265 2229 1395 2297 21);
1449 2229 1605 2300 quod
1644 2230 1801 2283 furta
1832 2245 1962 2300 pro-
2072 2227 2184 2282 nis.
2249 2249 2277 2276 ››
2336 2226 2543 2283 Maeror
2581 2230 2771 2285 sancti
2829 2232 3083 2302 Spiritus
3141 2233 3224 2290 sic
3281 2236 3722 2310 intelligendus,

317 2314 627 2380 hibeamur
655 2315 844 2370 facere
871 2315 1222 2387 spiritualia.
1249 2317 1449 2389 Neque
1477 2319 1633 2374 enim
1666 2319 1775 2374 hoc
1808 2317 1962 2390 quod
2073 2317 2368 2387 quomodo
2398 2315 2484 2372 ira
2519 2317 2613 2372 Dei
2661 2323 2718 2374 et
2745 2336 3010 2386 somnus,
3056 2327 3113 2378 et
3154 2328 3368 2380 caetera
3421 2326 3477 2381 in
3509 2327 3720 2384 huma-

317 2405 621 2476 sequitur:
660 2404 830 2476 Magis
879 2413 1062 2462 autem
1108 2406 1336 2476 laboret,
1387 2408 1662 2476 operando
1707 2407 1966 2463 manibus
2075 2422 2211 2459 nam
2235 2404 2685 2462 similitudinem
2711 2408 3044 2478 passiones:
3071 2428 3184 2466 non
3208 2430 3322 2483 quo
3346 2415 3728 2471 contristetur

313 2496 434 2550 suis
463 2494 607 2564 quod
628 2495 826 2550 bonum
849 2500 952 2564 est,
985 2495 1057 2551 ad
1079 2495 1210 2550 vitae
1243 2496 1420 2566 hujus
1446 2497 1772 2553 necessaria
1793 2497 1969 2568 digne
2077 2494 2342 2565 spiritus,
2365 2499 2420 2549 et
2441 2494 2620 2550 ullam
2644 2498 3140 2566 perturbationem
3165 2499 3445 2558 divinitus
3469 2503 3684 2558 sentiat
3709 2521 3723 2572 ;

324 2583 525 2640 referri
556 2586 783 2655 potest:
817 2587 884 2638 ut
913 2583 1134 2639 bonum
1167 2584 1397 2640 dicatur
1425 2587 1816 2658 quodcunque
1840 2602 1969 2657 per-
2082 2584 2182 2638 sed
2233 2599 2348 2654 quo
2397 2600 2464 2638 ex
2515 2583 2705 2639 verbis
2736 2586 2950 2642 nostris
2980 2587 3081 2642 Dei
3129 2589 3429 2647 discamus
3458 2592 3728 2660 affectus,

324 2673 550 2729 iturum
584 2677 692 2740 est,
725 2677 781 2728 et
811 2673 884 2728 ad
915 2689 1315 2729 mammonam
1339 2674 1668 2747 iniquitatis
1700 2677 1968 2748 pertinet.
2082 2672 2235 2742 quod
2267 2677 2509 2728 mmreat
2555 2674 3018 2746 quotiescunque
3066 2693 3394 2752 peccamuS,
3435 2684 3492 2735 et
3521 2680 3732 2736 deﬂeat

327 2762 604 2826 Quamvis
651 2763 808 2818 enim
845 2763 1050 2833 justus
1097 2761 1262 2819 labor
1307 2780 1445 2836 opes
1499 2765 1711 2822 habeat
1753 2767 1975 2838 absque
2085 2765 2434 2832 peccatores.
2466 2762 2610 2817 Nam
2661 2768 2718 2818 et
2760 2763 3022 2820 Salvator
3069 2767 3126 2820 in
3172 2783 3410 2839 corpore
3441 2769 3730 2824 constitu-

327 2851 1978 2924 tergiversationequaasitas,satisbabebitsinondicantur
2084 2854 2200 2915 tua,
2237 2850 2392 2904 ﬂevit
2419 2851 2761 2906 'Jerusalem
2807 2854 2958 2924 (Luc.
3009 2871 3124 2925 xix,
3159 2855 3268 2926 41).
3320 2860 3378 2910 et
3421 2871 3596 2911 omne
3627 2855 3731 2911 ho-

332 2939 557 2997 malum
582 2957 597 3008 ;
622 2945 894 2996 ceterum
916 2942 1136 2996 bonum
1160 2959 1275 2998 non
1296 2942 1514 2999 vallent
1535 2943 1834 3016 appellari.
1872 2943 1982 3016 Igi-
2088 2938 2315 2992 minum
2346 2955 2533 3009 genus
2579 2939 2638 2993 in
2680 2942 2964 3012 prepheta
3012 2942 3292 3014 deplorat,
3341 2944 3578 2999 dicens:
3615 2949 3736 3000 Heu

338 3034 436 3090 tur
459 3029 681 3085 bonum
714 3033 1006 3101 operatur,
1041 3030 1140 3101 qui
1188 3030 1445 3086 declinat
1474 3050 1508 3088 a
1551 3033 1724 3099 malo,
1758 3037 1815 3088 et
1843 3034 1983 3089 facit
2089 3027 2250 3090 mihi,
2283 3029 2494 3096 αηίθηα,
2542 3031 2672 3098 φιλία
2712 3032 2882 3100 Periit
2928 3033 3201 3087 νευθνίθηε
3247 3033 3353 3103 [1“-
3399 3038 3670 3100 νθυενεηε]
3703 3049 3737 3088 α

340 3117 560 3174 bonum
590 3117 765 3190 (Psat.
796 3133 984 3184 xxxvr,
1008 3117 1120 3185 27),
1150 3122 1206 3172 et
1226 3123 1500 3190 operatur
1520 3119 1576 3174 in
1608 3135 1746 3192 agro
1773 3119 1981 3175 anima:
2029 3189 2042 3192 _
2091 3121 2255 3172 terra.
2284 3116 2348 3172 Et
2375 3118 2472 3186 qui
2517 3119 2784 3189 corrigat,
2839 3121 2982 3174 inter
3029 3119 3275 3176 homines
3322 3137 3432 3178 non
3461 3131 3544 3177 est
3565 3140 3584 3175 :
3617 3139 3735 3178 om-

337 3223 481 3272 suaa,
512 3211 576 3262 ut
601 3189 1008 3278 Vspiritualibus
1047 3189 1298 3278 panibus
1330 3189 1673 3278 impleatur,—
1713 3212 1770 3263 et
1799 3212 1943 3279 posst

2134 3221 2190 3260 es
2219 3207 2280 3260 in
2333 3206 2605 3273 sanguine
2646 3205 2968 3274 iudicantur
3023 3208 3204 3278 (Mich.
3253 3226 3372 3276 vm,
3431 3211 3510 3282 2).
3572 3211 3639 3265 Et
3676 3209 3735 3265 in

335 3296 708 3352 commodare
755 3295 1057 3366 esurienti,
1109 3303 1164 3350 et
1208 3295 1614 3351 necessitatem
1643 3297 1981 3369 sustinenti,
2093 3293 2386 3348 Ezechiele
2442 3310 2617 3365 opera
2670 3296 2966 3365 quondam
3016 3301 3230 3352 sancta
3289 3298 3539 3355 civitatis
3589 3316 3738 3354 enu-

335 3387 482 3441 dans
513 3385 573 3440 in
603 3390 865 3456 tempore
911 3384 1131 3440 cibaria
1174 3385 1468 3442 conservis
1499 3385 1661 3440 suis:
1711 3385 1760 3440 si
1791 3396 1982 3442 autem
2095 3399 2346 3449 merans,
2381 3383 2496 3437 ait:
2531 3388 2589 3437 In
2612 3383 2862 3438 omnibus
2885 3387 3000 3440 istis
3030 3388 3388 3443 contristabas
3416 3403 3503 3444 me
3521 3388 3737 3456 (Ezech.

317 3473 476 3530 -talis
505 3478 596 3530 est
624 3475 725 3545 qui
773 3479 1048 3545 operatur
1091 3473 1332 3542 bonum,
1364 3490 1499 3546 ergo
1531 3480 1588 3529 et
1618 3474 1668 3529 is
1699 3475 1798 3545 qui
1828 3475 1984 3529 fura-
2093 3489 2186 3538 xx,
2221 3472 2330 3540 45).
2366 3471 2586 3543 Signati
2619 3478 2816 3527 autem
2865 3490 3074 3529 sumus
3113 3475 3330 3546 Spiritu
3386 3477 3479 3532 Dei
3513 3481 3740 3542 sancto,

339 3569 452 3634 tur,
505 3568 930 3633 consequenter
978 3563 1156 3618 verba
1202 3563 1429 3618 furatur
1468 3569 1525 3618 et
1570 3565 1865 3635 dogmata,
1915 3563 1987 3618 de
2098 3565 2164 3615 ut
2193 3563 2248 3614 et
2277 3558 2520 3630 spiritus
2553 3565 2748 3616 noster
2777 3566 2835 3616 et
2859 3562 3056 3618 anima
3102 3563 3515 3634 imprimuntur
3543 3565 3739 3637 signa-

338 3654 496 3709 furto
528 3653 748 3720 vivens,
782 3653 853 3706 de
901 3651 1056 3707 furto
1103 3651 1216 3706 sibi
1255 3651 1558 3707 cervicalia
1587 3669 1896 3721 consuens,
1931 3656 1990 3707 et
2098 3647 2227 3702 culo
2261 3649 2378 3718 Dei,
2413 3652 2469 3703 et
2501 3647 2660 3704 illam
2711 3650 3066 3722 recipiamus
3109 3653 3425 3723 imaginem
3456 3659 3513 3708 et
3542 3653 3749 3710 simili-

341 3743 779 3814 Scripturarum
811 3758 1038 3812 pannos
1065 3741 1202 3796 hinc
1230 3741 1363 3796 inde
1385 3740 1685 3814 colligens,
1714 3746 1777 3796 ut
1806 3741 1993 3813 possit
2102 3737 2366 3792 tudinem
2399 3737 2470 3792 ad
2503 3753 2680 3808 quam
2712 3738 2770 3793 in
2799 3739 3034 3795 exordio
3065 3741 3280 3795 conditi
3312 3758 3519 3797 sumus
3562 3743 3599 3796 ι.
3633 3741 3752 3797 Hoc

343 3831 608 3886 tunicam
639 3830 825 3886 facere
855 3830 1234 3898 conscissam,
1269 3846 1394 3900 quas
1425 3830 1700 3885 deorsum
1731 3836 1837 3899 est,
1876 3847 1991 3886 non
2102 3825 2472 3898 signaculum
2505 3828 2690 3882 sancti
2723 3829 2998 3899 Spiritus,
3022 3830 3195 3900 juxta
3223 3828 3520 3902 eloquium
3555 3829 3751 3886 Salva-

346 3921 680 3976 desursum.
714 3918 936 3974 Tunica
982 3919 1138 3974 enim
1185 3919 1472 3984 Ecclesiae,
1521 3919 1630 3974 hoc
1668 3924 1755 3974 est
1781 3935 1994 3990 corpus
2102 3917 2267 3982 toris,
2301 3916 2416 3971 Deo
2464 3915 2860 3987 imprimente,
2911 3918 3196 3989 signatur.
3246 3919 3402 3973 Hunc
3443 3919 3610 3984 enim,
3646 3919 3748 3985 ait,

349 4009 584 4074 Christi,
629 4010 1194 4081 desupercontexta
1240 4013 1348 4077 est,
1399 4013 1457 4064 et
1502 4007 1666 4063 nulla
1713 4025 1782 4063 ex
1832 4012 1994 4078 parte
2103 4007 2339 4074 signavit
2370 4007 2540 4060 Pater
2570 4006 2709 4061 Deus
2739 4008 2916 4078 (Joan.
2949 4023 3022 4075 vn,
3072 4007 3184 4077 27).
3234 4007 3511 4077 Signatur
3552 4022 3688 4078 ergo
3717 4023 3752 4061 a

351 4098 672 4169 eonsutilis,
706 4115 834 4169 qua
866 4113 938 4153 ne
986 4100 1058 4153 ab
1097 4097 1353 4154 inimicis
1403 4097 1640 4169 quidem
1671 4097 1860 4154 scindi
1894 4113 1994 4170 po-
2107 4094 2292 4162 Patre,
2319 4095 2537 4166 Spiritu
2562 4101 2785 4166 sancto,
2809 4096 3002 4150 omnis
3024 4097 3123 4167 qui
3145 4113 3299 4152 exeo
3327 4096 3484 4167 quod
3507 4094 3753 4151 credidit

350 4190 468 4242 test
497 4187 674 4257 (Joan.
707 4203 823 4255 xxx,
855 4186 968 4256 23).
2108 4189 2241 4252 Deo,
2275 4185 2549 4256 signavit,
2583 4184 2719 4253 quia
2747 4201 2916 4239 verus
2945 4189 3036 4239 est
3081 4187 3249 4240 Deus.
3284 4184 3391 4248 Qui
3423 4184 3638 4240 idcirco
3669 4184 3756 4242 si-

427 4275 580 4331 632
629 4274 816 4346 (Vers.
848 4275 964 4346 28.)
995 4296 1024 4326 «
1076 4274 1280 4330 Omnis
1325 4289 1517 4329 sermo
1561 4272 1755 4329 malus
1803 4274 1874 4329 de
1903 4289 2000 4328 ore
2110 4279 2342 4342 gnatur,
2367 4276 2429 4326 ut
2450 4276 2640 4326 servet
2665 4271 3032 4343 signaculum
3053 4277 3110 4327 et
3130 4274 3402 4332 ostendat
3421 4271 3566 4327 illud
3590 4272 3650 4328 in
3665 4271 3758 4328 die

348 4368 542 4420 vestro
575 4380 691 4419 non
735 4363 1028 4435 procedat.
1058 4363 1166 4418 Sed
1212 4363 1260 4416 si
1312 4362 1445 4433 quis
1476 4363 1688 4429 bonus,
1717 4362 1790 4418 ad
1821 4361 1999 4416 aedifi-
2112 4359 2549 4432 redemptionis,
2581 4376 2793 4431 purum
2848 4365 3023 4431 atque
3062 4362 3387 4428 sincerum,
3417 4366 3477 4418 et
3505 4360 3666 4417 nulla
3693 4376 3762 4417 ex

354 4453 648 4508 cntionem
679 4450 1155 4524 opportunitatis,
1209 4455 1272 4506 ut
1303 4451 1401 4506 det
1427 4451 1677 4522 gratiam
1709 4449 2002 4506 audienti-
2115 4454 2276 4521 parte
2306 4448 2664 4518 mutilatum,
2693 4454 2749 4504 et
2774 4449 2845 4505 ob
2878 4449 2934 4504 id
2967 4452 3260 4508 numerari
3284 4467 3419 4508 cum
3450 4451 3544 4507 his
3572 4449 3764 4506 valeat

353 4543 488 4598 bus.
524 4565 551 4591 »
586 4542 782 4596 Bonus
827 4556 1018 4596 sermo
1067 4544 1153 4596 est
1197 4540 1270 4594 ad
1319 4539 1759 4594 aediﬁcationem
1792 4555 2001 4610 oppor-
2033 4550 2081 4615 D
2113 4538 2214 4610 qui
2244 4538 2525 4610 redempti
2559 4541 2731 4593 sunt.-

429 4683 708 4740 ‘Sentire
762 4683 996 4756 videtur
1047 4681 1243 4756 ipsum
1302 4681 1512 4756 tuisseA
1541 4680 1641 4736 Dei
1675 4681 2000 4756 Spiritum,
2112 4681 2338 4756 Duilius,
2398 4681 2614 4756 Defens.
2671 4681 2766 4753 ﬁd.
2827 4683 3060 4750 Nicaea,
3118 4685 3145 4751 §
3198 4684 3288 4751 2t,
3321 4681 3422 4752 qui
3470 4686 3529 4737 et
3581 4683 3760 4736 stata

356 4757 512 4828 quod
542 4756 674 4828 vitae
705 4753 1454 4828 spiraculum‘protoplasto
1487 4753 1638 4828 _Deu_s
1673 4753 1998 4828 inspiravit.
2112 4754 2304 4809 Rulini
2330 4754 2612 4825 partibus.

349 4823 678 4883 Nonnullae
725 4823 854 4898 ejus
893 4823 1192 4884 sententiae
1241 4823 1438 4880 Patres
1487 4823 1690 4880 laudat
1716 4823 2001 4898 Georgius

1487 5098 1884 5184 LIBER
1977 5097 2650 5185 TERTIUS.

442 5378 789 5437 688-084
819 5376 976 5434 Satis
1022 5376 1392 5447 abundeque,
1421 5390 1453 5430 o
1499 5371 1680 5429 Paula
1716 5378 1773 5429 et
1804 5375 2016 5431 Eusto-
2127 5374 2282 5445 quod
2313 5373 2518 5428 beatus
2548 5368 2856 5442 Apostolus
2882 5368 2952 5424 ad
2985 5368 3207 5426 nullam
3230 5369 3618 5426 Ecclesiarum
3647 5373 3773 5425 tam

369 5468 594 5539 chium,
625 5469 698 5524 de
729 5470 1073 5542 argumento
1101 5464 1373 5537 Epistolis
1417 5462 1582 5519 Pauli
1614 5463 1685 5518 ad
1718 5462 2017 5534 Ephesios,
2131 5462 2369 5535 mystice
2401 5459 2701 5532 scripserit
2720 5463 2777 5514 et
2805 5459 3147 5514 abscondita
3174 5459 3403 5516 seculis
3442 5457 3778 5514 revelaverit

370 5559 433 5614 in
466 5558 642 5631 primi
672 5557 805 5614 libri
838 5555 1173 5630 praefatione
1206 5553 1495 5610 disserui:
1529 5556 1585 5608 et
1615 5553 1866 5624 sparsim
1898 5551 2023 5606 ubi-
2133 5555 2519 5606 sacramenta.
2552 5549 2718 5605 Nunc
2739 5564 2873 5620 ergo
2904 5549 3182 5621 quoniam
3207 5546 3539 5605 orationum
3563 5552 3782 5604 vestra-

369 5662 610 5724 ounque
669 5645 893 5706 occasio
949 5645 1088 5704 data
1133 5647 1242 5718 est,
1295 5641 1431 5702 licet
1477 5640 1748 5713 breviter,
1797 5640 2025 5700 ostendi
2135 5657 2268 5700 rum
2298 5645 2357 5700 et
2386 5643 2600 5699 sanctas
2628 5637 2910 5695 Marcellas
2944 5637 3127 5696 fultus
3157 5638 3392 5721 auxilio,
3428 5637 3690 5708 tertium,
3719 5635 3780 5700 id
