4066 6190
327 313 446 383 “8

1556 299 1644 394 's.
1689 331 2002 396 unseen
2043 326 2488 394 HIERONYMI

3618 330 3735 393 5M

329 456 494 516 frena
524 459 731 554 laxata.
768 462 990 538 Duplex
1018 470 1211 523 autem
1243 485 1358 525 non
1399 467 1589 525 solum
1643 469 1795 542 apud
1845 487 1973 538 nos,
2007 471 2059 538 Α
2090 467 2276 524 Belial
2305 468 2382 540 (II
2409 471 2532 524 Cor.
2566 486 2647 554 vr,
2677 467 2785 540 15),
2817 467 2927 526 hoc
2975 471 3083 535 est,
3133 469 3333 541 absque
3369 467 3544 541 jugo'
3573 467 3732 541 quod

327 561 529 606 verum
563 552 739 608 etiam
772 556 923 624 apud
960 555 1340 630 philosophos
1377 557 1474 614 irae
1513 577 1726 616 nomen
1767 560 1975 630 accipi-

328 642 444 694 tur.
470 640 562 696 Vel
598 658 730 696 cum
765 642 982 712 injuria
1010 645 1286 713 lacessiti,
1321 648 1688 706 naturalibus
1719 648 1977 704 stimulis

329 728 725 798 concitamur;
753 733 840 788 vel
874 751 1032 803 cum,
1078 737 1475 808 requiescente
1521 739 1766 810 impetu,
1801 744 1858 793 et
1889 740 1977 792 fu-

329 826 460 874 ‘rore
510 819 807 893 restincto,
840 827 1030 894 potest
1079 841 1246 881 mens
1303 827 1515 882 habere
1565 828 1875 896 judicium,
1923 832 1979 883 et

332 907 719 964 nihilominus
742 927 919 982 super
937 930 1003 968 eo
1030 914 1127 983 qui
1157 919 1396 984 putatur
1422 915 1662 981 laesisse,
1687 917 1979 972 desiderat

331 996 636 1053 ultionem.
671 999 928 1055 Arbitror
973 1001 1170 1073 itaque
1202 1005 1272 1059 de
1322 1005 1497 1076 priori
1529 1022 1686 1060 nunc
1732 1006 1974 1071 dictum,

333 1089 390 1140 et
418 1086 590 1142 nobis
622 1089 787 1158 quasi
832 1089 1170 1148 hominibus
1218 1110 1346 1148 esse
1392 1111 1758 1162 concessum,
1793 1100 1856 1149 ut
1905 1095 1975 1149 ad

331 1174 585 1247 indignae
617 1176 864 1248 alicujus
897 1180 978 1235 rei
1010 1181 1214 1236 faciem
1257 1199 1616 1249 moveamur,
1649 1183 1976 1255 tranquilli-

329 1267 624 1338 tatemque
673 1270 906 1339 mentis,
939 1270 1098 1325 velut
1146 1270 1294 1326 lenis
1333 1274 1599 1343 quaedam
1653 1291 1793 1328 aura
1841 1291 1974 1328 con-

329 1354 526 1410 turbet
555 1373 568 1410 :
604 1373 973 1428 nequaquam
1005 1362 1200 1415 tamen
1243 1362 1301 1415 in
1347 1366 1641 1417 tumentes
1670 1362 1933 1434 gurgites
1957 1364 1974 1398 ί

333 1443 546 1499 furoris
585 1445 805 1516 impetu
857 1448 1250 1505 sublevemur.
1280 1451 1610 1505 Firmianus
1665 1455 1862 1506 uoster
1907 1450 1976 1504 li-

329 1531 502 1587 brum
534 1535 608 1589 De
647 1536 734 1590 ira
780 1538 879 1592 Dei
926 1539 1093 1593 docto
1145 1540 1365 1611 pariter
1410 1545 1466 1595 et
1513 1540 1804 1611 eloquenti
1857 1556 1977 1594 ser-

333 1637 506 1677 mone
536 1625 906 1696 conscripsit,
937 1643 1110 1697 quem
1143 1629 1241 1700 qui
1273 1629 1497 1700 legerit,
1523 1633 1662 1702 puto
1693 1629 1741 1684 ei
1776 1630 1844 1684 ad
1878 1629 1978 1684 irae

331 1709 692 1766 intellectum
761 1715 914 1770 629
973 1716 1116 1771 satis
1170 1717 1518 1788 abundeque
1575 1733 1744 1788 posse
1813 1717 1975 1772 suffi-

332 1809 479 1856 cere.

405 1912 436 1940 ‹‹
468 1890 562 1946 Sol
595 1909 709 1947 non
750 1893 975 1950 occidat
1017 1911 1194 1966 super
1239 1897 1600 1952 iracundiam
1646 1901 1920 1952 vestram.
1947 1915 1970 1945 ι

333 1979 392 2035 Si
424 1981 769 2053 simpliciter
797 1983 953 2039 hunc
995 1985 1177 2041 solem
1220 1986 1626 2057 intelligimus,
1660 1987 1772 2058 qui-
1793 1985 1977 2041 oculis

330 2069 525 2125 carnis
573 2073 874 2143 aspicitur,
909 2090 1241 2146 peccamus,
1275 2077 1510 2148 quando
1559 2077 1888 2147 irascimur,
1922 2077 1978 2128 et

331 2159 630 2216 occidente
679 2162 819 2232 sole,
870 2164 1171 2219 iracundia
1221 2169 1568 2237 perseverat.
1610 2166 1734 2220 Non
1781 2179 1978 2236 pecca-

330 2247 465 2304 mus
496 2253 713 2314 autem,
749 2254 984 2322 quando
1034 2254 1211 2324 (verbi
1263 2255 1470 2325 gratia)
1518 2273 1551 2310 a
1594 2256 1785 2325 prima
1832 2253 1976 2307 hora

331 2354 519 2409 usque
577 2341 648 2394 ad
701 2341 1073 2397 undecimam
1122 2343 1463 2414 irascentes,
1519 2343 1765 2398 facimus
1819 2341 1976 2412 quod

330 2425 678 2499 indignatio,
702 2430 881 2497 furor,
912 2431 1000 2486 ira
1028 2433 1449 2504 suggesserint.
1473 2435 1595 2496 Quo
1622 2449 1798 2488 sensu
1831 2429 1976 2485 nihil

334 2516 480 2572 mihi
509 2517 737 2574 videtur
765 2519 1102 2591 absurdius,
1134 2523 1302 2592 quasi
1331 2540 1444 2578 non
1477 2527 1652 2594 queat
1682 2521 1973 2593 quispiam

333 2606 405 2661 ab
435 2609 565 2661 ortu
598 2607 739 2662 solis
788 2625 972 2679 usque
1012 2610 1082 2664 ad
1116 2627 1387 2667 occasum
1439 2612 1498 2666 in
1549 2603 1712 2667 tanta
1761 2610 1980 2666 scelera

332 2695 698 2765 debacchari,
730 2702 950 2768 quanta
978 2703 1100 2755 tota
1133 2699 1254 2755 vita
1295 2718 1402 2757 sua
1431 2717 1546 2756 non
1577 2702 1764 2773 possit
1795 2699 1978 2773 lacry-

333 2785 448 2841 mis
477 2786 729 2858 expiare,
765 2793 866 2843 aut
898 2805 1012 2843 non
1060 2790 1249 2862 magis
1301 2791 1388 2845 ira
1435 2790 1626 2845 locum
1660 2791 1718 2845 in
1753 2790 1845 2847 die
1875 2789 1979 2844 ha-

334 2875 487 2945 beat,
521 2893 652 2930 cum
686 2876 887 2948 utique
917 2896 1029 2934 nox
1060 2879 1293 2950 requies
1323 2880 1402 2936 sit
1431 2881 1664 2944 furoris,
1698 2884 1754 2935 et
1783 2895 1980 2934 succe-

337 2965 511 3019 dente
527 2968 937 3030 somno,etiam
959 2968 1005 3024 si
1030 2968 1426 3036 irascimur,in
1446 2971 1600 3025 diem
1620 2969 1983 3025 iracundiam

342 3052 700 3110 differamus.
750 3055 895 3120 Quia
949 3057 1135 3129 igitur
1189 3075 1361 3114 verus
1417 3058 1526 3129 sol,
1577 3059 1731 3114 sicut
1776 3058 1987 3114 occidit

2088 558 2158 612 de
2190 557 2334 614 collo
2366 576 2472 614 suo
2494 559 2594 615 Dei
2625 559 2900 630 abjecerit
2924 560 3260 616 servitutem
3287 576 3299 614 :
3325 575 3500 631 quem
3523 557 3737 630 Aquila

2089 651 2388 718 apostatam
2442 649 2764 704 transtulit.
2807 651 2876 704 Et
2923 650 3226 705 sciendum
3287 649 3625 721 ubicunque
3671 649 3735 705 in

2087 735 2275 791 Veteri
2309 737 2455 803 Lege
2493 738 2605 808 ﬁlii
2644 740 2978 809 pestilentiae
3009 738 3359 806 scribantur,
3393 738 3549 793 sicut
3599 738 3680 793 ibi
3715 753 3732 795 :

2087 827 2217 881 Filii
2245 831 2435 882 autem
2463 829 2606 894 Heli,
2637 827 2756 900 ﬁlii
2798 830 3132 898 pestilentiae
3162 829 3212 899 (I
3238 831 3361 900 Reg.
3393 845 3472 899 x1,
3508 829 3617 899 12),
3650 827 3733 884 ibi

2085 914 2144 969 in
2177 915 2474 971 Hebraicis
2504 915 2902 973 voluminibus
2935 918 3129 988 Belial,
3164 917 3273 973 hoc
3311 921 3419 987 est,
3451 917 3734 974 diabolum

2086 1019 2189 1073 pro
2235 1005 2546 1075 pestilentia
2593 1005 2886 1061 nominari
2921 1024 2934 1061 :
2965 1005 3099 1061 licet
3145 1006 3384 1074 plurimi
3426 1007 3579 1061 680
3626 1023 3733 1077 pro

2087 1094 2262 1148 Belial
2311 1098 2582 1165 corrupte
2611 1095 2667 1148 in
2711 1094 2989 1166 Apostolo
3035 1096 3265 1150 Beliar‘
3293 1093 3510 1167 legant.
3541 1094 3736 1150 Nolite

2086 1182 2285 1254 itaque
2333 1184 2432 1253 ait,
2465 1184 2603 1238 dare
2653 1183 2847 1240 locum
2891 1185 3143 1252 diabolo,
3177 1184 3300 1257 qui,
3329 1189 3614 1257 tanquam
3643 1184 3734 1242 leo

2087 1272 2344 1343 rugiens,
2366 1273 2570 1344 quaerit
2599 1274 2822 1328 aditum
2852 1291 2953 1345 per
2981 1291 3157 1347 quem
3188 1274 3375 1347 possit
3401 1274 3734 1346 irrumpere

2087 1361 2136 1432 (Ι
2191 1367 2340 1416 Pctr.
2391 1381 2444 1432 ν,
2503 1363 2580 1435 8).
2642 1364 2939 1428 Quomodo
2996 1362 3152 1419 enim
3212 1365 3380 1420 Pater
3435 1368 3490 1420 et
3546 1364 3733 1421 Filius

2087 1453 2245 1505 stant
2277 1455 2408 1506 ante
2459 1452 2696 1523 ostium,
2729 1456 2786 1508 et
2816 1452 3073 1525 pulsant,
3105 1456 3169 1507 ut
3200 1453 3508 1521 introeant,
3541 1460 3593 1508 el
3626 1470 3738 1510 cce-

2087 1546 2228 1596 nent
2259 1559 2392 1597 cum
2434 1559 2499 1598 eo
2549 1543 2648 1614 qui
2701 1559 2763 1598 se
2811 1542 3093 1615 receperit
3142 1543 3326 1614 (Apoc.
3362 1560 3447 1611 ur,
3477 1543 3570 1613 20)
3605 1560 3619 1596 :
3651 1542 3736 1597 ita

2087 1634 2143 1684 et
2175 1630 2541 1687 adversarius
2592 1647 2824 1700 semper
2857 1631 2916 1686 in
2951 1648 3057 1687 nos
3106 1635 3196 1687 est
3242 1635 3480 1702 paratus
3512 1631 3734 1686 irrum-

2087 1735 2243 1791 pere,
2277 1725 2334 1775 et
2382 1736 2516 1776 cum
2563 1719 2757 1776 locum
2803 1721 3160 1791 dederimus,
3203 1721 3545 1792 ingreditur.
3576 1720 3738 1776 Solet

2087 1812 2304 1876 autem,
2339 1813 2652 1880 antequam
2690 1809 2905 1876 veniat,
2940 1811 3206 1882 quaedam
3244 1808 3443 1881 jacula
3473 1809 3734 1882 praemit-

2084 1900 2223 1964 tere,
2258 1900 2315 1953 et
2356 1915 2770 1970 praecursorem
2802 1900 3085 1954 adventus
3135 1898 3226 1955 sui
3277 1899 3464 1954 facere
3512 1899 3735 1970 cogita-

2083 1986 2302 2042 tionem
2339 2004 2351 2042 :
2386 1987 2537 2042 hanc
2568 1986 2754 2042 sinos
2799 1987 2856 2041 in
2909 1988 3082 2044 corde
3139 1991 3337 2044 nostro
3396 1992 3733 2059 susceptam

2085 2075 2468 2131 nutrierimus
2522 2075 2905 2147 intrinsecus,
2965 2081 3022 2132 et
3087 2092 3342 2132 crescere
3396 2075 3734 2144 fecerimus,

2085 2180 2218 2219 cum
2249 2163 2308 2219 in
2339 2164 2509 2220 nobis
2539 2164 2761 2237 prolem
2795 2182 2963 2220 suam
2995 2169 3227 2221 auctam
3255 2166 3488 2231 viderit,
3521 2169 3577 2221 et
3603 2165 3736 2236 ipse

2085 2255 2322 2318 audebit
2349 2255 2586 2310 intrare.
2606 2254 2865 2326 Denique
2895 2255 2954 2309 in
2976 2255 3143 2310 Judae
3165 2253 3466 2321 Iscarioth,
3491 2271 3590 2310 cor
3610 2253 3734 2326 pri-

2086 2359 2242 2396 mam
2269 2343 2412 2413 jecit
2442 2343 2737 2415 sagittam,
2770 2347 2836 2399 ut
2873 2344 3132 2399 traderet
3159 2343 3516 2410 Salvatorem
3547 2344 3728 2416 (Joan.

2084 2449 2206 2500 xm,
2238 2432 2314 2502 2),
2348 2448 2526 2503 quam
2560 2433 2606 2488 si
2639 2437 2935 2504 exceptam
2974 2432 3072 2487 ille
3113 2432 3465 2488 miserabilis
3496 2449 3611 2487 non
3646 2433 3733 2488 fo-

2084 2521 2286 2583 visset,
2347 2538 2652 2593 nunquam
2699 2527 2831 2593 post
2871 2521 3187 2576 intinctum
3237 2539 3445 2593 panem
3477 2521 3538 2577 in
3570 2539 3742 2594 paro-

2086 2609 2274 2682 pside,
2306 2609 2587 2666 intrasset
2616 2611 2674 2665 in
2707 2609 2874 2665 illum
2918 2611 3165 2666 Satanas
3194 2611 3402 2682 (Matth.
3433 2627 3586 2675 xxvr,
3618 2609 3738 2682 43).

2089 2697 2396 2770 Simulque
2431 2702 2489 2753 et
2517 2698 2625 2754 hoc
2655 2697 2968 2771 diligenter
2997 2699 3301 2767 attendite,
3327 2699 3482 2772 quod
3515 2716 3630 2754 non
3655 2699 3747 2754 in-

2090 2789 2310 2844 venerit
2339 2785 2605 2842 diabolus
2624 2787 2816 2842 locum
2841 2788 3178 2844 introeundi
3209 2787 3268 2842 in
3297 2788 3536 2854 Judam,
3571 2789 3745 2859 cujus

2093 2880 2295 2948 pectus
2316 2877 2442 2947 jam
2474 2879 2606 2931 ante
2637 2881 3026 2948 pcrcusserat,
3059 2877 3173 2932 nisi
3223 2877 3279 2932 in
3328 2876 3587 2932 convivio
3617 2872 3750 2933 Sal-

2093 2965 2310 3021 vatoris
2357 2966 2534 3036 (Joan.
2581 2983 2707 3034 xm,
2738 2967 2840 3038 2):
2879 2966 3018 3038 quia
3063 2971 3204 3022 tunc
3249 2966 3335 3021 vel
3386 2966 3641 3022 maxime
3686 2966 3751 3021 in

2096 3057 2442 3127 potestatem
2475 3054 2526 3110 ei
2557 3055 3050 3127 damur,-quando
3082 3072 3186 3111 nec
3218 3055 3608 3120 humanitate,
3641 3072 3754 3112 nec

343 3157 521 3211 super
552 3141 737 3198 malos
780 3146 1113 3216 prophetas,
1139 3147 1311 3216 juxta
1337 3147 1480 3203 illud
1513 3148 1667 3220 quod
1700 3148 1986 3219 scriptum
2029 3215 2060 3220 _
2097 3144 2428 3214 clementia,
2454 3161 2558 3198 nec
2591 3144 3047 3200 mansuetudine
3077 3145 3207 3216 ejus
3235 3144 3548 3210 vincimur,
3571 3160 3756 3216 quem

341 3233 475 3296 est:
524 3227 775 3288 Occidit'
819 3215 900 3289 sol
948 3252 1114 3306 super
1143 3215 1453 3307 prophetas
1507 3215 1712 3294 uestros
1761 3215 1990 3293 meridie
2019 3215 2061 3281 (ἶ
2100 3235 2334 3289 odimus
2366 3233 2623 3306 indigne.
2656 3232 2804 3288 Huic
2851 3233 3006 3305 quod
3047 3215 3206 3288 nunc
3249 3234 3545 3306 praecepit,
3574 3215 3758 3306 neque

340 3320 524 3392 (Amos
552 3337 674 3390 vm,
709 3323 764 3394 9)
791 3339 803 3377 :
839 3323 920 3378 ita
950 3324 1126 3380 etiam
1158 3342 1338 3396 super
1368 3342 1571 3381 omnes
1612 3326 1824 3381 occidit
1855 3343 1988 3397 pec-

340 3414 584 3477 catores,
614 3427 984 3484 nequaquam
1011 3412 1094 3468 eis
1116 3417 1278 3469 ortus
1303 3415 1393 3469 sui
1411 3414 1611 3471 lumen
1636 3415 1984 3486 indulgens:

341 3499 610 3572 przeclpit
641 3517 797 3555 nunc
831 3501 1166 3572 Apostolus,
1200 3520 1271 3559 ne
1315 3504 1452 3560 talia
1484 3504 1769 3559 faciamus
1797 3505 1992 3559 furore

2098 3325 2273 3378 locum
2318 3322 2455 3378 detis
2496 3322 2738 3392 diabolo,
2769 3321 2910 3377 illud
2943 3323 3014 3378 de
3045 3322 3454 3378 Ecclesiastico
3504 3339 3755 3392 compa-

2099 3421 2264 3467 ratur
2305 3429 2316 3464 :
2367 3414 2433 3468 Si
2484 3413 2716 3483 spiritus
2770 3416 3092 3484 potestatem
3147 3411 3397 3468 habentis
3447 3410 3760 3467 ascenderit

2100 3517 2262 3572 super
2319 3509 2387 3568 te,
2435 3501 2616 3556 locum
2667 3504 2828 3555 tuum
2881 3518 2951 3556 ne
3009 3501 3224 3556 dederis
3272 3503 3325 3556 ei
3366 3501 3558 3571 (Eccle.
3588 3517 3642 3568 ι,
3677 3500 3762 3573 4).

348 3586 630 3658 superati,
665 3605 767 3659 per
808 3605 934 3660 quis
966 3591 1135 3646 nobis
1176 3593 1260 3648 sol
1295 3593 1538 3660 occidat,
1573 3596 1629 3647 et
1675 3591 1995 3664 principale
2103 3589 2205 3645 Ille
2255 3588 2547 3662 superbus
2589 3592 2646 3644 et
2692 3588 3041 3646 temerarius
3091 3591 3216 3644 vult
3263 3589 3596 3656 ascendere,
3628 3587 3769 3644 vult

349 3675 543 3730 cordis
584 3677 841 3732 tenebris
881 3677 1226 3738 involvatur.
1261 3681 1508 3747 Quidam
1540 3684 1748 3753 putant
1792 3681 1875 3736 sic
1905 3697 1996 3736 ac-

349 3763 681 3836 cipiendum
724 3765 834 3822 hoc
864 3783 992 3824 esse
1022 3768 1387 3840 simpliciter,
1423 3771 1715 3843 quomodo
1746 3775 1803 3826 et
1847 3769 1996 3824 illud

349 3853 544 3927 quarti
595 3855 829 3927 psalmi,
864 3857 1018 3912 unde
1057 3859 1314 3931 idipsum
1365 3865 1670 3932 sumptum
1721 3859 1995 3915 videtur:

348 3944 485 4013 Quae
511 3945 697 4002 dicitis
746 3947 802 4000 in
842 3947 1095 4002 cordibus
1127 3949 1334 4016 vestris,
1368 3953 1420 4003 et
1449 3951 1508 4003 in
1555 3947 1838 4004 cubilibus
1881 3963 2001 4002 ves-

344 4034 449 4088 tris
505 4036 946 4105 compungimini
999 4037 1176 4106 (Psal.
1212 4054 1283 4108 IV,
1315 4037 1392 4108 5),
1451 4038 1506 4092 id
1568 4041 1675 4109 est,
1729 4053 2003 4108 quaecun-

352 4139 466 4194 que
491 4122 550 4177 in
583 4123 695 4188 die,
727 4123 816 4180 vel
848 4141 1040 4197 opere,
1071 4125 1157 4181 vel
1193 4142 1482 4193 sermone,
1515 4127 1601 4182 vel
1652 4125 2004 4199 cogitatione

357 4212 632 4282 peccatis,
666 4213 789 4268 haec
839 4215 1185 4271 succedente
1223 4215 1566 4288 pmnitentia
1613 4218 1859 4288 purgate
1905 4230 2008 4286 per

360 4303 590 4356 noctem
625 4316 637 4353 :
673 4304 730 4355 et
757 4302 844 4356 ira
893 4303 971 4357 sit
1011 4303 1223 4373 brevis,
1255 4319 1361 4360 nec
1391 4304 1450 4360 in
1494 4303 1649 4360 diem
1681 4303 2007 4360 crastinum

359 4387 681 4444 differatur.

433 4476 618 4547 (Vers.
650 4478 762 4551 27).
799 4501 827 4528 «
862 4479 1058 4552 Neque
1095 4481 1289 4538 locum
1340 4482 1493 4538 detis
1541 4482 1791 4539 diabolo.
1817 4504 1845 4532 »
1875 4482 2008 4538 Dia-

2106 3678 2304 3734 subire
2337 3697 2350 3735 :
2385 3679 2488 3734 sed
2519 3677 2694 3734 etiam
2728 3679 2778 3734 si
2807 3682 2863 3734 te
2893 3695 3239 3751 oppressum
3271 3678 3584 3750 putaverit,
3607 3681 3667 3733 et
3696 3695 3768 3734 se

2106 3765 2396 3837 extulerit,
2432 3771 2494 3822 tu
2547 3783 2620 3822 ne
2673 3766 2903 3822 dederis
2959 3767 3175 3823 locum.
3226 3767 3485 3822 Potestas
3542 3766 3772 3840 quippe

2108 3855 2347 3921 diaboli,
2379 3872 2495 3912 non
2547 3857 2604 3910 in
2650 3856 2978 3912 temeritate
3024 3854 3185 3912 illius
3233 3859 3410 3928 atque
3448 3855 3769 3927 jactantia,

2111 3948 2210 4011 sed
2244 3946 2302 4001 in
2334 3950 2439 4001 tua
2467 3950 2556 4000 est
2583 3944 2900 4000 voluntate.

2183 4035 2369 4106 (Vers.
2399 4035 2516 4106 ‘28.)
2551 4055 2578 4083 ‹‹
2609 4035 2716 4098 Qui
2761 4033 3088 4105 furabatur,
3132 4034 3258 4106 jam
3310 4049 3424 4089 non
3489 4033 3719 4089 furetur
3755 4052 3773 4090 :

2115 4123 2303 4197 magis
2335 4127 2527 4178 autem
2552 4123 2797 4188 laboret,
2820 4121 3112 4193 operando
3145 4121 3419 4177 manibus
3450 4119 3574 4177 suis
3605 4123 3773 4193 quod

2115 4215 2333 4269 bonum
2365 4217 2455 4268 est
2488 4229 2500 4267 :
2536 4215 2601 4267 ut
2640 4211 2854 4268 habeat
2894 4211 3331 4267 communicare
3380 4210 3430 4266 ei
3480 4210 3580 4283 qui
3611 4209 3775 4266 indi-

2116 4307 2231 4377 get.
2267 4325 2295 4353 λ
2327 4302 2474 4368 Quia
2502 4301 2563 4355 hi
2594 4301 2690 4372 qui
2739 4299 2799 4354 in
2826 4299 2956 4355 vitae
3008 4299 3180 4356 istius
3228 4298 3479 4372 negotiis
3529 4315 3780 4356 conver-

2118 4398 2346 4464 santur,
2381 4394 2615 4463 propter
2657 4389 2936 4445 alimenta
2981 4393 3038 4444 et
3085 4405 3232 4446 usus
3281 4388 3643 4446 necessarios
3675 4404 3776 4444 co-

2119 4486 2339 4556 guntur
2369 4480 2566 4552 aliqua
2607 4477 2695 4534 vel
2726 4493 2938 4545 emere,
2962 4476 3048 4532 vel
3097 4477 3365 4545 vendere,
3400 4481 3457 4532 et
3504 4475 3672 4532 lucra
3701 4477 3778 4533 de

360 4566 534 4622 bolus
580 4565 841 4622 Graecum
889 4569 1131 4625 verbum
1185 4575 1292 4636 est,
1344 4571 1499 4643 quod
1551 4570 1750 4626 Latine
1799 4570 2013 4626 dicitur
2041 4587 2087 4651 Ι)
2121 4570 2512 4645 negotiatione
2543 4567 2754 4624 sectari
2791 4583 2803 4622 :
2837 4570 2896 4622 et
2932 4564 3173 4622 difficile
3211 4569 3301 4624 est
3329 4565 3506 4621 etiam
3538 4581 3638 4622 eos
3671 4566 3776 4640 qui

357 4656 684 4711 criminator
712 4675 731 4711 :
763 4655 966 4730 lingua
1009 4675 1141 4715 vero
1171 4660 1410 4715 Hebraa
1439 4660 1608 4715 Satan
1657 4657 2006 4732 appellatur,

359 4743 418 4798 id
451 4747 540 4800 est
569 4745 936 4816 adversarius,
981 4747 1103 4805 sive
1149 4751 1480 4820 contrarius,
1513 4753 1571 4804 et
1610 4748 1682 4804 ab
1733 4747 2009 4820 Apostolo

441 4925 455 4958 ¹
493 4923 860 4980 Correximus
881 4929 1014 4995 post
1032 4923 1352 4981 Victorium
1379 4925 1449 4979 ad
1475 4924 1649 4980 fidem
1673 4940 1815 4980 mss.
1840 4924 2012 4981 codd.

364 4995 426 5067 in
456 5001 725 5050 tumentes
757 5000 1024 5066 gurgites,
1057 5013 1160 5067 pro
1193 5013 1308 5067 quo
1354 4995 1559 5052 vitiose
1589 4996 1829 5051 retinuit
1857 4997 2012 5051 Mar-

365 5065 633 5140 tianieus,
650 5065 990 5140 intumentis
1012 5065 1280 5140 gurgitis,
1315 5073 1424 5124 etc.

439 5136 460 5211 ξ
486 5135 706 5211 Maluit,
731 5135 1040 5211 Victorius,
1084 5135 1314 5208 occidet,
1346 5157 1415 5194 ex
1449 5141 1574 5211 ipso
1601 5140 1799 5194 Amosi
1831 5143 2012 5194 textu.

439 5209 461 5242 ³
489 5207 632 5282 Aliis
655 5207 842 5279 placet
867 5210 1012 5282 satis
1038 5207 1418 5277 contentiosa,
1443 5207 1566 5266 sine
1589 5226 1840 5277 ascensu,
1859 5211 2015 5282 quod

369 5283 476 5345 est,
512 5275 699 5349 inﬁnée
746 5275 1096 5352 conditionis,
1147 5287 1204 5337 et
1246 5275 1435 5348 nihili,
1470 5287 1527 5338 et
1556 5299 1792 5352 nequam
1830 5275 2016 5337 inter-

373 5366 608 5436 pretari.
643 5367 1019 5424 Commodius
1049 5386 1180 5424 vero
1225 5369 1611 5442 Hieronymus
1641 5354 1833 5436 Sytbn,
1868 5369 2019 5424 Beli-

375 5456 527 5531 iahal
558 5456 800 5531 deduxit
822 5442 992 5525 abit),
1025 5457 1144 5531 sive
1173 5442 1265 5528 by,
1289 5463 1346 5513 et
1384 5444 1499 5524 ἦε,
1531 5476 1780 5531 quarum
1813 5474 2020 5531 vocum

378 5527 575 5602 altera.
591 5528 792 5602 jugum
823 5535 1012 5599 sonat,
1046 5528 1229 5602 altera
1252 5527 1528 5602 negandi
1549 5527 1664 5586 'est
1709 5527 2020 5602 particula.

382 5599 512 5655 Haec
535 5599 799 5674 profecto
819 5604 877 5656 et
905 5602 1075 5674 apud
1091 5599 1377 5674 Hebraeos
1391 5602 1614 5674 obtinet
1631 5599 1980 5674 etymologia
2007 5618 2020 5656 :

378 5675 436 5732 et
466 5671 631 5729 rabbi
671 5671 958 5730 Salomon
997 5671 1154 5730 ﬁlius
1183 5673 1361 5732 Belial
1401 5673 1637 5746 exponit
1680 5671 1780 5743 (lui
1827 5671 2025 5760 πρῆειξγ

2120 4680 2154 4718 a
2184 4660 2402 4717 caeteris
2433 4655 2806 4732 passionibus
2835 4654 3064 4712 liberati
3093 4658 3251 4722 sunt,
3280 4653 3668 4710 fornicatione
3695 4655 3778 4712 vi-

2119 4750 2348 4821 delicet,
2397 4745 2748 4813 idololatria,
2790 4743 3073 4800 adulterio
3123 4748 3181 4800 et
3226 4742 3566 4814 homicidio,
3616 4743 3770 4800 681

2123 4923 2302 4973 (:ti
2356 4895 2484 4975 θην,
2535 4909 2735 4980 jugum
2784 4912 3139 4980 excusserunt
3191 4903 3780 4980 caeli._Concinitiet

2121 4981 2342 5060 Aquilae
2373 4975 2776 5060 interpretatio
2802 4977 3134 5060 dnoufaimc,
3159 4992 3338 5060 quam
3359 4975 3563 5060 laudat
3673 4979 3779 5040 Pa-

2123 4996 2342 5056 Aqume
2373 4996 2776 5051 Interpretatlo
2802 4996 3134 5108 αποστατὲς,
3159 4996 3338 5047 quam
3360 4996 3563 5032 lauant
3587 4996 3650 5032 δ.
3673 4996 3774 5040 ra-

2123 5061 2210 5142 ιφ·
2244 5072 2256 5109 :
2289 5058 2348 5176 eg
2376 5051 2609 5175 iuidas,
2639 5047 2862 5123 Βελίαρ,
2893 5051 2962 5121 τῇ
2992 5048 3050 5102 Ἑ
3093 5048 3258 5123 ραίων
3291 5050 3443 5124 φωνῇ
3471 5043 3565 5104 τὸν
3603 5046 3774 5104 am-

2123 5145 2287 5176 ταττζν
2354 5144 2386 5176 η
2435 5143 2507 5176 οι.

2122 5145 2287 5180 τατην
2322 5143 2507 5180 οηΛοι.

2196 5163 2217 5232 ἶ
2245 5163 2747 5267 ‘Corrieximushis
2789 5191 2997 5267 Beliar,
3028 5210 3132 5267 pro
3163 5208 3278 5265 quo
3323 5189 3550 5267 vitiose_
3579 5190 3781 5267 Baliari

2125 5269 2448 5350 legebatur.
2484 5264 2718 5347 Passim.
2757 5265 2952 5346 Beliar
2980 5261 3135 5339 apud
3166 5261 3391 5348 veteres
3436 5261 3775 5388 scriptores,

2129 5355 2382 5388 maxume
2428 5339 2657 5388 Gemens
2704 5352 2962 5388 invenire
3003 5342 3098 5388 est
3149 5352 3162 5388 :
3213 5333 3410 5388 Belian
3457 5334 3670 5388 nulibi
3717 5335 3775 5388 et

2129 5333 2382 5399 maxime
2428 5339 2657 5396 Gnaeos
2704 5336 2962 5392 invenire
3003 5333 3098 5397 est
3149 5352 3162 5391 :
3213 5333 3410 5398 Baliari
3457 5333 3670 5397 ιωΠὶὲὶ
3717 5335 3778 5388 et

2131 5427 2446 5484 nusquam.
2467 5410 2699 5484 Vadam
2716 5407 3161 5484 habeto‘ipsum
3176 5407 3598 5484 Hieronymum
3629 5404 3776 5460 libno

2130 5479 2427 5543 Nominum
2454 5499 2521 5538 ex
2553 5480 2600 5537 II
2633 5480 2703 5535 ad
2737 5479 3003 5538 Corinth:
3029 5501 3043 5541 :
3069 5505 3096 5532 «
3132 5480 3343 5550 Beliar,
3375 5495 3526 5543 eaea
3551 5491 3776 5550 angus-

2131 5557 2231 5637 tia,
2265 5557 2642 5637 sivecaecum
2674 5551 2897 5637 lumen,
2927 5552 3016 5612 vel
3045 5552 3204 5611 ﬁlius
3253 5546 3772 5626 prevaricatiebis;

2132 5624 2234 5693 sed
2264 5630 2501 5700 rectius,
2525 5624 2706 5686 Belial
2736 5624 2966 5684 dicitur.
2991 5647 3023 5679 ››
