4066 6190
277 319 397 383 545
926 315 1441 380 COMMENTAR.
1487 319 1566 379 IN
1612 320 1861 382 EPIST.

2087 321 2336 384 BPHES.
2379 324 2529 384 LIB.
2575 323 2680 400 ΙΙΙ,
2725 324 2899 391 CAP.
2943 327 3046 393 ιν.
3569 337 3693 401 διε

281 453 391 509 hoc
445 451 584 508 vitio
642 467 759 507 non
819 451 1024 506 teneri.
1083 452 1384 523 Propterea
1443 469 1598 508 nunc
1651 453 1936 524 Ephesios
1966 455 2341 526 Atunitatis,
2402 457 2550 513 dans
2607 459 2855 530 gratiam
2912 461 3305 533 audientibus,
3365 468 3467 537 qui
3524 468 3698 526 docet

286 545 506 606 monet,
540 557 614 596 ne
643 540 753 595 sub
785 540 1086 595 occasione
1116 541 1515 607 emolumenti,
1542 541 1680 596 furti
1717 542 1938 597 crimen
2047 544 2293 600 virtutes
2323 548 2674 617 sequendas,
2719 549 2858 603 vitia
2897 550 3169 622 fugienda
3197 571 3210 619 ;
3267 553 3458 610 malus
3489 557 3590 628 qui
3621 558 3695 613 ad

286 631 612 687 incurrant.
645 630 891 684 Furtum
939 629 1274 695 nominans,
1307 647 1480 686 omne
1511 632 1666 702 quod
1700 632 1941 686 alterius
2053 638 2286 705 peccata
2316 641 2606 706 provocat,
2657 641 2714 692 et
2740 654 2952 709 pronos
3001 641 3189 711 magis
3236 642 3441 698 incitat
3471 648 3541 700 ad
3574 646 3696 701 rui-

292 720 509 775 damno
540 717 844 790 quaeritur.
875 718 1118 774 Justum
1151 723 1348 774 autem
1396 736 1541 786 esse,
1576 725 1640 775 ut
1669 720 1943 775 manibus
2054 739 2211 776 nam.
2248 722 2354 779 Pro
2386 740 2452 780 eo
2483 730 2677 780 autem
2708 727 2858 798 quod
2891 745 2997 782 nos
3022 729 3330 800 posuimus
3359 733 3438 787 ad
3465 734 3700 803 aediﬁca—

294 809 420 864 suis
449 807 863 879 unusquisque
901 823 1171 879 operans,
1219 813 1274 863 et
1324 809 1541 864 victum
1580 808 1777 864 labore
1808 825 1944 863 con-
2054 813 2266 866 tionem
2297 816 2734 884 opportunitatis,
2769 815 2878 870 hoc
2916 822 3005 871 est
3052 819 3205 888 quod
3239 819 3467 875 dicitur.
3513 826 3704 880 Griece

298 897 561 970 quirens,
611 896 910 968 impertiat
957 913 1072 952 non
1131 897 1505 953 habentibus.
1559 898 1758 969 Neque
1813 913 1947 953 vero
2054 904 2156 966 τῆς
2187 898 2400 973 χρείας,
2433 901 2490 956 in
2517 903 2736 958 Latinis
2766 904 3064 961 codicibus
3090 910 3327 977 propter
3350 908 3706 980 euphoniam

296 987 414 1043 ait:
443 985 632 1058 Magis
663 989 861 1041 autem
898 984 1143 1052 laboret,
1191 988 1482 1058 operando
1517 988 1793 1042 manibus
1824 985 1948 1042 suis
2060 989 2308 1043 mutavit
2338 989 2644 1061 interpres,
2676 997 2734 1046 et
2764 993 2958 1061 posuit
2998 993 3069 1048 ad
3103 994 3527 1065 aediﬁcationem
3555 999 3706 1069 ﬁdei.

300 1077 457 1148 quod
477 1077 700 1131 bonum
725 1079 836 1142 est,
859 1078 924 1129 ut
949 1091 1063 1130 non
1085 1075 1367 1148 indigeat,
1399 1081 1456 1131 et
1481 1076 1690 1132 habeat
1707 1076 1950 1140 victum,
2062 1078 2531 1149 Quotiescunque
2563 1096 2632 1134 ex
2661 1097 2930 1137 sermone
2974 1087 3171 1138 nostro
3214 1084 3431 1156 aliquis
3462 1087 3711 1158 proﬁcit.

298 1170 359 1222 et
389 1164 539 1220 nulli
569 1163 896 1220 molestiam
928 1163 1233 1220 exhibeat:
1265 1166 1390 1232 sed,
1442 1166 1702 1235 Laboret,
1737 1163 1952 1236 inquit,
2063 1171 2120 1221 et
2143 1167 2313 1236 juxta
2341 1169 2836 1238 opportunitatem
2869 1169 3000 1236 loci,
3047 1174 3330 1244 temporis
3361 1180 3419 1230 et
3447 1193 3713 1246 parsona

303 1254 586 1310 manibus
636 1253 759 1309 suis
807 1253 962 1324 quod
1014 1253 1236 1308 bonum
1287 1259 1394 1322 est,
1446 1259 1511 1309 ut
1556 1254 1768 1310 habeat
1801 1253 1955 1308 unde
2065 1255 2313 1310 aediﬁcat
2342 1256 2672 1326 audientes,
2705 1258 2890 1314 bonus
2913 1260 2982 1315 de
3013 1277 3108 1315 ore
3141 1267 3339 1318 nostro
3363 1280 3556 1321 sermo
3588 1282 3717 1338 pro.-

304 1342 701 1399 communicet
721 1341 1141 1414 indigentibus.
1167 1343 1276 1406 Qui
1297 1342 1481 1415 igitur
1504 1344 1575 1398 ad
1598 1343 1706 1398 hoc
1729 1347 1955 1397 tantum
2067 1343 2262 1398 cessit.
2295 1344 2530 1407 Quoties
2561 1362 2694 1402 vero
2722 1345 3040 1418 loquimur,
3074 1355 3174 1404 aut
3195 1366 3310 1405 non
3340 1351 3399 1406 in
3429 1357 3714 1426 tempore,

302 1431 554 1498 laborat,
587 1431 714 1502 ipse
746 1434 811 1485 ut
857 1446 974 1485 non
1021 1435 1206 1504 egeat,
1235 1436 1291 1486 et
1342 1449 1376 1485 a
1415 1432 1642 1495 caeteris
1668 1429 1960 1487 contrahit
2067 1436 2169 1486 aut
2200 1432 2534 1503 importuno
2563 1433 2710 1506 loco,
2741 1441 2844 1490 aut
2877 1453 2990 1492 non
3025 1443 3088 1492 ut
3124 1440 3390 1496 convenit
3420 1443 3717 1500 audienti-.-

313 1536 580 1585 manum,
613 1518 884 1590 quamvis
931 1518 1248 1590 applaudat
1289 1520 1422 1587 sibi,
1473 1525 1667 1575 tamen
1699 1518 1959 1590 Apostoli
2070 1521 2204 1586 bus,
2234 1522 2406 1576 toties
2463 1539 2655 1579 sermo
2704 1523 2896 1580 malus
2938 1528 3196 1597 procedit
3238 1529 3309 1585 de
3367 1547 3466 1586 ore
3495 1537 3716 1602 nostro,

314 1613 666 1681 praeceptum
701 1624 818 1662 non
843 1607 996 1663 fecit.
1030 1607 1228 1664 Potest
1269 1613 1466 1664 autem
1497 1613 1555 1664 et
1584 1607 1762 1663 altius
1791 1605 1961 1662 intel-
2071 1611 2143 1666 ad
2177 1611 2629 1666 destructionem
2680 1629 2882 1668 eorum
2931 1615 3031 1686 qui
3081 1617 3345 1673 audiunt.
3378 1619 3720 1677 Considere-

313 1698 456 1770 ligi:
491 1698 598 1765 Qui
639 1697 956 1768 iurabatur,
998 1698 1120 1768 jam
1168 1713 1277 1752 non
1322 1701 1562 1769 [uretur,
1611 1701 1668 1752 et
1697 1697 1960 1767 reliqua:
2075 1715 2207 1754 mus
2237 1698 2434 1770 itaque
2465 1701 2605 1770 quid
2657 1701 2992 1774 loquamur,
3026 1705 3166 1776 quia
3210 1723 3312 1778 pro
3345 1709 3505 1762 omni
3536 1709 3721 1766 otioso

313 1792 555 1860 propter
583 1785 728 1840 illud
758 1786 916 1856 quod
946 1786 1229 1858 scriptum
1261 1792 1351 1842 est
1390 1788 1460 1842 de
1488 1785 1962 1858 pseudOprophe-
1997 1829 2043 1893 Β
2073 1788 2247 1842 verbo
2297 1789 2582 1843 reddituri
2641 1807 2849 1846 sumus
2909 1793 3195 1850 rationem
3255 1796 3314 1850 in
3373 1797 3464 1852 die
3511 1799 3725 1868 judicii
3780 1793 3789 1808 ’

314 1875 429 1931 tis:
467 1876 586 1946 Qui
609 1875 874 1945 furantur
917 1891 1190 1931 sermones
1238 1877 1612 1947 unusquisque
1650 1893 1684 1929 a
1709 1876 1965 1946 proximo
1999 1875 2043 1893 ν
2077 1877 2285 1948 (Matth.
2318 1895 2421 1943 xu,
2455 1879 2566 1948 36).
2602 1880 2669 1934 Et
2699 1881 2875 1936 etiam
2907 1883 2956 1936 si
3005 1900 3120 1938 non
3151 1883 3456 1952 laedamus,
3490 1905 3604 1942 non
3636 1893 3722 1944 ta-

314 1980 413 2019 suo
459 1963 678 2034 (Jerem.
735 1979 896 2030 χχιιι,
955 1964 1066 2036 30).
1125 1964 1194 2019 Et
1250 1965 1310 2018 in
1364 1963 1714 2033 Evangelio:
1771 1964 1966 2019 Omnes
2077 1981 2209 2020 men
2243 1965 2618 2034 aedificemus,
2644 1967 2783 2023 mali
2806 1970 2963 2025 verbi
2995 1972 3400 2029 nobisluenda
3421 1976 3498 2030 sit
3531 1991 3722 2047 pinna.

317 2055 418 2126 qui
473 2060 742 2108 venerunt
794 2056 920 2107 ante
963 2070 1071 2119 me,
1127 2055 1280 2123 [ures
1333 2057 1564 2125 [uerunt
1614 2058 1665 2109 et
1721 2054 1970 2108 latrones
2149 2054 2333 2121 (Vers.
2367 2055 2480 2124 30.)
2511 2078 2538 2105 ‹‹
2572 2057 2643 2111 Et
2676 2056 2851 2113 nolite
2899 2061 3245 2116 contristare
3275 2062 3556 2134 Spiritum
3589 2081 3725 2122 san-

322 2144 502 2210 (Joan.
537 2158 595 2206 x,
626 2142 704 2213 8).
762 2142 832 2196 Et
885 2142 958 2197 ad
1007 2143 1336 2199 Romanos:
1395 2144 1504 2212 Qui
1547 2143 1812 2214 pradicas
1859 2158 1969 2197 non
2079 2146 2236 2197 ctum
2269 2143 2390 2209 Dei,
2424 2143 2483 2197 in
2533 2161 2648 2215 quo
2697 2145 2906 2217 signati
2938 2147 3079 2203 estis
3128 2150 3185 2203 in
3236 2150 3328 2206 die
3373 2153 3727 2224 redemptio-

319 2231 649 2298 [urandum,
680 2232 897 2301 furari:
941 2231 1117 2303 (Rom.
1166 2249 1226 2300 η,
1275 2233 1404 2302 21);
1458 2233 1614 2304 quod
1653 2233 1811 2287 furta
1841 2249 1971 2304 pro-
2081 2230 2194 2286 nis.
2257 2252 2286 2281 »
2345 2231 2552 2288 Maeror
2589 2234 2781 2289 sancti
2839 2236 3092 2306 Spiritus
3150 2237 3233 2293 sic
3291 2240 3731 2313 intelligendus,

326 2319 636 2385 hibeamur
664 2318 853 2374 facere
881 2319 1231 2392 spiritualia.
1257 2322 1458 2393 Neque
1486 2323 1642 2379 enim
1674 2323 1784 2378 hoc
1817 2321 1972 2394 quod
2083 2321 2378 2391 quomodo
2407 2320 2492 2376 ira
2527 2322 2622 2377 Dei
2669 2327 2726 2378 et
2755 2339 3020 2390 somnus,
3065 2331 3122 2382 et
3164 2332 3378 2384 caetera
3431 2330 3487 2384 in
3519 2330 3730 2386 huma-

326 2409 630 2480 sequitur:
669 2407 840 2480 Magis
888 2418 1072 2465 autem
1117 2411 1344 2480 laboret,
1397 2413 1671 2480 operando
1716 2411 1976 2467 manibus
2086 2426 2220 2463 nam
2245 2409 2694 2466 similitudinem
2718 2412 3052 2483 passiones:
3081 2432 3194 2470 non
3218 2433 3332 2487 quo
3356 2418 3737 2475 contristetur

321 2500 444 2553 suis
473 2498 616 2569 quod
637 2498 834 2554 bonum
857 2504 961 2568 est,
995 2499 1066 2555 ad
1089 2500 1219 2554 vitae
1252 2500 1430 2570 hujus
1455 2501 1781 2557 necessaria
1803 2501 1979 2572 digne
2087 2498 2351 2569 spiritus,
2373 2503 2430 2552 et
2449 2498 2628 2554 ullam
2653 2502 3149 2570 perturbationem
3175 2504 3454 2562 divinitus
3478 2508 3694 2563 sentiat
3719 2525 3733 2575 ;

332 2587 534 2644 referri
565 2591 792 2658 potest:
827 2591 893 2642 ut
923 2588 1142 2643 bonum
1177 2589 1406 2644 dicatur
1434 2591 1824 2662 quodcunque
1849 2607 1978 2662 per-
2091 2587 2191 2642 sed
2242 2603 2356 2657 quo
2406 2604 2473 2642 ex
2525 2588 2714 2644 verbis
2744 2590 2959 2646 nostris
2989 2592 3089 2647 Dei
3137 2593 3438 2651 discamus
3468 2597 3738 2663 affectus,

333 2677 560 2733 iturum
593 2681 701 2745 est,
734 2681 790 2732 et
820 2677 893 2732 ad
925 2693 1324 2734 mammonam
1349 2679 1678 2752 iniquitatis
1710 2681 1978 2752 pertinet.
2091 2675 2244 2746 quod
2276 2681 2516 2731 mmreat
2563 2678 3027 2751 quotiescunque
3075 2697 3403 2756 peccamus,
3445 2689 3501 2738 et
3531 2685 3741 2740 defleat

335 2766 614 2830 Quamvis
660 2767 816 2822 enim
855 2767 1060 2838 justus
1107 2765 1271 2823 labor
1317 2785 1454 2840 opes
1508 2769 1720 2826 habeat
1761 2771 1984 2842 absque
2093 2769 2443 2836 peccatores.
2475 2766 2619 2820 Nam
2669 2771 2727 2822 et
2769 2767 3032 2824 Salvator
3077 2770 3136 2825 in
3181 2788 3420 2843 corpore
3451 2773 3738 2827 constitu-

335 2855 1988 2928 tergiversationequaesitas,satishabebitsinondicantur
2094 2859 2210 2919 ωε,
2246 2853 2401 2908 ﬂevit
2428 2855 2770 2910 ‘Jerusalem
2817 2857 2967 2927 (Luc.
3018 2875 3133 2927 xxx,
3168 2859 3278 2929 41),
3330 2864 3388 2914 et
3431 2875 3605 2914 omne
3636 2859 3740 2914 ho-

341 2943 566 3000 malum
592 2962 607 3013 ;
631 2949 904 3000 caeterum
926 2945 1145 3000 bonum
1169 2963 1285 3001 non
1305 2945 1522 3003 vallent
1544 2947 1844 3020 appellari.
1881 2947 1991 3020 lgi-
2097 2942 2324 2996 minum
2356 2959 2542 3013 genus
2589 2943 2646 2998 in
2690 2945 2973 3016 propheta
3021 2945 3302 3017 deplorat,
3352 2947 3587 3003 dicens:
3623 2953 3745 3003 Heu

347 3038 445 3093 tur
469 3034 690 3089 bonum
723 3037 1016 3105 operatur,
1051 3034 1149 3105 qui
1197 3034 1454 3090 declinat
1483 3053 1517 3092 a
1559 3036 1733 3104 malo,
1767 3041 1824 3092 et
1852 3038 1953 3093 faci

2139 3031 2258 3094 iihi,
2292 3033 2502 3101 (anima,
2552 3035 2681 3102 quia
2721 3035 2891 3104 periit
2937 3036 3210 3090 revertens
3256 3036 3363 3106 [Αι.
3408 3041 3678 3103 reverens]
3712 3053 3745 3091 a

349 3121 570 3178 bonum
600 3121 774 3194 (Psat.
806 3138 994 3188 xxxvr,
1017 3122 1130 3189 27),
1159 3125 1216 3176 et
1235 3127 1509 3194 operatur
1529 3123 1586 3178 in
1617 3139 1756 3196 agro
1783 3124 1990 3179 anima)
2039 3193 2052 3196 _
2100 3125 2264 3176 terra.
2293 3119 2359 3180 Et
2385 3121 2482 3190 qui
2526 3122 2793 3193 corrigat,
2847 3125 2991 3178 inter
3037 3123 3285 3179 homines
3332 3141 3443 3180 non
3471 3134 3594 3180 est:
3625 3142 3745 3182 om-

347 3227 491 3276 sua,
521 3215 585 3266 ut
611 3193 1018 3282 Spiritualibus
1056 3193 1308 3282 panibus
1339 3193 1683 3282 impleatur,
1723 3216 1778 3267 et
1808 3213 1995 3282 possit
2023 3193 2066 3259 (ἶ
2103 3224 2198 3263 nes
2229 3210 2289 3262 in
2343 3210 2614 3276 sanguine
2656 3208 2978 3278 iudicantur
3032 3211 3213 3282 (Mich.
3263 3229 3382 3279 VIII,
3441 3213 3520 3285 2).
3581 3214 3649 3268 Et
3686 3213 3745 3268 in

345 3300 718 3357 commodare
765 3299 1066 3370 esurienti,
1119 3307 1174 3355 et
1217 3299 1622 3355 necessitatem
1653 3301 1990 3372 sustinenti,
2102 3296 2396 3352 Ezechiele
2452 3313 2627 3368 opera
2679 3299 2975 3369 quondam
3025 3305 3239 3355 sanctis
3299 3301 3549 3358 civitatis
3599 3319 3748 3358 enu-

345 3391 492 3446 dans
522 3390 583 3444 in
613 3394 874 3460 tempore
920 3388 1139 3444 cibaria
1183 3389 1477 3446 conservis
1508 3389 1670 3443 suis:
1719 3389 1768 3444 si
1801 3399 1992 3445 autem
2105 3401 2356 3452 merans,
2390 3386 2506 3441 ait:
2539 3391 2599 3440 In
2621 3387 2871 3442 omnibus
2894 3391 3009 3443 istis
3039 3391 3398 3446 contristabas
3427 3406 3514 3446 me
3531 3392 3747 3459 (Ezech.

323 3477 486 3534 -talis
515 3483 607 3534 est
634 3479 735 3549 qui
783 3483 1057 3550 operatur
1100 3478 1341 3545 bonum,
1373 3493 1508 3549 ergo
1541 3484 1598 3533 et
1627 3477 1676 3533 is
1707 3479 1808 3549 qui
1837 3479 1994 3533 fura-
2103 3493 2195 3541 xx,
2230 3476 2340 3543 45).
2375 3475 2595 3546 Signati
2629 3481 2824 3531 autem
2874 3493 3082 3533 sumus
3122 3479 3341 3550 Spiritu
3396 3480 3489 3535 Dei
3523 3484 3751 3546 sancto,

347 3573 462 3639 tur,
514 3572 939 3638 consequenter
987 3567 1164 3622 verba
1211 3567 1438 3622 furatur
1477 3572 1535 3622 et
1579 3568 1874 3639 dogmata,
1925 3568 1996 3622 de
2107 3569 2173 3619 ut
2202 3567 2258 3618 et
2287 3562 2530 3634 spiritus
2561 3569 2756 3619 noster
2785 3570 2843 3620 et
2867 3566 3065 3622 anima
3111 3567 3526 3638 imprimantur
3553 3568 3750 3640 signa-

347 3658 506 3713 furto
537 3658 758 3725 vivens,
791 3657 862 3711 de
910 3656 1064 3712 furto
1112 3655 1225 3710 sibi
1263 3655 1568 3712 cervicalia
1596 3673 1906 3723 consuens,
1941 3660 1999 3711 et
2108 3651 2236 3706 culo
2270 3652 2387 3721 Dei,
2422 3656 2478 3707 et
2511 3650 2669 3708 illam
2720 3654 3075 3726 recipiamus
3119 3657 3436 3727 imaginem
3467 3661 3524 3712 et
3553 3656 3759 3713 simili-

350 3747 788 3818 Scripturarum
820 3762 1047 3816 pannos
1074 3745 1210 3800 hinc
1238 3745 1372 3800 inde
1394 3745 1694 3817 colligens,
1723 3750 1786 3800 ut
1815 3745 2002 3818 possit
2111 3741 2376 3796 tudinem
2409 3741 2480 3796 ad
2513 3758 2689 3812 quam
2721 3741 2780 3797 in
2809 3743 3042 3798 exordio
3073 3745 3290 3798 conditi
3322 3762 3530 3801 sumus
3572 3747 3610 3800 ί.
3645 3745 3763 3801 Ηοο

352 3835 617 3891 tunicam
650 3834 834 3889 facere
864 3834 1243 3901 conscissam,
1278 3850 1404 3904 quae
1435 3835 1709 3889 deorsum
1741 3841 1847 3903 est,
1886 3851 2000 3890 non
2112 3829 2482 3902 signaculum
2515 3831 2700 3885 sancti
2732 3831 3007 3902 Spiritus,
3031 3833 3205 3903 juxta
3232 3832 3531 3906 eloquium
3565 3833 3762 3890 Salva-

355 3925 689 3980 desursum.
723 3923 945 3978 Tunica
991 3923 1147 3978 enim
1195 3923 1480 3989 Ecclesiae,
1530 3923 1640 3978 hoc
1677 3928 1764 3978 est
1791 3939 2003 3994 corpus
2113 3921 2276 3985 toris,
2310 3919 2425 3974 Deo
2474 3919 2869 3991 imprimente,
2921 3921 3206 3993 signatur.
3255 3925 3412 3977 Hunc
3454 3924 3621 3989 enim,
3656 3923 3758 3989 ait,

359 4013 593 4078 Christi,
639 4013 1204 4085 deSUpercontexta
1249 4018 1358 4080 est,
1408 4017 1466 4068 et
1512 4011 1675 4067 nulla
1723 4029 1791 4067 ex
1842 4017 2004 4082 parte
2113 4010 2348 4078 signavit
2378 4010 2550 4064 Pater
2579 4010 2718 4065 Deus
2749 4011 2925 4082 (Joan.
2957 4027 3031 4079 vn,
3082 4012 3195 4082 27).
3244 4011 3521 4082 Signatur
3563 4026 3698 4082 ergo
3728 4027 3762 4065 a

361 4102 682 4174 consutilis,
715 4119 844 4173 quae
875 4117 947 4157 ne
995 4103 1068 4157 ab
1107 4101 1362 4157 inimicis
1412 4102 1649 4172 quidem
1681 4101 1870 4158 scindi
1904 4117 2004 4174 po-
2117 4098 2302 4166 Patre,
2329 4098 2547 4170 Spiritu
2571 4105 2796 4170 sancto,
2819 4101 3012 4155 omnis
3033 4101 3133 4172 qui
3155 4117 3309 4156 exeo
3337 4100 3492 4171 quod
3517 4098 3763 4155 credidit

359 4195 478 4246 test
506 4191 684 4261 (Joan.
716 4207 832 4259 xxx,
864 4189 978 4260 23).
2117 4193 2251 4256 Deo,
2285 4188 2558 4260 signavit,
2593 4188 2728 4258 quia
2757 4205 2926 4244 verus
2955 4193 3045 4244 est
3091 4191 3259 4244 Deus.
3295 4188 3400 4252 Qui
3433 4188 3648 4244 idcirco
3680 4187 3766 4245 si-

437 4279 590 4336 032
639 4278 824 4350 (Vers.
857 4279 973 4349 28.)
1005 4300 1033 4329 «
1085 4278 1289 4334 Omnis
1335 4293 1526 4334 sermo
1571 4276 1764 4333 malus
1813 4278 1883 4333 de
1913 4293 2010 4332 ore
2119 4282 2352 4347 gnatur,
2377 4279 2439 4330 ut
2460 4280 2650 4330 servet
2675 4275 3041 4347 signaculum
3063 4281 3120 4331 et
3139 4278 3412 4336 ostendat
3431 4275 3576 4331 illud
3600 4276 3660 4331 in
3676 4274 3769 4330 die

358 4371 552 4424 vestro
585 4384 700 4423 non
744 4367 1037 4439 procedat.
1067 4368 1176 4422 Sed
1221 4368 1270 4421 si
1321 4367 1454 4438 quis
1484 4368 1697 4433 bonus,
1727 4366 1800 4422 ad
1831 4365 2010 4420 aedifi-
2121 4363 2558 4436 redemptionis,
2591 4381 2803 4435 purum
2857 4369 3032 4435 atque
3071 4366 3397 4432 sincerum,
3427 4369 3487 4421 et
3514 4364 3677 4420 nulla
3703 4379 3773 4420 ex

364 4458 659 4513 cationem
689 4455 1164 4528 opportunitatis,
1219 4459 1282 4510 ut
1313 4455 1410 4510 det
1436 4456 1686 4526 gratiam
1718 4452 2012 4510 audienti-
2124 4458 2284 4525 parte
2316 4452 2674 4521 mutilatum,
2702 4458 2759 4507 et
2784 4453 2855 4509 ob
2887 4453 2944 4508 id
2978 4456 3270 4511 numerari
3294 4471 3428 4512 cum
3459 4454 3554 4510 his
3582 4453 3774 4510 valeat

363 4547 498 4602 bus.
534 4569 560 4595 »
596 4547 792 4601 Bonus
836 4561 1028 4601 sermo
1075 4548 1162 4600 est
1207 4545 1279 4599 ad
1327 4544 1769 4599 aedificationem
1801 4559 2011 4615 oppor-
2043 4554 2090 4618 Ι)
2123 4541 2223 4614 qui
2253 4541 2536 4613 redempti
2569 4545 2741 4596 sunt..

437 4689 454 4722 ¹
487 4687 718 4744 Sentire
771 4687 1005 4760 videtur
1058 4686 1252 4760 ipsum
1312 4685 1520 4760 tuisseg
1551 4685 1650 4741 Dei
1685 4686 2009 4760 Spiritum,
2122 4685 2347 4760 pullus,
2408 4685 2624 4760 Defens.
2681 4684 2776 4756 ﬁd.
2837 4686 3070 4753 Νἰοκηη
3128 4688 3155 4754 §
3208 4687 3298 4755 21,
3331 4685 3433 4755 qui
3480 4689 3538 4741 et
3590 4687 3770 4740 stata

365 4761 521 4832 quod
552 4760 684 4832 vitae
715 4757 1462 4832 spiraculum'protgplasto
1496 4758 1648 4832 Deus
1682 4757 2008 4832 inspiravit.
2123 4758 2313 4813 Rulini
2339 4757 2622 4829 partibus.

358 4828 688 4888 Nonnullos
735 4828 863 4902 ejus
902 4828 1202 4887 sententiae
1250 4828 1447 4885 Patres
1496 4828 1699 4884 laudat
1725 4828 2010 4902 Georgius

1496 5102 1892 5188 LIBER
1986 5101 2660 5212 TERTIUS.

452 5383 799 5442 038-084
828 5382 988 5439 Satis
1031 5380 1401 5452 abundeque,
1430 5394 1462 5434 ο
1508 5375 1690 5433 Paula
1726 5381 1783 5433 et
1814 5379 2026 5434 Eusto-
2137 5378 2292 5450 quod
2323 5377 2529 5432 beatus
2558 5373 2867 5446 Apostolus
2893 5374 2963 5428 ad
2995 5373 3216 5430 nullam
3240 5373 3628 5430 Ecclesiarum
3658 5377 3784 5430 tam

379 5473 604 5545 chium,
635 5475 707 5530 de
738 5475 1082 5546 argumento
1111 5468 1382 5542 Epistolas
1427 5465 1592 5522 Pauli
1624 5467 1695 5521 ad
1728 5466 2027 5538 Ephesios,
2141 5466 2379 5539 mystice
2411 5463 2711 5536 scripserit
2730 5468 2787 5518 et
2816 5463 3157 5519 abscondita
3183 5464 3412 5520 ScBCUIiS
3452 5461 3788 5520 revelaverit

380 5564 444 5620 in
476 5563 651 5636 primi
681 5562 814 5618 libri
848 5560 1182 5635 praefatione
1215 5557 1505 5615 disserui:
1538 5560 1594 5612 et
1625 5557 1878 5627 sparsim
1908 5555 2032 5611 ubi-
2143 5559 2529 5611 sacramenta.
2563 5553 2729 5608 Nunc
2749 5568 2884 5624 ergo
2915 5553 3192 5625 quoniam
3217 5551 3549 5610 orationum
3574 5557 3792 5609 vestra-

379 5667 620 5730 eunqae
678 5650 903 5711 occasio
959 5650 1097 5709 data
1142 5651 1251 5722 est,
1304 5646 1440 5707 licet
1486 5643 1758 5717 breviter,
1807 5644 2035 5703 ostendi
2144 5662 2278 5704 rum
2308 5649 2366 5706 et
2396 5647 2610 5704 sanctas
2639 5641 2921 5699 Marcellae
2955 5641 3137 5700 fultus
3166 5643 3403 5725 auxilio,
3439 5641 3700 5712 tertium,
3728 5639 3789 5704 id
