4066 6190
337 334 455 397 54⁷7

1580 329 1645 396 S.
1690 328 2005 397 EUSEBII
2051 330 2498 394 HIERONYMI

3627 332 3744 394 548

333 473 390 526 et
418 471 764 533 extremum,
798 463 858 521 in
888 464 1157 532 eamdem
1198 465 1518 539 Epistolam
1550 467 1706 523 dicto
1743 450 1980 531 librum,
2011 468 2062 532 Α
2093 465 2426 533 consilium,
2458 469 2514 520 et
2562 462 2916 521 voluntatem
2968 461 3091 532 Dei,
3148 461 3528 536 Ephesiorum
3560 480 3746 523 voca-

324 559 558 630 justum
592 554 736 610 mihi
757 553 1007 624 videtur,
1033 559 1096 611 ut
1126 557 1384 613 nominis
1407 573 1638 628 quoque
1659 557 1847 629 ipsius
1868 561 1983 628 ety-

330 645 645 718 mologiam
677 661 812 699 cum
861 660 1035 699 sensu
1087 661 1262 715 quem
1313 663 1494 717 supra
1541 645 1801 717 exposui,
1845 662 1980 700 con-

329 750 538 808 gruere
593 734 852 789 doceam.
910 734 1145 804 Ephesus
1177 735 1193 768 ¹
1257 733 1520 788 Latinam
1571 733 1834 806 linguam
1893 733 1980 788 in-

329 827 705 896 terpretatur,
753 823 1027 887 voluntas,
1079 822 1199 877 sive
1245 824 1538 877 consilium
1583 839 1767 878 meum
1805 824 1864 877 in
1895 839 1978 888 ea,

328 914 414 967 vel
448 916 600 967 certe
625 911 817 966 anima
843 926 964 965 mea
1007 911 1066 964 in
1095 925 1177 965 ea.
1225 908 1514 966 Voluntas
1555 913 1612 964 et
1641 908 1976 974 consilium,

330 1006 387 1057 et
417 999 616 1056 anima
647 998 747 1054 Dei
768 999 825 1053 in
858 1014 923 1054 eo
945 1002 1053 1069 est,
1077 998 1174 1069 qui
1210 1001 1402 1070 potest
1431 999 1620 1054 dicere
1646 1016 1659 1053 :
1691 1000 1810 1070 Ipse
1830 999 1980 1053 enim

326 1089 469 1145 mihi
495 1088 643 1144 dedit
701 1089 958 1143 notitiam
1009 1089 1262 1143 omnium
1291 1095 1342 1143 et
1401 1088 1445 1158 (Ι
1474 1088 1629 1143 Joan.
1682 1103 1757 1156 vr,
1804 1087 1889 1154 13,
1924 1090 1980 1142 et

329 1195 466 1234 cum
495 1178 714 1232 incerta
747 1179 804 1230 et
849 1175 1074 1230 occulta
1121 1174 1418 1245 sapientiae
1466 1175 1567 1230 Dei
1607 1175 1781 1246 (Psal.
1816 1193 1892 1239 L.,
1921 1175 1975 1244 8)

328 1267 411 1322 illi
445 1266 660 1322 fuerint
705 1263 975 1328 revelata,
1028 1262 1432 1318 testimonium
1465 1268 1858 1334 consequetur
1888 1261 1980 1318 lo-

328 1355 600 1428 quentis:
647 1355 843 1408 Inveni
899 1351 1075 1408 David
1130 1351 1194 1408 de
1250 1351 1526 1407 Bethleem
1581 1353 1764 1422 ﬁlium
1808 1353 1975 1418 Iesse,

326 1449 518 1500 virum
545 1443 842 1499 secundum
882 1457 974 1497 cor
1018 1456 1219 1507 meum,
1271 1442 1369 1512 qui
1413 1441 1584 1510 faciet
1634 1441 1742 1508 [Αἰ.
1782 1441 1976 1512 faciat]

328 1549 512 1590 omnes
558 1534 872 1589 voluntates
917 1546 1066 1586 meas
1111 1530 1249 1598 (Act.
1301 1545 1427 1596 xm,
1476 1531 1589 1597 22).
1640 1529 1978 1584 Istiusmodi

326 1624 514 1679 virum
547 1627 605 1678 et
659 1620 802 1676 Osee
849 1619 1135 1692 propheta
1182 1617 1496 1690 signiﬁcat,
1559 1617 1795 1673 dicens:
1846 1619 1978 1686 Quis

322 1713 540 1784 sapiens
569 1719 620 1766 et
670 1709 937 1780 intelliget
988 1708 1096 1780 [Αἰ.
1131 1705 1399 1777 intelligit
1429 1712 1489 1762 et
1535 1706 1806 1777 agnoscit]
1837 1705 1974 1776 haec,

319 1801 568 1874 prudens
596 1803 649 1854 et
678 1801 937 1871 agnoscet
983 1798 1091 1851 ista
1137 1796 1312 1864 (Osee.
1366 1812 1481 1864 xxv,
1516 1794 1652 1866 10)?
1686 1799 1863 1851 Porro
1912 1799 1978 1850 ut

325 1888 526 1946 sciatis
557 1887 806 1943 multam
837 1902 963 1941 esse
994 1884 1336 1941 distantiam
1359 1885 1508 1955 justi
1541 1884 1850 1956 simplicis,
1876 1885 1974 1955 ju-

324 1978 518 2049 stique
548 1975 850 2048 sapientis,
885 1971 1121 2046 qualem
1171 1973 1230 2028 in
1264 1972 1688 2028 resurrectione
1717 1978 1974 2028 mortuo-

324 2084 458 2123 rum
502 2063 718 2138 singuli
770 2063 1016 2137 gloriam
1070 2065 1505 2134 consequantur
1564 2061 1977 2117 attendite:Et

321 2156 488 2212 multi
514 2154 908 2210 dormientium
956 2151 1021 2206 de
1050 2152 1180 2207 limo
1224 2155 1388 2208 terra
1426 2159 1789 2219 consurgent:
1825 2150 1887 2204 hi
1914 2151 1972 2204 in

321 2247 491 2301 vitam
517 2251 798 2310 aeternam,
831 2244 881 2296 et
921 2240 982 2294 hi
1009 2242 1068 2295 in
1115 2241 1471 2312 opprobrium
1520 2243 1575 2294 et
1602 2241 1976 2311 confusionem

325 2337 607 2401 attentam,
662 2332 726 2386 Et
771 2329 1132 2400 intelligentes
1185 2329 1470 2400 fulgebunt
1523 2329 1666 2383 sicut
1721 2327 1977 2399 splendor

327 2421 681 2490 ﬁrmamenti,
713 2421 765 2473 et
811 2433 881 2473 ex
899 2419 1066 2488 justis
1121 2416 1289 2472 multi
1327 2418 1468 2472 sicut
1519 2417 1689 2472 stella
1719 2419 1779 2471 in
1807 2421 1975 2473 mter-

325 2525 462 2563 num
493 2509 660 2576 (Dan.
693 2508 792 2572 im,
822 2508 877 2575 2,
910 2505 986 2572 3).
1023 2504 1371 2576 Fulgebunt,
1405 2505 1618 2575 inquit,
1641 2505 1790 2575 justi
1823 2505 1978 2560 sicut

327 2594 508 2652 stellae
534 2595 596 2649 in
626 2598 944 2649 aeternum:
978 2597 1034 2648 et
1083 2592 1494 2664 intelligentes,
1548 2593 1606 2648 id
1638 2598 1722 2648 est
1756 2593 1973 2648 haben-

327 2689 415 2741 tes
446 2682 748 2741 scientiam
791 2681 1245 2754 Scripturarum,
1297 2682 1451 2736 sicut
1498 2681 1775 2754 splendor
1805 2682 1970 2737 caeli:

327 2791 442 2830 non
475 2790 590 2846 quo
621 2773 827 2828 doctus
847 2771 1148 2842 virjustus
1173 2786 1403 2843 quoque
1432 2787 1561 2826 esse
1583 2787 1700 2825 non
1728 2771 1970 2826 debeat:

325 2864 426 2921 sed
458 2879 574 2935 quo
601 2861 700 2934 qui
731 2861 933 2932 justus
981 2863 1090 2928 est,
1141 2858 1253 2914 nisi
1305 2858 1480 2914 fuerit
1529 2860 1817 2925 eruditus,
1853 2863 1974 2914 tam

324 2951 522 3025 procul
547 2951 624 3007 sit
655 2967 689 3006 a
714 2948 1178 3022 sapientejusto,
1213 2963 1389 3019 quam
1414 2953 1504 3003 est
1532 2947 1835 3004 stellarum
1867 2947 1975 3002 ful-

326 3058 431 3115 gor
455 3058 489 3096 a
519 3038 741 3096 lumine
764 3037 1139 3110 ﬁrmamenti.
1171 3037 1334 3100 Quod
1365 3036 1413 3092 si
1437 3037 1570 3108 quis
1599 3036 1975 3092 meditatione

327 3134 559 3187 tantum
591 3128 736 3201 legis
767 3129 1113 3194 instructus,
1146 3127 1323 3181 vitam
1357 3142 1527 3181 suam
1570 3124 1832 3198 negligit,
1865 3141 1972 3181 ne-

2092 554 2300 610 bulum
2340 558 2546 610 sonet:
2581 554 2703 626 qui,
2756 554 2970 608 artium
3021 553 3381 625 magicarum
3433 555 3745 628 praestigiis

2094 643 2408 713 derelictis,
2430 643 2644 700 erroris
2666 643 2852 698 zelum
2877 643 2948 698 ad
2969 641 3232 697 veritatis
3254 641 3517 698 studium
3547 648 3742 700 trans-

2093 732 2372 788 tulerunt.
2407 732 2490 788 Ob
2523 749 2774 804 quorum
2806 730 3054 787 salutem
3081 735 3242 786 tanto
3273 730 3494 787 Paulus
3525 733 3743 789 sudore

2091 822 2392 894 pugnavit,
2427 826 2489 876 ut
2520 822 2590 876 ad
2634 820 2963 876 Corinthios
3009 819 3309 890 scriberet,
3351 819 3417 876 Si
3442 821 3742 877 secundum

2089 911 2364 966 hominem
2392 910 2461 965 ad
2492 910 2691 964 bestias
2732 909 2973 981 pugnavi
3003 909 3237 980 Ephesi:
3278 908 3407 978 quid
3435 911 3583 965 mihi
3605 926 3740 981 pro-

2087 999 2203 1055 dest
2231 1001 2280 1055 si
2307 1001 2513 1055 mortui
2538 1015 2658 1054 non
2696 1003 2984 1069 resurgant
3026 998 3070 1069 (Ι
3119 1000 3244 1054 Cor.
3293 1014 3383 1065 xv,
3434 999 3573 1069 32)?
3601 1000 3736 1063 Quae

2088 1093 2228 1144 sunt
2258 1089 2379 1143 istae
2413 1087 2608 1143 bestiae
2633 1087 2660 1140 ‘?
2689 1087 2908 1159 Nempe
2933 1085 3042 1141 illa;
3073 1087 3144 1141 de
3175 1086 3390 1158 quibus
3421 1086 3741 1146 Psalmista

2087 1180 2356 1250 precatur
2395 1176 2634 1232 dicens:
2696 1178 2770 1232 Ne
2822 1175 3009 1231 tradas
3066 1175 3253 1232 bestiis
3294 1178 3541 1231 animum
3570 1178 3738 1246 conﬁ-

2084 1270 2285 1322 tentem
2314 1267 2420 1322 tibi
2447 1266 2615 1336 (Psal.
2677 1282 2869 1335 LXXIII,
2922 1264 3046 1337 19);
3107 1269 3165 1320 et
3194 1265 3254 1319 in
3312 1264 3422 1321 alio
3454 1264 3616 1322 loco:
3652 1269 3740 1323 In-

2085 1369 2246 1425 crepa
2290 1355 2451 1424 feras
2505 1353 2705 1408 calami
2761 1353 2920 1424 (Psal
2965 1369 3132 1422 vau,
3191 1353 3304 1425 21).
3352 1354 3739 1412 Adversarius

2087 1442 2244 1496 enim
2274 1441 2794 1512 noster-diabolus,
2827 1446 3108 1513 tanquam
3143 1441 3228 1497 leo
3260 1443 3499 1516 rugiens
3530 1445 3742 1500 circuit

2085 1532 2136 1599 (Ι
2161 1531 2311 1585 Petr.
2347 1548 2398 1598 v,
2429 1531 2505 1601 8).
2555 1531 2663 1595 Qui
2711 1546 2845 1585 eum
2904 1534 3164 1586 cerneret
3213 1531 3537 1603 principem
3587 1535 3737 1589 Asia

2087 1619 2381 1674 civitatem
2425 1619 2495 1673 ad
2555 1618 2881 1674 doctrinam
2941 1618 3104 1674 Pauli
3153 1620 3224 1674 de
3283 1619 3554 1676 faucibus
3612 1622 3738 1678 suis

2085 1707 2252 1779 eripi,
2284 1708 2422 1763 totis
2452 1705 2772 1762 satellitum
2798 1723 3039 1762 suorum
3062 1707 3399 1779 agminibus
3425 1725 3740 1782 congrega-

2085 1797 2183 1863 tis,
2217 1812 2352 1851 eum
2383 1795 2713 1868 opprimere
2765 1796 3059 1851 nitebatur
3086 1797 3222 1867 (Act.
3263 1813 3416 1869 xxrx,
3445 1799 3515 1852 24
3542 1801 3734 1871 seqq.),

2085 1889 2142 1941 et
2170 1885 2434 1957 improbe
2464 1901 2525 1940 se
2555 1883 2856 1953 extollens,
2905 1884 3137 1940 volebat
3183 1886 3351 1957 quasi
3401 1886 3600 1958 aquila
3627 1905 3736 1960 po-

2085 1991 2222 2031 nere
2251 1991 2428 2046 super
2457 1972 2624 2028 illum
2655 1973 2860 2028 nidum
2901 1991 3074 2029 suum
3121 1974 3247 2046 (lsa.
3279 1991 3393 2046 XIV,
3428 1976 3535 2047 14).
3569 1977 3734 2040 Quod

2085 2063 2400 2135 Apostolus
2446 2063 2723 2127 sentiens,
2775 2066 2832 2117 et
2861 2063 3021 2118 omni
3067 2063 3334 2119 custodia
3366 2081 3604 2122 servans
3635 2083 3738 2122 cor

2085 2169 2261 2208 suum
2283 2151 2521 2223 (quippe
2541 2151 2643 2222 qui
2673 2151 2802 2222 ejus
2821 2167 2938 2206 non
2968 2151 3264 2224 ignoraret
3285 2153 3574 2227 astutias),
3601 2160 3738 2227 post

2083 2241 2384 2296 victoriam
2419 2240 2680 2312 quidem,
2720 2241 2821 2296 sed
2854 2257 2969 2296 non
3019 2240 3382 2298 incruentam
3427 2242 3732 2299 victoriam

2084 2329 2468 2402 loquebatur:
2500 2331 2622 2383 Non
2671 2331 2820 2384 enim
2849 2330 3098 2386 volumus
3153 2346 3247 2386 vos
3293 2333 3579 2402 ignorare,
3613 2336 3735 2404 fra-

2086 2423 2213 2488 tres,
2255 2417 2321 2472 de
2369 2417 2725 2474 tribulatione
2773 2422 2959 2473 nostra
3005 2434 3132 2489 quae
3171 2421 3321 2490 facta
3364 2429 3445 2477 est
3485 2421 3643 2477 nobis
3672 2423 3737 2478 in
3847 2469 3856 2478 .

2084 2507 2252 2561 Asia:
2291 2509 2550 2578 quoniam
2599 2523 2762 2576 supra
2790 2506 3010 2562 modum
3061 2509 3280 2578 gravati
3317 2525 3526 2574 sumus,
3565 2527 3738 2583 supra

2083 2597 2358 2660 virtutem,
2393 2597 2470 2650 ita
2526 2603 2586 2649 ut
2632 2594 2850 2651 taederet
2902 2612 3002 2652 nos
3047 2599 3213 2652 etiam
3258 2600 3436 2654 vivere
3490 2600 3568 2667 (II
3609 2599 3734 2656 Cor.

2086 2701 2124 2749 ι,
2157 2685 2232 2754 8).
2268 2683 2430 2746 Quod
2461 2688 2656 2738 autem
2691 2700 2792 2756 per
2819 2685 3137 2756 Tychicum
3171 2685 3427 2758 Epistola
3455 2689 3734 2758 mittitur,

2082 2771 2248 2827 valde
2323 2773 2586 2843 ejusdem
2665 2773 2933 2844 Epistolas
3005 2775 3275 2847 congruit
3347 2778 3735 2834 sacramentis

2082 2862 2301 2934 (Ephes.
2332 2877 2410 2931 vr,
2441 2861 2552 2932 21).
2587 2861 2666 2916 De
2710 2861 2924 2932 quibus
2957 2867 3013 2918 et
3060 2863 3198 2919 noni
3237 2864 3449 2935 psalmi
3480 2866 3643 2936 (vers.
3679 2867 3733 2939 1)

2082 2948 2293 3005 titulus
2321 2953 2696 3020 praenotatur.
2724 2966 2823 3020 pro
2870 2945 3088 3006 arcanis
3111 2951 3245 3021 ﬁlii,
3285 2952 3540 3026 Tychicus
3567 2957 3728 3011 enim

2081 3039 2253 3094 silens
2281 3039 2303 3072 ’
2344 3038 2794 3110 interpretatur:
2855 3055 2971 3095 non
3027 3040 3340 3112 projiciens
3381 3042 3730 3115 margaritas

2084 3133 2219 3183 ante
2251 3143 2475 3198 porcos,
2535 3143 2639 3182 nec
2698 3127 2846 3183 dans
2901 3134 3171 3184 sanctum
3231 3131 3474 3186 canibus
3521 3132 3733 3201 (Matth.

327 3233 443 3290 que
468 3219 645 3273 audet
689 3216 917 3272 dicere:
967 3213 1321 3271 Amandatis
1375 3216 1484 3269 tuis
1541 3215 1813 3282 intellexi,
1845 3231 1973 3286 pro-
2007 3201 2049 3268 C
2088 3234 2186 3288 vn,
2245 3218 2336 3288 6):
2397 3220 2453 3271 et
2527 3215 2704 3272 libere
2762 3217 2833 3272 ad
2891 3217 3074 3273 Deum
3125 3217 3388 3290 loquens.
3458 3221 3520 3275 In
3579 3223 3738 3278 corde

324 3311 510 3377 pterea
548 3305 618 3362 ad
645 3307 833 3362 omnia
859 3305 1124 3360 mandata
1145 3312 1240 3360 tua
1267 3304 1546 3374 dirigebar
1571 3305 1749 3376 (Psal.
1779 3319 1973 3372 cxvm,

329 3398 450 3465 104,
486 3397 630 3467 128),
663 3397 774 3452 iste
794 3394 964 3467 quasi
994 3397 1374 3449 atramentum
1399 3410 1636 3461 sonans,
1664 3398 1720 3448 et
1749 3394 1978 3466 cymba-

327 3487 450 3542 lum
483 3485 743 3541 tinniens
773 3484 818 3554 (ι
851 3485 982 3540 Cor.
1016 3499 1138 3550 xm,
1174 3482 1248 3554 1),
1281 3486 1337 3536 et
1387 3481 1744 3537 infatuatum
1777 3481 1882 3553 sal,
1915 3483 1974 3538 in

327 3579 580 3629 stercore
610 3570 1043 3628 conculcandus
1074 3575 1163 3626 est
1194 3571 1379 3642 (Marc.
1434 3588 1510 3636 1x,
1546 3571 1649 3637 49;
1699 3573 1826 3625 Luc.
1861 3588 1972 3641 xw,

327 3662 416 3728 34,
448 3661 560 3734 35).
591 3661 650 3714 Si
700 3664 897 3715 autem
947 3659 1119 3714 detur
1165 3659 1322 3730 optio
1373 3657 1740 3730 singulorum
1786 3659 1974 3731 (sepo-

326 3751 438 3806 sito
464 3766 530 3805 eo
555 3749 657 3820 qui
687 3748 863 3803 habet
890 3747 1236 3818 sapientiam
1268 3751 1444 3818 atque
1473 3746 1817 3817 justitiam),
1851 3764 1972 3802 ma-

324 3840 414 3912 gis
445 3854 549 3911 ego
579 3836 752 3893 velim
798 3835 1183 3892 rusticitatem
1226 3837 1472 3904 justam,
1524 3850 1703 3907 quam
1743 3836 1974 3892 doctam

325 3927 637 3995 malitiam,
685 3926 825 3999 quia
862 3925 938 3979 in'
981 3923 1160 3979 altero
1193 3923 1537 3980 635-636
1596 3923 1730 3980 licet
1761 3925 1972 3995 minor,

323 4021 520 4074 tamen
549 4015 735 4088 gloria
776 4019 886 4080 est,
938 4011 1239 4069 stellarum
1290 4029 1417 4069 esse
1467 4012 1677 4068 lumini
1710 4030 1973 4086 coaequa-

325 4105 478 4162 lem:
510 4106 570 4160 in
615 4103 794 4160 altero
836 4104 1007 4174 juxta
1055 4102 1309 4158 scientias
1355 4103 1700 4173 profectum,
1753 4103 1976 4174 majora

323 4194 614 4267 supplicia
669 4198 828 4249 sunt.
857 4194 1102 4248 Potentes
1140 4193 1428 4263 patientur
1482 4197 1763 4246 tormenta
1819 4191 1969 4262 (Sap.

321 4301 398 4350 v1,
428 4283 525 4355 7);
584 4287 676 4338 et:
737 4281 930 4338 Servus
990 4282 1085 4354 qui
1137 4281 1324 4336 scierit
1378 4280 1716 4336 voluntatem
1761 4280 1977 4335 domini

321 4374 432 4441 sui,
467 4377 518 4428 et
546 4387 659 4427 non
687 4372 881 4442 fecerit
908 4387 1055 4438 eam,
1114 4369 1396 4442 vapulabit
1443 4370 1637 4426 multis
1686 4368 1835 4441 (Luc.
1868 4387 1970 4436 xu,

321 4461 435 4530 47).
469 4459 599 4516 Haec
654 4459 890 4525 idcirco,
929 4463 994 4513 ut
1047 4459 1315 4514 docerem
1371 4473 1551 4530 quare
1611 4457 1868 4512 animam
1918 4461 1975 4514 et

2085 3321 2200 3360 meo
2231 3305 2488 3360 abscondi
2514 3305 2729 3375 eloquia
2777 3309 2890 3371 tua,
2923 3313 2984 3360 ut
3021 3321 3132 3361 non
3177 3322 3387 3378 peccem
3420 3308 3528 3363 tibi
3553 3309 3735 3379 (Psal.

2086 3409 2278 3458 cxvm,
2308 3393 2417 3462 11).
3611 3422 3684 3432 -

2158 3482 2302 3538 Vers
2329 3483 2443 3553 31.)
2475 3505 2504 3534 «
2554 3481 2758 3537 Omnis
2806 3482 3157 3554 amaritudo,
3204 3488 3262 3539 et
3312 3485 3494 3551 furor,
3539 3490 3597 3543 et
3629 3487 3739 3558 ira,

2085 3575 2142 3626 et
2171 3571 2412 3635 clamor,
2471 3575 2528 3625 et
2557 3568 2927 3642 blasphemia
2984 3571 3283 3627 auferatur
3337 3591 3371 3628 a
3407 3568 3575 3630 vobis
3605 3586 3741 3632 cum

2086 3659 2244 3714 omni
2279 3657 2522 3713 malitia.
2552 3680 2578 3707 »
2605 3659 2948 3714 Amaritudo
2969 3661 3264 3716 contraria
3287 3665 3376 3717 est
3397 3661 3697 3718 dulcedini
3722 3680 3735 3718 :

2085 3747 2240 3802 unde
2270 3745 2454 3802 amari
2493 3745 2663 3819 vulgo
2713 3746 3100 3818 appellantur,
3153 3754 3211 3805 et
3253 3748 3473 3806 dulces.
3508 3751 3588 3806 De
3619 3769 3738 3823 qua

2085 3841 2142 3890 et
2167 3834 2448 3890 .Ieremias
2477 3834 2758 3907 loquitur,
2798 3836 2997 3892 dicens
3023 3853 3034 3890 :
3067 3839 3132 3892 Et
3183 3839 3494 3894 amaritudo
3523 3847 3617 3894 tua
3646 3857 3736 3895 as-

2081 3924 2262 3980 cendit
2291 3940 2454 3996 super
2507 3940 2593 3979 me
2649 3924 2865 3995 (Jerem,
2897 3942 2988 3989 xv,
3039 3926 3152 3996 17).
3217 3926 3399 3982 Furor
3428 3944 3558 3984 vero
3589 3929 3735 3985 inci-

2084 4015 2251 4085 piens
2280 4014 2368 4070 ira
2419 4018 2526 4081 est,
2578 4018 2634 4068 et
2681 4013 3007 4070 fervescens
3036 4013 3095 4069 in
3146 4015 3340 4070 animo
3386 4016 3734 4089 indignatio.

2085 4103 2176 4158 Ira
2209 4107 2401 4158 autem
2434 4107 2521 4158 est
2579 4103 2773 4173 (cujus
2831 4103 3158 4159 amaritudo
3205 4109 3262 4158 et
3310 4104 3474 4160 furor
3511 4106 3738 4178 species

2085 4192 2242 4262 sunt)
2274 4207 2402 4262 quas
2436 4190 2630 4246 furore
2680 4190 2953 4246 restincto
2999 4191 3294 4258 desiderat
3344 4193 3655 4263 ultionem,
3679 4199 3743 4250 et

2083 4295 2217 4334 eum
2251 4294 2428 4349 quem
2463 4279 2735 4335 nocuisse
2785 4283 2969 4351 putat,
3012 4278 3137 4335 vult
3183 4279 3407 4337 leaders.
3441 4283 3574 4347 Quae
3606 4282 3739 4354 qui-

2084 4368 2219 4423 dem
2253 4365 2384 4423 licet
2414 4367 2474 4423 in
2508 4373 2619 4423 Deo
2668 4385 2819 4440 saepe
2864 4369 3152 4438 dicantur,
3186 4371 3509 4426 secundum
3552 4370 3695 4427 illud
3723 4389 3737 4427 :

2082 4457 2325 4523 Domine,
2357 4472 2426 4512 ne
2456 4459 2518 4512 in
2553 4458 2746 4527 furore
2802 4465 2892 4512 tuo
2949 4474 3156 4529 arguas
3209 4475 3314 4530 me,
3358 4475 3532 4530 neque
3561 4462 3621 4515 in
3652 4462 3742 4517 ira

393 4587 409 4621 ¹
461 4581 1577 4657 Hujusmodi_etymolgiasAnominum
1639 4587 1969 4657 Graecorum
2001 4569 2047 4634 D
2080 4583 2190 4657 rit:
2253 4582 2434 4657 Ἐςεειν
2496 4582 3198 4657 Graece,__permiss_ion_em
3265 4599 3474 4640 sonare
3529 4600 3738 4642 omnes

323 4653 628 4714 mutuatus
657 4661 748 4712 est
772 4653 1161 4726 Hieronymus
1193 4653 1266 4708 ab
1288 4653 1577 4726 AOrigene.
1595 4655 1705 4726 Aqui
1743 4656 1970 4726 Lexicon

321 4731 716 4786 Hebraicorum
788 4724 1079 4783 Nominum
1158 4724 1432 4780 condiditw
1469 4742 1500 4780 e
1563 4724 1718 4781 Novo
1770 4725 1968 4780 Testa-

323 4806 538 4870 mento,
565 4801 784 4872 quique
814 4797 956 4872 satis
977 4797 1230 4872 absurde
1255 4795 1447 4872 Graeca
1476 4801 1532 4872 et
1565 4797 1971 4872 Latina_quasi

323 4818 538 4870 mento,
607 4818 784 4872 mque
814 4818 956 4855 Βᾶιιδ
977 4818 1230 4852 80801³06
1255 4818 1447 4851 υΓᾶΞΟΗ.
1476 4818 1532 4851 ει
1566 4818 1770 4851 uauna
1799 4818 1969 4868 quam

319 4876 520 4927 essent
549 4818 787 4927 gebraea
835 4868 1202 4940 interpretari
1233 4866 1459 4940 voluit.)
1478 4866 1724 4940 Consule
1753 4867 1969 4923 librum

318 4944 668 4999 Hebraeorum
723 4937 1018 4998 Nominum.
1081 4943 1240 4994 tomo
1295 4938 1390 4994 Ill.
1443 4937 1628 4993 Msa'r.
1669 4971 1737 4978 —
1783 4944 1843 4993 In
1903 4956 1968 4995 eo

319 5014 540 5069 scilicet
570 5013 885 5069 Nominum
943 5011 1110 5079 libro,
1158 5009 1258 5082 qui
1315 5009 1486 5082 vulgo
1546 5011 1866 5082 obtinebat,
1913 5016 1971 5066 et

320 5085 522 5140 Latine
552 5085 623 5140 ab
655 5086 782 5156 ipso
825 5082 1162 5156 explicatus
1195 5081 1543 5156 Hieronymo
1592 5086 1698 5156 est.
1739 5081 1852 5156 Nec
1881 5086 1967 5137 ta-

321 5173 476 5226 men,
513 5161 577 5210 ut
624 5153 775 5227 saepe
824 5153 1099 5219 diXimus,
1151 5153 1286 5227 hinc
1336 5157 1486 5208 recte
1534 5153 1668 5223 quis
1711 5153 1966 5227 colligat,

322 5245 421 5300 eas
442 5224 678 5300 i'psimet
702 5224 928 5300 probari
962 5224 1359 5300 etymologias,
1379 5241 1626 5295 quarum
1646 5229 1703 5279 et
1717 5224 1968 5300 nonnul-

318 5298 408 5354 las
438 5296 716 5370 expresse
730 5298 972 5370 respuit.
1000 5296 1058 5351 Id
1082 5312 1268 5367 genus
1291 5296 1408 5350 haec
1429 5301 1538 5370 est,
1562 5313 1677 5366 qua
1707 5296 1965 5367 Ephesus,

317 5369 588 5440 voluntas,
631 5369 751 5425 sive
775 5369 1292 5440 consiliumjmeum
1332 5370 1394 5440 in
1435 5383 1496 5440 ea
1529 5369 1962 5440 interpretatur.

316 5438 591 5513 Notatum
625 5441 840 5513 quippe
883 5445 970 5496 est
1001 5438 1279 5513 nobis__ad
1324 5438 1635 5513 laudatum
1669 5438 1966 5494 Neminum

317 5511 557 5582 librum,
592 5509 660 5568 ei
689 5509 885 5569 Graeco
913 5509 1280 5582 commodius
1306 5509 1554 5565 derivari
1586 5509 1737 5582 hanc
1766 5527 1963 5566 vocem

318 5601 512 5658 posse,
544 5579 610 5640 ac
641 5582 849 5651 videri,
898 5587 964 5638 ut
993 5579 1323 5658 Heraclides
1375 5582 1578 5658 tradit,
1609 5581 1693 5636 sic
1723 5581 1961 5658 dictam,

317 5651 474 5742 quod
497 5651 634 5720 eam
665 5660 883 5723 terram
928 5651 1324 5714 Amazonibus
1374 5651 1648 5712 Hercules
1677 5653 1964 5728 permise-

2081 4655 2294 4729 sciunt.
2330 4653 2647 4729 Pausanias
2696 4653 2802 4729 lib,
2833 4655 3043 4729 vu._ab
3082 4654 3340 4729 Epheso,
3387 4671 3560 4727 quem
3593 4657 3737 4729 Cay-

2079 4725 2186 4808 stri
2217 4725 2479 4808 ﬂuminis
2505 4724 2693 4808 {ilium
2725 4725 2906 4781 fuisse
2936 4724 3295 4794 fabulantur,
3327 4724 3539 4783 nomen
3572 4724 3734 4784 acce-

2081 4801 2258 4871 pisse,
2289 4801 2492 4852 auctor
2520 4802 2626 4851 est.

2081 4938 2113 4940 ἡ
2151 4869 2172 4902 ²
2203 4869 2458 4924 Rursum
2491 4884 2560 4922 ex
2589 4884 2654 4940 eo
2729 4867 2828 4938 qui
2860 4867 3031 4940 vulgo
3085 4868 3401 4940 obtinebat.
3434 4870 3731 4926 Nominum

2079 4938 2248 5010 libro,
2283 4941 2380 4995 ubi
2411 4939 2667 5012 Τυχικὸς,
2713 4941 2902 5012 σιγῶν,
2937 4938 3090 5012 quod
3141 4945 3199 4995 et
3229 4939 3353 5011 ipse
3383 4941 3730 5012 interpreta-

2079 5017 2174 5066 tus
2222 5017 2310 5066 est
2338 5018 2393 5065 S.
2428 5014 2637 5082 Pater,
2669 5012 2952 5082 Tychicus,
2991 5020 3191 5066 tacens.
3223 5017 3504 5067 Caeterum
3537 5026 3733 5080 nemo,

2079 5082 2303 5154 Opinor,
2337 5082 2600 5154 Graecum
2624 5081 2757 5154 hoc,
2789 5098 2906 5137 non
2939 5081 3299 5138 ’Hebraicum
3332 5100 3462 5139 esse
3492 5099 3731 5149 nomen,

2076 5153 2132 5208 et
2164 5170 2370 5209 sonare
2402 5154 2459 5225 in
2514 5153 2736 5225 Latino,
2781 5157 3145 5224 fortunatum,
3197 5154 3447 5225 ignorat.
3490 5154 3735 5209 Frustra

2079 5225 2219 5279 adeo
2250 5231 2338 5280 est
2394 5224 2707 5290 Victorius,
2768 5225 2868 5295 qui
2927 5225 3088 5280 illam
3145 5224 3536 5282 ex'Hebraico
3567 5231 3732 5280 ratus

2076 5295 2312 5370 ipsimet
2339 5296 2685 5370 Hieronymo
2717 5296 2947 5370 probari
2977 5295 3414 5370 etymologiam,
3441 5313 3509 5370 ex
3539 5313 3607 5352 eo
3639 5313 3734 5370 co-

2078 5374 2250 5422 natur
2279 5367 2569 5441 deriyare,
2595 5367 2747 5441 quod
2781 5373 2869 5422 est
2900 5367 3176 5441 Hebraice
3198 5367 3372 5430 ntus:
3407 5369 3548 5441 quia
3567 5367 3727 5441 Apsal.

2076 5456 2125 5506 L,
2159 5448 2334 5506 mna,
2367 5433 2567 5507 ᾅδπλα,
2601 5433 2719 5493 sive
2752 5441 3000 5494 incerta:
3034 5445 3091 5494 et
3119 5439 3228 5495 Job
3258 5433 3492 5506 xxxvux,
3520 5433 3728 5508 viscera

2074 5511 2384 5582 significet,
2419 5517 2594 5583 atque
2625 5509 2682 5564 in
2715 5509 2865 5565 hanc
2916 5511 3113 5583 facere
3150 5513 3546 5583 sententiamt
3568 5511 3725 5583 quod

2073 5581 2170 5656 ne
2201 5583 2398 5656 crustis
2425 5581 2696 5656 obducere
2733 5587 2895 5656 notet
2945 5581 3173 5656 Levitic.
3218 5601 3330 5656 XIV,
3380 5587 3437 5641 et
3468 5584 3490 5640 Ι
3521 5581 3713 5641 Paral.

2069 5653 2162 5726 29,
2193 5654 2350 5728 quod
2378 5657 2468 5712 est
2496 5652 2811 5714 Ezechielis
2841 5670 2962 5742 xm,
2996 5654 3181 5714 linire.
