  <div class='ocr_page' id='page_1' title='image "/cluster/home/n/w/nwhite01/storage/ocr_20150623/26/hvd.32044052772472/284.png"; bbox 0 0 4066 6190; ppageno 0'>
   <div class='ocr_carea' id='block_1_1' title="bbox 350 291 473 351">
    <p class='ocr_par' dir='ltr' id='par_1_1' title="bbox 350 291 473 351">
     <span class='ocr_line' id='line_1_1' title="bbox 350 291 473 351; baseline 0.008 -1"><span class='ocrx_word' id='word_1_1' title='bbox 350 291 473 351; x_wconf 73' lang='grc'>549</span> 
     </span>
    </p>
   </div>
   <div class='ocr_carea' id='block_1_2' title="bbox 1029 285 3120 363">
    <p class='ocr_par' dir='ltr' id='par_1_2' title="bbox 1029 285 3120 363">
     <span class='ocr_line' id='line_1_2' title="bbox 1029 285 3120 363; baseline 0.002 -14"><span class='ocrx_word' id='word_1_2' title='bbox 1029 285 1521 349; x_wconf 82' lang='lat' dir='ltr'>COMMENTAR</span> <span class='ocrx_word' id='word_1_3' title='bbox 1563 286 1643 348; x_wconf 90' lang='lat' dir='ltr'>IN</span> <span class='ocrx_word' id='word_1_4' title='bbox 1687 285 1937 348; x_wconf 88' lang='lat' dir='ltr'>EPIST.</span> <span class='ocrx_word' id='word_1_5' title='bbox 1983 286 2084 348; x_wconf 86' lang='lat' dir='ltr'>AD</span> <span class='ocrx_word' id='word_1_6' title='bbox 2127 287 2404 349; x_wconf 86' lang='lat' dir='ltr'>EPHES.</span> <span class='ocrx_word' id='word_1_7' title='bbox 2453 289 2600 350; x_wconf 90' lang='lat' dir='ltr'>LIB.</span> <span class='ocrx_word' id='word_1_8' title='bbox 2645 287 2752 363; x_wconf 90' lang='lat' dir='ltr'>III,</span> <span class='ocrx_word' id='word_1_9' title='bbox 2799 291 2975 354; x_wconf 85' lang='lat' dir='ltr'>CAP.</span> <span class='ocrx_word' id='word_1_10' title='bbox 3018 289 3120 356; x_wconf 72' lang='grc' dir='ltr'>Π.</span> 
     </span>
    </p>
   </div>
   <div class='ocr_carea' id='block_1_3' title="bbox 3642 300 3762 362">
    <p class='ocr_par' dir='ltr' id='par_1_3' title="bbox 3642 300 3762 362">
     <span class='ocr_line' id='line_1_3' title="bbox 3642 300 3762 362; baseline 0 0"><span class='ocrx_word' id='word_1_11' title='bbox 3642 300 3762 362; x_wconf 66' lang='grc'>580</span> 
     </span>
    </p>
   </div>
   <div class='ocr_carea' id='block_1_4' title="bbox 351 419 3757 495">
    <p class='ocr_par' dir='ltr' id='par_1_4' title="bbox 351 419 3757 495">
     <span class='ocr_line' id='line_1_4' title="bbox 351 419 3757 495; baseline 0.004 -19"><span class='ocrx_word' id='word_1_12' title='bbox 351 425 450 479; x_wconf 85' lang='lat' dir='ltr'>tua</span> <span class='ocrx_word' id='word_1_13' title='bbox 475 419 745 493; x_wconf 74' lang='lat' dir='ltr'>corripias</span> <span class='ocrx_word' id='word_1_14' title='bbox 773 435 859 476; x_wconf 85' lang='lat' dir='ltr'>me</span> <span class='ocrx_word' id='word_1_15' title='bbox 906 420 1080 492; x_wconf 83' lang='lat' dir='ltr'>(Psat.</span> <span class='ocrx_word' id='word_1_16' title='bbox 1110 437 1186 491; x_wconf 81' lang='lat' dir='ltr'>v1,</span> <span class='ocrx_word' id='word_1_17' title='bbox 1220 420 1301 492; x_wconf 90' lang='lat'>2),</span> <span class='ocrx_word' id='word_1_18' title='bbox 1348 436 1465 476; x_wconf 92' lang='lat' dir='ltr'>non</span> <span class='ocrx_word' id='word_1_19' title='bbox 1509 424 1649 475; x_wconf 91' lang='lat' dir='ltr'>sunt</span> <span class='ocrx_word' id='word_1_20' title='bbox 1695 421 1998 492; x_wconf 87' lang='lat' dir='ltr'>perturba-</span> <span class='ocrx_word' id='word_1_21' title='bbox 2028 421 2085 487; x_wconf 81' lang='grc' dir='ltr'><strong>Α</strong></span> <span class='ocrx_word' id='word_1_22' title='bbox 2113 419 2491 492; x_wconf 84' lang='lat' dir='ltr'>intelligenda</span> <span class='ocrx_word' id='word_1_23' title='bbox 2519 427 2626 490; x_wconf 89' lang='lat' dir='ltr'>est,</span> <span class='ocrx_word' id='word_1_24' title='bbox 2660 440 2838 495; x_wconf 88' lang='lat' dir='ltr'>quam</span> <span class='ocrx_word' id='word_1_25' title='bbox 2870 425 2984 482; x_wconf 85' lang='lat' dir='ltr'>alio</span> <span class='ocrx_word' id='word_1_26' title='bbox 3007 427 3242 483; x_wconf 85' lang='lat' dir='ltr'>nomine</span> <span class='ocrx_word' id='word_1_27' title='bbox 3270 430 3465 485; x_wconf 86' lang='lat' dir='ltr'>vitmm</span> <span class='ocrx_word' id='word_1_28' title='bbox 3489 431 3757 488; x_wconf 89' lang='lat' dir='ltr'>nomina-</span> 
     </span>
    </p>
   </div>
   <div class='ocr_carea' id='block_1_5' title="bbox 351 509 2000 581">
    <p class='ocr_par' dir='ltr' id='par_1_5' title="bbox 351 509 2000 581">
     <span class='ocr_line' id='line_1_5' title="bbox 351 509 2000 581; baseline -0.002 -13"><span class='ocrx_word' id='word_1_29' title='bbox 351 513 544 568; x_wconf 82' lang='lat' dir='ltr'><strong>tiones</strong></span> <span class='ocrx_word' id='word_1_30' title='bbox 572 510 755 566; x_wconf 89' lang='lat' dir='ltr'>animi</span> <span class='ocrx_word' id='word_1_31' title='bbox 785 510 1190 581; x_wconf 69' lang='lat' dir='ltr'>computanda:</span> <span class='ocrx_word' id='word_1_32' title='bbox 1223 509 1374 564; x_wconf 86' lang='lat' dir='ltr'>sicut</span> <span class='ocrx_word' id='word_1_33' title='bbox 1402 509 1462 564; x_wconf 91' lang='lat' dir='ltr'>in</span> <span class='ocrx_word' id='word_1_34' title='bbox 1512 509 1720 566; x_wconf 90' lang='lat' dir='ltr'>nobis:</span> <span class='ocrx_word' id='word_1_35' title='bbox 1774 510 1911 581; x_wconf 83' lang='lat' dir='ltr'>quia</span> <span class='ocrx_word' id='word_1_36' title='bbox 1943 509 2000 564; x_wconf 92' lang='lat' dir='ltr'>in</span> 
     </span>
    </p>
   </div>
   <div class='ocr_carea' id='block_1_6' title="bbox 352 597 2004 670">
    <p class='ocr_par' dir='ltr' id='par_1_6' title="bbox 352 597 2004 670">
     <span class='ocr_line' id='line_1_6' title="bbox 352 597 2004 670; baseline -0.002 -13"><span class='ocrx_word' id='word_1_37' title='bbox 352 600 454 657; x_wconf 88' lang='lat' dir='ltr'>illo</span> <span class='ocrx_word' id='word_1_38' title='bbox 487 600 790 656; x_wconf 88' lang='lat' dir='ltr'>moderata</span> <span class='ocrx_word' id='word_1_39' title='bbox 820 603 876 653; x_wconf 90' lang='lat' dir='ltr'>et</span> <span class='ocrx_word' id='word_1_40' title='bbox 905 598 1172 658; x_wconf 90' lang='lat' dir='ltr'>ordinata</span> <span class='ocrx_word' id='word_1_41' title='bbox 1201 603 1341 654; x_wconf 90' lang='lat' dir='ltr'>sunt</span> <span class='ocrx_word' id='word_1_42' title='bbox 1360 597 1576 665; x_wconf 87' lang='lat' dir='ltr'>omnia,</span> <span class='ocrx_word' id='word_1_43' title='bbox 1609 602 1666 654; x_wconf 91' lang='lat' dir='ltr'>et</span> <span class='ocrx_word' id='word_1_44' title='bbox 1695 615 1866 670; x_wconf 73' lang='lat' dir='ltr'>poena</span> <span class='ocrx_word' id='word_1_45' title='bbox 1887 615 2004 669; x_wconf 92' lang='lat' dir='ltr'>qua</span> 
     </span>
    </p>
   </div>
   <div class='ocr_carea' id='block_1_7' title="bbox 354 686 1998 764">
    <p class='ocr_par' dir='ltr' id='par_1_7' title="bbox 354 686 1998 764">
     <span class='ocr_line' id='line_1_7' title="bbox 354 686 1998 764; baseline -0.004 -18"><span class='ocrx_word' id='word_1_46' title='bbox 354 694 689 764; x_wconf 89' lang='lat' dir='ltr'>peccatores</span> <span class='ocrx_word' id='word_1_47' title='bbox 721 686 1114 760; x_wconf 90' lang='lat' dir='ltr'>corriguntur,</span> <span class='ocrx_word' id='word_1_48' title='bbox 1140 687 1354 743; x_wconf 84' lang='lat' dir='ltr'>nostris</span> <span class='ocrx_word' id='word_1_49' title='bbox 1378 687 1619 743; x_wconf 88' lang='lat' dir='ltr'>vocibus</span> <span class='ocrx_word' id='word_1_50' title='bbox 1648 686 1998 759; x_wconf 80' lang='lat' dir='ltr'>appellatur.</span> 
     </span>
    </p>
   </div>
   <div class='ocr_carea' id='block_1_8' title="bbox 354 775 2001 848">
    <p class='ocr_par' dir='ltr' id='par_1_8' title="bbox 354 775 2001 848">
     <span class='ocr_line' id='line_1_8' title="bbox 354 775 2001 848; baseline -0.002 -14"><span class='ocrx_word' id='word_1_51' title='bbox 354 779 470 835; x_wconf 89' lang='lat' dir='ltr'>Nos</span> <span class='ocrx_word' id='word_1_52' title='bbox 496 794 630 833; x_wconf 88' lang='lat' dir='ltr'>vero</span> <span class='ocrx_word' id='word_1_53' title='bbox 671 775 721 832; x_wconf 90' lang='lat' dir='ltr'>si</span> <span class='ocrx_word' id='word_1_54' title='bbox 752 775 1083 842; x_wconf 83' lang='lat' dir='ltr'>irascimur,</span> <span class='ocrx_word' id='word_1_55' title='bbox 1117 777 1551 848; x_wconf 89' lang='lat' dir='ltr'>perturbamur,</span> <span class='ocrx_word' id='word_1_56' title='bbox 1584 780 1658 844; x_wconf 90' lang='lat' dir='ltr'>et,</span> <span class='ocrx_word' id='word_1_57' title='bbox 1686 777 1880 831; x_wconf 91' lang='lat' dir='ltr'>furore</span> <span class='ocrx_word' id='word_1_58' title='bbox 1910 793 2001 830; x_wconf 89' lang='lat' dir='ltr'>ra-</span> 
     </span>
    </p>
   </div>
   <div class='ocr_carea' id='block_1_9' title="bbox 355 864 2002 942">
    <p class='ocr_par' dir='ltr' id='par_1_9' title="bbox 355 864 2002 942">
     <span class='ocr_line' id='line_1_9' title="bbox 355 864 2002 942; baseline -0.002 -19"><span class='ocrx_word' id='word_1_59' title='bbox 355 868 460 942; x_wconf 91' lang='lat' dir='ltr'>pti,</span> <span class='ocrx_word' id='word_1_60' title='bbox 495 866 680 923; x_wconf 80' lang='lat' dir='ltr'>nostri</span> <span class='ocrx_word' id='word_1_61' title='bbox 735 882 864 922; x_wconf 90' lang='lat' dir='ltr'>esse</span> <span class='ocrx_word' id='word_1_62' title='bbox 892 865 1240 921; x_wconf 87' lang='lat' dir='ltr'>desinimus.</span> <span class='ocrx_word' id='word_1_63' title='bbox 1293 864 1454 921; x_wconf 87' lang='lat' dir='ltr'>Unde</span> <span class='ocrx_word' id='word_1_64' title='bbox 1512 882 1544 920; x_wconf 89' lang='lat' dir='ltr'>a</span> <span class='ocrx_word' id='word_1_65' title='bbox 1592 865 1760 921; x_wconf 89' lang='lat' dir='ltr'>nobis</span> <span class='ocrx_word' id='word_1_66' title='bbox 1809 865 2002 920; x_wconf 91' lang='lat' dir='ltr'>omnis</span> 
     </span>
    </p>
   </div>
   <div class='ocr_carea' id='block_1_10' title="bbox 355 953 2000 1026">
    <p class='ocr_par' dir='ltr' id='par_1_10' title="bbox 355 953 2000 1026">
     <span class='ocr_line' id='line_1_10' title="bbox 355 953 2000 1026; baseline -0.004 -13"><span class='ocrx_word' id='word_1_67' title='bbox 355 955 709 1023; x_wconf 82' lang='lat' dir='ltr'>amaritudo,</span> <span class='ocrx_word' id='word_1_68' title='bbox 730 959 790 1011; x_wconf 91' lang='lat' dir='ltr'>et</span> <span class='ocrx_word' id='word_1_69' title='bbox 810 955 990 1023; x_wconf 90' lang='lat' dir='ltr'>furor,</span> <span class='ocrx_word' id='word_1_70' title='bbox 1025 958 1083 1010; x_wconf 89' lang='lat' dir='ltr'>et</span> <span class='ocrx_word' id='word_1_71' title='bbox 1113 955 1200 1010; x_wconf 87' lang='lat' dir='ltr'>ira</span> <span class='ocrx_word' id='word_1_72' title='bbox 1229 953 1463 1026; x_wconf 86' lang='lat' dir='ltr'>penitus</span> <span class='ocrx_word' id='word_1_73' title='bbox 1495 953 1812 1009; x_wconf 88' lang='lat' dir='ltr'>auferenda</span> <span class='ocrx_word' id='word_1_74' title='bbox 1840 958 2000 1010; x_wconf 92' lang='lat' dir='ltr'>sunt.</span> 
     </span>
    </p>
   </div>
   <div class='ocr_carea' id='block_1_11' title="bbox 355 1042 2006 1115">
    <p class='ocr_par' dir='ltr' id='par_1_11' title="bbox 355 1042 2006 1115">
     <span class='ocr_line' id='line_1_11' title="bbox 355 1042 2006 1115; baseline -0.004 -14"><span class='ocrx_word' id='word_1_75' title='bbox 355 1046 503 1101; x_wconf 89' lang='lat' dir='ltr'>Nam</span> <span class='ocrx_word' id='word_1_76' title='bbox 536 1045 607 1100; x_wconf 93' lang='lat' dir='ltr'>ad</span> <span class='ocrx_word' id='word_1_77' title='bbox 640 1043 784 1099; x_wconf 93' lang='lat' dir='ltr'>illud</span> <span class='ocrx_word' id='word_1_78' title='bbox 816 1042 1148 1115; x_wconf 81' lang='lat' dir='ltr'>Evangelii:</span> <span class='ocrx_word' id='word_1_79' title='bbox 1184 1043 1502 1114; x_wconf 75' lang='lat' dir='ltr'>Quicunque</span> <span class='ocrx_word' id='word_1_80' title='bbox 1547 1044 1810 1099; x_wconf 78' lang='lat' dir='ltr'>irascitur</span> <span class='ocrx_word' id='word_1_81' title='bbox 1832 1042 2006 1113; x_wconf 81' lang='lat' dir='ltr'>fratri</span> 
     </span>
    </p>
   </div>
   <div class='ocr_carea' id='block_1_12' title="bbox 355 1131 2006 1210">
    <p class='ocr_par' dir='ltr' id='par_1_12' title="bbox 355 1131 2006 1210">
     <span class='ocr_line' id='line_1_12' title="bbox 355 1131 2006 1210; baseline -0.003 -20"><span class='ocrx_word' id='word_1_82' title='bbox 355 1151 454 1191; x_wconf 83' lang='lat' dir='ltr'>suo</span> <span class='ocrx_word' id='word_1_83' title='bbox 483 1136 603 1190; x_wconf 83' lang='lat' dir='ltr'>sine</span> <span class='ocrx_word' id='word_1_84' title='bbox 631 1149 813 1199; x_wconf 83' lang='lat' dir='ltr'>causa,</span> <span class='ocrx_word' id='word_1_85' title='bbox 846 1147 972 1187; x_wconf 86' lang='lat' dir='ltr'>reus</span> <span class='ocrx_word' id='word_1_86' title='bbox 1000 1133 1115 1210; x_wconf 30' lang='lat' dir='ltr'>erit.</span> <span class='ocrx_word' id='word_1_87' title='bbox 1143 1131 1356 1203; x_wconf 85' lang='lat' dir='ltr'>judicio</span> <span class='ocrx_word' id='word_1_88' title='bbox 1403 1132 1610 1202; x_wconf 82' lang='lat' dir='ltr'>(Matth.</span> <span class='ocrx_word' id='word_1_89' title='bbox 1656 1150 1710 1189; x_wconf 93' lang='lat' dir='ltr'>v.</span> <span class='ocrx_word' id='word_1_90' title='bbox 1751 1133 1857 1204; x_wconf 90' lang='lat'>12),</span> <span class='ocrx_word' id='word_1_91' title='bbox 1891 1132 2006 1185; x_wconf 91' lang='lat' dir='ltr'>fru-</span> 
     </span>
    </p>
   </div>
   <div class='ocr_carea' id='block_1_13' title="bbox 358 1220 2007 1293">
    <p class='ocr_par' dir='ltr' id='par_1_13' title="bbox 358 1220 2007 1293">
     <span class='ocr_line' id='line_1_13' title="bbox 358 1220 2007 1293; baseline -0.003 -14"><span class='ocrx_word' id='word_1_92' title='bbox 358 1228 482 1280; x_wconf 87' lang='lat' dir='ltr'>stra</span> <span class='ocrx_word' id='word_1_93' title='bbox 511 1227 602 1278; x_wconf 87' lang='lat' dir='ltr'>est</span> <span class='ocrx_word' id='word_1_94' title='bbox 626 1222 911 1287; x_wconf 89' lang='lat' dir='ltr'>additum,</span> <span class='ocrx_word' id='word_1_95' title='bbox 935 1222 1058 1277; x_wconf 82' lang='lat' dir='ltr'>sine</span> <span class='ocrx_word' id='word_1_96' title='bbox 1086 1237 1254 1276; x_wconf 86' lang='lat' dir='ltr'>causa</span> <span class='ocrx_word' id='word_1_97' title='bbox 1279 1224 1318 1288; x_wconf 87' lang='grc'>¹,</span> <span class='ocrx_word' id='word_1_98' title='bbox 1361 1220 1499 1293; x_wconf 84' lang='lat' dir='ltr'>quia</span> <span class='ocrx_word' id='word_1_99' title='bbox 1527 1237 1632 1276; x_wconf 91' lang='lat' dir='ltr'>nec</span> <span class='ocrx_word' id='word_1_100' title='bbox 1662 1237 1796 1276; x_wconf 82' lang='lat' dir='ltr'>cum</span> <span class='ocrx_word' id='word_1_101' title='bbox 1828 1236 2007 1276; x_wconf 90' lang='lat' dir='ltr'>causa</span> 
     </span>
    </p>
   </div>
   <div class='ocr_carea' id='block_1_14' title="bbox 355 1309 2004 1380">
    <p class='ocr_par' dir='ltr' id='par_1_14' title="bbox 355 1309 2004 1380">
     <span class='ocr_line' id='line_1_14' title="bbox 355 1309 2004 1380; baseline -0.001 -12"><span class='ocrx_word' id='word_1_102' title='bbox 355 1311 529 1368; x_wconf 90' lang='lat' dir='ltr'>nobis</span> <span class='ocrx_word' id='word_1_103' title='bbox 566 1310 739 1367; x_wconf 88' lang='lat' dir='ltr'>irasci</span> <span class='ocrx_word' id='word_1_104' title='bbox 787 1310 1144 1379; x_wconf 89' lang='lat' dir='ltr'>conceditur,</span> <span class='ocrx_word' id='word_1_105' title='bbox 1204 1309 1680 1366; x_wconf 85' lang='lat' dir='ltr'>manifestissime</span> <span class='ocrx_word' id='word_1_106' title='bbox 1727 1311 2004 1380; x_wconf 85' lang='lat' dir='ltr'>Apostolo</span> 
     </span>
    </p>
   </div>
   <div class='ocr_carea' id='block_1_15' title="bbox 357 1398 2007 1471">
    <p class='ocr_par' dir='ltr' id='par_1_15' title="bbox 357 1398 2007 1471">
     <span class='ocr_line' id='line_1_15' title="bbox 357 1398 2007 1471; baseline -0.001 -15"><span class='ocrx_word' id='word_1_107' title='bbox 357 1417 513 1456; x_wconf 92' lang='lat' dir='ltr'>nunc</span> <span class='ocrx_word' id='word_1_108' title='bbox 543 1400 809 1456; x_wconf 88' lang='lat' dir='ltr'>dicente:</span> <span class='ocrx_word' id='word_1_109' title='bbox 846 1398 1183 1469; x_wconf 80' lang='lat' dir='ltr'>Amaritudo,</span> <span class='ocrx_word' id='word_1_110' title='bbox 1230 1407 1281 1454; x_wconf 85' lang='lat' dir='ltr'>et</span> <span class='ocrx_word' id='word_1_111' title='bbox 1333 1401 1498 1470; x_wconf 70' lang='lat' dir='ltr'>furor</span> <span class='ocrx_word' id='word_1_112' title='bbox 1525 1404 1589 1468; x_wconf 46' lang='lat' dir='ltr'>et.</span> <span class='ocrx_word' id='word_1_113' title='bbox 1637 1400 1724 1453; x_wconf 88' lang='lat' dir='ltr'>ira</span> <span class='ocrx_word' id='word_1_114' title='bbox 1771 1401 2007 1471; x_wconf 82' lang='lat' dir='ltr'>tollatur</span> 
     </span>
    </p>
   </div>
   <div class='ocr_carea' id='block_1_16' title="bbox 355 1486 2005 1562">
    <p class='ocr_par' dir='ltr' id='par_1_16' title="bbox 355 1486 2005 1562">
     <span class='ocr_line' id='line_1_16' title="bbox 355 1486 2005 1562; baseline 0 -18"><span class='ocrx_word' id='word_1_115' title='bbox 355 1489 568 1546; x_wconf 88' lang='lat' dir='ltr'>avobis</span> <span class='ocrx_word' id='word_1_116' title='bbox 597 1488 745 1544; x_wconf 73' lang='lat'>087</span> <span class='ocrx_word' id='word_1_117' title='bbox 793 1492 852 1544; x_wconf 90' lang='lat' dir='ltr'>et</span> <span class='ocrx_word' id='word_1_118' title='bbox 902 1486 1198 1544; x_wconf 89' lang='lat' dir='ltr'>tricesimo</span> <span class='ocrx_word' id='word_1_119' title='bbox 1255 1492 1416 1544; x_wconf 84' lang='lat' dir='ltr'>sexto</span> <span class='ocrx_word' id='word_1_120' title='bbox 1473 1487 1701 1560; x_wconf 82' lang='lat' dir='ltr'>psalmo</span> <span class='ocrx_word' id='word_1_121' title='bbox 1759 1489 1918 1560; x_wconf 84' lang='lat' dir='ltr'>(vers.</span> <span class='ocrx_word' id='word_1_122' title='bbox 1950 1490 2005 1562; x_wconf 89' lang='lat'>8)</span> 
     </span>
    </p>
   </div>
   <div class='ocr_carea' id='block_1_17' title="bbox 355 1575 2005 1648">
    <p class='ocr_par' dir='ltr' id='par_1_17' title="bbox 355 1575 2005 1648">
     <span class='ocr_line' id='line_1_17' title="bbox 355 1575 2005 1648; baseline -0.001 -14"><span class='ocrx_word' id='word_1_123' title='bbox 355 1578 687 1634; x_wconf 84' lang='lat' dir='ltr'>universam</span> <span class='ocrx_word' id='word_1_124' title='bbox 720 1576 1172 1632; x_wconf 88' lang='lat' dir='ltr'>commotionem</span> <span class='ocrx_word' id='word_1_125' title='bbox 1221 1575 1402 1630; x_wconf 89' lang='lat' dir='ltr'>animi</span> <span class='ocrx_word' id='word_1_126' title='bbox 1449 1575 1797 1648; x_wconf 86' lang='lat' dir='ltr'>generaliter</span> <span class='ocrx_word' id='word_1_127' title='bbox 1846 1578 2005 1633; x_wconf 90' lang='lat' dir='ltr'>aufe-</span> 
     </span>
    </p>
   </div>
   <div class='ocr_carea' id='block_1_18' title="bbox 357 1665 2004 1736">
    <p class='ocr_par' dir='ltr' id='par_1_18' title="bbox 357 1665 2004 1736">
     <span class='ocr_line' id='line_1_18' title="bbox 357 1665 2004 1736; baseline 0 -13"><span class='ocrx_word' id='word_1_128' title='bbox 357 1671 556 1723; x_wconf 86' lang='lat' dir='ltr'>rente:</span> <span class='ocrx_word' id='word_1_129' title='bbox 593 1667 816 1735; x_wconf 75' lang='lat' dir='ltr'>Quiesce</span> <span class='ocrx_word' id='word_1_130' title='bbox 845 1665 912 1720; x_wconf 83' lang='lat' dir='ltr'>ab</span> <span class='ocrx_word' id='word_1_131' title='bbox 943 1667 1047 1733; x_wconf 87' lang='lat' dir='ltr'>ira,</span> <span class='ocrx_word' id='word_1_132' title='bbox 1080 1667 1132 1721; x_wconf 89' lang='lat' dir='ltr'>et</span> <span class='ocrx_word' id='word_1_133' title='bbox 1179 1665 1396 1720; x_wconf 80' lang='lat' dir='ltr'>dimitte</span> <span class='ocrx_word' id='word_1_134' title='bbox 1434 1665 1701 1736; x_wconf 86' lang='lat' dir='ltr'>furorem.</span> <span class='ocrx_word' id='word_1_135' title='bbox 1750 1666 1806 1720; x_wconf 88' lang='lat' dir='ltr'>Si</span> <span class='ocrx_word' id='word_1_136' title='bbox 1848 1667 2004 1723; x_wconf 90' lang='lat' dir='ltr'>enim</span> 
     </span>
    </p>
   </div>
   <div class='ocr_carea' id='block_1_19' title="bbox 355 1753 2084 1858">
    <p class='ocr_par' dir='ltr' id='par_1_19' title="bbox 355 1753 2084 1858">
     <span class='ocr_line' id='line_1_19' title="bbox 355 1753 2084 1858; baseline 0 -47"><span class='ocrx_word' id='word_1_137' title='bbox 355 1757 442 1812; x_wconf 85' lang='lat' dir='ltr'>ira</span> <span class='ocrx_word' id='word_1_138' title='bbox 473 1755 766 1811; x_wconf 88' lang='lat' dir='ltr'>desiderat</span> <span class='ocrx_word' id='word_1_139' title='bbox 796 1754 1100 1824; x_wconf 89' lang='lat' dir='ltr'>ultionem,</span> <span class='ocrx_word' id='word_1_140' title='bbox 1143 1753 1334 1810; x_wconf 89' lang='lat' dir='ltr'>omnis</span> <span class='ocrx_word' id='word_1_141' title='bbox 1363 1758 1556 1810; x_wconf 89' lang='lat' dir='ltr'>autem</span> <span class='ocrx_word' id='word_1_142' title='bbox 1609 1753 1751 1810; x_wconf 87' lang='lat' dir='ltr'>ultio</span> <span class='ocrx_word' id='word_1_143' title='bbox 1800 1772 2006 1828; x_wconf 89' lang='lat' dir='ltr'>repen-</span> <span class='ocrx_word' id='word_1_144' title='bbox 2035 1792 2084 1858; x_wconf 81' lang='grc' dir='ltr'><strong>Β</strong></span> 
     </span>
    </p>
   </div>
   <div class='ocr_carea' id='block_1_20' title="bbox 357 1841 2007 1916">
    <p class='ocr_par' dir='ltr' id='par_1_20' title="bbox 357 1841 2007 1916">
     <span class='ocr_line' id='line_1_20' title="bbox 357 1841 2007 1916; baseline 0 -16"><span class='ocrx_word' id='word_1_145' title='bbox 357 1845 490 1900; x_wconf 90' lang='lat' dir='ltr'>dere</span> <span class='ocrx_word' id='word_1_146' title='bbox 512 1844 677 1916; x_wconf 90' lang='lat' dir='ltr'>cupit</span> <span class='ocrx_word' id='word_1_147' title='bbox 706 1843 758 1899; x_wconf 89' lang='lat' dir='ltr'>ei</span> <span class='ocrx_word' id='word_1_148' title='bbox 791 1841 1012 1898; x_wconf 90' lang='lat' dir='ltr'>malum</span> <span class='ocrx_word' id='word_1_149' title='bbox 1045 1859 1079 1898; x_wconf 93' lang='lat' dir='ltr'>a</span> <span class='ocrx_word' id='word_1_150' title='bbox 1108 1858 1224 1914; x_wconf 92' lang='lat' dir='ltr'>quo</span> <span class='ocrx_word' id='word_1_151' title='bbox 1253 1859 1315 1898; x_wconf 91' lang='lat' dir='ltr'>se</span> <span class='ocrx_word' id='word_1_152' title='bbox 1337 1841 1535 1898; x_wconf 68' lang='lat' dir='ltr'>laesam</span> <span class='ocrx_word' id='word_1_153' title='bbox 1558 1848 1747 1915; x_wconf 83' lang='lat' dir='ltr'>putat,</span> <span class='ocrx_word' id='word_1_154' title='bbox 1770 1849 1826 1899; x_wconf 87' lang='lat' dir='ltr'>et</span> <span class='ocrx_word' id='word_1_155' title='bbox 1846 1844 2007 1900; x_wconf 90' lang='lat' dir='ltr'>Chri-</span> 
     </span>
    </p>
   </div>
   <div class='ocr_carea' id='block_1_21' title="bbox 355 1930 2002 2003">
    <p class='ocr_par' dir='ltr' id='par_1_21' title="bbox 355 1930 2002 2003">
     <span class='ocr_line' id='line_1_21' title="bbox 355 1930 2002 2003; baseline 0.001 -15"><span class='ocrx_word' id='word_1_156' title='bbox 355 1932 584 1988; x_wconf 89' lang='lat' dir='ltr'>stianus</span> <span class='ocrx_word' id='word_1_157' title='bbox 616 1949 732 1988; x_wconf 92' lang='lat' dir='ltr'>non</span> <span class='ocrx_word' id='word_1_158' title='bbox 765 1931 937 1987; x_wconf 90' lang='lat' dir='ltr'>debet</span> <span class='ocrx_word' id='word_1_159' title='bbox 988 1930 1208 1986; x_wconf 89' lang='lat' dir='ltr'>malum</span> <span class='ocrx_word' id='word_1_160' title='bbox 1240 1947 1344 2003; x_wconf 90' lang='lat' dir='ltr'>pro</span> <span class='ocrx_word' id='word_1_161' title='bbox 1378 1930 1531 1986; x_wconf 93' lang='lat' dir='ltr'>malo</span> <span class='ocrx_word' id='word_1_162' title='bbox 1575 1933 1851 2001; x_wconf 87' lang='lat' dir='ltr'>reddere;</span> <span class='ocrx_word' id='word_1_163' title='bbox 1903 1936 2002 1990; x_wconf 90' lang='lat' dir='ltr'>sed</span> 
     </span>
    </p>
   </div>
   <div class='ocr_carea' id='block_1_22' title="bbox 351 2018 2003 2094">
    <p class='ocr_par' dir='ltr' id='par_1_22' title="bbox 351 2018 2003 2094">
     <span class='ocr_line' id='line_1_22' title="bbox 351 2018 2003 2094; baseline 0 -16"><span class='ocrx_word' id='word_1_164' title='bbox 351 2021 587 2078; x_wconf 77' lang='lat' dir='ltr'>vincere</span> <span class='ocrx_word' id='word_1_165' title='bbox 646 2021 704 2076; x_wconf 92' lang='lat' dir='ltr'>in</span> <span class='ocrx_word' id='word_1_166' title='bbox 748 2021 900 2076; x_wconf 90' lang='lat' dir='ltr'>bono</span> <span class='ocrx_word' id='word_1_167' title='bbox 949 2018 1171 2075; x_wconf 90' lang='lat' dir='ltr'>malum</span> <span class='ocrx_word' id='word_1_168' title='bbox 1220 2021 1266 2092; x_wconf 87' lang='grc' dir='ltr'>(Ι</span> <span class='ocrx_word' id='word_1_169' title='bbox 1296 2021 1440 2077; x_wconf 91' lang='lat' dir='ltr'>Petr.</span> <span class='ocrx_word' id='word_1_170' title='bbox 1479 2037 1560 2089; x_wconf 79' lang='grc' dir='ltr'>ιιι,</span> <span class='ocrx_word' id='word_1_171' title='bbox 1593 2023 1668 2090; x_wconf 85' lang='grc'>9;</span> <span class='ocrx_word' id='word_1_172' title='bbox 1718 2024 1868 2078; x_wconf 86' lang='lat' dir='ltr'>Rom.</span> <span class='ocrx_word' id='word_1_173' title='bbox 1900 2041 2003 2094; x_wconf 81' lang='lat' dir='ltr'>xu,</span> 
     </span>
    </p>
   </div>
   <div class='ocr_carea' id='block_1_23' title="bbox 357 2109 2006 2183">
    <p class='ocr_par' dir='ltr' id='par_1_23' title="bbox 357 2109 2006 2183">
     <span class='ocr_line' id='line_1_23' title="bbox 357 2109 2006 2183; baseline 0.002 -18"><span class='ocrx_word' id='word_1_174' title='bbox 357 2111 607 2183; x_wconf 86' lang='lat' dir='ltr'>17);et:</span> <span class='ocrx_word' id='word_1_175' title='bbox 671 2110 812 2168; x_wconf 75' lang='lat' dir='ltr'>Mihi</span> <span class='ocrx_word' id='word_1_176' title='bbox 867 2109 1188 2176; x_wconf 85' lang='lat' dir='ltr'>vindictam,</span> <span class='ocrx_word' id='word_1_177' title='bbox 1248 2113 1297 2164; x_wconf 87' lang='lat' dir='ltr'>et</span> <span class='ocrx_word' id='word_1_178' title='bbox 1354 2125 1446 2180; x_wconf 92' lang='lat' dir='ltr'>ego</span> <span class='ocrx_word' id='word_1_179' title='bbox 1485 2111 1809 2182; x_wconf 83' lang='lat' dir='ltr'>retribuam,</span> <span class='ocrx_word' id='word_1_180' title='bbox 1866 2114 2006 2168; x_wconf 87' lang='lat' dir='ltr'>dicit</span> 
     </span>
    </p>
   </div>
   <div class='ocr_carea' id='block_1_24' title="bbox 353 2199 2005 2272">
    <p class='ocr_par' dir='ltr' id='par_1_24' title="bbox 353 2199 2005 2272">
     <span class='ocr_line' id='line_1_24' title="bbox 353 2199 2005 2272; baseline 0.001 -16"><span class='ocrx_word' id='word_1_181' title='bbox 353 2201 619 2256; x_wconf 87' lang='lat' dir='ltr'>Dominus</span> <span class='ocrx_word' id='word_1_182' title='bbox 677 2199 855 2270; x_wconf 86' lang='lat' dir='ltr'>(Deut.</span> <span class='ocrx_word' id='word_1_183' title='bbox 890 2215 1065 2265; x_wconf 84' lang='lat' dir='ltr'>xxxn,</span> <span class='ocrx_word' id='word_1_184' title='bbox 1097 2199 1205 2266; x_wconf 86' lang='lat'>35;</span> <span class='ocrx_word' id='word_1_185' title='bbox 1276 2199 1424 2253; x_wconf 86' lang='lat' dir='ltr'>Rom.</span> <span class='ocrx_word' id='word_1_186' title='bbox 1466 2215 1566 2265; x_wconf 87' lang='lat' dir='ltr'>xn,</span> <span class='ocrx_word' id='word_1_187' title='bbox 1627 2200 1752 2272; x_wconf 83' lang='lat'>19):</span> <span class='ocrx_word' id='word_1_188' title='bbox 1814 2202 2005 2258; x_wconf 91' lang='lat' dir='ltr'>omnis</span> 
     </span>
    </p>
   </div>
   <div class='ocr_carea' id='block_1_25' title="bbox 273 2288 2008 2366">
    <p class='ocr_par' dir='ltr' id='par_1_25' title="bbox 273 2288 2008 2366">
     <span class='ocr_line' id='line_1_25' title="bbox 273 2288 2008 2366; baseline 0.002 -23"><span class='ocrx_word' id='word_1_189' title='bbox 273 2362 284 2366; x_wconf 92' lang='lat'>_</span> <span class='ocrx_word' id='word_1_190' title='bbox 359 2289 462 2361; x_wconf 88' lang='lat' dir='ltr'>qui</span> <span class='ocrx_word' id='word_1_191' title='bbox 492 2288 782 2357; x_wconf 81' lang='lat' dir='ltr'>irascitur,</span> <span class='ocrx_word' id='word_1_192' title='bbox 817 2291 1050 2360; x_wconf 85' lang='lat' dir='ltr'>peccat:</span> <span class='ocrx_word' id='word_1_193' title='bbox 1097 2288 1185 2342; x_wconf 88' lang='lat' dir='ltr'>Ira</span> <span class='ocrx_word' id='word_1_194' title='bbox 1215 2288 1416 2359; x_wconf 86' lang='lat' dir='ltr'>quippe</span> <span class='ocrx_word' id='word_1_195' title='bbox 1446 2289 1556 2343; x_wconf 89' lang='lat' dir='ltr'>viri</span> <span class='ocrx_word' id='word_1_196' title='bbox 1593 2289 1879 2358; x_wconf 71' lang='lat' dir='ltr'>justitiam</span> <span class='ocrx_word' id='word_1_197' title='bbox 1910 2293 2008 2347; x_wconf 88' lang='lat' dir='ltr'>Dei</span> 
     </span>
    </p>
   </div>
   <div class='ocr_carea' id='block_1_26' title="bbox 356 2376 2006 2450">
    <p class='ocr_par' dir='ltr' id='par_1_26' title="bbox 356 2376 2006 2450">
     <span class='ocr_line' id='line_1_26' title="bbox 356 2376 2006 2450; baseline 0.002 -19"><span class='ocrx_word' id='word_1_198' title='bbox 356 2393 468 2434; x_wconf 85' lang='lat' dir='ltr'>non</span> <span class='ocrx_word' id='word_1_199' title='bbox 499 2381 760 2450; x_wconf 85' lang='lat' dir='ltr'>operatur</span> <span class='ocrx_word' id='word_1_200' title='bbox 787 2377 932 2449; x_wconf 83' lang='lat' dir='ltr'>(Jac.</span> <span class='ocrx_word' id='word_1_201' title='bbox 974 2394 1009 2446; x_wconf 81' lang='grc' dir='ltr'>ι,</span> <span class='ocrx_word' id='word_1_202' title='bbox 1053 2376 1164 2448; x_wconf 87' lang='grc'>20).</span> <span class='ocrx_word' id='word_1_203' title='bbox 1199 2376 1334 2433; x_wconf 88' lang='lat' dir='ltr'>Post</span> <span class='ocrx_word' id='word_1_204' title='bbox 1380 2377 1856 2448; x_wconf 87' lang='lat' dir='ltr'>amaritudinem,</span> <span class='ocrx_word' id='word_1_205' title='bbox 1910 2381 2006 2435; x_wconf 92' lang='lat' dir='ltr'>fu-</span> 
     </span>
    </p>
   </div>
   <div class='ocr_carea' id='block_1_27' title="bbox 356 2464 2007 2540">
    <p class='ocr_par' dir='ltr' id='par_1_27' title="bbox 356 2464 2007 2540">
     <span class='ocr_line' id='line_1_27' title="bbox 356 2464 2007 2540; baseline 0.001 -18"><span class='ocrx_word' id='word_1_206' title='bbox 356 2483 548 2523; x_wconf 87' lang='lat' dir='ltr'>rorem</span> <span class='ocrx_word' id='word_1_207' title='bbox 581 2470 638 2523; x_wconf 89' lang='lat' dir='ltr'>et</span> <span class='ocrx_word' id='word_1_208' title='bbox 664 2465 834 2537; x_wconf 91' lang='lat' dir='ltr'>iram,</span> <span class='ocrx_word' id='word_1_209' title='bbox 868 2470 1021 2522; x_wconf 90' lang='lat' dir='ltr'>recte</span> <span class='ocrx_word' id='word_1_210' title='bbox 1041 2464 1261 2521; x_wconf 88' lang='lat' dir='ltr'>clamor</span> <span class='ocrx_word' id='word_1_211' title='bbox 1291 2482 1524 2538; x_wconf 92' lang='lat' dir='ltr'>quoque</span> <span class='ocrx_word' id='word_1_212' title='bbox 1555 2471 1611 2522; x_wconf 89' lang='lat' dir='ltr'>et</span> <span class='ocrx_word' id='word_1_213' title='bbox 1640 2466 2007 2540; x_wconf 77' lang='lat' dir='ltr'>blaSpbemia</span> 
     </span>
    </p>
   </div>
   <div class='ocr_carea' id='block_1_28' title="bbox 355 2553 2006 2628">
    <p class='ocr_par' dir='ltr' id='par_1_28' title="bbox 355 2553 2006 2628">
     <span class='ocr_line' id='line_1_28' title="bbox 355 2553 2006 2628; baseline 0.002 -18"><span class='ocrx_word' id='word_1_214' title='bbox 355 2555 745 2628; x_wconf 88' lang='lat' dir='ltr'>prohibentur</span> <span class='ocrx_word' id='word_1_215' title='bbox 773 2555 832 2610; x_wconf 91' lang='lat' dir='ltr'>in</span> <span class='ocrx_word' id='word_1_216' title='bbox 863 2553 1070 2622; x_wconf 87' lang='lat' dir='ltr'>nobis;</span> <span class='ocrx_word' id='word_1_217' title='bbox 1105 2553 1246 2625; x_wconf 92' lang='lat' dir='ltr'>quia</span> <span class='ocrx_word' id='word_1_218' title='bbox 1274 2554 1373 2626; x_wconf 92' lang='lat' dir='ltr'>qui</span> <span class='ocrx_word' id='word_1_219' title='bbox 1407 2553 1589 2611; x_wconf 90' lang='lat' dir='ltr'>semel</span> <span class='ocrx_word' id='word_1_220' title='bbox 1611 2556 1785 2611; x_wconf 88' lang='lat' dir='ltr'>fuerit</span> <span class='ocrx_word' id='word_1_221' title='bbox 1813 2557 2006 2614; x_wconf 88' lang='lat' dir='ltr'>furore</span> 
     </span>
    </p>
   </div>
   <div class='ocr_carea' id='block_1_29' title="bbox 335 2643 2007 2718">
    <p class='ocr_par' dir='ltr' id='par_1_29' title="bbox 335 2643 2007 2718">
     <span class='ocr_line' id='line_1_29' title="bbox 335 2643 2007 2718; baseline 0.001 -17"><span class='ocrx_word' id='word_1_222' title='bbox 335 2649 696 2717; x_wconf 60' lang='lat' dir='ltr'>.superatus,</span> <span class='ocrx_word' id='word_1_223' title='bbox 729 2658 966 2700; x_wconf 88' lang='lat' dir='ltr'>necesse</span> <span class='ocrx_word' id='word_1_224' title='bbox 995 2647 1086 2699; x_wconf 91' lang='lat' dir='ltr'>est</span> <span class='ocrx_word' id='word_1_225' title='bbox 1114 2647 1180 2698; x_wconf 91' lang='lat' dir='ltr'>ut</span> <span class='ocrx_word' id='word_1_226' title='bbox 1209 2643 1477 2715; x_wconf 86' lang='lat' dir='ltr'>prosiliat</span> <span class='ocrx_word' id='word_1_227' title='bbox 1497 2645 1554 2699; x_wconf 92' lang='lat' dir='ltr'>in</span> <span class='ocrx_word' id='word_1_228' title='bbox 1589 2643 1928 2718; x_wconf 89' lang='lat' dir='ltr'>clamorem,</span> <span class='ocrx_word' id='word_1_229' title='bbox 1950 2651 2007 2702; x_wconf 92' lang='lat' dir='ltr'>et</span> 
     </span>
    </p>
   </div>
   <div class='ocr_carea' id='block_1_30' title="bbox 358 2731 2004 2803">
    <p class='ocr_par' dir='ltr' id='par_1_30' title="bbox 358 2731 2004 2803">
     <span class='ocr_line' id='line_1_30' title="bbox 358 2731 2004 2803; baseline 0.002 -15"><span class='ocrx_word' id='word_1_230' title='bbox 358 2732 592 2789; x_wconf 87' lang='lat' dir='ltr'>turbide</span> <span class='ocrx_word' id='word_1_231' title='bbox 623 2732 896 2803; x_wconf 89' lang='lat' dir='ltr'>fremens,</span> <span class='ocrx_word' id='word_1_232' title='bbox 940 2731 1054 2787; x_wconf 89' lang='lat' dir='ltr'>huc</span> <span class='ocrx_word' id='word_1_233' title='bbox 1085 2735 1259 2803; x_wconf 90' lang='lat' dir='ltr'>atque</span> <span class='ocrx_word' id='word_1_234' title='bbox 1308 2731 1445 2787; x_wconf 91' lang='lat' dir='ltr'>illuc</span> <span class='ocrx_word' id='word_1_235' title='bbox 1496 2735 1556 2787; x_wconf 92' lang='lat' dir='ltr'>in</span> <span class='ocrx_word' id='word_1_236' title='bbox 1603 2734 1844 2790; x_wconf 90' lang='lat' dir='ltr'>modum</span> <span class='ocrx_word' id='word_1_237' title='bbox 1885 2735 2004 2792; x_wconf 80' lang='lat' dir='ltr'>folii</span> 
     </span>
    </p>
   </div>
   <div class='ocr_carea' id='block_1_31' title="bbox 356 2819 2007 2895">
    <p class='ocr_par' dir='ltr' id='par_1_31' title="bbox 356 2819 2007 2895">
     <span class='ocr_line' id='line_1_31' title="bbox 356 2819 2007 2895; baseline 0.002 -18"><span class='ocrx_word' id='word_1_238' title='bbox 356 2820 694 2891; x_wconf 84' lang='lat' dir='ltr'>ventiletur,</span> <span class='ocrx_word' id='word_1_239' title='bbox 726 2819 1005 2876; x_wconf 38' lang='lat' dir='ltr'>etxdicat:</span> <span class='ocrx_word' id='word_1_240' title='bbox 1038 2819 1082 2874; x_wconf 90' lang='grc' dir='ltr'><strong>Ο</strong></span> <span class='ocrx_word' id='word_1_241' title='bbox 1114 2836 1309 2875; x_wconf 91' lang='lat' dir='ltr'>rerum</span> <span class='ocrx_word' id='word_1_242' title='bbox 1344 2820 1626 2892; x_wconf 90' lang='lat' dir='ltr'>iniquitas</span> <span class='ocrx_word' id='word_1_243' title='bbox 1656 2821 1667 2876; x_wconf 78' lang='grc' dir='ltr'><em>ι</em></span> <span class='ocrx_word' id='word_1_244' title='bbox 1721 2839 1754 2878; x_wconf 94' lang='lat' dir='ltr'>o</span> <span class='ocrx_word' id='word_1_245' title='bbox 1783 2823 2007 2895; x_wconf 89' lang='lat' dir='ltr'>injusta</span> 
     </span>
    </p>
   </div>
   <div class='ocr_carea' id='block_1_32' title="bbox 350 2907 2008 2985">
    <p class='ocr_par' dir='ltr' id='par_1_32' title="bbox 350 2907 2008 2985">
     <span class='ocr_line' id='line_1_32' title="bbox 350 2907 2008 2985; baseline 0.003 -22"><span class='ocrx_word' id='word_1_246' title='bbox 350 2909 577 2981; x_wconf 88' lang='lat' dir='ltr'>judicia</span> <span class='ocrx_word' id='word_1_247' title='bbox 603 2909 735 2966; x_wconf 90' lang='lat' dir='ltr'>Deil</span> <span class='ocrx_word' id='word_1_248' title='bbox 772 2913 837 2965; x_wconf 87' lang='lat' dir='ltr'>et</span> <span class='ocrx_word' id='word_1_249' title='bbox 857 2913 1065 2965; x_wconf 80' lang='lat' dir='ltr'>caetera</span> <span class='ocrx_word' id='word_1_250' title='bbox 1109 2924 1237 2980; x_wconf 63' lang='lat' dir='ltr'>qua:</span> <span class='ocrx_word' id='word_1_251' title='bbox 1286 2907 1476 2966; x_wconf 88' lang='lat' dir='ltr'>solent</span> <span class='ocrx_word' id='word_1_252' title='bbox 1520 2909 1702 2982; x_wconf 93' lang='lat' dir='ltr'>loqui,</span> <span class='ocrx_word' id='word_1_253' title='bbox 1754 2913 1854 2984; x_wconf 89' lang='lat' dir='ltr'>qui</span> <span class='ocrx_word' id='word_1_254' title='bbox 1905 2931 2008 2985; x_wconf 91' lang='lat' dir='ltr'>per</span> 
     </span>
    </p>
   </div>
   <div class='ocr_carea' id='block_1_33' title="bbox 357 2997 2003 3072">
    <p class='ocr_par' dir='ltr' id='par_1_33' title="bbox 357 2997 2003 3072">
     <span class='ocr_line' id='line_1_33' title="bbox 357 2997 2003 3072; baseline 0.003 -20"><span class='ocrx_word' id='word_1_255' title='bbox 357 2997 781 3071; x_wconf 86' lang='lat' dir='ltr'>indignationis</span> <span class='ocrx_word' id='word_1_256' title='bbox 799 2998 1051 3054; x_wconf 84' lang='lat' dir='ltr'>furorem</span> <span class='ocrx_word' id='word_1_257' title='bbox 1072 2997 1582 3068; x_wconf 86' lang='lat' dir='ltr'>mentisjudicium</span> <span class='ocrx_word' id='word_1_258' title='bbox 1606 3001 2003 3072; x_wconf 89' lang='lat' dir='ltr'>perdiderunt.</span> 
     </span>
    </p>
   </div>
   <div class='ocr_carea' id='block_1_34' title="bbox 358 3084 2002 3160">
    <p class='ocr_par' dir='ltr' id='par_1_34' title="bbox 358 3084 2002 3160">
     <span class='ocr_line' id='line_1_34' title="bbox 358 3084 2002 3160; baseline 0.002 -18"><span class='ocrx_word' id='word_1_259' title='bbox 358 3087 533 3143; x_wconf 92' lang='lat' dir='ltr'>Porro</span> <span class='ocrx_word' id='word_1_260' title='bbox 563 3085 930 3158; x_wconf 89' lang='lat' dir='ltr'>blasphemia</span> <span class='ocrx_word' id='word_1_261' title='bbox 960 3102 1075 3142; x_wconf 91' lang='lat' dir='ltr'>non</span> <span class='ocrx_word' id='word_1_262' title='bbox 1107 3084 1298 3141; x_wconf 92' lang='lat' dir='ltr'>solum</span> <span class='ocrx_word' id='word_1_263' title='bbox 1330 3092 1532 3160; x_wconf 90' lang='lat' dir='ltr'>aperta</span> <span class='ocrx_word' id='word_1_264' title='bbox 1561 3093 1671 3155; x_wconf 90' lang='lat' dir='ltr'>est,</span> <span class='ocrx_word' id='word_1_265' title='bbox 1716 3095 1772 3144; x_wconf 89' lang='lat' dir='ltr'>et</span> <span class='ocrx_word' id='word_1_266' title='bbox 1802 3091 1872 3146; x_wconf 91' lang='lat' dir='ltr'>de</span> <span class='ocrx_word' id='word_1_267' title='bbox 1919 3091 2002 3146; x_wconf 88' lang='lat' dir='ltr'>ira</span> 
     </span>
    </p>
   </div>
   <div class='ocr_carea' id='block_1_35' title="bbox 359 3153 2078 3250">
    <p class='ocr_par' dir='ltr' id='par_1_35' title="bbox 359 3153 2078 3250">
     <span class='ocr_line' id='line_1_35' title="bbox 359 3153 2078 3250; baseline 0.003 -20"><span class='ocrx_word' id='word_1_268' title='bbox 359 3175 656 3230; x_wconf 90' lang='lat' dir='ltr'>nascitur:</span> <span class='ocrx_word' id='word_1_269' title='bbox 691 3153 792 3230; x_wconf 78' lang='lat' dir='ltr'>sed</span> <span class='ocrx_word' id='word_1_270' title='bbox 825 3178 882 3230; x_wconf 89' lang='lat' dir='ltr'>et</span> <span class='ocrx_word' id='word_1_271' title='bbox 910 3175 1132 3246; x_wconf 86' lang='lat' dir='ltr'>absque</span> <span class='ocrx_word' id='word_1_272' title='bbox 1163 3175 1269 3244; x_wconf 89' lang='lat' dir='ltr'>ira,</span> <span class='ocrx_word' id='word_1_273' title='bbox 1304 3153 1508 3231; x_wconf 80' lang='lat' dir='ltr'>sedata</span> <span class='ocrx_word' id='word_1_274' title='bbox 1540 3153 1750 3243; x_wconf 88' lang='lat' dir='ltr'>mente,</span> <span class='ocrx_word' id='word_1_275' title='bbox 1786 3180 2003 3250; x_wconf 86' lang='lat' dir='ltr'>profer-</span> <span class='ocrx_word' id='word_1_276' title='bbox 2035 3153 2078 3221; x_wconf 62' lang='grc' dir='ltr'>(ἶ</span> 
     </span>
    </p>
   </div>
   <div class='ocr_carea' id='block_1_36' title="bbox 355 3263 2008 3338">
    <p class='ocr_par' dir='ltr' id='par_1_36' title="bbox 355 3263 2008 3338">
     <span class='ocr_line' id='line_1_36' title="bbox 355 3263 2008 3338; baseline 0.003 -19"><span class='ocrx_word' id='word_1_277' title='bbox 355 3268 496 3320; x_wconf 89' lang='lat' dir='ltr'>tur:</span> <span class='ocrx_word' id='word_1_278' title='bbox 529 3263 580 3320; x_wconf 91' lang='lat' dir='ltr'>si</span> <span class='ocrx_word' id='word_1_279' title='bbox 612 3269 713 3320; x_wconf 90' lang='lat' dir='ltr'>aut</span> <span class='ocrx_word' id='word_1_280' title='bbox 741 3264 812 3320; x_wconf 92' lang='lat' dir='ltr'>de</span> <span class='ocrx_word' id='word_1_281' title='bbox 843 3263 1048 3318; x_wconf 89' lang='lat' dir='ltr'>mundi</span> <span class='ocrx_word' id='word_1_282' title='bbox 1072 3264 1246 3320; x_wconf 89' lang='lat' dir='ltr'>istius</span> <span class='ocrx_word' id='word_1_283' title='bbox 1268 3263 1561 3336; x_wconf 86' lang='lat' dir='ltr'>quispiam</span> <span class='ocrx_word' id='word_1_284' title='bbox 1586 3267 2008 3338; x_wconf 87' lang='lat' dir='ltr'>gubernatione</span> 
     </span>
    </p>
   </div>
   <div class='ocr_carea' id='block_1_37' title="bbox 361 3351 2007 3423">
    <p class='ocr_par' dir='ltr' id='par_1_37' title="bbox 361 3351 2007 3423">
     <span class='ocr_line' id='line_1_37' title="bbox 361 3351 2007 3423; baseline 0.001 -13"><span class='ocrx_word' id='word_1_285' title='bbox 361 3357 654 3420; x_wconf 88' lang='lat' dir='ltr'>causetur,</span> <span class='ocrx_word' id='word_1_286' title='bbox 689 3357 747 3408; x_wconf 91' lang='lat' dir='ltr'>et</span> <span class='ocrx_word' id='word_1_287' title='bbox 776 3352 966 3408; x_wconf 89' lang='lat' dir='ltr'>dicat:</span> <span class='ocrx_word' id='word_1_288' title='bbox 1004 3351 1150 3408; x_wconf 90' lang='lat' dir='ltr'>Illud</span> <span class='ocrx_word' id='word_1_289' title='bbox 1181 3352 1265 3408; x_wconf 91' lang='lat' dir='ltr'>sic</span> <span class='ocrx_word' id='word_1_290' title='bbox 1291 3369 1421 3409; x_wconf 91' lang='lat' dir='ltr'>esse</span> <span class='ocrx_word' id='word_1_291' title='bbox 1465 3371 1578 3410; x_wconf 92' lang='lat' dir='ltr'>non</span> <span class='ocrx_word' id='word_1_292' title='bbox 1625 3355 1846 3423; x_wconf 84' lang='lat' dir='ltr'>debuit,</span> <span class='ocrx_word' id='word_1_293' title='bbox 1898 3357 2007 3412; x_wconf 82' lang='lat' dir='ltr'>hoc</span> 
     </span>
    </p>
   </div>
   <div class='ocr_carea' id='block_1_38' title="bbox 358 3441 2008 3502">
    <p class='ocr_par' dir='ltr' id='par_1_38' title="bbox 358 3441 2008 3502">
     <span class='ocr_line' id='line_1_38' title="bbox 358 3441 2008 3502; baseline 0.003 -5"><span class='ocrx_word' id='word_1_294' title='bbox 358 3458 494 3499; x_wconf 89' lang='lat' dir='ltr'>vero</span> <span class='ocrx_word' id='word_1_295' title='bbox 519 3458 649 3499; x_wconf 90' lang='lat' dir='ltr'>esse</span> <span class='ocrx_word' id='word_1_296' title='bbox 675 3441 757 3497; x_wconf 89' lang='lat' dir='ltr'>sic</span> <span class='ocrx_word' id='word_1_297' title='bbox 787 3441 1024 3497; x_wconf 91' lang='lat' dir='ltr'>debuit:</span> <span class='ocrx_word' id='word_1_298' title='bbox 1050 3445 1154 3497; x_wconf 90' lang='lat' dir='ltr'>aut</span> <span class='ocrx_word' id='word_1_299' title='bbox 1182 3446 1334 3497; x_wconf 88' lang='lat' dir='ltr'>certe</span> <span class='ocrx_word' id='word_1_300' title='bbox 1382 3442 1440 3497; x_wconf 92' lang='lat' dir='ltr'>in</span> <span class='ocrx_word' id='word_1_301' title='bbox 1494 3443 1753 3500; x_wconf 87' lang='lat' dir='ltr'>Ecclesia</span> <span class='ocrx_word' id='word_1_302' title='bbox 1798 3446 2008 3502; x_wconf 87' lang='lat' dir='ltr'>consti-</span> 
     </span>
    </p>
   </div>
   <div class='ocr_carea' id='block_1_39' title="bbox 361 3529 2008 3606">
    <p class='ocr_par' dir='ltr' id='par_1_39' title="bbox 361 3529 2008 3606">
     <span class='ocr_line' id='line_1_39' title="bbox 361 3529 2008 3606; baseline 0.003 -20"><span class='ocrx_word' id='word_1_303' title='bbox 361 3535 551 3596; x_wconf 86' lang='lat' dir='ltr'>tutus,</span> <span class='ocrx_word' id='word_1_304' title='bbox 583 3535 641 3586; x_wconf 93' lang='lat' dir='ltr'>et</span> <span class='ocrx_word' id='word_1_305' title='bbox 662 3530 904 3586; x_wconf 88' lang='lat' dir='ltr'>credens</span> <span class='ocrx_word' id='word_1_306' title='bbox 933 3529 994 3586; x_wconf 91' lang='lat' dir='ltr'>in</span> <span class='ocrx_word' id='word_1_307' title='bbox 1025 3530 1232 3598; x_wconf 88' lang='lat' dir='ltr'>Deum,</span> <span class='ocrx_word' id='word_1_308' title='bbox 1267 3530 1500 3587; x_wconf 87' lang='lat' dir='ltr'>labatur</span> <span class='ocrx_word' id='word_1_309' title='bbox 1527 3531 1587 3587; x_wconf 89' lang='lat' dir='ltr'>in</span> <span class='ocrx_word' id='word_1_310' title='bbox 1635 3533 2008 3606; x_wconf 87' lang='lat' dir='ltr'>dogmatibus</span> 
     </span>
    </p>
   </div>
   <div class='ocr_carea' id='block_1_40' title="bbox 363 3618 2011 3692">
    <p class='ocr_par' dir='ltr' id='par_1_40' title="bbox 363 3618 2011 3692">
     <span class='ocr_line' id='line_1_40' title="bbox 363 3618 2011 3692; baseline 0.002 -16"><span class='ocrx_word' id='word_1_311' title='bbox 363 3637 493 3692; x_wconf 66' lang='lat' dir='ltr'>qua</span> <span class='ocrx_word' id='word_1_312' title='bbox 521 3621 789 3692; x_wconf 88' lang='lat' dir='ltr'>ignorare</span> <span class='ocrx_word' id='word_1_313' title='bbox 821 3635 934 3675; x_wconf 91' lang='lat' dir='ltr'>non</span> <span class='ocrx_word' id='word_1_314' title='bbox 969 3618 1194 3674; x_wconf 89' lang='lat' dir='ltr'>licitum</span> <span class='ocrx_word' id='word_1_315' title='bbox 1225 3624 1349 3676; x_wconf 91' lang='lat' dir='ltr'>est:</span> <span class='ocrx_word' id='word_1_316' title='bbox 1398 3620 1566 3676; x_wconf 89' lang='lat' dir='ltr'>aliter</span> <span class='ocrx_word' id='word_1_317' title='bbox 1612 3622 1683 3678; x_wconf 89' lang='lat' dir='ltr'>de</span> <span class='ocrx_word' id='word_1_318' title='bbox 1733 3628 1920 3691; x_wconf 89' lang='lat' dir='ltr'>Patre,</span> <span class='ocrx_word' id='word_1_319' title='bbox 1954 3629 2011 3680; x_wconf 92' lang='lat' dir='ltr'>et</span> 
     </span>
    </p>
   </div>
   <div class='ocr_carea' id='block_1_41' title="bbox 360 3707 2008 3784">
    <p class='ocr_par' dir='ltr' id='par_1_41' title="bbox 360 3707 2008 3784">
     <span class='ocr_line' id='line_1_41' title="bbox 360 3707 2008 3784; baseline 0.002 -19"><span class='ocrx_word' id='word_1_320' title='bbox 360 3709 532 3780; x_wconf 90' lang='lat' dir='ltr'>Filio,</span> <span class='ocrx_word' id='word_1_321' title='bbox 564 3713 620 3764; x_wconf 90' lang='lat' dir='ltr'>et</span> <span class='ocrx_word' id='word_1_322' title='bbox 648 3707 867 3780; x_wconf 85' lang='lat' dir='ltr'>Spiritu</span> <span class='ocrx_word' id='word_1_323' title='bbox 898 3713 1100 3764; x_wconf 86' lang='lat' dir='ltr'>sancto</span> <span class='ocrx_word' id='word_1_324' title='bbox 1131 3709 1410 3776; x_wconf 86' lang='lat' dir='ltr'>sentiens,</span> <span class='ocrx_word' id='word_1_325' title='bbox 1454 3727 1631 3782; x_wconf 89' lang='lat' dir='ltr'>quam</span> <span class='ocrx_word' id='word_1_326' title='bbox 1683 3712 1764 3767; x_wconf 91' lang='lat' dir='ltr'>rei</span> <span class='ocrx_word' id='word_1_327' title='bbox 1823 3713 2008 3784; x_wconf 89' lang='lat' dir='ltr'>ipsius</span> 
     </span>
    </p>
   </div>
   <div class='ocr_carea' id='block_1_42' title="bbox 356 3797 2010 3864">
    <p class='ocr_par' dir='ltr' id='par_1_42' title="bbox 356 3797 2010 3864">
     <span class='ocr_line' id='line_1_42' title="bbox 356 3797 2010 3864; baseline 0.005 -13"><span class='ocrx_word' id='word_1_328' title='bbox 356 3798 575 3854; x_wconf 85' lang='lat' dir='ltr'>veritas</span> <span class='ocrx_word' id='word_1_329' title='bbox 616 3797 829 3864; x_wconf 87' lang='lat' dir='ltr'>habet;</span> <span class='ocrx_word' id='word_1_330' title='bbox 864 3814 978 3854; x_wconf 85' lang='lat' dir='ltr'>non</span> <span class='ocrx_word' id='word_1_331' title='bbox 1035 3797 1116 3853; x_wconf 89' lang='lat' dir='ltr'>ita</span> <span class='ocrx_word' id='word_1_332' title='bbox 1173 3798 1413 3854; x_wconf 88' lang='lat' dir='ltr'>credens</span> <span class='ocrx_word' id='word_1_333' title='bbox 1471 3799 1530 3853; x_wconf 91' lang='lat' dir='ltr'>in</span> <span class='ocrx_word' id='word_1_334' title='bbox 1589 3801 2010 3859; x_wconf 87' lang='lat' dir='ltr'>resurrectione</span> 
     </span>
    </p>
   </div>
   <div class='ocr_carea' id='block_1_43' title="bbox 358 3886 2008 3956">
    <p class='ocr_par' dir='ltr' id='par_1_43' title="bbox 358 3886 2008 3956">
     <span class='ocr_line' id='line_1_43' title="bbox 358 3886 2008 3956; baseline 0.003 -14"><span class='ocrx_word' id='word_1_335' title='bbox 358 3891 749 3954; x_wconf 90' lang='lat' dir='ltr'>mortuorum,</span> <span class='ocrx_word' id='word_1_336' title='bbox 783 3890 848 3940; x_wconf 90' lang='lat' dir='ltr'>ut</span> <span class='ocrx_word' id='word_1_337' title='bbox 877 3886 1188 3956; x_wconf 61' lang='lat' dir='ltr'>Scriptura</span> <span class='ocrx_word' id='word_1_338' title='bbox 1226 3887 1471 3956; x_wconf 89' lang='lat' dir='ltr'>docent;</span> <span class='ocrx_word' id='word_1_339' title='bbox 1503 3887 1592 3944; x_wconf 91' lang='lat' dir='ltr'>vel</span> <span class='ocrx_word' id='word_1_340' title='bbox 1623 3896 1778 3945; x_wconf 90' lang='lat' dir='ltr'>certe</span> <span class='ocrx_word' id='word_1_341' title='bbox 1810 3891 2008 3947; x_wconf 82' lang='lat' dir='ltr'>alienae</span> 
     </span>
    </p>
   </div>
   <div class='ocr_carea' id='block_1_44' title="bbox 358 3974 2006 4049">
    <p class='ocr_par' dir='ltr' id='par_1_44' title="bbox 358 3974 2006 4049">
     <span class='ocr_line' id='line_1_44' title="bbox 358 3974 2006 4049; baseline 0.002 -19"><span class='ocrx_word' id='word_1_342' title='bbox 358 3974 629 4031; x_wconf 88' lang='lat' dir='ltr'>invidens</span> <span class='ocrx_word' id='word_1_343' title='bbox 661 3975 979 4047; x_wconf 77' lang='lat' dir='ltr'>sapientiae,</span> <span class='ocrx_word' id='word_1_344' title='bbox 1004 3992 1137 4031; x_wconf 92' lang='lat' dir='ltr'>cum</span> <span class='ocrx_word' id='word_1_345' title='bbox 1159 3975 1310 4030; x_wconf 89' lang='lat' dir='ltr'>male</span> <span class='ocrx_word' id='word_1_346' title='bbox 1332 3977 1548 4032; x_wconf 89' lang='lat' dir='ltr'>sentire</span> <span class='ocrx_word' id='word_1_347' title='bbox 1570 3984 2006 4049; x_wconf 88' lang='lat' dir='ltr'>commemoret,</span> 
     </span>
    </p>
   </div>
   <div class='ocr_carea' id='block_1_45' title="bbox 360 4063 2008 4140">
    <p class='ocr_par' dir='ltr' id='par_1_45' title="bbox 360 4063 2008 4140">
     <span class='ocr_line' id='line_1_45' title="bbox 360 4063 2008 4140; baseline 0.004 -21"><span class='ocrx_word' id='word_1_348' title='bbox 360 4065 464 4136; x_wconf 91' lang='lat' dir='ltr'>qui</span> <span class='ocrx_word' id='word_1_349' title='bbox 497 4063 788 4121; x_wconf 60' lang='lat' dir='ltr'>catholica</span> <span class='ocrx_word' id='word_1_350' title='bbox 822 4063 957 4119; x_wconf 83' lang='lat' dir='ltr'>fidei</span> <span class='ocrx_word' id='word_1_351' title='bbox 986 4069 1094 4132; x_wconf 90' lang='lat' dir='ltr'>est,</span> <span class='ocrx_word' id='word_1_352' title='bbox 1145 4068 1202 4120; x_wconf 94' lang='lat' dir='ltr'>et</span> <span class='ocrx_word' id='word_1_353' title='bbox 1251 4081 1487 4121; x_wconf 88' lang='lat' dir='ltr'>rursum</span> <span class='ocrx_word' id='word_1_354' title='bbox 1538 4065 1872 4124; x_wconf 70' lang='lat' dir='ltr'>haereticum</span> <span class='ocrx_word' id='word_1_355' title='bbox 1906 4086 2008 4140; x_wconf 83' lang='lat' dir='ltr'>pro</span> 
     </span>
    </p>
   </div>
   <div class='ocr_carea' id='block_1_46' title="bbox 363 4152 2009 4225">
    <p class='ocr_par' dir='ltr' id='par_1_46' title="bbox 363 4152 2009 4225">
     <span class='ocr_line' id='line_1_46' title="bbox 363 4152 2009 4225; baseline 0.003 -16"><span class='ocrx_word' id='word_1_356' title='bbox 363 4152 704 4210; x_wconf 83' lang='lat' dir='ltr'>adulatione</span> <span class='ocrx_word' id='word_1_357' title='bbox 735 4169 851 4225; x_wconf 89' lang='lat' dir='ltr'>qua</span> <span class='ocrx_word' id='word_1_358' title='bbox 899 4153 1011 4208; x_wconf 89' lang='lat' dir='ltr'>sibi</span> <span class='ocrx_word' id='word_1_359' title='bbox 1060 4153 1425 4225; x_wconf 85' lang='lat' dir='ltr'>obsequitur,</span> <span class='ocrx_word' id='word_1_360' title='bbox 1477 4155 1830 4212; x_wconf 86' lang='lat' dir='ltr'>catholicum</span> <span class='ocrx_word' id='word_1_361' title='bbox 1881 4174 2009 4214; x_wconf 92' lang='lat' dir='ltr'>esse</span> 
     </span>
    </p>
   </div>
   <div class='ocr_carea' id='block_1_47' title="bbox 362 4240 2008 4316">
    <p class='ocr_par' dir='ltr' id='par_1_47' title="bbox 362 4240 2008 4316">
     <span class='ocr_line' id='line_1_47' title="bbox 362 4240 2008 4316; baseline 0.002 -18"><span class='ocrx_word' id='word_1_362' title='bbox 362 4246 700 4298; x_wconf 86' lang='lat' dir='ltr'>contestans</span> <span class='ocrx_word' id='word_1_363' title='bbox 730 4257 744 4298; x_wconf 92' lang='lat'>:</span> <span class='ocrx_word' id='word_1_364' title='bbox 773 4240 875 4314; x_wconf 89' lang='lat' dir='ltr'>qui</span> <span class='ocrx_word' id='word_1_365' title='bbox 906 4241 1050 4296; x_wconf 89' lang='lat' dir='ltr'>dicit</span> <span class='ocrx_word' id='word_1_366' title='bbox 1078 4241 1244 4297; x_wconf 90' lang='lat' dir='ltr'>dulce</span> <span class='ocrx_word' id='word_1_367' title='bbox 1294 4259 1582 4316; x_wconf 84' lang='lat' dir='ltr'>amarum,</span> <span class='ocrx_word' id='word_1_368' title='bbox 1632 4249 1689 4305; x_wconf 87' lang='lat' dir='ltr'>et</span> <span class='ocrx_word' id='word_1_369' title='bbox 1740 4263 2008 4302; x_wconf 88' lang='lat' dir='ltr'>amarum</span> 
     </span>
    </p>
   </div>
   <div class='ocr_carea' id='block_1_48' title="bbox 363 4329 2008 4408">
    <p class='ocr_par' dir='ltr' id='par_1_48' title="bbox 363 4329 2008 4408">
     <span class='ocr_line' id='line_1_48' title="bbox 363 4329 2008 4408; baseline 0.004 -22"><span class='ocrx_word' id='word_1_370' title='bbox 363 4329 536 4386; x_wconf 91' lang='lat' dir='ltr'>dulce</span> <span class='ocrx_word' id='word_1_371' title='bbox 567 4331 696 4408; x_wconf 71' lang='grc' dir='ltr'>(ιεςι.</span> <span class='ocrx_word' id='word_1_372' title='bbox 729 4348 783 4399; x_wconf 85' lang='lat' dir='ltr'>v,</span> <span class='ocrx_word' id='word_1_373' title='bbox 814 4331 926 4402; x_wconf 93' lang='lat'>20).</span> <span class='ocrx_word' id='word_1_374' title='bbox 960 4329 1121 4386; x_wconf 90' lang='lat' dir='ltr'>Unde</span> <span class='ocrx_word' id='word_1_375' title='bbox 1152 4331 1310 4386; x_wconf 90' lang='lat' dir='ltr'>omni</span> <span class='ocrx_word' id='word_1_376' title='bbox 1333 4332 1529 4387; x_wconf 88' lang='lat' dir='ltr'>studio</span> <span class='ocrx_word' id='word_1_377' title='bbox 1559 4332 1812 4406; x_wconf 70' lang='lat' dir='ltr'>legendae</span> <span class='ocrx_word' id='word_1_378' title='bbox 1841 4336 2008 4393; x_wconf 92' lang='lat' dir='ltr'>nobis</span> 
     </span>
    </p>
   </div>
   <div class='ocr_carea' id='block_1_49' title="bbox 358 4419 2008 4492">
    <p class='ocr_par' dir='ltr' id='par_1_49' title="bbox 358 4419 2008 4492">
     <span class='ocr_line' id='line_1_49' title="bbox 358 4419 2008 4492; baseline 0.004 -17"><span class='ocrx_word' id='word_1_379' title='bbox 358 4419 680 4492; x_wconf 66' lang='lat' dir='ltr'>Scriptura:</span> <span class='ocrx_word' id='word_1_380' title='bbox 701 4423 859 4490; x_wconf 92' lang='lat' dir='ltr'>sunt,</span> <span class='ocrx_word' id='word_1_381' title='bbox 892 4424 949 4475; x_wconf 93' lang='lat' dir='ltr'>et</span> <span class='ocrx_word' id='word_1_382' title='bbox 978 4419 1036 4473; x_wconf 92' lang='lat' dir='ltr'>in</span> <span class='ocrx_word' id='word_1_383' title='bbox 1068 4419 1194 4492; x_wconf 89' lang='lat' dir='ltr'>lege</span> <span class='ocrx_word' id='word_1_384' title='bbox 1225 4421 1456 4476; x_wconf 91' lang='lat' dir='ltr'>Domini</span> <span class='ocrx_word' id='word_1_385' title='bbox 1487 4422 1892 4480; x_wconf 89' lang='lat' dir='ltr'>meditandum</span> <span class='ocrx_word' id='word_1_386' title='bbox 1915 4426 2008 4481; x_wconf 92' lang='lat' dir='ltr'>die</span> 
     </span>
    </p>
   </div>
   <div class='ocr_carea' id='block_1_50' title="bbox 2114 511 3755 593">
    <p class='ocr_par' dir='ltr' id='par_1_50' title="bbox 2114 511 3755 593">
     <span class='ocr_line' id='line_1_50' title="bbox 2114 511 3755 593; baseline 0.008 -29"><span class='ocrx_word' id='word_1_387' title='bbox 2114 527 2247 565; x_wconf 90' lang='lat' dir='ltr'>mus</span> <span class='ocrx_word' id='word_1_388' title='bbox 2275 528 2286 566; x_wconf 91' lang='lat'>:</span> <span class='ocrx_word' id='word_1_389' title='bbox 2320 511 2407 567; x_wconf 90' lang='lat' dir='ltr'>vel</span> <span class='ocrx_word' id='word_1_390' title='bbox 2438 513 2777 584; x_wconf 79' lang='lat' dir='ltr'>malignitas,</span> <span class='ocrx_word' id='word_1_391' title='bbox 2811 519 2868 569; x_wconf 90' lang='lat' dir='ltr'>et</span> <span class='ocrx_word' id='word_1_392' title='bbox 2894 516 3163 584; x_wconf 85' lang='lat' dir='ltr'>nequitia,</span> <span class='ocrx_word' id='word_1_393' title='bbox 3197 533 3322 587; x_wconf 63' lang='lat' dir='ltr'>qua</span> <span class='ocrx_word' id='word_1_394' title='bbox 3372 519 3430 573; x_wconf 92' lang='lat' dir='ltr'>in</span> <span class='ocrx_word' id='word_1_395' title='bbox 3479 521 3755 593; x_wconf 88' lang='lat' dir='ltr'>tergiver-</span> 
     </span>
    </p>
   </div>
   <div class='ocr_carea' id='block_1_51' title="bbox 2112 599 3069 658">
    <p class='ocr_par' dir='ltr' id='par_1_51' title="bbox 2112 599 3069 658">
     <span class='ocr_line' id='line_1_51' title="bbox 2112 599 3069 658; baseline 0.004 -4"><span class='ocrx_word' id='word_1_396' title='bbox 2112 599 2336 654; x_wconf 88' lang='lat' dir='ltr'>satione</span> <span class='ocrx_word' id='word_1_397' title='bbox 2366 605 2423 655; x_wconf 92' lang='lat' dir='ltr'>et</span> <span class='ocrx_word' id='word_1_398' title='bbox 2454 600 2770 658; x_wconf 90' lang='lat' dir='ltr'>calliditate</span> <span class='ocrx_word' id='word_1_399' title='bbox 2801 603 3069 658; x_wconf 90' lang='lat' dir='ltr'>sentitur.</span> 
     </span>
    </p>
   </div>
   <div class='ocr_carea' id='block_1_52' title="bbox 2184 687 3758 770">
    <p class='ocr_par' dir='ltr' id='par_1_52' title="bbox 2184 687 3758 770">
     <span class='ocr_line' id='line_1_52' title="bbox 2184 687 3758 770; baseline 0.009 -30"><span class='ocrx_word' id='word_1_400' title='bbox 2184 687 2368 758; x_wconf 89' lang='lat' dir='ltr'>(Vers.</span> <span class='ocrx_word' id='word_1_401' title='bbox 2403 689 2516 759; x_wconf 77' lang='lat'>32.)</span> <span class='ocrx_word' id='word_1_402' title='bbox 2554 709 2577 738; x_wconf 75' lang='grc' dir='ltr'>ι</span> <span class='ocrx_word' id='word_1_403' title='bbox 2608 691 2805 746; x_wconf 90' lang='lat' dir='ltr'>Estote</span> <span class='ocrx_word' id='word_1_404' title='bbox 2836 696 3030 747; x_wconf 89' lang='lat' dir='ltr'>autem</span> <span class='ocrx_word' id='word_1_405' title='bbox 3079 691 3323 750; x_wconf 89' lang='lat' dir='ltr'>invicem</span> <span class='ocrx_word' id='word_1_406' title='bbox 3358 695 3614 770; x_wconf 89' lang='lat' dir='ltr'>benigni,</span> <span class='ocrx_word' id='word_1_407' title='bbox 3648 699 3758 754; x_wconf 88' lang='lat' dir='ltr'>mi-</span> 
     </span>
    </p>
   </div>
   <div class='ocr_carea' id='block_1_53' title="bbox 2115 777 3760 852">
    <p class='ocr_par' dir='ltr' id='par_1_53' title="bbox 2115 777 3760 852">
     <span class='ocr_line' id='line_1_53' title="bbox 2115 777 3760 852; baseline 0.009 -22"><span class='ocrx_word' id='word_1_408' title='bbox 2115 777 2472 833; x_wconf 90' lang='lat' dir='ltr'>sericordes:</span> <span class='ocrx_word' id='word_1_409' title='bbox 2509 779 2795 834; x_wconf 90' lang='lat' dir='ltr'>donantes</span> <span class='ocrx_word' id='word_1_410' title='bbox 2825 781 3285 852; x_wconf 88' lang='lat' dir='ltr'>vobismetipsis,</span> <span class='ocrx_word' id='word_1_411' title='bbox 3321 783 3472 839; x_wconf 90' lang='lat' dir='ltr'>sicut</span> <span class='ocrx_word' id='word_1_412' title='bbox 3519 791 3575 841; x_wconf 91' lang='lat' dir='ltr'>et</span> <span class='ocrx_word' id='word_1_413' title='bbox 3605 787 3760 845; x_wconf 91' lang='lat' dir='ltr'>Deus</span> 
     </span>
    </p>
   </div>
   <div class='ocr_carea' id='block_1_54' title="bbox 2114 864 3761 942">
    <p class='ocr_par' dir='ltr' id='par_1_54' title="bbox 2114 864 3761 942">
     <span class='ocr_line' id='line_1_54' title="bbox 2114 864 3761 942; baseline 0.009 -24"><span class='ocrx_word' id='word_1_414' title='bbox 2114 864 2171 919; x_wconf 88' lang='lat' dir='ltr'>in</span> <span class='ocrx_word' id='word_1_415' title='bbox 2230 864 2460 921; x_wconf 89' lang='lat' dir='ltr'>Christo</span> <span class='ocrx_word' id='word_1_416' title='bbox 2517 867 2752 924; x_wconf 89' lang='lat' dir='ltr'>donavit</span> <span class='ocrx_word' id='word_1_417' title='bbox 2806 869 2990 924; x_wconf 87' lang='lat' dir='ltr'>vobis.</span> <span class='ocrx_word' id='word_1_418' title='bbox 3035 891 3063 918; x_wconf 87' lang='lat'><strong>»</strong></span> <span class='ocrx_word' id='word_1_419' title='bbox 3121 871 3308 942; x_wconf 91' lang='lat' dir='ltr'>Supra</span> <span class='ocrx_word' id='word_1_420' title='bbox 3381 874 3761 932; x_wconf 86' lang='lat' dir='ltr'>amaritudini</span> 
     </span>
    </p>
   </div>
   <div class='ocr_carea' id='block_1_55' title="bbox 2113 955 3763 1032">
    <p class='ocr_par' dir='ltr' id='par_1_55' title="bbox 2113 955 3763 1032">
     <span class='ocr_line' id='line_1_55' title="bbox 2113 955 3763 1032; baseline 0.007 -24"><span class='ocrx_word' id='word_1_421' title='bbox 2113 955 2466 1010; x_wconf 88' lang='lat' dir='ltr'>contrariam</span> <span class='ocrx_word' id='word_1_422' title='bbox 2525 955 2893 1013; x_wconf 89' lang='lat' dir='ltr'>dulcedinem</span> <span class='ocrx_word' id='word_1_423' title='bbox 2953 958 3309 1029; x_wconf 85' lang='lat' dir='ltr'>dixeramus,</span> <span class='ocrx_word' id='word_1_424' title='bbox 3371 977 3550 1032; x_wconf 89' lang='lat' dir='ltr'>quam</span> <span class='ocrx_word' id='word_1_425' title='bbox 3609 981 3763 1021; x_wconf 90' lang='lat' dir='ltr'>nunc</span> 
     </span>
    </p>
   </div>
   <div class='ocr_carea' id='block_1_56' title="bbox 2112 1043 3761 1123">
    <p class='ocr_par' dir='ltr' id='par_1_56' title="bbox 2112 1043 3761 1123">
     <span class='ocr_line' id='line_1_56' title="bbox 2112 1043 3761 1123; baseline 0.008 -27"><span class='ocrx_word' id='word_1_426' title='bbox 2112 1043 2432 1113; x_wconf 84' lang='lat' dir='ltr'>Apostolus</span> <span class='ocrx_word' id='word_1_427' title='bbox 2461 1045 2573 1100; x_wconf 92' lang='lat' dir='ltr'>alio</span> <span class='ocrx_word' id='word_1_428' title='bbox 2606 1047 2776 1102; x_wconf 89' lang='lat' dir='ltr'>verbo</span> <span class='ocrx_word' id='word_1_429' title='bbox 2810 1045 3181 1120; x_wconf 78' lang='grc' dir='ltr'>χρηστότητα,</span> <span class='ocrx_word' id='word_1_430' title='bbox 3210 1049 3268 1104; x_wconf 91' lang='lat' dir='ltr'>id</span> <span class='ocrx_word' id='word_1_431' title='bbox 3301 1055 3390 1106; x_wconf 88' lang='lat' dir='ltr'>est</span> <span class='ocrx_word' id='word_1_432' title='bbox 3417 1055 3761 1123; x_wconf 80' lang='lat' dir='ltr'>suavitatem,</span> 
     </span>
    </p>
   </div>
   <div class='ocr_carea' id='block_1_57' title="bbox 2117 1132 3765 1214">
    <p class='ocr_par' dir='ltr' id='par_1_57' title="bbox 2117 1132 3765 1214">
     <span class='ocr_line' id='line_1_57' title="bbox 2117 1132 3765 1214; baseline 0.008 -29"><span class='ocrx_word' id='word_1_433' title='bbox 2117 1132 2326 1204; x_wconf 85' lang='lat' dir='ltr'>magis,</span> <span class='ocrx_word' id='word_1_434' title='bbox 2351 1134 2502 1188; x_wconf 78' lang='lat'>638</span> <span class='ocrx_word' id='word_1_435' title='bbox 2527 1151 2703 1206; x_wconf 91' lang='lat' dir='ltr'>quam</span> <span class='ocrx_word' id='word_1_436' title='bbox 2729 1137 3115 1205; x_wconf 79' lang='lat' dir='ltr'>benignitatem</span> <span class='ocrx_word' id='word_1_437' title='bbox 3137 1139 3360 1194; x_wconf 89' lang='lat' dir='ltr'>vocavit</span> <span class='ocrx_word' id='word_1_438' title='bbox 3384 1157 3396 1207; x_wconf 92' lang='lat'>;</span> <span class='ocrx_word' id='word_1_439' title='bbox 3424 1141 3765 1214; x_wconf 69' lang='lat' dir='ltr'>praecipiens</span> 
     </span>
    </p>
   </div>
   <div class='ocr_carea' id='block_1_58' title="bbox 2115 1221 3768 1299">
    <p class='ocr_par' dir='ltr' id='par_1_58' title="bbox 2115 1221 3768 1299">
     <span class='ocr_line' id='line_1_58' title="bbox 2115 1221 3768 1299; baseline 0.009 -26"><span class='ocrx_word' id='word_1_440' title='bbox 2115 1225 2199 1287; x_wconf 91' lang='lat' dir='ltr'>ut,</span> <span class='ocrx_word' id='word_1_441' title='bbox 2233 1221 2392 1276; x_wconf 91' lang='lat' dir='ltr'>omni</span> <span class='ocrx_word' id='word_1_442' title='bbox 2424 1223 2834 1290; x_wconf 89' lang='lat' dir='ltr'>amaritudine,</span> <span class='ocrx_word' id='word_1_443' title='bbox 2877 1230 2932 1278; x_wconf 87' lang='lat' dir='ltr'>et</span> <span class='ocrx_word' id='word_1_444' title='bbox 2981 1225 3193 1292; x_wconf 90' lang='lat' dir='ltr'>furore,</span> <span class='ocrx_word' id='word_1_445' title='bbox 3246 1225 3350 1294; x_wconf 89' lang='lat' dir='ltr'>ira,</span> <span class='ocrx_word' id='word_1_446' title='bbox 3402 1229 3678 1299; x_wconf 88' lang='lat' dir='ltr'>clamore,</span> <span class='ocrx_word' id='word_1_447' title='bbox 3710 1236 3768 1288; x_wconf 86' lang='lat' dir='ltr'>et</span> 
     </span>
    </p>
   </div>
   <div class='ocr_carea' id='block_1_59' title="bbox 2115 1307 3765 1387">
    <p class='ocr_par' dir='ltr' id='par_1_59' title="bbox 2115 1307 3765 1387">
     <span class='ocr_line' id='line_1_59' title="bbox 2115 1307 3765 1387; baseline 0.008 -25"><span class='ocrx_word' id='word_1_448' title='bbox 2115 1307 2501 1380; x_wconf 88' lang='lat' dir='ltr'>blasphemia,</span> <span class='ocrx_word' id='word_1_449' title='bbox 2527 1316 2582 1367; x_wconf 90' lang='lat' dir='ltr'>et</span> <span class='ocrx_word' id='word_1_450' title='bbox 2614 1316 2775 1366; x_wconf 90' lang='lat' dir='ltr'>motu</span> <span class='ocrx_word' id='word_1_451' title='bbox 2802 1313 3058 1382; x_wconf 90' lang='lat' dir='ltr'>turbido,</span> <span class='ocrx_word' id='word_1_452' title='bbox 3094 1331 3226 1370; x_wconf 92' lang='lat' dir='ltr'>cum</span> <span class='ocrx_word' id='word_1_453' title='bbox 3269 1317 3522 1387; x_wconf 88' lang='lat' dir='ltr'>quadam</span> <span class='ocrx_word' id='word_1_454' title='bbox 3555 1320 3765 1376; x_wconf 86' lang='lat' dir='ltr'>frontis</span> 
     </span>
    </p>
   </div>
   <div class='ocr_carea' id='block_1_60' title="bbox 2117 1398 3760 1474">
    <p class='ocr_par' dir='ltr' id='par_1_60' title="bbox 2117 1398 3760 1474">
     <span class='ocr_line' id='line_1_60' title="bbox 2117 1398 3760 1474; baseline 0.009 -23"><span class='ocrx_word' id='word_1_455' title='bbox 2117 1398 2458 1454; x_wconf 87' lang='lat' dir='ltr'>austeritate</span> <span class='ocrx_word' id='word_1_456' title='bbox 2487 1401 2802 1470; x_wconf 84' lang='lat' dir='ltr'>damnatis,</span> <span class='ocrx_word' id='word_1_457' title='bbox 2837 1401 3149 1459; x_wconf 88' lang='lat' dir='ltr'>clementes</span> <span class='ocrx_word' id='word_1_458' title='bbox 3176 1405 3389 1474; x_wconf 88' lang='lat' dir='ltr'>simus,</span> <span class='ocrx_word' id='word_1_459' title='bbox 3433 1411 3490 1460; x_wconf 90' lang='lat' dir='ltr'>et</span> <span class='ocrx_word' id='word_1_460' title='bbox 3521 1407 3760 1465; x_wconf 90' lang='lat' dir='ltr'>blandi:</span> 
     </span>
    </p>
   </div>
   <div class='ocr_carea' id='block_1_61' title="bbox 2116 1487 3768 1552">
    <p class='ocr_par' dir='ltr' id='par_1_61' title="bbox 2116 1487 3768 1552">
     <span class='ocr_line' id='line_1_61' title="bbox 2116 1487 3768 1552; baseline 0.007 -11"><span class='ocrx_word' id='word_1_461' title='bbox 2116 1491 2173 1541; x_wconf 88' lang='lat' dir='ltr'>et</span> <span class='ocrx_word' id='word_1_462' title='bbox 2204 1487 2275 1541; x_wconf 89' lang='lat' dir='ltr'>ad</span> <span class='ocrx_word' id='word_1_463' title='bbox 2304 1487 2757 1545; x_wconf 81' lang='lat' dir='ltr'>familiaritatem</span> <span class='ocrx_word' id='word_1_464' title='bbox 2788 1495 3047 1546; x_wconf 89' lang='lat' dir='ltr'>nostram</span> <span class='ocrx_word' id='word_1_465' title='bbox 3095 1491 3246 1548; x_wconf 90' lang='lat' dir='ltr'>ultro</span> <span class='ocrx_word' id='word_1_466' title='bbox 3294 1493 3564 1551; x_wconf 86' lang='lat' dir='ltr'>homines</span> <span class='ocrx_word' id='word_1_467' title='bbox 3616 1498 3768 1552; x_wconf 88' lang='lat' dir='ltr'>invi-</span> 
     </span>
    </p>
   </div>
   <div class='ocr_carea' id='block_1_62' title="bbox 2117 1577 3763 1656">
    <p class='ocr_par' dir='ltr' id='par_1_62' title="bbox 2117 1577 3763 1656">
     <span class='ocr_line' id='line_1_62' title="bbox 2117 1577 3763 1656; baseline 0.007 -27"><span class='ocrx_word' id='word_1_468' title='bbox 2117 1578 2330 1648; x_wconf 90' lang='lat' dir='ltr'>temus,</span> <span class='ocrx_word' id='word_1_469' title='bbox 2365 1581 2428 1631; x_wconf 89' lang='lat' dir='ltr'>ut</span> <span class='ocrx_word' id='word_1_470' title='bbox 2457 1577 2658 1634; x_wconf 91' lang='lat' dir='ltr'>nullus</span> <span class='ocrx_word' id='word_1_471' title='bbox 2689 1581 2758 1634; x_wconf 87' lang='lat' dir='ltr'>ad</span> <span class='ocrx_word' id='word_1_472' title='bbox 2795 1596 2900 1634; x_wconf 92' lang='lat' dir='ltr'>nos</span> <span class='ocrx_word' id='word_1_473' title='bbox 2947 1581 3220 1636; x_wconf 89' lang='lat' dir='ltr'>formidet</span> <span class='ocrx_word' id='word_1_474' title='bbox 3273 1583 3583 1652; x_wconf 88' lang='lat' dir='ltr'>accedere;</span> <span class='ocrx_word' id='word_1_475' title='bbox 3635 1601 3763 1656; x_wconf 78' lang='lat' dir='ltr'>quae</span> 
     </span>
    </p>
   </div>
   <div class='ocr_carea' id='block_1_63' title="bbox 2117 1664 3761 1745">
    <p class='ocr_par' dir='ltr' id='par_1_63' title="bbox 2117 1664 3761 1745">
     <span class='ocr_line' id='line_1_63' title="bbox 2117 1664 3761 1745; baseline 0.007 -27"><span class='ocrx_word' id='word_1_476' title='bbox 2117 1664 2487 1722; x_wconf 81' lang='lat' dir='ltr'>familiaritas</span> <span class='ocrx_word' id='word_1_477' title='bbox 2520 1668 2771 1724; x_wconf 89' lang='lat' dir='ltr'>maxime</span> <span class='ocrx_word' id='word_1_478' title='bbox 2802 1686 2870 1723; x_wconf 89' lang='lat' dir='ltr'>ex</span> <span class='ocrx_word' id='word_1_479' title='bbox 2918 1669 3320 1726; x_wconf 88' lang='lat' dir='ltr'>misericordia</span> <span class='ocrx_word' id='word_1_480' title='bbox 3367 1678 3761 1745; x_wconf 87' lang='lat' dir='ltr'>comparatur.</span> 
     </span>
    </p>
   </div>
   <div class='ocr_carea' id='block_1_64' title="bbox 2116 1753 3762 1832">
    <p class='ocr_par' dir='ltr' id='par_1_64' title="bbox 2116 1753 3762 1832">
     <span class='ocr_line' id='line_1_64' title="bbox 2116 1753 3762 1832; baseline 0.005 -23"><span class='ocrx_word' id='word_1_481' title='bbox 2116 1753 2228 1809; x_wconf 85' lang='lat' dir='ltr'>Nec</span> <span class='ocrx_word' id='word_1_482' title='bbox 2260 1756 2457 1810; x_wconf 88' lang='lat' dir='ltr'>statim</span> <span class='ocrx_word' id='word_1_483' title='bbox 2491 1762 2832 1828; x_wconf 75' lang='lat' dir='ltr'>prazstantes</span> <span class='ocrx_word' id='word_1_484' title='bbox 2881 1757 3030 1824; x_wconf 88' lang='lat' dir='ltr'>aliis,</span> <span class='ocrx_word' id='word_1_485' title='bbox 3089 1757 3202 1831; x_wconf 89' lang='lat' dir='ltr'>ipsi</span> <span class='ocrx_word' id='word_1_486' title='bbox 3262 1761 3416 1832; x_wconf 91' lang='lat' dir='ltr'>quod</span> <span class='ocrx_word' id='word_1_487' title='bbox 3471 1762 3762 1828; x_wconf 88' lang='lat' dir='ltr'>dedimus,</span> 
     </span>
    </p>
   </div>
   <div class='ocr_carea' id='block_1_65' title="bbox 2116 1842 3764 1918">
    <p class='ocr_par' dir='ltr' id='par_1_65' title="bbox 2116 1842 3764 1918">
     <span class='ocr_line' id='line_1_65' title="bbox 2116 1842 3764 1918; baseline 0.007 -21"><span class='ocrx_word' id='word_1_488' title='bbox 2116 1842 2328 1898; x_wconf 89' lang='lat' dir='ltr'>habere</span> <span class='ocrx_word' id='word_1_489' title='bbox 2358 1845 2736 1901; x_wconf 90' lang='lat' dir='ltr'>desistimus:</span> <span class='ocrx_word' id='word_1_490' title='bbox 2773 1848 3041 1918; x_wconf 87' lang='lat' dir='ltr'>sequitur</span> <span class='ocrx_word' id='word_1_491' title='bbox 3088 1849 3282 1904; x_wconf 91' lang='lat' dir='ltr'>enim:</span> <span class='ocrx_word' id='word_1_492' title='bbox 3345 1850 3619 1907; x_wconf 83' lang='lat' dir='ltr'>Donantes</span> <span class='ocrx_word' id='word_1_493' title='bbox 3673 1869 3764 1908; x_wconf 88' lang='lat' dir='ltr'>vo-</span> 
     </span>
    </p>
   </div>
   <div class='ocr_carea' id='block_1_66' title="bbox 2117 1931 3764 2013">
    <p class='ocr_par' dir='ltr' id='par_1_66' title="bbox 2117 1931 3764 2013">
     <span class='ocr_line' id='line_1_66' title="bbox 2117 1931 3764 2013; baseline 0.008 -28"><span class='ocrx_word' id='word_1_494' title='bbox 2117 1931 2442 2004; x_wconf 85' lang='lat' dir='ltr'>bismetipsis</span> <span class='ocrx_word' id='word_1_495' title='bbox 2465 1953 2484 1989; x_wconf 87' lang='lat'>:</span> <span class='ocrx_word' id='word_1_496' title='bbox 2506 1935 2644 2006; x_wconf 83' lang='lat' dir='ltr'>quia</span> <span class='ocrx_word' id='word_1_497' title='bbox 2674 1936 2826 2006; x_wconf 91' lang='lat' dir='ltr'>quod</span> <span class='ocrx_word' id='word_1_498' title='bbox 2861 1937 3005 1992; x_wconf 91' lang='lat' dir='ltr'>bene</span> <span class='ocrx_word' id='word_1_499' title='bbox 3035 1937 3092 1991; x_wconf 91' lang='lat' dir='ltr'>in</span> <span class='ocrx_word' id='word_1_500' title='bbox 3125 1937 3305 1993; x_wconf 88' lang='lat' dir='ltr'>alium</span> <span class='ocrx_word' id='word_1_501' title='bbox 3351 1939 3436 2009; x_wconf 84' lang='lat' dir='ltr'>fit,</span> <span class='ocrx_word' id='word_1_502' title='bbox 3491 1941 3681 2013; x_wconf 87' lang='lat' dir='ltr'>magis</span> <span class='ocrx_word' id='word_1_503' title='bbox 3713 1943 3764 1998; x_wconf 90' lang='lat' dir='ltr'>ei</span> 
     </span>
    </p>
   </div>
   <div class='ocr_carea' id='block_1_67' title="bbox 2116 2021 3765 2095">
    <p class='ocr_par' dir='ltr' id='par_1_67' title="bbox 2116 2021 3765 2095">
     <span class='ocr_line' id='line_1_67' title="bbox 2116 2021 3765 2095; baseline 0.005 -20"><span class='ocrx_word' id='word_1_504' title='bbox 2116 2021 2418 2092; x_wconf 89' lang='lat' dir='ltr'>reponitur</span> <span class='ocrx_word' id='word_1_505' title='bbox 2446 2023 2545 2094; x_wconf 92' lang='lat' dir='ltr'>qui</span> <span class='ocrx_word' id='word_1_506' title='bbox 2580 2024 2867 2095; x_wconf 69' lang='lat' dir='ltr'>praestitit,</span> <span class='ocrx_word' id='word_1_507' title='bbox 2901 2040 3077 2095; x_wconf 85' lang='lat' dir='ltr'>quam</span> <span class='ocrx_word' id='word_1_508' title='bbox 3129 2026 3222 2080; x_wconf 93' lang='lat' dir='ltr'>cui</span> <span class='ocrx_word' id='word_1_509' title='bbox 3272 2026 3474 2082; x_wconf 90' lang='lat' dir='ltr'>datum</span> <span class='ocrx_word' id='word_1_510' title='bbox 3516 2034 3622 2083; x_wconf 88' lang='lat' dir='ltr'>est.</span> <span class='ocrx_word' id='word_1_511' title='bbox 3657 2030 3765 2094; x_wconf 88' lang='lat' dir='ltr'>Qui</span> 
     </span>
    </p>
   </div>
   <div class='ocr_carea' id='block_1_68' title="bbox 2116 2109 3762 2186">
    <p class='ocr_par' dir='ltr' id='par_1_68' title="bbox 2116 2109 3762 2186">
     <span class='ocr_line' id='line_1_68' title="bbox 2116 2109 3762 2186; baseline 0.005 -22"><span class='ocrx_word' id='word_1_512' title='bbox 2116 2109 2428 2165; x_wconf 89' lang='lat' dir='ltr'>miseretur</span> <span class='ocrx_word' id='word_1_513' title='bbox 2455 2112 2752 2184; x_wconf 89' lang='lat' dir='ltr'>pauperis,</span> <span class='ocrx_word' id='word_1_514' title='bbox 2781 2111 2904 2185; x_wconf 89' lang='lat' dir='ltr'>ipse</span> <span class='ocrx_word' id='word_1_515' title='bbox 2929 2113 3290 2170; x_wconf 88' lang='lat' dir='ltr'>saturabitur</span> <span class='ocrx_word' id='word_1_516' title='bbox 3309 2116 3496 2186; x_wconf 89' lang='lat' dir='ltr'>(Prov.</span> <span class='ocrx_word' id='word_1_517' title='bbox 3516 2134 3628 2186; x_wconf 80' lang='lat' dir='ltr'>XIV,</span> <span class='ocrx_word' id='word_1_518' title='bbox 3649 2117 3762 2186; x_wconf 89' lang='lat'>21),</span> 
     </span>
    </p>
   </div>
   <div class='ocr_carea' id='block_1_69' title="bbox 2116 2191 3765 2275">
    <p class='ocr_par' dir='ltr' id='par_1_69' title="bbox 2116 2191 3765 2275">
     <span class='ocr_line' id='line_1_69' title="bbox 2116 2191 3765 2275; baseline 0.007 -24"><span class='ocrx_word' id='word_1_519' title='bbox 2116 2202 2173 2252; x_wconf 90' lang='lat' dir='ltr'>et</span> <span class='ocrx_word' id='word_1_520' title='bbox 2204 2198 2303 2269; x_wconf 91' lang='lat' dir='ltr'>qui</span> <span class='ocrx_word' id='word_1_521' title='bbox 2335 2191 2434 2254; x_wconf 89' lang='lat' dir='ltr'>dat</span> <span class='ocrx_word' id='word_1_522' title='bbox 2465 2199 2536 2267; x_wconf 90' lang='lat' dir='ltr'>ei,</span> <span class='ocrx_word' id='word_1_523' title='bbox 2570 2201 2686 2256; x_wconf 92' lang='lat' dir='ltr'>Deo</span> <span class='ocrx_word' id='word_1_524' title='bbox 2717 2202 2940 2257; x_wconf 86' lang='lat' dir='ltr'>fenerat</span> <span class='ocrx_word' id='word_1_525' title='bbox 2968 2203 3149 2272; x_wconf 87' lang='lat' dir='ltr'>(Prov.</span> <span class='ocrx_word' id='word_1_526' title='bbox 3182 2220 3296 2275; x_wconf 72' lang='lat' dir='ltr'>xxx,</span> <span class='ocrx_word' id='word_1_527' title='bbox 3333 2205 3440 2275; x_wconf 87' lang='lat'>17).</span> <span class='ocrx_word' id='word_1_528' title='bbox 3481 2204 3582 2261; x_wconf 89' lang='lat' dir='ltr'>Vel</span> <span class='ocrx_word' id='word_1_529' title='bbox 3615 2211 3765 2262; x_wconf 88' lang='lat' dir='ltr'>certe</span> 
     </span>
    </p>
   </div>
   <div class='ocr_carea' id='block_1_70' title="bbox 2115 2287 3766 2363">
    <p class='ocr_par' dir='ltr' id='par_1_70' title="bbox 2115 2287 3766 2363">
     <span class='ocr_line' id='line_1_70' title="bbox 2115 2287 3766 2363; baseline 0.006 -23"><span class='ocrx_word' id='word_1_530' title='bbox 2115 2287 2196 2341; x_wconf 91' lang='lat' dir='ltr'>ita</span> <span class='ocrx_word' id='word_1_531' title='bbox 2227 2288 2650 2360; x_wconf 89' lang='lat' dir='ltr'>accipiendum,</span> <span class='ocrx_word' id='word_1_532' title='bbox 2684 2293 2838 2362; x_wconf 92' lang='lat' dir='ltr'>quod</span> <span class='ocrx_word' id='word_1_533' title='bbox 2885 2291 2943 2346; x_wconf 91' lang='lat' dir='ltr'>in</span> <span class='ocrx_word' id='word_1_534' title='bbox 2975 2307 3041 2347; x_wconf 94' lang='lat' dir='ltr'>eo</span> <span class='ocrx_word' id='word_1_535' title='bbox 3074 2293 3228 2363; x_wconf 90' lang='lat' dir='ltr'>quod</span> <span class='ocrx_word' id='word_1_536' title='bbox 3279 2310 3486 2349; x_wconf 90' lang='lat' dir='ltr'>suaves</span> <span class='ocrx_word' id='word_1_537' title='bbox 3535 2298 3594 2350; x_wconf 90' lang='lat' dir='ltr'>et</span> <span class='ocrx_word' id='word_1_538' title='bbox 3651 2294 3766 2350; x_wconf 88' lang='lat' dir='ltr'>mi-</span> 
     </span>
    </p>
   </div>
   <div class='ocr_carea' id='block_1_71' title="bbox 2115 2375 3764 2452">
    <p class='ocr_par' dir='ltr' id='par_1_71' title="bbox 2115 2375 3764 2452">
     <span class='ocr_line' id='line_1_71' title="bbox 2115 2375 3764 2452; baseline 0.004 -22"><span class='ocrx_word' id='word_1_539' title='bbox 2115 2375 2435 2431; x_wconf 87' lang='lat' dir='ltr'>sericordes</span> <span class='ocrx_word' id='word_1_540' title='bbox 2493 2394 2720 2443; x_wconf 90' lang='lat' dir='ltr'>sumus,</span> <span class='ocrx_word' id='word_1_541' title='bbox 2780 2383 2836 2433; x_wconf 90' lang='lat' dir='ltr'>et</span> <span class='ocrx_word' id='word_1_542' title='bbox 2895 2379 3436 2450; x_wconf 89' lang='lat' dir='ltr'>perturbationibus</span> <span class='ocrx_word' id='word_1_543' title='bbox 3491 2397 3617 2452; x_wconf 79' lang='lat' dir='ltr'>quae</span> <span class='ocrx_word' id='word_1_544' title='bbox 3657 2398 3764 2437; x_wconf 90' lang='lat' dir='ltr'>nos</span> 
     </span>
    </p>
   </div>
   <div class='ocr_carea' id='block_1_72' title="bbox 2114 2463 3762 2541">
    <p class='ocr_par' dir='ltr' id='par_1_72' title="bbox 2114 2463 3762 2541">
     <span class='ocr_line' id='line_1_72' title="bbox 2114 2463 3762 2541; baseline 0.004 -23"><span class='ocrx_word' id='word_1_545' title='bbox 2114 2463 2521 2534; x_wconf 89' lang='lat' dir='ltr'>inquietabant</span> <span class='ocrx_word' id='word_1_546' title='bbox 2550 2465 2789 2533; x_wconf 88' lang='lat' dir='ltr'>relictis,</span> <span class='ocrx_word' id='word_1_547' title='bbox 2833 2467 2902 2521; x_wconf 92' lang='lat' dir='ltr'>ad</span> <span class='ocrx_word' id='word_1_548' title='bbox 2951 2467 3490 2533; x_wconf 89' lang='lat' dir='ltr'>mansuetudinem,</span> <span class='ocrx_word' id='word_1_549' title='bbox 3545 2473 3762 2541; x_wconf 90' lang='lat' dir='ltr'>tempe-</span> 
     </span>
    </p>
   </div>
   <div class='ocr_carea' id='block_1_73' title="bbox 2115 2552 3766 2626">
    <p class='ocr_par' dir='ltr' id='par_1_73' title="bbox 2115 2552 3766 2626">
     <span class='ocr_line' id='line_1_73' title="bbox 2115 2552 3766 2626; baseline 0.004 -20"><span class='ocrx_word' id='word_1_550' title='bbox 2115 2552 2487 2625; x_wconf 87' lang='lat' dir='ltr'>rantiamque</span> <span class='ocrx_word' id='word_1_551' title='bbox 2535 2555 2937 2625; x_wconf 90' lang='lat' dir='ltr'>transivimus,</span> <span class='ocrx_word' id='word_1_552' title='bbox 2971 2555 3116 2626; x_wconf 89' lang='lat' dir='ltr'>ipsis</span> <span class='ocrx_word' id='word_1_553' title='bbox 3149 2557 3318 2611; x_wconf 90' lang='lat' dir='ltr'>nobis</span> <span class='ocrx_word' id='word_1_554' title='bbox 3367 2557 3568 2612; x_wconf 88' lang='lat' dir='ltr'>datum</span> <span class='ocrx_word' id='word_1_555' title='bbox 3602 2557 3679 2613; x_wconf 92' lang='lat' dir='ltr'>sit</span> <span class='ocrx_word' id='word_1_556' title='bbox 3708 2562 3766 2613; x_wconf 93' lang='lat' dir='ltr'>et</span> 
     </span>
    </p>
   </div>
   <div class='ocr_carea' id='block_1_74' title="bbox 2116 2642 3767 2716">
    <p class='ocr_par' dir='ltr' id='par_1_74' title="bbox 2116 2642 3767 2716">
     <span class='ocr_line' id='line_1_74' title="bbox 2116 2642 3767 2716; baseline 0.004 -20"><span class='ocrx_word' id='word_1_557' title='bbox 2116 2642 2420 2704; x_wconf 86' lang='lat' dir='ltr'>donatum.</span> <span class='ocrx_word' id='word_1_558' title='bbox 2449 2643 2591 2698; x_wconf 90' lang='lat' dir='ltr'>dum</span> <span class='ocrx_word' id='word_1_559' title='bbox 2623 2644 2692 2700; x_wconf 92' lang='lat' dir='ltr'>de</span> <span class='ocrx_word' id='word_1_560' title='bbox 2724 2643 2896 2699; x_wconf 88' lang='lat' dir='ltr'>malis</span> <span class='ocrx_word' id='word_1_561' title='bbox 2928 2643 2984 2698; x_wconf 91' lang='lat' dir='ltr'>in</span> <span class='ocrx_word' id='word_1_562' title='bbox 3017 2644 3202 2700; x_wconf 91' lang='lat' dir='ltr'>bonos</span> <span class='ocrx_word' id='word_1_563' title='bbox 3226 2646 3524 2716; x_wconf 88' lang='lat' dir='ltr'>vertimur,</span> <span class='ocrx_word' id='word_1_564' title='bbox 3560 2652 3616 2702; x_wconf 91' lang='lat' dir='ltr'>et</span> <span class='ocrx_word' id='word_1_565' title='bbox 3646 2646 3767 2702; x_wconf 64' lang='lat' dir='ltr'>hac</span> 
     </span>
    </p>
   </div>
   <div class='ocr_carea' id='block_1_75' title="bbox 2115 2730 3764 2804">
    <p class='ocr_par' dir='ltr' id='par_1_75' title="bbox 2115 2730 3764 2804">
     <span class='ocr_line' id='line_1_75' title="bbox 2115 2730 3764 2804; baseline 0.003 -19"><span class='ocrx_word' id='word_1_566' title='bbox 2115 2730 2244 2802; x_wconf 89' lang='lat' dir='ltr'>ipsa</span> <span class='ocrx_word' id='word_1_567' title='bbox 2273 2732 2563 2788; x_wconf 90' lang='lat' dir='ltr'>donamus</span> <span class='ocrx_word' id='word_1_568' title='bbox 2597 2734 2787 2800; x_wconf 91' lang='lat' dir='ltr'>nobis,</span> <span class='ocrx_word' id='word_1_569' title='bbox 2830 2750 2960 2804; x_wconf 58' lang='lat' dir='ltr'>quae</span> <span class='ocrx_word' id='word_1_570' title='bbox 3009 2733 3164 2788; x_wconf 91' lang='lat' dir='ltr'>Deus</span> <span class='ocrx_word' id='word_1_571' title='bbox 3224 2733 3389 2789; x_wconf 89' lang='lat' dir='ltr'>Pater</span> <span class='ocrx_word' id='word_1_572' title='bbox 3443 2735 3677 2790; x_wconf 90' lang='lat' dir='ltr'>donavit</span> <span class='ocrx_word' id='word_1_573' title='bbox 3704 2735 3764 2790; x_wconf 90' lang='lat' dir='ltr'>in</span> 
     </span>
    </p>
   </div>
   <div class='ocr_carea' id='block_1_76' title="bbox 2115 2818 3759 2895">
    <p class='ocr_par' dir='ltr' id='par_1_76' title="bbox 2115 2818 3759 2895">
     <span class='ocr_line' id='line_1_76' title="bbox 2115 2818 3759 2895; baseline 0.003 -22"><span class='ocrx_word' id='word_1_574' title='bbox 2115 2818 2362 2875; x_wconf 79' lang='lat' dir='ltr'>Christo.</span> <span class='ocrx_word' id='word_1_575' title='bbox 2395 2821 2450 2874; x_wconf 89' lang='lat' dir='ltr'>Si</span> <span class='ocrx_word' id='word_1_576' title='bbox 2483 2820 2660 2888; x_wconf 91' lang='lat' dir='ltr'>enim,</span> <span class='ocrx_word' id='word_1_577' title='bbox 2696 2820 2933 2877; x_wconf 91' lang='lat' dir='ltr'>omissis</span> <span class='ocrx_word' id='word_1_578' title='bbox 2964 2821 3140 2891; x_wconf 86' lang='lat' dir='ltr'>vitiis,</span> <span class='ocrx_word' id='word_1_579' title='bbox 3164 2821 3409 2877; x_wconf 91' lang='lat' dir='ltr'>virtutes</span> <span class='ocrx_word' id='word_1_580' title='bbox 3432 2823 3759 2895; x_wconf 90' lang='lat' dir='ltr'>sequimur:</span> 
     </span>
    </p>
   </div>
   <div class='ocr_carea' id='block_1_77' title="bbox 2115 2909 3763 2980">
    <p class='ocr_par' dir='ltr' id='par_1_77' title="bbox 2115 2909 3763 2980">
     <span class='ocr_line' id='line_1_77' title="bbox 2115 2909 3763 2980; baseline 0.002 -17"><span class='ocrx_word' id='word_1_581' title='bbox 2115 2924 2319 2963; x_wconf 90' lang='lat' dir='ltr'>omnes</span> <span class='ocrx_word' id='word_1_582' title='bbox 2351 2914 2544 2964; x_wconf 89' lang='lat' dir='ltr'>autem</span> <span class='ocrx_word' id='word_1_583' title='bbox 2577 2909 2839 2977; x_wconf 88' lang='lat' dir='ltr'>virtutes,</span> <span class='ocrx_word' id='word_1_584' title='bbox 2872 2909 3176 2980; x_wconf 88' lang='lat' dir='ltr'>sapientia,</span> <span class='ocrx_word' id='word_1_585' title='bbox 3229 2909 3463 2980; x_wconf 87' lang='lat' dir='ltr'>veritas,</span> <span class='ocrx_word' id='word_1_586' title='bbox 3503 2911 3763 2980; x_wconf 88' lang='lat' dir='ltr'>justitia,</span> 
     </span>
    </p>
   </div>
   <div class='ocr_carea' id='block_1_78' title="bbox 2117 2996 3761 3064">
    <p class='ocr_par' dir='ltr' id='par_1_78' title="bbox 2117 2996 3761 3064">
     <span class='ocr_line' id='line_1_78' title="bbox 2117 2996 3761 3064; baseline 0.002 -14"><span class='ocrx_word' id='word_1_587' title='bbox 2117 2997 2526 3064; x_wconf 89' lang='lat' dir='ltr'>mansuetudo,</span> <span class='ocrx_word' id='word_1_588' title='bbox 2551 3001 2608 3052; x_wconf 90' lang='lat' dir='ltr'>et</span> <span class='ocrx_word' id='word_1_589' title='bbox 2632 3001 2839 3052; x_wconf 70' lang='lat' dir='ltr'>caetera</span> <span class='ocrx_word' id='word_1_590' title='bbox 2868 2998 2938 3052; x_wconf 90' lang='lat' dir='ltr'>ad</span> <span class='ocrx_word' id='word_1_591' title='bbox 2971 2996 3271 3052; x_wconf 88' lang='lat' dir='ltr'>Christum</span> <span class='ocrx_word' id='word_1_592' title='bbox 3292 2997 3585 3053; x_wconf 91' lang='lat' dir='ltr'>intellecta</span> <span class='ocrx_word' id='word_1_593' title='bbox 3615 2999 3761 3055; x_wconf 88' lang='lat' dir='ltr'>refe-</span> 
     </span>
    </p>
   </div>
   <div class='ocr_carea' id='block_1_79' title="bbox 2117 3085 3763 3158">
    <p class='ocr_par' dir='ltr' id='par_1_79' title="bbox 2117 3085 3763 3158">
     <span class='ocr_line' id='line_1_79' title="bbox 2117 3085 3763 3158; baseline 0.002 -19"><span class='ocrx_word' id='word_1_594' title='bbox 2117 3092 2359 3139; x_wconf 86' lang='lat' dir='ltr'>runtur:</span> <span class='ocrx_word' id='word_1_595' title='bbox 2394 3101 2528 3140; x_wconf 90' lang='lat' dir='ltr'>cum</span> <span class='ocrx_word' id='word_1_596' title='bbox 2561 3085 2667 3140; x_wconf 88' lang='lat' dir='ltr'>has</span> <span class='ocrx_word' id='word_1_597' title='bbox 2696 3086 2938 3140; x_wconf 85' lang='lat' dir='ltr'>virtutes</span> <span class='ocrx_word' id='word_1_598' title='bbox 2969 3085 3368 3153; x_wconf 90' lang='lat' dir='ltr'>habuerimus,</span> <span class='ocrx_word' id='word_1_599' title='bbox 3403 3087 3563 3158; x_wconf 88' lang='lat' dir='ltr'>ipsas</span> <span class='ocrx_word' id='word_1_600' title='bbox 3595 3087 3763 3144; x_wconf 92' lang='lat' dir='ltr'>nobis</span> 
     </span>
    </p>
   </div>
   <div class='ocr_carea' id='block_1_80' title="bbox 2117 3173 3762 3246">
    <p class='ocr_par' dir='ltr' id='par_1_80' title="bbox 2117 3173 3762 3246">
     <span class='ocr_line' id='line_1_80' title="bbox 2117 3173 3762 3246; baseline 0.002 -17"><span class='ocrx_word' id='word_1_601' title='bbox 2117 3174 2290 3229; x_wconf 90' lang='lat' dir='ltr'>etiam</span> <span class='ocrx_word' id='word_1_602' title='bbox 2326 3179 2523 3228; x_wconf 90' lang='lat' dir='ltr'>nostro</span> <span class='ocrx_word' id='word_1_603' title='bbox 2554 3173 2748 3230; x_wconf 91' lang='lat' dir='ltr'>studio</span> <span class='ocrx_word' id='word_1_604' title='bbox 2797 3190 3230 3246; x_wconf 88' lang='lat' dir='ltr'>comparamus,</span> <span class='ocrx_word' id='word_1_605' title='bbox 3288 3179 3345 3231; x_wconf 91' lang='lat' dir='ltr'>et</span> <span class='ocrx_word' id='word_1_606' title='bbox 3395 3175 3610 3243; x_wconf 82' lang='lat' dir='ltr'>habere</span> <span class='ocrx_word' id='word_1_607' title='bbox 3657 3193 3762 3233; x_wconf 91' lang='lat' dir='ltr'>nos</span> 
     </span>
    </p>
   </div>
   <div class='ocr_carea' id='block_1_81' title="bbox 2116 3263 3763 3334">
    <p class='ocr_par' dir='ltr' id='par_1_81' title="bbox 2116 3263 3763 3334">
     <span class='ocr_line' id='line_1_81' title="bbox 2116 3263 3763 3334; baseline 0.003 -18"><span class='ocrx_word' id='word_1_608' title='bbox 2116 3263 2386 3328; x_wconf 91' lang='lat' dir='ltr'>facimus,</span> <span class='ocrx_word' id='word_1_609' title='bbox 2410 3279 2556 3334; x_wconf 88' lang='lat' dir='ltr'>quas</span> <span class='ocrx_word' id='word_1_610' title='bbox 2586 3267 2739 3319; x_wconf 87' lang='lat' dir='ltr'>Deus</span> <span class='ocrx_word' id='word_1_611' title='bbox 2770 3263 2939 3318; x_wconf 82' lang='lat' dir='ltr'>nobis</span> <span class='ocrx_word' id='word_1_612' title='bbox 2969 3263 3204 3319; x_wconf 88' lang='lat' dir='ltr'>donavit</span> <span class='ocrx_word' id='word_1_613' title='bbox 3233 3263 3292 3318; x_wconf 94' lang='lat' dir='ltr'>in</span> <span class='ocrx_word' id='word_1_614' title='bbox 3318 3263 3564 3320; x_wconf 89' lang='lat' dir='ltr'>Christo.</span> <span class='ocrx_word' id='word_1_615' title='bbox 3599 3264 3763 3322; x_wconf 85' lang='lat' dir='ltr'>Alius</span> 
     </span>
    </p>
   </div>
   <div class='ocr_carea' id='block_1_82' title="bbox 2116 3351 3761 3426">
    <p class='ocr_par' dir='ltr' id='par_1_82' title="bbox 2116 3351 3761 3426">
     <span class='ocr_line' id='line_1_82' title="bbox 2116 3351 3761 3426; baseline 0.001 -20"><span class='ocrx_word' id='word_1_616' title='bbox 2116 3368 2248 3406; x_wconf 87' lang='lat' dir='ltr'>vero</span> <span class='ocrx_word' id='word_1_617' title='bbox 2276 3352 2384 3406; x_wconf 92' lang='lat' dir='ltr'>hoc</span> <span class='ocrx_word' id='word_1_618' title='bbox 2415 3353 2569 3423; x_wconf 91' lang='lat' dir='ltr'>quod</span> <span class='ocrx_word' id='word_1_619' title='bbox 2602 3351 2707 3425; x_wconf 82' lang='lat' dir='ltr'>ait,</span> <span class='ocrx_word' id='word_1_620' title='bbox 2733 3357 2994 3408; x_wconf 84' lang='lat' dir='ltr'>donantes</span> <span class='ocrx_word' id='word_1_621' title='bbox 3017 3352 3434 3423; x_wconf 87' lang='lat' dir='ltr'>vobismetipsis,</span> <span class='ocrx_word' id='word_1_622' title='bbox 3478 3353 3761 3426; x_wconf 90' lang='lat' dir='ltr'>simplici-</span> 
     </span>
    </p>
   </div>
   <div class='ocr_carea' id='block_1_83' title="bbox 2116 3441 3761 3513">
    <p class='ocr_par' dir='ltr' id='par_1_83' title="bbox 2116 3441 3761 3513">
     <span class='ocr_line' id='line_1_83' title="bbox 2116 3441 3761 3513; baseline 0.003 -19"><span class='ocrx_word' id='word_1_623' title='bbox 2116 3445 2205 3496; x_wconf 90' lang='lat' dir='ltr'>ter</span> <span class='ocrx_word' id='word_1_624' title='bbox 2233 3441 2495 3512; x_wconf 84' lang='lat' dir='ltr'>accipiet,</span> <span class='ocrx_word' id='word_1_625' title='bbox 2529 3445 2593 3495; x_wconf 89' lang='lat' dir='ltr'>ut</span> <span class='ocrx_word' id='word_1_626' title='bbox 2622 3442 2912 3512; x_wconf 90' lang='lat' dir='ltr'>quomodo</span> <span class='ocrx_word' id='word_1_627' title='bbox 2939 3458 3119 3513; x_wconf 90' lang='lat' dir='ltr'>supra</span> <span class='ocrx_word' id='word_1_628' title='bbox 3148 3441 3364 3496; x_wconf 89' lang='lat' dir='ltr'>dicitur</span> <span class='ocrx_word' id='word_1_629' title='bbox 3388 3458 3400 3496; x_wconf 93' lang='lat'>:</span> <span class='ocrx_word' id='word_1_630' title='bbox 3433 3444 3612 3498; x_wconf 87' lang='lat' dir='ltr'>Estote</span> <span class='ocrx_word' id='word_1_631' title='bbox 3651 3459 3761 3499; x_wconf 88' lang='lat' dir='ltr'>au-</span> 
     </span>
    </p>
   </div>
   <div class='ocr_carea' id='block_1_84' title="bbox 2117 3530 3765 3598">
    <p class='ocr_par' dir='ltr' id='par_1_84' title="bbox 2117 3530 3765 3598">
     <span class='ocr_line' id='line_1_84' title="bbox 2117 3530 3765 3598; baseline 0.001 -12"><span class='ocrx_word' id='word_1_632' title='bbox 2117 3540 2227 3586; x_wconf 88' lang='lat' dir='ltr'>tem</span> <span class='ocrx_word' id='word_1_633' title='bbox 2254 3532 2490 3585; x_wconf 79' lang='lat' dir='ltr'>invicem</span> <span class='ocrx_word' id='word_1_634' title='bbox 2517 3547 2730 3596; x_wconf 88' lang='lat' dir='ltr'>suaves,</span> <span class='ocrx_word' id='word_1_635' title='bbox 2771 3530 2854 3586; x_wconf 92' lang='lat' dir='ltr'>sic</span> <span class='ocrx_word' id='word_1_636' title='bbox 2903 3535 2960 3586; x_wconf 90' lang='lat' dir='ltr'>et</span> <span class='ocrx_word' id='word_1_637' title='bbox 3003 3546 3158 3585; x_wconf 90' lang='lat' dir='ltr'>nunc</span> <span class='ocrx_word' id='word_1_638' title='bbox 3209 3530 3456 3598; x_wconf 85' lang='lat' dir='ltr'>dicatur,</span> <span class='ocrx_word' id='word_1_639' title='bbox 3504 3531 3765 3588; x_wconf 83' lang='lat' dir='ltr'>donantes</span> 
     </span>
    </p>
   </div>
   <div class='ocr_carea' id='block_1_85' title="bbox 2117 3619 3766 3692">
    <p class='ocr_par' dir='ltr' id='par_1_85' title="bbox 2117 3619 3766 3692">
     <span class='ocr_line' id='line_1_85' title="bbox 2117 3619 3766 3692; baseline 0.001 -17"><span class='ocrx_word' id='word_1_640' title='bbox 2117 3619 2530 3691; x_wconf 85' lang='lat' dir='ltr'>vobismetipsis,</span> <span class='ocrx_word' id='word_1_641' title='bbox 2562 3637 2664 3692; x_wconf 90' lang='lat' dir='ltr'>pro</span> <span class='ocrx_word' id='word_1_642' title='bbox 2696 3636 2761 3674; x_wconf 92' lang='lat' dir='ltr'>eo</span> <span class='ocrx_word' id='word_1_643' title='bbox 2792 3620 2943 3691; x_wconf 92' lang='lat' dir='ltr'>quod</span> <span class='ocrx_word' id='word_1_644' title='bbox 2977 3623 3084 3688; x_wconf 90' lang='lat' dir='ltr'>est,</span> <span class='ocrx_word' id='word_1_645' title='bbox 3128 3620 3413 3676; x_wconf 88' lang='lat' dir='ltr'>donantes</span> <span class='ocrx_word' id='word_1_646' title='bbox 3460 3621 3624 3676; x_wconf 88' lang='lat' dir='ltr'>vobis</span> <span class='ocrx_word' id='word_1_647' title='bbox 3683 3622 3766 3676; x_wconf 91' lang='lat' dir='ltr'>in-</span> 
     </span>
    </p>
   </div>
   <div class='ocr_carea' id='block_1_86' title="bbox 2116 3708 3767 3780">
    <p class='ocr_par' dir='ltr' id='par_1_86' title="bbox 2116 3708 3767 3780">
     <span class='ocr_line' id='line_1_86' title="bbox 2116 3708 3767 3780; baseline 0.002 -18"><span class='ocrx_word' id='word_1_648' title='bbox 2116 3709 2298 3764; x_wconf 90' lang='lat' dir='ltr'>vicem</span> <span class='ocrx_word' id='word_1_649' title='bbox 2326 3726 2340 3762; x_wconf 92' lang='lat'>:</span> <span class='ocrx_word' id='word_1_650' title='bbox 2377 3713 2440 3764; x_wconf 93' lang='lat' dir='ltr'>ut</span> <span class='ocrx_word' id='word_1_651' title='bbox 2469 3709 2760 3780; x_wconf 90' lang='lat' dir='ltr'>quomodo</span> <span class='ocrx_word' id='word_1_652' title='bbox 2790 3709 2944 3764; x_wconf 90' lang='lat' dir='ltr'>Deus</span> <span class='ocrx_word' id='word_1_653' title='bbox 2987 3708 3153 3764; x_wconf 91' lang='lat' dir='ltr'>nobis</span> <span class='ocrx_word' id='word_1_654' title='bbox 3186 3709 3242 3763; x_wconf 89' lang='lat' dir='ltr'>in</span> <span class='ocrx_word' id='word_1_655' title='bbox 3293 3708 3518 3764; x_wconf 88' lang='lat' dir='ltr'>Christo</span> <span class='ocrx_word' id='word_1_656' title='bbox 3567 3715 3767 3766; x_wconf 91' lang='lat' dir='ltr'>nostra</span> 
     </span>
    </p>
   </div>
   <div class='ocr_carea' id='block_1_87' title="bbox 2119 3797 3764 3871">
    <p class='ocr_par' dir='ltr' id='par_1_87' title="bbox 2119 3797 3764 3871">
     <span class='ocr_line' id='line_1_87' title="bbox 2119 3797 3764 3871; baseline 0.001 -18"><span class='ocrx_word' id='word_1_657' title='bbox 2119 3803 2356 3870; x_wconf 88' lang='lat' dir='ltr'>peccata</span> <span class='ocrx_word' id='word_1_658' title='bbox 2386 3798 2642 3862; x_wconf 88' lang='lat' dir='ltr'>donavit,</span> <span class='ocrx_word' id='word_1_659' title='bbox 2675 3797 2758 3853; x_wconf 90' lang='lat' dir='ltr'>sic</span> <span class='ocrx_word' id='word_1_660' title='bbox 2789 3798 2965 3854; x_wconf 90' lang='lat' dir='ltr'>etiam</span> <span class='ocrx_word' id='word_1_661' title='bbox 2998 3814 3102 3853; x_wconf 90' lang='lat' dir='ltr'>nos</span> <span class='ocrx_word' id='word_1_662' title='bbox 3142 3797 3224 3853; x_wconf 91' lang='lat' dir='ltr'>eis</span> <span class='ocrx_word' id='word_1_663' title='bbox 3275 3797 3376 3870; x_wconf 92' lang='lat' dir='ltr'>qui</span> <span class='ocrx_word' id='word_1_664' title='bbox 3409 3798 3465 3852; x_wconf 91' lang='lat' dir='ltr'>in</span> <span class='ocrx_word' id='word_1_665' title='bbox 3498 3805 3604 3854; x_wconf 84' lang='lat' dir='ltr'>nos’</span> <span class='ocrx_word' id='word_1_666' title='bbox 3635 3815 3764 3871; x_wconf 89' lang='lat' dir='ltr'>pec-</span> 
     </span>
    </p>
   </div>
   <div class='ocr_carea' id='block_1_88' title="bbox 2118 3886 3764 3958">
    <p class='ocr_par' dir='ltr' id='par_1_88' title="bbox 2118 3886 3764 3958">
     <span class='ocr_line' id='line_1_88' title="bbox 2118 3886 3764 3958; baseline 0 -16"><span class='ocrx_word' id='word_1_667' title='bbox 2118 3887 2392 3954; x_wconf 87' lang='lat' dir='ltr'>caverint,</span> <span class='ocrx_word' id='word_1_668' title='bbox 2427 3888 2815 3942; x_wconf 89' lang='lat' dir='ltr'>dimittamus.</span> <span class='ocrx_word' id='word_1_669' title='bbox 2849 3887 2917 3941; x_wconf 89' lang='lat' dir='ltr'>Et</span> <span class='ocrx_word' id='word_1_670' title='bbox 2947 3887 3018 3941; x_wconf 88' lang='lat' dir='ltr'>ad</span> <span class='ocrx_word' id='word_1_671' title='bbox 3067 3886 3433 3958; x_wconf 90' lang='lat' dir='ltr'>probandum</span> <span class='ocrx_word' id='word_1_672' title='bbox 3484 3887 3638 3957; x_wconf 89' lang='lat' dir='ltr'>quod</span> <span class='ocrx_word' id='word_1_673' title='bbox 3671 3887 3764 3942; x_wconf 85' lang='lat' dir='ltr'>di-</span> 
     </span>
    </p>
   </div>
   <div class='ocr_carea' id='block_1_89' title="bbox 2118 3975 3764 4048">
    <p class='ocr_par' dir='ltr' id='par_1_89' title="bbox 2118 3975 3764 4048">
     <span class='ocr_line' id='line_1_89' title="bbox 2118 3975 3764 4048; baseline 0 -18"><span class='ocrx_word' id='word_1_674' title='bbox 2118 3975 2322 4032; x_wconf 89' lang='lat' dir='ltr'>missio</span> <span class='ocrx_word' id='word_1_675' title='bbox 2352 3981 2723 4048; x_wconf 91' lang='lat' dir='ltr'>peccatorum</span> <span class='ocrx_word' id='word_1_676' title='bbox 2755 3976 2813 4030; x_wconf 92' lang='lat' dir='ltr'>in</span> <span class='ocrx_word' id='word_1_677' title='bbox 2855 3975 3170 4047; x_wconf 88' lang='lat' dir='ltr'>Scripturis</span> <span class='ocrx_word' id='word_1_678' title='bbox 3200 3975 3434 4030; x_wconf 88' lang='lat' dir='ltr'>donatio</span> <span class='ocrx_word' id='word_1_679' title='bbox 3465 3991 3764 4046; x_wconf 89' lang='lat' dir='ltr'>nuncupe-</span> 
     </span>
    </p>
   </div>
   <div class='ocr_carea' id='block_1_90' title="bbox 2116 4063 3761 4136">
    <p class='ocr_par' dir='ltr' id='par_1_90' title="bbox 2116 4063 3761 4136">
     <span class='ocr_line' id='line_1_90' title="bbox 2116 4063 3761 4136; baseline 0 -18"><span class='ocrx_word' id='word_1_680' title='bbox 2116 4069 2232 4134; x_wconf 89' lang='lat' dir='ltr'>tur,</span> <span class='ocrx_word' id='word_1_681' title='bbox 2265 4064 2407 4119; x_wconf 92' lang='lat' dir='ltr'>illud</span> <span class='ocrx_word' id='word_1_682' title='bbox 2440 4070 2634 4120; x_wconf 87' lang='lat' dir='ltr'>sumet</span> <span class='ocrx_word' id='word_1_683' title='bbox 2663 4063 2993 4136; x_wconf 85' lang='lat' dir='ltr'>exemplum</span> <span class='ocrx_word' id='word_1_684' title='bbox 3025 4064 3177 4134; x_wconf 92' lang='lat' dir='ltr'>quod</span> <span class='ocrx_word' id='word_1_685' title='bbox 3203 4064 3261 4117; x_wconf 91' lang='lat' dir='ltr'>in</span> <span class='ocrx_word' id='word_1_686' title='bbox 3297 4068 3445 4116; x_wconf 85' lang='lat' dir='ltr'>Luca</span> <span class='ocrx_word' id='word_1_687' title='bbox 3465 4063 3761 4132; x_wconf 90' lang='lat' dir='ltr'>scribitur,</span> 
     </span>
    </p>
   </div>
   <div class='ocr_carea' id='block_1_91' title="bbox 2117 4151 3763 4223">
    <p class='ocr_par' dir='ltr' id='par_1_91' title="bbox 2117 4151 3763 4223">
     <span class='ocr_line' id='line_1_91' title="bbox 2117 4151 3763 4223; baseline 0 -15"><span class='ocrx_word' id='word_1_688' title='bbox 2117 4153 2218 4208; x_wconf 89' lang='lat' dir='ltr'>ubi</span> <span class='ocrx_word' id='word_1_689' title='bbox 2250 4152 2350 4208; x_wconf 91' lang='lat' dir='ltr'>uni</span> <span class='ocrx_word' id='word_1_690' title='bbox 2384 4152 2655 4208; x_wconf 87' lang='lat' dir='ltr'>creditori</span> <span class='ocrx_word' id='word_1_691' title='bbox 2700 4153 2850 4208; x_wconf 88' lang='lat' dir='ltr'>alius</span> <span class='ocrx_word' id='word_1_692' title='bbox 2882 4152 3128 4207; x_wconf 88' lang='lat' dir='ltr'>debebat</span> <span class='ocrx_word' id='word_1_693' title='bbox 3175 4151 3528 4223; x_wconf 87' lang='lat' dir='ltr'>quingentos</span> <span class='ocrx_word' id='word_1_694' title='bbox 3586 4152 3763 4208; x_wconf 86' lang='lat' dir='ltr'>dena-</span> 
     </span>
    </p>
   </div>
   <div class='ocr_carea' id='block_1_92' title="bbox 2118 4240 3760 4313">
    <p class='ocr_par' dir='ltr' id='par_1_92' title="bbox 2118 4240 3760 4313">
     <span class='ocr_line' id='line_1_92' title="bbox 2118 4240 3760 4313; baseline 0 -16"><span class='ocrx_word' id='word_1_695' title='bbox 2118 4242 2256 4308; x_wconf 90' lang='lat' dir='ltr'>rios,</span> <span class='ocrx_word' id='word_1_696' title='bbox 2292 4251 2349 4297; x_wconf 88' lang='lat' dir='ltr'>et</span> <span class='ocrx_word' id='word_1_697' title='bbox 2372 4242 2523 4298; x_wconf 89' lang='lat' dir='ltr'>alius</span> <span class='ocrx_word' id='word_1_698' title='bbox 2552 4241 3000 4313; x_wconf 89' lang='lat' dir='ltr'>quinquaginta,</span> <span class='ocrx_word' id='word_1_699' title='bbox 3040 4257 3189 4310; x_wconf 92' lang='lat' dir='ltr'>quos</span> <span class='ocrx_word' id='word_1_700' title='bbox 3234 4240 3500 4312; x_wconf 90' lang='lat' dir='ltr'>utrisque</span> <span class='ocrx_word' id='word_1_701' title='bbox 3527 4256 3760 4297; x_wconf 91' lang='lat' dir='ltr'>conces-</span> 
     </span>
    </p>
   </div>
   <div class='ocr_carea' id='block_1_93' title="bbox 2118 4327 3765 4401">
    <p class='ocr_par' dir='ltr' id='par_1_93' title="bbox 2118 4327 3765 4401">
     <span class='ocr_line' id='line_1_93' title="bbox 2118 4327 3765 4401; baseline -0.002 -15"><span class='ocrx_word' id='word_1_702' title='bbox 2118 4331 2281 4396; x_wconf 90' lang='lat' dir='ltr'>serit,</span> <span class='ocrx_word' id='word_1_703' title='bbox 2321 4337 2378 4386; x_wconf 90' lang='lat' dir='ltr'>et</span> <span class='ocrx_word' id='word_1_704' title='bbox 2429 4331 2500 4384; x_wconf 88' lang='lat' dir='ltr'>ad</span> <span class='ocrx_word' id='word_1_705' title='bbox 2561 4329 3076 4401; x_wconf 89' lang='lat' dir='ltr'>interrogationem</span> <span class='ocrx_word' id='word_1_706' title='bbox 3138 4327 3455 4384; x_wconf 89' lang='lat' dir='ltr'>Salvatoris</span> <span class='ocrx_word' id='word_1_707' title='bbox 3508 4327 3606 4396; x_wconf 80' lang='lat' dir='ltr'>ille</span> <span class='ocrx_word' id='word_1_708' title='bbox 3663 4329 3765 4401; x_wconf 91' lang='lat' dir='ltr'>qui</span> 
     </span>
    </p>
   </div>
   <div class='ocr_carea' id='block_1_94' title="bbox 2118 4417 3765 4490">
    <p class='ocr_par' dir='ltr' id='par_1_94' title="bbox 2118 4417 3765 4490">
     <span class='ocr_line' id='line_1_94' title="bbox 2118 4417 3765 4490; baseline 0.002 -19"><span class='ocrx_word' id='word_1_709' title='bbox 2118 4418 2510 4490; x_wconf 77' lang='lat' dir='ltr'>interrogatus</span> <span class='ocrx_word' id='word_1_710' title='bbox 2542 4418 2748 4484; x_wconf 87' lang='lat' dir='ltr'>fuerat,</span> <span class='ocrx_word' id='word_1_711' title='bbox 2785 4417 3168 4488; x_wconf 90' lang='lat' dir='ltr'>responderit,</span> <span class='ocrx_word' id='word_1_712' title='bbox 3203 4417 3481 4488; x_wconf 90' lang='lat' dir='ltr'>majorem</span> <span class='ocrx_word' id='word_1_713' title='bbox 3515 4417 3765 4490; x_wconf 84' lang='lat' dir='ltr'>gratiam</span> 
     </span>
    </p>
   </div>
   <div class='ocr_carea' id='block_1_95' title="bbox 359 4506 3762 4584">
    <p class='ocr_par' dir='ltr' id='par_1_95' title="bbox 359 4506 3762 4584">
     <span class='ocr_line' id='line_1_95' title="bbox 359 4506 3762 4584; baseline -0.001 -20"><span class='ocrx_word' id='word_1_714' title='bbox 359 4525 429 4564; x_wconf 86' lang='lat' dir='ltr'>ac</span> <span class='ocrx_word' id='word_1_715' title='bbox 462 4512 628 4565; x_wconf 91' lang='lat' dir='ltr'>nocte</span> <span class='ocrx_word' id='word_1_716' title='bbox 658 4509 827 4580; x_wconf 86' lang='lat' dir='ltr'>(Psat.</span> <span class='ocrx_word' id='word_1_717' title='bbox 864 4525 903 4576; x_wconf 88' lang='lat'>1,</span> <span class='ocrx_word' id='word_1_718' title='bbox 934 4508 1012 4579; x_wconf 88' lang='lat'>2):</span> <span class='ocrx_word' id='word_1_719' title='bbox 1046 4512 1111 4564; x_wconf 92' lang='lat' dir='ltr'>ut</span> <span class='ocrx_word' id='word_1_720' title='bbox 1140 4509 1366 4582; x_wconf 86' lang='lat' dir='ltr'>probati</span> <span class='ocrx_word' id='word_1_721' title='bbox 1397 4509 1708 4582; x_wconf 72' lang='lat' dir='ltr'>trapezitae,</span> <span class='ocrx_word' id='word_1_722' title='bbox 1753 4513 2012 4570; x_wconf 88' lang='lat' dir='ltr'>sciamus</span> <span class='ocrx_word' id='word_1_723' title='bbox 2043 4519 2086 4584; x_wconf 85' lang='lat' dir='ltr'>D</span> <span class='ocrx_word' id='word_1_724' title='bbox 2119 4507 2286 4563; x_wconf 85' lang='lat' dir='ltr'>illum</span> <span class='ocrx_word' id='word_1_725' title='bbox 2318 4506 2532 4562; x_wconf 88' lang='lat' dir='ltr'>habere</span> <span class='ocrx_word' id='word_1_726' title='bbox 2552 4507 2642 4561; x_wconf 91' lang='lat' dir='ltr'>cui</span> <span class='ocrx_word' id='word_1_727' title='bbox 2666 4506 2799 4578; x_wconf 88' lang='lat' dir='ltr'>plus</span> <span class='ocrx_word' id='word_1_728' title='bbox 2821 4507 3102 4561; x_wconf 88' lang='lat' dir='ltr'>donatum</span> <span class='ocrx_word' id='word_1_729' title='bbox 3137 4506 3213 4561; x_wconf 90' lang='lat' dir='ltr'>sit</span> <span class='ocrx_word' id='word_1_730' title='bbox 3243 4507 3397 4576; x_wconf 82' lang='lat' dir='ltr'>(Luc.</span> <span class='ocrx_word' id='word_1_731' title='bbox 3430 4522 3531 4573; x_wconf 83' lang='lat' dir='ltr'>vn,</span> <span class='ocrx_word' id='word_1_732' title='bbox 3557 4506 3762 4577; x_wconf 83' lang='grc'>41-43).</span> 
     </span>
    </p>
   </div>
   <div class='ocr_carea' id='block_1_96' title="bbox 364 4596 2007 4670">
    <p class='ocr_par' dir='ltr' id='par_1_96' title="bbox 364 4596 2007 4670">
     <span class='ocr_line' id='line_1_96' title="bbox 364 4596 2007 4670; baseline 0.004 -18"><span class='ocrx_word' id='word_1_733' title='bbox 364 4597 500 4669; x_wconf 89' lang='lat' dir='ltr'>quis</span> <span class='ocrx_word' id='word_1_734' title='bbox 531 4613 812 4654; x_wconf 90' lang='lat' dir='ltr'>nummus</span> <span class='ocrx_word' id='word_1_735' title='bbox 843 4598 1062 4670; x_wconf 89' lang='lat' dir='ltr'>probus</span> <span class='ocrx_word' id='word_1_736' title='bbox 1093 4596 1188 4670; x_wconf 92' lang='lat' dir='ltr'>sit,</span> <span class='ocrx_word' id='word_1_737' title='bbox 1215 4599 1348 4670; x_wconf 88' lang='lat' dir='ltr'>quis</span> <span class='ocrx_word' id='word_1_738' title='bbox 1370 4599 1620 4657; x_wconf 90' lang='lat' dir='ltr'>adulter.</span> <span class='ocrx_word' id='word_1_739' title='bbox 1643 4600 1816 4660; x_wconf 90' lang='lat' dir='ltr'>Porro</span> <span class='ocrx_word' id='word_1_740' title='bbox 1847 4619 2007 4658; x_wconf 88' lang='lat' dir='ltr'>ama-</span> 
     </span>
    </p>
   </div>
   <div class='ocr_carea' id='block_1_97' title="bbox 359 4685 2008 4763">
    <p class='ocr_par' dir='ltr' id='par_1_97' title="bbox 359 4685 2008 4763">
     <span class='ocr_line' id='line_1_97' title="bbox 359 4685 2008 4763; baseline 0.003 -21"><span class='ocrx_word' id='word_1_741' title='bbox 359 4685 704 4758; x_wconf 85' lang='lat' dir='ltr'>ritudinem,</span> <span class='ocrx_word' id='word_1_742' title='bbox 740 4687 1016 4755; x_wconf 86' lang='lat' dir='ltr'>furorem,</span> <span class='ocrx_word' id='word_1_743' title='bbox 1047 4686 1219 4752; x_wconf 91' lang='lat' dir='ltr'>iram,</span> <span class='ocrx_word' id='word_1_744' title='bbox 1253 4687 1587 4756; x_wconf 90' lang='lat' dir='ltr'>clamorem,</span> <span class='ocrx_word' id='word_1_745' title='bbox 1632 4694 1806 4763; x_wconf 89' lang='lat' dir='ltr'>atque</span> <span class='ocrx_word' id='word_1_746' title='bbox 1851 4691 2008 4748; x_wconf 91' lang='lat' dir='ltr'>blas-</span> 
     </span>
    </p>
   </div>
   <div class='ocr_carea' id='block_1_98' title="bbox 360 4773 2006 4848">
    <p class='ocr_par' dir='ltr' id='par_1_98' title="bbox 360 4773 2006 4848">
     <span class='ocr_line' id='line_1_98' title="bbox 360 4773 2006 4848; baseline 0.004 -18"><span class='ocrx_word' id='word_1_747' title='bbox 360 4773 660 4848; x_wconf 88' lang='lat' dir='ltr'>phemiam</span> <span class='ocrx_word' id='word_1_748' title='bbox 694 4777 776 4831; x_wconf 91' lang='lat' dir='ltr'>sic</span> <span class='ocrx_word' id='word_1_749' title='bbox 806 4775 1085 4833; x_wconf 89' lang='lat' dir='ltr'>tollamus</span> <span class='ocrx_word' id='word_1_750' title='bbox 1116 4793 1149 4833; x_wconf 88' lang='lat' dir='ltr'>a</span> <span class='ocrx_word' id='word_1_751' title='bbox 1178 4777 1369 4844; x_wconf 90' lang='lat' dir='ltr'>nobis,</span> <span class='ocrx_word' id='word_1_752' title='bbox 1403 4782 1468 4832; x_wconf 92' lang='lat' dir='ltr'>ut</span> <span class='ocrx_word' id='word_1_753' title='bbox 1512 4794 1645 4833; x_wconf 90' lang='lat' dir='ltr'>cum</span> <span class='ocrx_word' id='word_1_754' title='bbox 1678 4781 1836 4834; x_wconf 88' lang='lat' dir='ltr'>omni</span> <span class='ocrx_word' id='word_1_755' title='bbox 1886 4797 2006 4836; x_wconf 91' lang='lat' dir='ltr'>ma-</span> 
     </span>
    </p>
   </div>
   <div class='ocr_carea' id='block_1_99' title="bbox 361 4864 2011 4924">
    <p class='ocr_par' dir='ltr' id='par_1_99' title="bbox 361 4864 2011 4924">
     <span class='ocr_line' id='line_1_99' title="bbox 361 4864 2011 4924; baseline 0.002 -4"><span class='ocrx_word' id='word_1_756' title='bbox 361 4864 493 4920; x_wconf 89' lang='lat' dir='ltr'>litia</span> <span class='ocrx_word' id='word_1_757' title='bbox 522 4864 880 4922; x_wconf 87' lang='lat' dir='ltr'>auferantur.</span> <span class='ocrx_word' id='word_1_758' title='bbox 914 4864 1129 4921; x_wconf 81' lang='lat' dir='ltr'>Malitia</span> <span class='ocrx_word' id='word_1_759' title='bbox 1153 4869 1348 4921; x_wconf 90' lang='lat' dir='ltr'>autem</span> <span class='ocrx_word' id='word_1_760' title='bbox 1371 4864 1456 4921; x_wconf 89' lang='lat' dir='ltr'>vel</span> <span class='ocrx_word' id='word_1_761' title='bbox 1491 4867 1781 4922; x_wconf 89' lang='lat' dir='ltr'>contraria</span> <span class='ocrx_word' id='word_1_762' title='bbox 1810 4868 2011 4924; x_wconf 90' lang='lat' dir='ltr'>virtuti</span> 
     </span>
    </p>
   </div>
   <div class='ocr_carea' id='block_1_100' title="bbox 437 4988 2011 5062">
    <p class='ocr_par' dir='ltr' id='par_1_100' title="bbox 437 4988 2011 5062">
     <span class='ocr_line' id='line_1_100' title="bbox 437 4988 2011 5062; baseline 0.002 -16"><span class='ocrx_word' id='word_1_763' title='bbox 437 4990 454 5024; x_wconf 88' lang='grc'>¹</span> <span class='ocrx_word' id='word_1_764' title='bbox 488 4988 794 5062; x_wconf 75' lang='lat' dir='ltr'>Nonopus</span> <span class='ocrx_word' id='word_1_765' title='bbox 824 4994 912 5046; x_wconf 88' lang='lat' dir='ltr'>est</span> <span class='ocrx_word' id='word_1_766' title='bbox 941 5007 1252 5062; x_wconf 88' lang='lat' dir='ltr'>recoquere</span> <span class='ocrx_word' id='word_1_767' title='bbox 1283 5006 1410 5062; x_wconf 62' lang='lat' dir='ltr'>qua:</span> <span class='ocrx_word' id='word_1_768' title='bbox 1461 4991 1530 5045; x_wconf 92' lang='lat' dir='ltr'>de</span> <span class='ocrx_word' id='word_1_769' title='bbox 1582 4991 1758 5048; x_wconf 90' lang='lat' dir='ltr'>hocce</span> <span class='ocrx_word' id='word_1_770' title='bbox 1789 4993 2011 5049; x_wconf 88' lang='lat' dir='ltr'>addita-</span> 
     </span>
    </p>
   </div>
   <div class='ocr_carea' id='block_1_101' title="bbox 363 5060 2008 5135">
    <p class='ocr_par' dir='ltr' id='par_1_101' title="bbox 363 5060 2008 5135">
     <span class='ocr_line' id='line_1_101' title="bbox 363 5060 2008 5135; baseline 0.004 -21"><span class='ocrx_word' id='word_1_771' title='bbox 363 5065 560 5116; x_wconf 90' lang='lat' dir='ltr'>mento</span> <span class='ocrx_word' id='word_1_772' title='bbox 586 5060 1017 5135; x_wconf 79' lang='lat' dir='ltr'>disputavimus</span> <span class='ocrx_word' id='word_1_773' title='bbox 1037 5060 1157 5117; x_wconf 78' lang='lat' dir='ltr'>tam</span> <span class='ocrx_word' id='word_1_774' title='bbox 1181 5062 1239 5116; x_wconf 92' lang='lat' dir='ltr'>in</span> <span class='ocrx_word' id='word_1_775' title='bbox 1271 5060 1442 5135; x_wconf 84' lang='lat' dir='ltr'>epist.</span> <span class='ocrx_word' id='word_1_776' title='bbox 1470 5063 1536 5116; x_wconf 87' lang='lat'><strong>13</strong></span> <span class='ocrx_word' id='word_1_777' title='bbox 1555 5063 1624 5117; x_wconf 86' lang='lat' dir='ltr'>ad</span> <span class='ocrx_word' id='word_1_778' title='bbox 1646 5063 2008 5135; x_wconf 82' lang='lat' dir='ltr'>Castormam,</span> 
     </span>
    </p>
   </div>
   <div class='ocr_carea' id='block_1_102' title="bbox 364 5077 2012 5206">
    <p class='ocr_par' dir='ltr' id='par_1_102' title="bbox 364 5077 2012 5206">
     <span class='ocr_line' id='line_1_102' title="bbox 364 5077 2008 5187; baseline 0.004 -73"><span class='ocrx_word' id='word_1_779' title='bbox 364 5077 560 5116; x_wconf 80' lang='lat' dir='ltr'>mento</span> <span class='ocrx_word' id='word_1_780' title='bbox 586 5077 1017 5186; x_wconf 53' lang='lat' dir='ltr'>msqutawmus</span> <span class='ocrx_word' id='word_1_781' title='bbox 1037 5077 1157 5117; x_wconf 80' lang='lat' dir='ltr'>tam</span> <span class='ocrx_word' id='word_1_782' title='bbox 1181 5079 1239 5116; x_wconf 79' lang='lat' dir='ltr'>1n</span> <span class='ocrx_word' id='word_1_783' title='bbox 1271 5077 1442 5187; x_wconf 56' lang='lat'>8%1813.</span> <span class='ocrx_word' id='word_1_784' title='bbox 1470 5077 1536 5116; x_wconf 72' lang='lat'>1:5</span> <span class='ocrx_word' id='word_1_785' title='bbox 1555 5077 1623 5117; x_wconf 91' lang='lat' dir='ltr'>aa</span> <span class='ocrx_word' id='word_1_786' title='bbox 1646 5077 2008 5135; x_wconf 76' lang='lat' dir='ltr'>c&#39;astorznam,</span> 
     </span>
     <span class='ocr_line' id='line_1_103' title="bbox 364 5133 2012 5206; baseline 0.004 -20"><span class='ocrx_word' id='word_1_787' title='bbox 364 5147 542 5203; x_wconf 87' lang='lat' dir='ltr'>quam</span> <span class='ocrx_word' id='word_1_788' title='bbox 575 5149 689 5206; x_wconf 80' lang='lat' dir='ltr'>pau</span> <span class='ocrx_word' id='word_1_789' title='bbox 717 5150 750 5188; x_wconf 89' lang='grc' dir='ltr'>ο</span> <span class='ocrx_word' id='word_1_790' title='bbox 782 5135 1054 5206; x_wconf 81' lang='lat' dir='ltr'>superius</span> <span class='ocrx_word' id='word_1_791' title='bbox 1084 5135 1140 5206; x_wconf 88' lang='lat' dir='ltr'>in</span> <span class='ocrx_word' id='word_1_792' title='bbox 1171 5136 1314 5206; x_wconf 72' lang='lat' dir='ltr'>Matt</span> <span class='ocrx_word' id='word_1_793' title='bbox 1361 5133 1426 5206; x_wconf 59' lang='lat' dir='ltr'>ai</span> <span class='ocrx_word' id='word_1_794' title='bbox 1477 5139 1652 5206; x_wconf 86' lang='lat' dir='ltr'>caput</span> <span class='ocrx_word' id='word_1_795' title='bbox 1679 5151 1732 5189; x_wconf 84' lang='grc' dir='ltr'>ν.</span> <span class='ocrx_word' id='word_1_796' title='bbox 1786 5137 2012 5192; x_wconf 89' lang='lat' dir='ltr'>Addere</span> 
     </span>
    </p>
   </div>
   <div class='ocr_carea' id='block_1_103' title="bbox 361 5203 2010 5278">
    <p class='ocr_par' dir='ltr' id='par_1_103' title="bbox 361 5203 2010 5278">
     <span class='ocr_line' id='line_1_104' title="bbox 361 5203 2010 5278; baseline 0.004 -21"><span class='ocrx_word' id='word_1_797' title='bbox 361 5203 764 5278; x_wconf 30' lang='lat' dir='ltr'>tamenjliceat</span> <span class='ocrx_word' id='word_1_798' title='bbox 795 5203 1067 5278; x_wconf 19' lang='lat' dir='ltr'>laudatis,</span> <span class='ocrx_word' id='word_1_799' title='bbox 1107 5204 1184 5278; x_wconf 80' lang='lat' dir='ltr'>ibi</span> <span class='ocrx_word' id='word_1_800' title='bbox 1243 5203 1637 5278; x_wconf 66' lang='lat' dir='ltr'>testimoniis,</span> <span class='ocrx_word' id='word_1_801' title='bbox 1667 5206 2010 5278; x_wconf 84' lang='lat' dir='ltr'>Chrysosto-</span> 
     </span>
    </p>
   </div>
   <div class='ocr_carea' id='block_1_104' title="bbox 363 5275 2010 5342">
    <p class='ocr_par' dir='ltr' id='par_1_104' title="bbox 363 5275 2010 5342">
     <span class='ocr_line' id='line_1_105' title="bbox 363 5275 2010 5342; baseline 0.003 -13"><span class='ocrx_word' id='word_1_802' title='bbox 363 5290 528 5331; x_wconf 90' lang='lat' dir='ltr'>mum</span> <span class='ocrx_word' id='word_1_803' title='bbox 561 5275 722 5331; x_wconf 91' lang='lat' dir='ltr'>hom.</span> <span class='ocrx_word' id='word_1_804' title='bbox 785 5275 870 5342; x_wconf 86' lang='grc'>16,</span> <span class='ocrx_word' id='word_1_805' title='bbox 900 5276 959 5330; x_wconf 89' lang='lat' dir='ltr'>in</span> <span class='ocrx_word' id='word_1_806' title='bbox 1015 5277 1378 5342; x_wconf 78' lang='lat' dir='ltr'>Mattbaeum,</span> <span class='ocrx_word' id='word_1_807' title='bbox 1411 5279 1466 5330; x_wconf 88' lang='lat' dir='ltr'>et</span> <span class='ocrx_word' id='word_1_808' title='bbox 1503 5277 1558 5339; x_wconf 88' lang='lat'>6,</span> <span class='ocrx_word' id='word_1_809' title='bbox 1609 5277 1678 5332; x_wconf 93' lang='lat' dir='ltr'>de</span> <span class='ocrx_word' id='word_1_810' title='bbox 1734 5275 2010 5334; x_wconf 79' lang='lat' dir='ltr'>laudibus</span> 
     </span>
    </p>
   </div>
   <div class='ocr_carea' id='block_1_105' title="bbox 362 5344 2011 5422">
    <p class='ocr_par' dir='ltr' id='par_1_105' title="bbox 362 5344 2011 5422">
     <span class='ocr_line' id='line_1_106' title="bbox 362 5344 2011 5422; baseline 0.003 -21"><span class='ocrx_word' id='word_1_811' title='bbox 362 5344 546 5422; x_wconf 74' lang='lat' dir='ltr'>Pauli,</span> <span class='ocrx_word' id='word_1_812' title='bbox 582 5351 882 5422; x_wconf 65' lang='lat' dir='ltr'>auctorem</span> <span class='ocrx_word' id='word_1_813' title='bbox 916 5346 1105 5419; x_wconf 86' lang='lat' dir='ltr'>Operis</span> <span class='ocrx_word' id='word_1_814' title='bbox 1153 5348 1467 5422; x_wconf 77' lang='lat' dir='ltr'>imperfecti</span> <span class='ocrx_word' id='word_1_815' title='bbox 1504 5346 1661 5402; x_wconf 91' lang='lat' dir='ltr'>hom.</span> <span class='ocrx_word' id='word_1_816' title='bbox 1694 5351 1728 5402; x_wconf 88' lang='lat'>2</span> <span class='ocrx_word' id='word_1_817' title='bbox 1759 5355 1817 5422; x_wconf 80' lang='lat' dir='ltr'>et</span> <span class='ocrx_word' id='word_1_818' title='bbox 1868 5357 2011 5422; x_wconf 79' lang='lat' dir='ltr'>Apo-</span> 
     </span>
    </p>
   </div>
   <div class='ocr_carea' id='block_1_106' title="bbox 361 5416 2010 5491">
    <p class='ocr_par' dir='ltr' id='par_1_106' title="bbox 361 5416 2010 5491">
     <span class='ocr_line' id='line_1_107' title="bbox 361 5416 2010 5491; baseline 0.004 -21"><span class='ocrx_word' id='word_1_819' title='bbox 361 5416 748 5490; x_wconf 75' lang='lat' dir='ltr'>phthegmata</span> <span class='ocrx_word' id='word_1_820' title='bbox 777 5416 1013 5474; x_wconf 80' lang='lat' dir='ltr'>Patrum</span> <span class='ocrx_word' id='word_1_821' title='bbox 1045 5420 1199 5491; x_wconf 88' lang='lat' dir='ltr'>apud</span> <span class='ocrx_word' id='word_1_822' title='bbox 1224 5416 1736 5491; x_wconf 9' lang='lat' dir='ltr'>Coteleriumgtom.</span> <span class='ocrx_word' id='word_1_823' title='bbox 1762 5421 1806 5486; x_wconf 83' lang='grc' dir='ltr'>Ι,</span> <span class='ocrx_word' id='word_1_824' title='bbox 1838 5416 2010 5477; x_wconf 81' lang='lat' dir='ltr'>alios-</span> 
     </span>
    </p>
   </div>
   <div class='ocr_carea' id='block_1_107' title="bbox 362 5489 2013 5573">
    <p class='ocr_par' dir='ltr' id='par_1_107' title="bbox 362 5489 2013 5573">
     <span class='ocr_line' id='line_1_108' title="bbox 362 5489 2013 5573; baseline 0.003 -29"><span class='ocrx_word' id='word_1_825' title='bbox 362 5503 496 5573; x_wconf 35' lang='lat' dir='ltr'>quel.</span> <span class='ocrx_word' id='word_1_826' title='bbox 530 5489 847 5573; x_wconf 71' lang='lat' dir='ltr'>Cassianus</span> <span class='ocrx_word' id='word_1_827' title='bbox 876 5491 979 5573; x_wconf 63' lang='lat' dir='ltr'>lib.</span> <span class='ocrx_word' id='word_1_828' title='bbox 1013 5489 1133 5573; x_wconf 67' lang='lat' dir='ltr'>vin,</span> <span class='ocrx_word' id='word_1_829' title='bbox 1182 5507 1310 5573; x_wconf 81' lang='lat' dir='ltr'>cap.</span> <span class='ocrx_word' id='word_1_830' title='bbox 1341 5490 1461 5573; x_wconf 54' lang='lat'>20,”</span> <span class='ocrx_word' id='word_1_831' title='bbox 1484 5489 1628 5573; x_wconf 74' lang='lat' dir='ltr'>satis</span> <span class='ocrx_word' id='word_1_832' title='bbox 1686 5489 2013 5573; x_wconf 74' lang='lat' dir='ltr'>luculenter</span> 
     </span>
    </p>
   </div>
   <div class='ocr_carea' id='block_1_108' title="bbox 357 5561 2012 5638">
    <p class='ocr_par' dir='ltr' id='par_1_108' title="bbox 357 5561 2012 5638">
     <span class='ocr_line' id='line_1_109' title="bbox 357 5561 2012 5638; baseline 0.002 -18"><span class='ocrx_word' id='word_1_833' title='bbox 357 5561 665 5620; x_wconf 77' lang='lat' dir='ltr'>contendit</span> <span class='ocrx_word' id='word_1_834' title='bbox 691 5561 988 5636; x_wconf 84' lang='lat' dir='ltr'>superfluo</span> <span class='ocrx_word' id='word_1_835' title='bbox 1017 5561 1220 5620; x_wconf 90' lang='lat' dir='ltr'>haberi</span> <span class='ocrx_word' id='word_1_836' title='bbox 1251 5561 1312 5620; x_wconf 90' lang='lat' dir='ltr'>in</span> <span class='ocrx_word' id='word_1_837' title='bbox 1344 5561 1700 5634; x_wconf 88' lang='lat' dir='ltr'>quibusdam</span> <span class='ocrx_word' id='word_1_838' title='bbox 1727 5565 2012 5638; x_wconf 81' lang='lat' dir='ltr'>exempla-</span> 
     </span>
    </p>
   </div>
   <div class='ocr_carea' id='block_1_109' title="bbox 2118 4593 3766 4653">
    <p class='ocr_par' dir='ltr' id='par_1_109' title="bbox 2118 4593 3766 4653">
     <span class='ocr_line' id='line_1_110' title="bbox 2118 4593 3766 4653; baseline -0.002 0"><span class='ocrx_word' id='word_1_839' title='bbox 2118 4596 2343 4653; x_wconf 91' lang='lat' dir='ltr'>Dicitur</span> <span class='ocrx_word' id='word_1_840' title='bbox 2396 4599 2454 4650; x_wconf 91' lang='lat' dir='ltr'>et</span> <span class='ocrx_word' id='word_1_841' title='bbox 2509 4595 2569 4650; x_wconf 94' lang='lat' dir='ltr'>in</span> <span class='ocrx_word' id='word_1_842' title='bbox 2629 4597 2887 4651; x_wconf 83' lang='lat' dir='ltr'>oratione</span> <span class='ocrx_word' id='word_1_843' title='bbox 2929 4593 3272 4650; x_wconf 88' lang='lat' dir='ltr'>Dominica:</span> <span class='ocrx_word' id='word_1_844' title='bbox 3332 4595 3556 4648; x_wconf 88' lang='lat' dir='ltr'>Dimitte</span> <span class='ocrx_word' id='word_1_845' title='bbox 3610 4594 3766 4650; x_wconf 79' lang='lat' dir='ltr'>nobis</span> 
     </span>
    </p>
   </div>
   <div class='ocr_carea' id='block_1_110' title="bbox 2118 4681 3766 4754">
    <p class='ocr_par' dir='ltr' id='par_1_110' title="bbox 2118 4681 3766 4754">
     <span class='ocr_line' id='line_1_111' title="bbox 2118 4681 3766 4754; baseline -0.003 -13"><span class='ocrx_word' id='word_1_846' title='bbox 2118 4685 2298 4754; x_wconf 85' lang='lat' dir='ltr'>debita</span> <span class='ocrx_word' id='word_1_847' title='bbox 2352 4688 2561 4752; x_wconf 87' lang='lat' dir='ltr'>nostra,</span> <span class='ocrx_word' id='word_1_848' title='bbox 2619 4685 2760 4739; x_wconf 87' lang='lat' dir='ltr'>sicut</span> <span class='ocrx_word' id='word_1_849' title='bbox 2816 4691 2867 4739; x_wconf 88' lang='lat' dir='ltr'>et</span> <span class='ocrx_word' id='word_1_850' title='bbox 2914 4699 3013 4738; x_wconf 85' lang='lat' dir='ltr'>nos</span> <span class='ocrx_word' id='word_1_851' title='bbox 3055 4682 3383 4738; x_wconf 83' lang='lat' dir='ltr'>dimittimus</span> <span class='ocrx_word' id='word_1_852' title='bbox 3436 4681 3766 4737; x_wconf 85' lang='lat' dir='ltr'>debitoribus</span> 
     </span>
    </p>
   </div>
   <div class='ocr_carea' id='block_1_111' title="bbox 2118 4769 3766 4846">
    <p class='ocr_par' dir='ltr' id='par_1_111' title="bbox 2118 4769 3766 4846">
     <span class='ocr_line' id='line_1_112' title="bbox 2118 4769 3766 4846; baseline -0.004 -15"><span class='ocrx_word' id='word_1_853' title='bbox 2118 4776 2330 4831; x_wconf 83' lang='lat' dir='ltr'>nostris</span> <span class='ocrx_word' id='word_1_854' title='bbox 2362 4773 2566 4846; x_wconf 81' lang='lat' dir='ltr'>(Matth.</span> <span class='ocrx_word' id='word_1_855' title='bbox 2598 4789 2680 4840; x_wconf 71' lang='lat' dir='ltr'>vn,</span> <span class='ocrx_word' id='word_1_856' title='bbox 2716 4773 2821 4844; x_wconf 86' lang='grc'>12).</span> <span class='ocrx_word' id='word_1_857' title='bbox 2856 4777 3008 4828; x_wconf 90' lang='lat' dir='ltr'>Deus</span> <span class='ocrx_word' id='word_1_858' title='bbox 3055 4777 3250 4827; x_wconf 89' lang='lat' dir='ltr'>autem</span> <span class='ocrx_word' id='word_1_859' title='bbox 3302 4770 3471 4826; x_wconf 91' lang='lat' dir='ltr'>nobis</span> <span class='ocrx_word' id='word_1_860' title='bbox 3530 4769 3766 4825; x_wconf 89' lang='lat' dir='ltr'>donavit</span> 
     </span>
    </p>
   </div>
   <div class='ocr_carea' id='block_1_112' title="bbox 2118 4860 3762 4932">
    <p class='ocr_par' dir='ltr' id='par_1_112' title="bbox 2118 4860 3762 4932">
     <span class='ocr_line' id='line_1_113' title="bbox 2118 4860 3762 4932; baseline -0.002 -13"><span class='ocrx_word' id='word_1_861' title='bbox 2118 4865 2177 4920; x_wconf 93' lang='lat' dir='ltr'>in</span> <span class='ocrx_word' id='word_1_862' title='bbox 2211 4864 2464 4931; x_wconf 87' lang='lat' dir='ltr'>Christo,</span> <span class='ocrx_word' id='word_1_863' title='bbox 2496 4880 2610 4919; x_wconf 93' lang='lat' dir='ltr'>non</span> <span class='ocrx_word' id='word_1_864' title='bbox 2643 4868 2803 4918; x_wconf 84' lang='lat' dir='ltr'>extra</span> <span class='ocrx_word' id='word_1_865' title='bbox 2834 4863 3078 4932; x_wconf 90' lang='lat' dir='ltr'>positus,</span> <span class='ocrx_word' id='word_1_866' title='bbox 3113 4861 3212 4916; x_wconf 90' lang='lat' dir='ltr'>sed</span> <span class='ocrx_word' id='word_1_867' title='bbox 3246 4860 3516 4925; x_wconf 87' lang='lat' dir='ltr'>habitans</span> <span class='ocrx_word' id='word_1_868' title='bbox 3564 4860 3624 4914; x_wconf 92' lang='lat' dir='ltr'>in</span> <span class='ocrx_word' id='word_1_869' title='bbox 3655 4875 3720 4916; x_wconf 91' lang='lat' dir='ltr'>eo</span> <span class='ocrx_word' id='word_1_870' title='bbox 3748 4877 3762 4915; x_wconf 94' lang='lat'>:</span> 
     </span>
    </p>
   </div>
   <div class='ocr_carea' id='block_1_113' title="bbox 2120 4984 3763 5068">
    <p class='ocr_par' dir='ltr' id='par_1_113' title="bbox 2120 4984 3763 5068">
     <span class='ocr_line' id='line_1_114' title="bbox 2120 4984 3763 5068; baseline -0.004 -22"><span class='ocrx_word' id='word_1_871' title='bbox 2120 4991 2283 5046; x_wconf 89' lang='lat' dir='ltr'>ribus</span> <span class='ocrx_word' id='word_1_872' title='bbox 2311 4989 2597 5068; x_wconf 75' lang='lat' dir='ltr'>additum,</span> <span class='ocrx_word' id='word_1_873' title='bbox 2629 4993 2962 5068; x_wconf 77' lang='lat' dir='ltr'>sine_caus_a,</span> <span class='ocrx_word' id='word_1_874' title='bbox 2993 4987 3250 5068; x_wconf 77' lang='lat' dir='ltr'>vultque,</span> <span class='ocrx_word' id='word_1_875' title='bbox 3309 4985 3437 5068; x_wconf 24' lang='lat' dir='ltr'>etab</span> <span class='ocrx_word' id='word_1_876' title='bbox 3481 4984 3579 5068; x_wconf 40' lang='lat' dir='ltr'>his.</span> <span class='ocrx_word' id='word_1_877' title='bbox 3605 4985 3763 5067; x_wconf 78' lang='lat' dir='ltr'>adje-</span> 
     </span>
    </p>
   </div>
   <div class='ocr_carea' id='block_1_114' title="bbox 2120 5058 3762 5132">
    <p class='ocr_par' dir='ltr' id='par_1_114' title="bbox 2120 5058 3762 5132">
     <span class='ocr_line' id='line_1_115' title="bbox 2120 5058 3762 5132; baseline -0.004 -15"><span class='ocrx_word' id='word_1_878' title='bbox 2120 5067 2300 5126; x_wconf 89' lang='lat' dir='ltr'>ctum,</span> <span class='ocrx_word' id='word_1_879' title='bbox 2333 5061 2432 5132; x_wconf 88' lang='lat' dir='ltr'>qui</span> <span class='ocrx_word' id='word_1_880' title='bbox 2464 5061 2870 5132; x_wconf 88' lang='lat' dir='ltr'>imputandam</span> <span class='ocrx_word' id='word_1_881' title='bbox 2903 5060 3050 5132; x_wconf 89' lang='lat' dir='ltr'>iram</span> <span class='ocrx_word' id='word_1_882' title='bbox 3085 5076 3186 5130; x_wconf 93' lang='lat' dir='ltr'>pro</span> <span class='ocrx_word' id='word_1_883' title='bbox 3210 5058 3391 5132; x_wconf 78' lang='lat' dir='ltr'>justis</span> <span class='ocrx_word' id='word_1_884' title='bbox 3422 5058 3762 5132; x_wconf 78' lang='lat' dir='ltr'>causis_mi-</span> 
     </span>
    </p>
   </div>
   <div class='ocr_carea' id='block_1_115' title="bbox 2119 5127 3767 5209">
    <p class='ocr_par' dir='ltr' id='par_1_115' title="bbox 2119 5127 3767 5209">
     <span class='ocr_line' id='line_1_116' title="bbox 2119 5127 3767 5209; baseline -0.004 -21"><span class='ocrx_word' id='word_1_885' title='bbox 2119 5133 2277 5209; x_wconf 79' lang='lat' dir='ltr'>nime</span> <span class='ocrx_word' id='word_1_886' title='bbox 2316 5127 2684 5209; x_wconf 79' lang='lat' dir='ltr'>putaverunt,</span> <span class='ocrx_word' id='word_1_887' title='bbox 2744 5148 2877 5186; x_wconf 89' lang='lat' dir='ltr'>cum</span> <span class='ocrx_word' id='word_1_888' title='bbox 2937 5127 3141 5209; x_wconf 80' lang='lat' dir='ltr'>utique</span> <span class='ocrx_word' id='word_1_889' title='bbox 3198 5127 3409 5209; x_wconf 41' lang='lat' dir='ltr'>nullus.</span> <span class='ocrx_word' id='word_1_890' title='bbox 3439 5127 3767 5209; x_wconf 81' lang='lat' dir='ltr'>quamlibet</span> 
     </span>
    </p>
   </div>
   <div class='ocr_carea' id='block_1_116' title="bbox 2120 5201 3764 5275">
    <p class='ocr_par' dir='ltr' id='par_1_116' title="bbox 2120 5201 3764 5275">
     <span class='ocr_line' id='line_1_117' title="bbox 2120 5201 3764 5275; baseline -0.002 -16"><span class='ocrx_word' id='word_1_891' title='bbox 2120 5201 2342 5275; x_wconf 82' lang='lat' dir='ltr'>absque</span> <span class='ocrx_word' id='word_1_892' title='bbox 2373 5204 2593 5258; x_wconf 88' lang='lat' dir='ltr'>ratione</span> <span class='ocrx_word' id='word_1_893' title='bbox 2624 5209 2978 5275; x_wconf 87' lang='lat' dir='ltr'>commotus,</span> <span class='ocrx_word' id='word_1_894' title='bbox 3008 5204 3132 5257; x_wconf 88' lang='lat' dir='ltr'>sine</span> <span class='ocrx_word' id='word_1_895' title='bbox 3163 5218 3326 5256; x_wconf 89' lang='lat' dir='ltr'>causa</span> <span class='ocrx_word' id='word_1_896' title='bbox 3355 5201 3514 5275; x_wconf 81' lang='lat' dir='ltr'>dicat</span> <span class='ocrx_word' id='word_1_897' title='bbox 3543 5216 3604 5256; x_wconf 89' lang='lat' dir='ltr'>se</span> <span class='ocrx_word' id='word_1_898' title='bbox 3649 5201 3764 5255; x_wconf 87' lang='lat' dir='ltr'>ira-</span> 
     </span>
    </p>
   </div>
   <div class='ocr_carea' id='block_1_117' title="bbox 2120 5271 3761 5343">
    <p class='ocr_par' dir='ltr' id='par_1_117' title="bbox 2120 5271 3761 5343">
     <span class='ocr_line' id='line_1_118' title="bbox 2120 5271 3761 5343; baseline -0.003 -12"><span class='ocrx_word' id='word_1_899' title='bbox 2120 5275 2222 5331; x_wconf 91' lang='lat' dir='ltr'>sci.</span> <span class='ocrx_word' id='word_1_900' title='bbox 2249 5271 2287 5324; x_wconf 79' lang='grc'>”››</span> <span class='ocrx_word' id='word_1_901' title='bbox 2320 5275 2601 5329; x_wconf 83' lang='lat' dir='ltr'>Caeterum</span> <span class='ocrx_word' id='word_1_902' title='bbox 2634 5275 2681 5329; x_wconf 91' lang='lat' dir='ltr'>si</span> <span class='ocrx_word' id='word_1_903' title='bbox 2710 5274 3058 5329; x_wconf 90' lang='lat' dir='ltr'>sententiam</span> <span class='ocrx_word' id='word_1_904' title='bbox 3081 5271 3488 5327; x_wconf 88' lang='lat' dir='ltr'>tantummodo</span> <span class='ocrx_word' id='word_1_905' title='bbox 3513 5275 3761 5343; x_wconf 84' lang='lat' dir='ltr'>spectes,</span> 
     </span>
    </p>
   </div>
   <div class='ocr_carea' id='block_1_118' title="bbox 2121 5343 3764 5416">
    <p class='ocr_par' dir='ltr' id='par_1_118' title="bbox 2121 5343 3764 5416">
     <span class='ocr_line' id='line_1_119' title="bbox 2121 5343 3764 5416; baseline -0.003 -14"><span class='ocrx_word' id='word_1_906' title='bbox 2121 5347 2388 5402; x_wconf 88' lang='lat' dir='ltr'>convenit</span> <span class='ocrx_word' id='word_1_907' title='bbox 2418 5345 2518 5400; x_wconf 88' lang='lat' dir='ltr'>illa</span> <span class='ocrx_word' id='word_1_908' title='bbox 2545 5346 2881 5401; x_wconf 69' lang='lat' dir='ltr'>Judazorum</span> <span class='ocrx_word' id='word_1_909' title='bbox 2940 5344 3189 5416; x_wconf 90' lang='lat' dir='ltr'>placitis,</span> <span class='ocrx_word' id='word_1_910' title='bbox 3244 5343 3462 5415; x_wconf 90' lang='lat' dir='ltr'>quibus</span> <span class='ocrx_word' id='word_1_911' title='bbox 3511 5358 3764 5416; x_wconf 90' lang='lat' dir='ltr'>canones</span> 
     </span>
    </p>
   </div>
   <div class='ocr_carea' id='block_1_119' title="bbox 2121 5415 3764 5506">
    <p class='ocr_par' dir='ltr' id='par_1_119' title="bbox 2121 5415 3764 5506">
     <span class='ocr_line' id='line_1_120' title="bbox 2121 5415 3764 5506; baseline 0 -15"><span class='ocrx_word' id='word_1_912' title='bbox 2121 5433 2338 5491; x_wconf 88' lang='lat' dir='ltr'>ethnici</span> <span class='ocrx_word' id='word_1_913' title='bbox 2383 5449 2560 5506; x_wconf 89' lang='lat' dir='ltr'>penes</span> <span class='ocrx_word' id='word_1_914' title='bbox 2610 5415 3024 5490; x_wconf 81' lang='lat' dir='ltr'>Maimonidem</span> <span class='ocrx_word' id='word_1_915' title='bbox 3071 5433 3417 5506; x_wconf 89' lang='lat' dir='ltr'>permittunt</span> <span class='ocrx_word' id='word_1_916' title='bbox 3465 5431 3660 5499; x_wconf 90' lang='lat' dir='ltr'>irasci,</span> <span class='ocrx_word' id='word_1_917' title='bbox 3691 5415 3764 5498; x_wconf 51' lang='grc' dir='ltr'>ὃν</span> 
     </span>
    </p>
   </div>
   <div class='ocr_carea' id='block_1_120' title="bbox 2118 5513 3601 5597">
    <p class='ocr_par' dir='ltr' id='par_1_120' title="bbox 2118 5513 3601 5597">
     <span class='ocr_line' id='line_1_121' title="bbox 2118 5513 3601 5597; baseline 0.002 -22"><span class='ocrx_word' id='word_1_918' title='bbox 2118 5513 2246 5592; x_wconf 64' lang='lat'>51-1:</span> <span class='ocrx_word' id='word_1_919' title='bbox 2283 5534 2386 5588; x_wconf 68' lang='lat'>12&#39;;</span> <span class='ocrx_word' id='word_1_920' title='bbox 2410 5523 2473 5580; x_wconf 90' lang='lat' dir='ltr'>ob</span> <span class='ocrx_word' id='word_1_921' title='bbox 2502 5539 2619 5580; x_wconf 89' lang='lat' dir='ltr'>rem</span> <span class='ocrx_word' id='word_1_922' title='bbox 2641 5526 2915 5594; x_wconf 83' lang='lat' dir='ltr'>grandem</span> <span class='ocrx_word' id='word_1_923' title='bbox 2947 5525 3066 5581; x_wconf 84' lang='lat' dir='ltr'>sive</span> <span class='ocrx_word' id='word_1_924' title='bbox 3097 5523 3294 5597; x_wconf 88' lang='lat' dir='ltr'>magni</span> <span class='ocrx_word' id='word_1_925' title='bbox 3320 5521 3601 5580; x_wconf 85' lang='lat' dir='ltr'>momenti.</span> 
     </span>
    </p>
   </div>
  </div>
