4066 6190
359 328 471 388 551

1605 319 1670 379 8.
1716 317 2033 380 EUSEBII
2079 317 2528 381 HIERONYMI

357 459 496 531 quia
522 458 693 512 Pater
734 453 794 508 in
823 451 986 518 Filio,
1019 455 1076 509 et
1104 451 1283 506 Filius
1315 425 1376 506 in
1410 451 1594 507 Patre.
1631 451 1746 507 Nec
1797 451 2002 506 statim
2033 456 2086 520 Α
2118 450 2322 505 attritu
2352 455 2629 523 tactuque
2658 451 3009 520 venientem,
3041 452 3100 508 in
3144 456 3408 526 tempore
3438 472 3554 512 non
3586 458 3777 514 vitan-

356 547 454 602 ille
484 546 543 600 in
577 559 692 615 quo
748 542 1025 609 donatur,
1066 541 1259 596 minor
1306 545 1394 594 est
1452 542 1523 596 ab
1577 557 1643 595 eo
1693 540 1793 612 qui
1839 540 1894 594 in
1949 556 2010 595 se

361 635 574 689 donat:
603 631 744 702 quia
771 634 827 686 et
859 629 1172 700 Apostolus
1201 629 1356 684 639
1381 628 1519 683 dicit
1545 646 1557 682 :
1582 630 1644 683 Et
1674 644 1773 694 ego
1803 631 1852 683 si
1880 628 2010 699 quid

359 722 561 777 ἀσηαυὶ
599 719 764 784 vobis,
794 720 853 772 in
882 719 1025 789 facie
1068 717 1270 772 Christi
1299 722 1353 772 et
1397 718 1495 772 Dei
1532 721 1614 787 ill
1644 717 1765 772 Cor.
1800 735 1861 786 ιι,
1898 718 2006 787 10).

433 811 592 883 (Cap.
626 809 693 876 V,
725 824 875 863 vers.
913 807 986 877 1.)
1022 827 1050 856 ‹‹
1080 807 1278 861 Estote
1324 821 1458 878 ergo
1507 806 1832 861 imitatores
1882 805 2005 872 Dei,

361 901 512 957 sicut
555 889 659 953 ﬁlii
690 895 1042 952 charissimi.
1078 916 1106 944 »
1138 895 1247 959 Qui
1278 894 1550 965 intelligit
1599 894 1889 966 quomodo
1920 894 2007 948 di-

358 994 516 1045 ctum
550 988 658 1044 sit:
696 988 870 1041 Estote
892 985 1139 1056 perfecti,
1173 986 1314 1038 sicut
1339 993 1393 1038 et
1422 984 1587 1038 Pater
1610 988 1784 1063 uester
1820 984 2005 1038 cates-

358 1081 426 1134 tis
462 1078 734 1150 perfectus
764 1083 840 1147 est
870 1072 1074 1143 (Matth.
1107 1091 1162 1141 v,
1195 1072 1304 1142 48),
1359 1073 1469 1126 iste
1517 1073 1660 1127 sciet
1715 1072 2005 1142 quomodo

359 1173 417 1222 et
446 1182 601 1222 nunc
640 1165 905 1220 dicatur:
956 1162 1131 1216 Estote
1177 1161 1482 1216 imitatores
1525 1162 1626 1216 Dei
1679 1162 1725 1231 (1
1775 1161 1896 1216 Cor.
1931 1177 2002 1231 1v,

360 1256 468 1327 16);
505 1260 562 1310 et
591 1251 908 1310 Corinthiis
939 1249 1176 1322 quidem
1225 1249 1486 1305 scribens
1518 1250 1593 1304 ait
1621 1266 1633 1304 :
1696 1250 2006 1305 Imitatores

356 1347 466 1399 mei
492 1347 670 1412 estote,
729 1342 865 1394 sicut
918 1347 968 1395 et
1015 1355 1108 1410 ego
1145 1337 1356 1393 Christi
1405 1341 1450 1407 (1
1483 1339 1602 1393 Cor.
1636 1356 1714 1405 x1,
1747 1339 1818 1410 1).
1879 1338 2004 1394 Non

360 1433 517 1488 enim
551 1433 815 1502 poterant
859 1426 1056 1482 statim
1091 1425 1414 1482 imitatores
1444 1426 1656 1482 Christi
1689 1427 1848 1493 ﬁeri;
1903 1427 2004 1482 sed

359 1521 579 1592 grande
610 1518 725 1573 illis
755 1521 897 1583 erat,
950 1515 998 1571 si
1032 1516 1354 1571 imitatores
1404 1520 1643 1586 possent
1689 1515 2004 1570 imitatoris

358 1611 654 1666 exsistere.
689 1605 956 1678 Ephesiis
1004 1620 1137 1659 vero
1191 1604 1358 1674 quasi
1391 1604 1481 1658 his
1514 1620 1660 1675 quos
1683 1605 1809 1675 jam
1846 1619 2002 1676 mys-

358 1699 507 1754 teria
533 1702 697 1751 tanta
743 1695 1036 1760 docuerat,
1074 1710 1187 1748 non
1239 1693 1336 1760 ait,
1391 1693 1719 1748 Imitatores
1752 1693 1865 1747 mei
1914 1710 2001 1748 es-

355 1791 496 1854 tote,
531 1801 656 1852 nec,
690 1783 1012 1837 imitatores
1042 1781 1296 1849 Christi;
1345 1783 1466 1849 sed,
1519 1781 1841 1837 imitatores
1882 1783 2000 1836 Dei.

353 1875 479 1930 Non
504 1873 657 1945 quod
690 1871 886 1926 minus
908 1871 983 1925 sit
1007 1871 1362 1926 imitatorem
1395 1869 1607 1925 Christi
1641 1865 1789 1936 esse,
1825 1887 2001 1942 quam

354 1962 454 2018 Dei
485 1965 659 2031 (Deus
690 1959 906 2032 quippe
933 1959 1202 2014 Christus
1234 1959 1363 2030 est),
1403 1959 1500 2013 scd
1534 1959 1689 2030 quod
1739 1958 1895 2013 aliud
1929 1959 2005 2014 sit

353 2051 676 2110 secundum
703 2047 1424 2118 hominemimitari,aliud
1447 2048 1773 2103 secundum
1800 2050 1998 2103 Deum.

353 2143 500 2197 Nam
531 2140 640 2197 etsi
671 2139 966 2197 Christum
999 2139 1327 2194 secundum
1360 2154 1592 2193 carnem
1625 2143 1796 2193 antea
1827 2153 2001 2193 nove-

355 2248 576 2298 ramus,
611 2245 767 2285 nunc
787 2231 913 2300 jam
948 2244 1318 2298 nequaquam
1349 2244 1484 2282 eum
1511 2226 1780 2282 novimus
1801 2242 2002 2282 secun-

357 2323 500 2377 dum
532 2335 761 2376 carnem
816 2319 888 2386 (II
918 2316 1039 2370 Cor.
1073 2333 1126 2382 v,
1163 2317 1265 2385 16).
1322 2316 1598 2385 Loquitur
1633 2320 1689 2369 et
1716 2315 1841 2386 ipse
1871 2313 2002 2370 εει-

353 2414 534 2476 vatur,
569 2405 960 2462 humilitatem
985 2403 1439 2475 dispensationis
1461 2405 1775 2458 ostendens
1801 2421 1812 2458 :
1839 2405 2000 2471 Qua:-

351 2512 565 2567 cunque
592 2497 792 2550 viderit
819 2495 1042 2547 Patrem
1070 2493 1380 2561 facientem,
1427 2493 1544 2547 haec
1591 2492 1782 2546 eadem
1827 2492 2000 2545 Filius

349 2587 485 2657 facit
514 2583 780 2639 similiter
807 2587 991 2650 (Joan.
1023 2597 1078 2648 v,
1115 2581 1220 2651 19).
1271 2579 1395 2634 Νοη
1439 2597 1552 2651 quo
1585 2579 1737 2634 aliud
1787 2578 1997 2634 ccelurn

350 2679 408 2730 et
439 2673 614 2729 aliam
647 2677 862 2728 terram
894 2671 1062 2725 Pater
1093 2669 1310 2735 fecerit,
1342 2675 1398 2723 et
1437 2669 1507 2723 ad
1545 2668 1994 2723 similitudinem

351 2781 575 2830 eorum,
609 2760 764 2818 aliud
810 2759 1018 2815 ccelum
1069 2762 1126 2813 et
1174 2757 1286 2812 alia
1333 2763 1507 2828 terra,
1541 2763 1598 2813 et
1648 2757 1933 2813 elementa
1963 2775 1996 2812 a

351 2852 579 2908 Christo
639 2848 964 2905 facta'sint
1014 2851 1252 2913 caetera;
1309 2847 1406 2902 sed
1467 2864 1580 2919 quo
1634 2862 1996 2918 quaecunque

349 2945 620 3014 cperetur
649 2943 837 3009 Pater,
871 2937 990 2992 haec
1021 2937 1221 2992 eadem
1277 2941 1333 2990 et
1378 2935 1556 2990 Filius
1609 2941 1896 3007 operetur.
1932 2936 1992 2989 In

349 3048 463 3103 quo
495 3035 690 3086 autem
723 3025 946 3084 similes
977 3031 1088 3081 Deo
1136 3041 1453 3097 possumus
1503 3023 1648 3092 ﬁeri,
1704 3041 1880 3094 supra
1911 3029 1993 3080 te-

345 3125 536 3174 status
567 3123 676 3184 est,
712 3117 910 3172 dicens
935 3133 946 3170 :
977 3116 1250 3172 Donantes
1279 3116 1446 3184 vobis,
1472 3116 1612 3169 sicut
1659 3126 1710 3168 et
1758 3114 1900 3169 Deus
1933 3115 1993 3169 in

2121 540 2283 606 dum,
2316 545 2372 594 et
2398 541 2665 595 nonnulli
2696 541 2988 612 sapientes
3019 543 3215 597 saeculi
3247 543 3305 598 in
3352 544 3502 600 hanc
3530 551 3772 619 turpem

2119 633 2175 683 et
2203 629 2656 685 erubescendam
2681 630 2948 686 hazresim
2973 632 3435 701 consensissent,
3460 651 3768 706 nunquam

2119 722 2356 772 sanctus
2381 717 2694 789 Apostolus
2726 719 2989 775 scribens
3018 720 3089 774 ad
3126 720 3431 792 Ephesios,
3466 723 3538 778 ad
3590 724 3768 779 fornio

2118 806 2406 860 cntionem
2435 806 2610 861 etiam
2644 823 2879 861 omnem
2921 807 3361 864 immunditiam
3413 811 3768 882 copulasset,

2117 899 2174 948 et
2203 895 2274 948 ad
2307 894 2749 949 immunditiam
2772 896 3066 966 junxisset
3095 898 3394 954 avaritiam
3423 918 3436 954 :
3472 917 3586 955 non
3619 901 3770 958 hanc

2117 999 2231 1054 qua
2261 984 2570 1054 pecuniam
2613 984 2886 1055 cupimus
2936 1001 3308 1058 congregare,
3359 989 3461 1044 sed
3505 989 3666 1045 illam
3698 991 3768 1048 de

2117 1087 2230 1141 qua
2260 1087 2438 1142 supra
2485 1072 2776 1128 diximus:
2830 1074 2905 1127 Ne
2951 1075 3414 1146 supergrediatur,
3464 1087 3516 1132 et
3565 1095 3768 1136 avarus

2112 1160 2338 1230 fraudet
2385 1163 2447 1214 in
2498 1163 2715 1229 negotio
2771 1165 3004 1233 fratrem
3058 1179 3220 1218 suum
3275 1167 3321 1236 (l
3352 1167 3529 1222 Thess.
3579 1185 3655 1234 IV,
3686 1170 3766 1240 6).

2114 1248 2275 1311 Quod
2310 1249 2534 1305 scilicet
2566 1250 2916 1305 insatiabilis
2947 1255 3002 1306 et
3031 1252 3379 1323 inexpletus,
3425 1271 3528 1327 per
3570 1259 3770 1314 omnia

2114 1338 2550 1408 turpitudinum
2582 1355 2816 1410 genera,
2845 1339 3216 1412 lasciviaeque
3248 1343 3560 1401 discurrat.
3615 1345 3769 1402 Sicut

2113 1428 2275 1494 decet,
2314 1428 2523 1499 inquit,
2555 1437 2788 1484 sanctos.
2840 1430 2918 1484 Ex
2967 1446 3082 1502 quo
3131 1437 3373 1488 sanctus
3427 1451 3544 1489 non
3577 1441 3770 1506 potest

2117 1515 2417 1588 appellari,
2452 1517 2789 1589 quicunque
2818 1522 2981 1574 extra
3001 1519 3441 1577 fornicationem
3477 1522 3535 1578 in
3568 1524 3770 1597 aliqua

2115 1606 2496 1661 immunditia
2525 1611 2583 1660 et
2613 1607 2856 1662 avaritia
2895 1608 3286 1680 voluptatum,
3332 1627 3460 1682 qua
3509 1629 3572 1668 se
3619 1614 3772 1671 dele-

2113 1694 2416 1764 ctaverint,
2444 1695 2756 1750 invenitur.
2799 1695 2858 1750 Si
2892 1696 3024 1768 quis
3055 1703 3248 1753 autem
3282 1699 3603 1757 arbitratur
3630 1720 3768 1759 ava-

2114 1783 2307 1838 ritiam
2341 1800 2454 1839 non
2483 1783 2580 1838 illo
2629 1800 2804 1840 sensu
2857 1786 3258 1857 accipiendam
3308 1805 3437 1845 esse
3467 1806 3583 1861 quo
3613 1793 3765 1848 dixi-

2115 1887 2269 1940 mus,
2303 1872 2506 1927 reddat
2535 1889 2764 1937 causas,
2799 1889 2978 1944 quare
3010 1875 3162 1930 inter
3209 1876 3675 1946 fornicationem,
3710 1886 3768 1936 et

2115 1959 2572 2027 immunditiam,
2597 1965 2652 2015 et
2671 1961 3119 2032 turpitudinem,
3144 1967 3201 2018 et
3229 1963 3687 2037 stultiloquium,
3709 1972 3768 2024 et

2114 2048 2546 2115 scurrilitatem,
2606 2050 2860 2104 mediam
2937 2051 3236 2107 avaritiam
3305 2056 3764 2113 extraordinaria

2113 2137 2390 2209 posuerit.
2423 2142 2600 2192 Porro
2657 2138 3092 2211 stultiloquium
3143 2157 3268 2197 esse
3314 2142 3587 2199 existimo
3643 2162 3760 2201 non

2111 2226 2301 2282 solum
2334 2243 2535 2282 eorum
2569 2225 2668 2298 qui
2700 2227 2898 2298 aliqua
2927 2235 3168 2284 narrant
3207 2231 3423 2303 turpia,
3474 2236 3541 2287 ut
3569 2234 3758 2289 risum

2111 2320 2398 2385 moveant,
2431 2319 2490 2371 et
2510 2315 2772 2372 fatuitate
2802 2316 3078 2373 simulata
3108 2319 3296 2391 magis
3347 2319 3601 2376 illudant
3652 2323 3763 2388 eis,

2111 2404 2326 2475 quibus
2355 2404 2580 2475 placere
2610 2404 2979 2461 desiderant:
3039 2408 3139 2462 sed
3195 2407 3371 2463 etiam
3420 2424 3623 2465 eorum
3656 2411 3761 2483 qui

2109 2493 2402 2563 sapientes
2434 2492 2627 2548 saeculi
2687 2498 2986 2564 putantur,
3033 2503 3088 2550 et
3145 2497 3216 2551 de
3272 2498 3447 2553 rebus
3499 2497 3760 2570 physicis

2108 2582 2499 2651 disputantes,
2560 2582 2764 2636 dicunt
2830 2599 2892 2638 se
2949 2597 3157 2639 arenas
3213 2583 3498 2654 littorum,
3556 2593 3758 2659 guttas

2107 2669 2338 2737 Oceani,
2373 2675 2430 2724 et
2459 2669 2733 2724 cmlorum
2792 2672 3071 2742 spatium,
3125 2678 3410 2745 terraeque
3466 2683 3756 2746 punctum

2103 2757 2328 2828 liquido
2357 2758 2890 2829 comprehendisse.
2923 2760 3026 2815 Est
3052 2766 3111 2816 et
3142 2761 3200 2816 in
3253 2762 3510 2818 Ecclesia
3557 2764 3757 2820 stulti-

2104 2846 2390 2917 loquium.
2425 2846 2484 2901 Si
2518 2845 2649 2917 quis
2679 2846 2889 2901 coelum
2923 2853 3087 2920 putet
3118 2849 3357 2906 fornicis
3409 2867 3571 2907 more
3619 2869 3754 2908 cur-

2102 2940 2324 3004 vatum,
2364 2934 2544 3001 Isaiae,
2579 2951 2750 3006 quem
2787 2953 2899 2990 non
2931 2936 3227 3009 intelligit,
3275 2955 3546 2996 sermone
3595 2942 3759 2999 dece-

2105 3029 2240 3096 ptus
2269 3025 2394 3095 (Isa.
2430 3042 2519 3094 XL,
2542 3024 2670 3085 2'2):
2706 3023 2921 3080 solium
2947 3043 3178 3099 quoque
3196 3028 3254 3082 in
3279 3028 3440 3084 caelis
3464 3030 3748 3102 positum,
3822 3083 3824 3089 .

2102 3118 2158 3167 et
2187 3131 2364 3185 super
2393 3130 2458 3169 eo
2489 3115 2689 3169 sedere
2724 3115 2922 3180 Deum,
2956 3122 3013 3170 et
3052 3117 3110 3170 in
3158 3117 3332 3172 ritum
3378 3118 3751 3190 imperatoris

347 3207 554 3263 Christo
610 3207 831 3262 donavit
886 3206 1032 3260 vobis
1081 3205 1291 3274 (Ephes.
1355 3221 1428 3269 ιν,
1486 3204 1598 3270 31).
1667 3208 1792 3258 Non
1837 3203 1990 3258 enim
2023 3191 2065 3257 C
2103 3203 2418 3273 etjudicis,
2445 3202 2682 3275 angelos
2713 3203 2949 3259 starein
2989 3204 3256 3277 circuitu,
3300 3207 3397 3278 qui
3427 3208 3621 3263 verbis
3646 3208 3750 3278 ju-

344 3300 485 3369 puto
516 3296 670 3367 quod
700 3295 759 3350 in
793 3293 1014 3348 caeteris
1056 3309 1287 3364 quoque
1333 3308 1696 3362 quaecunque
1726 3292 1878 3347 Deus
1907 3291 1992 3347 fe-

345 3385 443 3456 cit,
477 3385 652 3440 homo
685 3389 864 3439 Deum
905 3383 1088 3454 possit
1119 3381 1376 3435 imitari:
1436 3382 1536 3435 sed
1585 3380 1743 3435 verbi
1793 3397 1989 3445 causa,

346 3479 412 3528 ut
443 3474 737 3545 quomodo
768 3471 862 3526 ille
893 3471 1150 3525 clemens
1179 3473 1287 3534 est,
1321 3473 1376 3523 et
1405 3469 1554 3540 pluit
1583 3485 1760 3540 super
1809 3471 1990 3524 bonos

348 3567 406 3617 et
435 3561 640 3626 malos,
674 3565 731 3616 et
760 3559 1022 3630 reliqua:
1051 3559 1133 3614 sic
1164 3559 1338 3613 etiam
1373 3575 1479 3612 nos
1509 3558 1828 3612 bonitatem
1880 3575 1988 3612 no-

346 3655 522 3705 stram
550 3665 726 3719 super
745 3664 948 3703 omnes
970 3647 1236 3701 homines
1257 3646 1644 3701 etlundamus.
1671 3645 1829 3710 Quod
1854 3662 1986 3700 cum

339 3738 676 3808 fecerimus,
703 3737 925 3792 erimus
974 3735 1077 3790 filii
1108 3735 1216 3806 [Αἱ.
1251 3735 1403 3789 sicut
1432 3734 1560 3806 ﬁlii]
1593 3734 1810 3800 dilecti,
1870 3735 1988 3790 sive

338 3827 527 3896 ipsius
558 3826 741 3897 Pauli,
767 3826 905 3895 sive,
939 3825 1096 3896 quod
1131 3823 1341 3878 melius
1372 3828 1535 3896 puto,
1570 3824 1692 3879 Dei.

410 3915 595 3985 (Vers.
629 3915 708 3987 2.)
757 3936 784 3965 «
815 3915 883 3969 Et
938 3911 1233 3968 ambulate
1279 3912 1335 3966 in
1384 3912 1686 3981 charitate,
1740 3911 1891 3967 sicut
1933 3917 1990 3967 et

337 4005 605 4061 Christus
635 4003 839 4060 dilexit
885 4019 1014 4073 nos,
1068 4006 1123 4057 et
1181 4001 1422 4056 tradidit
1470 4001 1849 4072 semetipsum
1884 4018 1987 4072 pro

338 4093 508 4150 nobis
539 4092 918 4157 oblationem,
950 4097 1008 4146 et
1039 4091 1289 4146 hostiam
1323 4090 1438 4144 Deo
1470 4090 1526 4143 in
1578 4090 1812 4144 odorem
1845 4106 1986 4144 sua-

339 4183 555 4238 vitatis.
582 4206 609 4233 »
643 4182 749 4248 Qui
783 4199 884 4254 pro
916 4181 1164 4236 aliorum
1199 4178 1388 4234 salute
1429 4195 1615 4250 usque
1645 4179 1716 4233 ad
1749 4179 1986 4249 sangui-

340 4286 474 4326 nem
507 4276 708 4327 contra
737 4275 1037 4343 peccatum
1099 4267 1356 4334 dimicat,
1415 4267 1494 4323 ita
1529 4272 1593 4321 ut
1638 4271 1696 4322 et
1728 4267 1985 4322 animam

336 4375 504 4414 suam
536 4360 729 4414 tradat
760 4375 862 4430 pro
919 4358 1040 4414 eis:
1095 4357 1202 4412 iste
1253 4354 1517 4412 ambulat
1562 4356 1618 4410 in
1678 4355 1983 4422 charitate,

333 4447 574 4502 imitans
613 4447 933 4514 Christum,
992 4445 1090 4515 qui
1148 4462 1255 4500 nos
1313 4446 1604 4499 intentum
1663 4443 1886 4508 dilexit,
1923 4449 1985 4499 ut

331 4553 563 4594 crucem
598 4553 700 4609 pro
733 4535 919 4591 salute
970 4534 1234 4590 omnium
1295 4533 1632 4588 sustineret.
1682 4535 1981 4598 Quomodo
2014 4559 2060 4623 D

335 4625 619 4682 enimille
678 4641 738 4681 se
782 4623 1026 4679 tradidit
1084 4639 1186 4694 pro
1219 4623 1409 4688 nobis,
1470 4623 1553 4677 sic
1612 4626 1669 4676 et
1712 4623 1820 4678 iste
1879 4639 1982 4694 pro

335 4716 552 4788 quibus
589 4719 777 4786 potest
807 4714 1054 4770 libenter
1084 4712 1458 4781 occumbens,
1495 4711 1822 4766 imitabitur
1846 4729 1982 4767 eum

337 4806 438 4876 qui
469 4804 821 4861 oblationem
851 4807 908 4859 et
939 4803 1190 4857 hostiam
1225 4802 1377 4856 640
1423 4802 1479 4854 in
1521 4802 1757 4855 odorem
1789 4801 1980 4856 suavi-

333 4893 474 4950 tatis
500 4910 561 4949 se
594 4894 750 4949 Patri
781 4891 1038 4958 tradidit,
1074 4895 1131 4946 et
1161 4890 1259 4945 fiet
1287 4889 1462 4944 etiam
1511 4889 1635 4961 ipse
1683 4889 1896 4945 oblatio
1927 4895 1983 4946 et

334 4981 527 5038 hostia
556 4983 658 5039 Dei
689 4984 748 5038 in
780 4983 1016 5039 odorem
1043 4979 1365 5036 suavitatis.

404 5071 588 5144 (Vers.
620 5073 673 5139 3,
708 5072 785 5144 4.)
819 5092 847 5121 ‹‹
878 5067 1201 5126 Fornicatio
1253 5074 1448 5124 autem
1503 5072 1561 5124 et
1617 5069 1810 5124 omnis
1865 5069 1980 5125 im-

329 5160 643 5225 munditia,
685 5166 785 5216 aut
836 5159 1097 5226 avaritia,
1148 5174 1252 5213 nec
1303 5157 1639 5212 nominetur
1685 5158 1744 5212 in
1793 5159 1976 5234 vobis,

329 5251 484 5307 sicut
504 5250 666 5306 decet
697 5255 969 5308 sanctos:
1003 5251 1060 5304 et
1087 5247 1408 5320 turpitudo,
1441 5251 1497 5301 ct
1545 5247 1979 5320 stultiloquium

330 5343 433 5396 aut
461 5338 808 5408 scurrilitas,
846 5355 972 5410 quae
1003 5338 1074 5393 ad
1137 5353 1259 5392 rem
1310 5353 1426 5391 non
1487 5337 1814 5408 pertinent:
1876 5337 1977 5393 sed

333 5428 526 5501 magis
555 5428 704 5483 actio
734 5427 1076 5499 gratiarum.
1116 5449 1142 5474 ››
1183 5425 1304 5480 Nisi
1337 5424 1813 5496 philosophorum
1846 5426 1979 5498 qui-

335 5519 470 5574 dam
497 5517 742 5590 Cynicus
791 5515 1126 5581 exstitisset,
1169 5515 1269 5586 qui
1301 5514 1532 5570 doceret
1582 5531 1812 5570 omnem
1845 5514 1982 5569 titil-

331 5606 612 5668 lationem
644 5605 858 5682 carnis,
891 5609 946 5666 et
975 5604 1199 5664 ﬂuxum
1223 5603 1465 5662 seminis
1487 5619 1554 5661 ex
1585 5603 1979 5680 qualicunque

2101 3292 2294 3346 bentis
2324 3292 2742 3362 obtemperent,
2779 3298 2836 3348 et
2866 3292 2924 3347 in
2956 3293 3185 3349 diversa
3214 3295 3523 3351 mittantur
3552 3297 3748 3353 officia

2101 3381 2225 3452 (lsa.
2259 3398 2334 3447 vr,
2387 3381 2436 3446 1,
2481 3382 2556 3452 2).
2617 3381 2728 3436 Sed
2784 3380 2920 3451 quia
2978 3384 3247 3453 sequitur
3305 3385 3745 3456 stultiloquium

2100 3469 2446 3534 scurrilitas,
2473 3470 2660 3540 magis
2683 3469 3114 3542 stultiloquium
3137 3473 3209 3526 ad
3234 3472 3424 3529 fatuas
3440 3479 3498 3530 et
3515 3475 3747 3547 ineptas

2099 3557 2328 3611 fabulas
2356 3557 2847 3612 transferendum.
2884 3558 3037 3614 Inter
3080 3560 3514 3632 stultiloquium
3548 3569 3747 3621 autem

2099 3652 2155 3700 et
2186 3645 2596 3701 scurrilitatem
2631 3648 2774 3701 641
2816 3647 2924 3702 hoc
2972 3648 3236 3714 interest,
3279 3651 3434 3721 quod
3491 3652 3746 3710 stultilo-

2099 3733 2303 3805 quium
2328 3733 2475 3788 nihil
2506 3734 2566 3788 in
2599 3752 2660 3790 se
2681 3736 2916 3806 sapiens
2939 3740 2994 3791 et
3015 3738 3186 3792 corde
3216 3738 3475 3794 hominis
3497 3741 3745 3813 dignum

2099 3822 2292 3877 habet.
2326 3821 2660 3878 Scurrilitas
2690 3839 2824 3878 vero
2855 3825 2925 3878 de
2957 3825 3226 3894 prudenti
3273 3832 3470 3882 mente
3502 3827 3744 3884 descen-

2099 3911 2205 3981 dit,
2237 3919 2292 3966 et
2323 3911 2586 3967 consulto
2614 3912 2835 3983 appetit
2861 3914 3126 3983 quoidam
3162 3913 3247 3969 vel
3281 3915 3505 3971 urbana
3548 3918 3749 3988 verba,

2096 3999 2185 4055 vel
2215 4001 2454 4066 rustica,
2487 4001 2575 4056 vel
2608 4001 2820 4072 turpia,
2856 4000 2941 4057 vel
2973 4004 3175 4070 faceta,
3219 4020 3396 4074 quam
3447 4021 3553 4061 nos
3572 4007 3746 4077 jocu-

2098 4089 2385 4145 laritatem
2423 4089 2537 4145 alio
2566 4092 2738 4145 verbo
2769 4107 3088 4162 possumus
3119 4091 3430 4164 appellare,
3463 4100 3528 4148 ut
3557 4095 3744 4151 risum

2098 4183 2328 4233 moveat
2359 4179 2752 4233 audientibus.
2795 4179 3007 4234 Verum
3041 4185 3098 4235 et
3125 4180 3247 4236 haec
3293 4198 3327 4236 a
3356 4183 3575 4239 sanctis
3603 4183 3746 4240 viris

2097 4267 2332 4338 penitus
2363 4266 2760 4338 propellenda,
2803 4267 3017 4339 quibus
3049 4269 3240 4340 magis
3295 4271 3564 4326 convenit
3606 4271 3747 4328 ﬂere

2097 4359 2270 4426 atque
2302 4354 2519 4426 lugere,
2555 4362 2620 4409 ut
2647 4355 2704 4409 in
2731 4355 3009 4411 Hebraico
3039 4373 3272 4428 quoque
3304 4359 3612 4431 Evangelia
3656 4359 3744 4415 le-

2094 4443 2307 4516 gimus,
2362 4443 2676 4499 Dominum
2745 4446 2815 4499 ad
2875 4444 3198 4516 discipulos
3245 4445 3622 4516 loquentem:
3682 4449 3751 4504 Et

2096 4549 2396 4604 nunquam,
2428 4533 2641 4604 inquit,
2686 4534 2804 4589 laeti
2843 4535 2986 4604 sitis,
3038 4535 3152 4588 nisi
3198 4550 3321 4589 cum
3371 4537 3608 4604 fratrem
3655 4553 3750 4594 ve-

2092 4632 2271 4677 strum
2299 4623 2548 4678 videritis
2577 4625 2634 4676 in
2663 4623 2955 4678 charitate.
2987 4621 3237 4678 Videtur
3259 4623 3566 4695 hucusque
3595 4625 3745 4682 nihil

2093 4717 2252 4767 extra
2278 4712 2640 4783 propositum
2672 4715 2729 4766 et
2757 4716 2919 4766 extra
2947 4712 3453 4783 consequentiam,
3488 4718 3743 4772 textum-

2094 4817 2204 4873 que
2236 4800 2457 4856 ordinis
2486 4799 2775 4856 intulisse.
2803 4800 3018 4856 Verum
3042 4801 3151 4856 hoc
3178 4801 3333 4872 quod
3367 4804 3660 4874 sequitur,
3685 4809 3746 4874 et

2091 4890 2150 4946 in
2185 4892 2299 4946 ﬁne
2317 4890 2572 4963 positum
2596 4895 2714 4945 est:
2741 4889 2841 4944 Sed
2864 4891 3047 4963 magis
3065 4892 3378 4961 gratiarum
3403 4893 3561 4963 actio,
3587 4903 3751 4964 qua-

2092 4985 2182 5035 rat
2211 4979 2440 5051 aliquis,
2475 4985 2531 5034 et
2559 4979 2712 5034 dicat
2743 4979 2882 5050 quid
2914 4979 3024 5034 sibi
3057 4978 3194 5035 velit
3237 4983 3371 5051 post
3418 4980 3745 5037 fornicatio-

2092 5085 2223 5125 nem
2255 5068 2630 5139 prohibitam,
2662 5072 2720 5123 et
2743 5067 3206 5134 immunditiam,
3240 5071 3299 5123 et
3335 5067 3655 5135 lasciviam,
3685 5073 3745 5125 ct

2090 5156 2536 5228 turpitudinem,
2568 5161 2625 5211 et
2682 5156 3136 5230 stultiloquium,
3185 5160 3244 5213 et
3297 5157 3741 5229 scurrilitatem,

2090 5247 2240 5301 actio
2280 5246 2620 5318 gratiarum.
2655 5246 2712 5300 Si
2767 5245 2922 5300 enim
2981 5243 3162 5301 semel
3217 5245 3268 5300 ei
3322 5243 3571 5300 liberum
3631 5245 3746 5301 (hit

2091 5352 2304 5408 ponere
2333 5351 2748 5407 quamcunque
2782 5335 3085 5402 virtutem,
3134 5334 3321 5407 potuit
3371 5334 3586 5402 dicere,
3637 5334 3742 5392 sed

2091 5425 2553 5497 magisjustitia,
2600 5425 2833 5490 veritas,
2885 5423 3139 5480 dilectio.
3192 5423 3491 5488 Quomodo
3540 5428 3740 5479 autem

2089 5513 2197 5569 hoc
2227 5515 2653 5586 inconsequens
2685 5519 2808 5569 est:
2842 5515 2922 5568 ita
2969 5515 3143 5569 etiam
3184 5511 3285 5568 illa
3317 5512 3743 5584 inconsequen-

2088 5604 2170 5662 tia
2198 5621 2326 5663 esse
2355 5603 2702 5681 potuissent,
2736 5609 2792 5661 et
2824 5604 3026 5661 eadem
3057 5601 3293 5662 licentia
3321 5600 3584 5662 ordinem
3617 5611 3739 5662 non
