4066 6190
306 256 425 319 553

972 257 1484 319 COMMENTAR.
1535 260 1609 318 IN
1658 261 1902 319 EPIST.
1949 260 2054 318 AD
2101 257 2372 319 EPHES.
2421 260 2568 318 LIB.
2617 261 2717 331 lll,
2768 262 2939 320 CAP.
2987 263 3059 321 V.

3598 265 3715 324 554

310 387 607 444 haberent:
661 384 926 442 Forsitan
984 387 1162 459 igitur
1213 389 1533 461 gratiarum
1576 391 1727 446 actio
1759 391 1820 445 in
1851 389 1958 446 hoc
1987 390 2041 456 Α
2072 389 2248 456 tione,
2308 389 2705 456 immunditia,
2764 395 2937 463 atque
2999 392 3236 449 lascivia
3290 393 3518 450 alienus
3576 395 3654 450 sit
3704 412 3717 452 :

307 476 434 532 loco
475 491 591 530 non
638 474 753 530 ista
811 479 900 530 est
959 475 1260 532 nominata
1304 479 1476 549 juxta
1532 495 1709 550 quam
1739 478 1960 551 gratias

310 565 543 637 agimus
574 564 713 630 Deo,
746 564 846 620 sed
872 565 1044 635 juxta
1083 582 1256 637 quam
1288 569 1436 639 grati
1468 567 1588 624 sive
1610 567 1872 641 gratiosi,
1905 570 1962 621 et

310 654 442 710 falsi
460 655 615 725 apud
639 653 909 709 homines
930 655 1311 726 appellamur.
1335 656 1779 730 Stultiloquium
1801 656 1958 711 enim

310 748 370 800 et
398 759 663 799 scurram
694 758 808 798 non
841 743 1002 798 decet
1033 759 1161 800 esse
1200 744 1618 800 Christianum.
1658 747 1826 802 Decet
1855 762 1958 800 au-

311 838 430 889 tem
453 848 786 892 sermonem
821 833 948 902 ejus
997 832 1116 888 sale
1160 850 1287 888 esse
1315 836 1610 890 conditum
1636 836 1854 905 (Coloss.
1881 851 1957 903 iv,

312 923 387 992 6),
417 926 482 976 ut
509 921 760 993 gratiam
793 922 948 992 apud
982 921 1288 978 audientes
1320 923 1552 979 habeat.
1586 925 1654 979 Et
1686 924 1824 996 quia
1846 939 1958 978 non

311 1015 401 1066 est
429 1009 897 1076 consuetudinis,
927 1010 1038 1066 nisi
1073 1012 1224 1067 inter
1260 1013 1460 1069 doctos
1507 1029 1773 1084 quosque
1804 1013 1958 1084 apud

310 1104 542 1154 Graecos
573 1096 939 1172 εὐχαριστίαν,
974 1099 1046 1154 ad
1097 1099 1532 1156 distinctionem
1582 1101 1961 1157 Eucharistiaa

312 1188 526 1254 dicere,
561 1187 668 1243 hoc
696 1192 803 1258 est,
844 1187 1170 1258 gnatiosum
1199 1206 1348 1258 esse,
1403 1195 1459 1245 et
1505 1206 1675 1262 agere
1705 1191 1959 1263 gratias:

310 1282 619 1348 propterea
649 1281 788 1347 puto
817 1275 1170 1348 Apostolum'
1215 1278 1383 1349 quasi
1423 1279 1729 1334 Hebraeum
1762 1296 1829 1334 ex
1863 1281 1965 1334 lle-

309 1366 482 1421 hraais
513 1365 780 1436 (Philipp.
816 1382 897 1435 Ill,
944 1366 1020 1435 5),
1083 1367 1256 1421 verbo
1314 1384 1488 1422 usum
1548 1383 1676 1423 esse
1706 1367 1960 1439 vulgato,

311 1459 371 1511 et
401 1470 637 1510 sensum
669 1469 847 1508 suum
879 1453 1115 1508 alterius
1148 1454 1572 1524 signiﬁcatione
1601 1455 1760 1510 verbi
1791 1455 1966 1527 expli-

314 1559 449 1606 care
480 1541 732 1598 voluisse
761 1560 773 1596 :
809 1542 1059 1598 maxime
1089 1559 1224 1598 cum
1257 1545 1412 1614 apud
1446 1543 1717 1599 Hebraeos
1747 1544 1986 1616 gratio-'

313 1649 418 1687 sus
448 1635 507 1687 et
534 1629 757 1704 gratias
788 1645 966 1701 agens
1001 1632 1041 1698 ι,
1073 1647 1212 1696 uno,
1247 1636 1312 1685 ut
1342 1631 1526 1698 aiunt,
1559 1648 1851 1698 sermone,
1884 1631 1967 1687 di-

310 1724 498 1776 catur.
540 1718 694 1775 Unde
725 1718 872 1774 etin
925 1718 1248 1774 Proverbiis
1308 1725 1446 1790 puto
1502 1721 1583 1776 ita
1638 1721 1960 1793 scriptum:

313 1809 451 1877 Γυνή
488 1805 812 1881 εὐχάριστος
841 1808 862 1841 ³
893 1803 1086 1880 ἐγείρει
1119 1804 1271 1882 ἀνδρὶ
1330 1810 1482 1864 642
1537 1803 1713 1877 δόξαν.
1767 1810 1969 1865 Mulier

309 1899 497 1968 gratia
550 1900 777 1951 suscitat
836 1898 950 1951 viro
1005 1897 1243 1965 gloriam
1292 1898 1474 1965 (Prov.
1504 1915 1584 1966 x1,
1621 1899 1728 1969 16),
1765 1914 1867 1970 pro
1898 1914 1964 1953 eo

313 1987 470 2059 quod
530 1990 639 2056 est,
689 1987 980 2056 gratiosa:
1036 1986 1368 2040 videremur
1421 1986 1536 2041 vim
1592 1987 1780 2043 facere
1811 1987 1962 2044 Scri-

313 2081 518 2148 ptura},
549 2079 608 2130 et
635 2074 857 2146 gratias
889 2079 1159 2146 agentem
1192 2074 1522 2147 mulierem,
1573 2093 1677 2148 pro
1707 2077 1966 2148 gratiosa

311 2165 590 2220 addacter
621 2162 905 2235 accipere,
940 2162 1054 2218 nisi
1085 2167 1142 2219 et
1188 2168 1408 2220 cazterae
1437 2164 1721 2220 editiones
1752 2171 1963 2221 nostrae

314 2253 577 2326 opinioni
607 2258 1014 2325 congruerent.
1054 2252 1265 2324 Aquila
1315 2253 1471 2308 enim
1520 2258 1577 2309 et
1623 2253 1960 2324 Theodotio,

313 2347 376 2398 et
399 2341 785 2414 Symmachus
834 2342 916 2397 ita
973 2346 1298 2413 posuerunt
1325 2343 1366 2412 3,
1425 2343 1561 2414 γυνὴ
1622 2342 1871 2416 χάριτος,
1905 2343 1965 2398 id

314 2436 426 2499 est,
451 2432 654 2487 mulier
689 2432 954 2502 gratiosa,
1012 2435 1071 2486 et
1128 2447 1244 2486 non
1305 2429 1644 2506 εὖχάριστος,
1707 2433 1862 2504 quod
1892 2433 1964 2488 ad

313 2521 604 2577 actionem
637 2521 883 2592 pertinet
909 2519 1255 2591 gratiarum.

387 2610 575 2679 (Vers.
607 2609 688 2679 5.)
721 2631 750 2660 α
780 2609 895 2664 Hoc
927 2613 1122 2664 autem
1156 2609 1383 2677 scitote,
1418 2609 1556 2680 quia
1576 2610 1769 2666 omnis
1790 2610 1966 2666 forni-

316 2704 478 2755 cator
507 2703 610 2754 aut
636 2697 1002 2764 immundus,
1036 2702 1140 2753 aut
1190 2714 1419 2769 avarus,
1472 2699 1628 2770 quod
1676 2704 1765 2754 est
1792 2699 1966 2754 idolis

317 2789 598 2856 serviens,
633 2803 747 2843 non
780 2786 952 2841 habet
996 2787 1393 2842 hereditatem
1447 2787 1506 2842 in
1539 2803 1715 2859 regno
1751 2787 1966 2844 Christi

317 2882 376 2932 et
403 2877 528 2933 Dei.
557 2897 584 2928 ι
625 2876 959 2931 Notandum
1002 2876 1156 2947 quod
1206 2893 1306 2931 sex
1352 2875 1509 2932 vitiis
1558 2893 1738 2949 supra
1769 2876 1966 2949 prohi-

317 2967 479 3033 bitis,
521 2965 923 3035 fornicatione,
971 2964 1372 3032 immunditia,
1419 2965 1680 3031 avaritia,
1713 2966 1966 3038 turpitu-

317 3055 475 3125 dine,
517 3053 902 3126 stultiloquio,
952 3052 1329 3121 scurrilitate,
1387 3070 1543 3109 nunc
1589 3058 1821 3109 tantum
1854 3055 1970 3110 tria

2070 482 2264 532 tamen
2293 479 2341 533 si
2371 479 2753 551 stultiloquus
2781 485 2838 535 et
2867 495 3068 536 scurra
3114 481 3307 553 fuerit,
3351 500 3467 540 non
3498 483 3719 541 tenebit

2072 583 2203 621 cum
2237 566 2430 622 locum
2479 584 2650 639 quem
2703 584 3085 640 possessurus
3134 574 3276 637 erat,
3327 572 3376 626 si
3425 572 3544 628 haec
3574 572 3718 629 vitia

2074 673 2188 710 non
2220 655 2476 712 haberet.
2515 657 2882 728 Respondeat
2913 658 3045 728 quis
3074 676 3088 714 :
3139 660 3274 714 Esto
3306 661 3716 732 stutiloquium

2072 749 2130 799 et
2159 744 2485 800 scurrilitas
2516 761 2631 800 non
2683 747 2955 801 eumdem
3003 747 3216 802 habeat
3261 753 3507 815 reatum,
3541 765 3716 821 quem

2073 832 2394 902 fornicatio,
2423 833 2804 890 immunditia
2825 840 2880 890 et
2906 835 3149 891 avaritia
3173 853 3185 891 :
3215 835 3502 908 numquid
3526 853 3643 892 non
3664 841 3722 894 et

2071 923 2496 994 turpitudinem
2515 940 2647 978 cum
2669 923 2858 978 tribus
2885 923 3286 995 superioribus
3310 925 3513 981 debuit
3534 925 3719 981 nomi-

2075 1029 2210 1067 nare
2230 1013 2257 1068 ‘I
2280 1013 2361 1066 Ad
2387 1013 2539 1084 quod
2582 1011 2918 1079 dicendum,
2964 1012 3388 1084 turpitudinem
3410 1013 3504 1069 hic
3535 1013 3719 1086 signi-

2075 1102 2243 1155 ficare
2265 1101 2670 1156 absconditam
2701 1099 3133 1172 cogitationem,
3159 1117 3293 1156 cum
3319 1102 3722 1160 inflammatur

2076 1206 2288 1245 sensus
2318 1195 2516 1245 noster
2548 1190 2617 1245 ad
2647 1189 2975 1259 libidinem,
2999 1193 3055 1244 et
3076 1189 3267 1246 carnis
3287 1189 3724 1248 titillationibus

2073 1278 2270 1334 anima
2339 1278 2528 1350 ignita
2587 1279 2982 1344 succenditur,
3039 1284 3096 1334 et
3154 1278 3540 1335 nihilominus
3624 1281 3722 1337 Dei

2074 1369 2282 1423 timore
2308 1372 2366 1423 et
2395 1367 2610 1423 mentis
2630 1367 2852 1439 judicio
2885 1368 3228 1424 refrenatur.
3253 1369 3515 1440 Denique
3545 1369 3722 1426 etiam

2075 1473 2250 1528 supra
2283 1456 2502 1528 absque
2533 1456 2916 1528 turpitudine,
2973 1456 3084 1510 tria
3136 1457 3354 1528 pariter
3406 1456 3722 1530 appellavit

2074 1545 2308 1601 dicens:
2344 1545 2496 1600 648
2547 1547 2854 1600 Fornicatio
2907 1547 3088 1600 autem
3138 1553 3188 1600 et
3245 1547 3421 1601 omnis
3476 1547 3722 1602 immun-

2072 1635 2220 1690 ditia
2250 1639 2305 1689 et
2329 1634 2590 1700 avaritia,
2620 1650 2719 1689 nec
2746 1636 3066 1690 nominetur
3097 1636 3156 1688 in
3184 1636 3330 1690 vobis
3357 1635 3516 1706 (vers.
3551 1635 3606 1707 3)
3631 1651 3644 1689 :
3670 1639 3729 1690 et

2075 1723 2346 1794 deinceps
2395 1722 2695 1794 turpitudo
2739 1739 2873 1777 cum
2923 1722 3291 1794 stultiloquio
3323 1727 3379 1778 et
3407 1721 3729 1780 surrilitate

2076 1817 2361 1868 numerata
2411 1816 2516 1868 est.
2551 1811 2617 1865 Et
2648 1812 2940 1882 quomodo
2990 1810 3425 1883 stultiloquium
3473 1817 3530 1868 et
3558 1829 3730 1868 scur-

2072 1900 2282 1972 rilitas,
2316 1901 2398 1955 sic
2457 1904 2511 1954 et
2568 1900 2681 1954 ista
2740 1900 3045 1970 turpitudo
3115 1916 3231 1955 non
3286 1900 3496 1971 perdit,
3529 1918 3634 1958 nec
3665 1901 3724 1956 in

2073 1993 2420 2060 perpetuum
2451 1987 2706 2044 excludit
2736 2005 2768 2042 a
2799 2005 2996 2060 regno.
3027 1987 3174 2052 Quia
3201 1997 3336 2044 vero
3370 1989 3428 2044 in
3461 1990 3727 2062 superio-

2073 2077 2234 2132 ribus
2260 2093 2411 2132 exeo
2435 2077 2588 2148 quod
2631 2076 2770 2132 alibi
2795 2075 3161 2148 legeremus:
3211 2077 3287 2133 Ne
3332 2078 3725 2152 supergredia-

2074 2170 2182 2236 tur,
2242 2175 2292 2220 et
2346 2181 2545 2220 avarus
2599 2164 2818 2236 fraudet
2873 2166 2931 2220 in
2998 2166 3214 2236 negotio
3268 2167 3503 2235 fratrem
3559 2183 3725 2223 suum

2073 2257 2118 2322 (Ι
2151 2254 2326 2310 Thess.
2360 2271 2433 2320 1v,
2465 2255 2542 2324 6),
2589 2255 2928 2308 dixeramus
2968 2253 3275 2308 avaritiam
3306 2271 3409 2326 pro
3438 2253 3724 2312 adulterio

2075 2343 2362 2414 positam:
2424 2343 2743 2413 quaerimus
2796 2342 2854 2396 id
2925 2343 3079 2412 quod
3130 2359 3288 2398 nunc
3346 2342 3578 2416 dicitur,
3638 2355 3738 2406 aut

2074 2449 2294 2497 avarus,
2325 2431 2468 2503 quod
2497 2435 2574 2486 est
2600 2430 2760 2486 idolis
2787 2431 3052 2499 serviens,
3085 2434 3286 2486 utrum
3337 2448 3471 2486 cum
3502 2431 3623 2500 illa,
3659 2448 3733 2488 an

2074 2537 2208 2577 cum
2237 2521 2472 2592 vulgata
2501 2519 2975 2592 interpretatione
3016 2519 3361 2576 consentiat.
3397 2521 3733 2576 Invenimus

2076 2612 2133 2665 in
2158 2609 2302 2665 locis
2321 2598 2594 2682 plurimis
2617 2609 3034 2681 prophetarum
3060 2607 3472 2675 idololatriam,
3490 2609 3736 2664 fornica-

2074 2700 2292 2755 tionem
2362 2697 2736 2770 appellatam.
2803 2698 3262 2765 Fornicaba-ntur,
3339 2697 3551 2768 inquit,
3608 2706 3738 2768 post

2076 2788 2230 2843 idola
2257 2803 2358 2841 sua
2385 2786 2538 2858 (Osee
2569 2803 2644 2851 Iv,
2675 2788 2729 2855 6,
2766 2785 2849 2857 l2)
2877 2804 2889 2853 ;
2941 2790 3033 2841 et:
3086 2784 3303 2855 Spiritu
3347 2786 3735 2854 fornicationis

2074 2877 2279 2931 seducti
2297 2883 2426 2930 sunt
2449 2874 2655 2945 (Ibid.).
2685 2875 2880 2930 Potest
2911 2875 3108 2945 itaque
3147 2873 3450 2928 fornicatio
3474 2877 3531 2928 et
3555 2889 3734 2945 super

2075 2963 2407 3020 idololatria
2447 2962 2718 3034 intelligi.
2757 2962 2858 3017 Sin
2890 2979 3022 3017 vero
3055 2979 3264 3018 avarus
3293 2961 3390 3017 ille
3422 2961 3730 3034 accipitur,

2078 3053 2176 3125 qui
2211 3051 2517 3125 pecuniam
2550 3057 2848 3122 utcunque
2898 3051 3270 3123 conquirens,
3317 3067 3596 3106 nummos
3629 3066 3733 3122 per

313 3143 594 3215 posuerit,
629 3141 1091 3212 fornicationem,
1125 3141 1584 3208 immunditiam,
1619 3143 1956 3198 avaritiam:
1990 3133 2034 3200 C
2074 3143 2161 3197 fas
2209 3144 2261 3196 et
2296 3141 2456 3195 nefas
2487 3139 2698 3194 habere
2730 3138 3042 3207 desiderat,
3075 3143 3130 3195 et
3160 3138 3330 3211 pleno
3362 3138 3596 3194 sacculo
3629 3139 3728 3194 de-

312 3232 530 3304 quibus
561 3231 663 3303 qui
693 3231 870 3286 fuerit
899 3229 1207 3298 obnoxius,
1240 3231 1662 3298 hereditatem,
1692 3230 1752 3284 in
1783 3247 1962 3303 regno

309 3321 524 3376 Christi
587 3325 646 3375 et
701 3319 803 3375 Dei
860 3318 1075 3374 habere
1130 3335 1244 3373 non
1303 3319 1509 3390 possit.
1570 3319 1630 3375 Si
1687 3320 1843 3374 enim
1886 3320 1966 3376 ita

311 3407 694 3480 stultiloquus
721 3411 778 3463 et
807 3423 1010 3463 scurra
1057 3407 1232 3463 alieni
1290 3412 1486 3464 essent
1543 3425 1576 3464 a
1634 3425 1810 3481 regno
1846 3410 1960 3478 Dei,

305 3497 603 3569 quomodo
639 3501 756 3552 tres
793 3513 943 3568 quos
983 3495 1318 3568 specialiter
1338 3497 1648 3568 separavit,
1673 3498 1967 3554 videretur

308 3586 597 3642 sententia
625 3602 752 3641 esse
778 3584 1053 3652 crudelis,
1081 3601 1196 3640 non
1243 3585 1544 3658 ignoscere
1575 3586 1963 3642 imbecillitati

311 3675 650 3748 fragilitatis
694 3674 1003 3729 humanae:
1055 3690 1189 3728 cum
1249 3675 1427 3729 etiam
1483 3691 1584 3746 per
1623 3677 1825 3746 jocum
1860 3693 1966 3731 nos

310 3764 470 3819 dicta
495 3764 860 3819 damnarent.
896 3763 999 3830 Qui
1026 3763 1178 3818 enim
1207 3765 1265 3817 in
1315 3779 1567 3819 sermone
1615 3779 1726 3819 non
1758 3765 1968 3820 labitur

299 3856 583 3926 perfectus
611 3857 688 3908 est
719 3857 860 3924 (Jac.
896 3869 980 3919 ιιι,
1013 3852 1088 3925 2).
1141 3857 1340 3922 Neque
1369 3869 1502 3907 vero
1545 3853 1657 3908 ista
1687 3853 1964 3918 dicentes,

307 3942 515 3997 locum
536 3940 899 4013 stultiloquio
917 3947 975 3998 et
1009 3941 1367 4010 scurrilitati,
1414 3942 1646 4007 damus,
1679 3943 1817 3997 dum
1850 3959 1966 3998 non

308 4029 710 4087 excluduntur
738 4047 772 4085 a
801 4045 1001 4102 regno,
1051 4031 1152 4086 sed
1206 4031 1498 4102 quomodo
1549 4031 1701 4102 apud
1734 4031 1966 4086 Patrem

312 4119 560 4174 diversre
599 4123 740 4174 sunt
784 4118 1122 4174 mansiones
1169 4120 1346 4189 (Joan.
1398 4137 1513 4185 xxv,
1545 4121 1621 4190 2),
1655 4124 1712 4174 et
1743 4119 1906 4175 stella
1938 4137 1971 4173 a

315 4206 493 4264 stella
548 4207 743 4262 differt
768 4205 828 4261 in
861 4205 1082 4280 gloria:
1119 4207 1202 4262 sic
1235 4213 1292 4262 et
1334 4208 1682 4264 resurrectio
1709 4213 1968 4264 mortuo-

313 4312 454 4352 rum
502 4297 547 4368 (Ι
589 4295 708 4352 Cor.
758 4313 850 4362 xv,
883 4297 1007 4368 .41):
1061 4296 1327 4368 quamvis
1387 4296 1600 4368 aliquis
1658 4315 1692 4352 a
1723 4297 1970 4354 fornica-

394 4422 410 4454 ¹
454 4430 574 4507 ῘΣἺΠ
626 4421 883 4485 hhonem,
934 4431 1061 4508 (un
1108 4420 1395 4485 hhannun,
1446 4423 1758 4493 gratiosum
1804 4427 1974 4478 sonat

2073 3231 2341 3298 lectetur,
2371 3227 2840 3284 isteidololatres
2862 3228 2920 3282 in
2953 3245 3018 3283 eo
3040 3234 3150 3294 est,
3188 3227 3325 3300 quia
3358 3228 3726 3299 sculpturam

2074 3318 2260 3391 ipsius
2283 3317 2509 3372 nummi
2531 3317 2688 3384 colit,
2711 3316 2937 3372 etidola
2959 3317 3016 3370 in
3061 3317 3144 3371 eis
3176 3315 3376 3372 caelata
3397 3321 3726 3371 veneratur.

2077 3409 2146 3463 Ut
2171 3406 2469 3462 voracium
2499 3407 2644 3462 deus
2663 3410 2863 3461 venter
2887 3410 2996 3473 est,
3021 3404 3102 3460 ita
3122 3405 3472 3476 cupidorum
3497 3401 3730 3476 quoque

2067 3496 2401 3568 justissime
2432 3496 2678 3568 pecunia
2708 3495 2851 3550 deus
2885 3493 2996 3548 dici
3038 3498 3266 3565 potest:
3310 3493 3562 3550 maxime
3592 3509 3727 3548 cum

2075 3567 2134 3640 in
2168 3585 2279 3641 alio
2329 3567 2455 3640 loco
2512 3583 2825 3656 Apostolus
2884 3581 3267 3654 cupiditatem
3336 3581 3728 3638 idololatrian]

2075 3679 2239 3730 vocet
2267 3675 2311 3746 (I
2345 3675 2464 3730 Cor.
2496 3692 2552 3744 Χ,
2584 3675 2660 3745 7).
2692 3673 2775 3727 Ad
2810 3671 2929 3726 haec
2980 3671 3293 3726 vivendum
3339 3671 3477 3743 quid
3511 3671 3730 3727 sentire

2074 3764 2341 3834 voluerit,
2366 3764 2567 3818 dicens
2594 3780 2606 3816 :
2630 3764 2691 3818 In
2719 3777 2883 3831 regno
2918 3762 3127 3818 Christi
3144 3769 3194 3816 et
3214 3761 3322 3816 Deo
3343 3779 3360 3815 :
3387 3764 3728 3816 utrumnam

2077 3853 2234 3908 aliud
2295 3868 2538 3924 regnum
2597 3850 2812 3921 Christi
2871 3849 2966 3917 sit,
3000 3855 3057 3905 et
3112 3849 3272 3904 aliud
3308 3850 3440 3904 Dei:
3472 3866 3542 3902 an
3571 3847 3728 3904 idem

2077 3958 2321 4014 regnum
2353 3941 2431 3996 sit
2451 3940 2635 3996 Patris
2657 3945 2715 3995 et
2758 3939 2905 3995 Filii.
2931 3940 2998 3994 Et
3046 3939 3340 4010 siquidem
3376 3937 3637 4006 dixisset,
3670 3935 3730 3990 in

2079 4047 2256 4102 regno
2312 4029 2439 4084 Filii
2493 4034 2550 4084 et
2607 4028 2814 4096 Patris,
2876 4043 2977 4099 per
3028 4026 3241 4081 Filium
3290 4024 3624 4080 veniremus
3656 4025 3729 4079 ad

2080 4120 2346 4174 Patrem:
2404 4124 2458 4174 et
2515 4117 2649 4172 licet
2721 4119 2875 4172 esset
2948 4114 3256 4170 diversitas
3323 4127 3731 4185 personarum,

2079 4213 2273 4263 tamen
2306 4211 2460 4262 esset
2493 4205 2862 4278 regnantium
2919 4221 3035 4258 una
3082 4204 3397 4273 majestas:
3432 4207 3571 4258 tunc
3599 4211 3733 4258 vero

2079 4313 2214 4352 cum
2245 4296 2479 4350 dixerit:
2515 4297 2577 4349 In
2609 4309 2776 4363 regno
2808 4293 3012 4348 Christi
3052 4301 3105 4348 ct
3150 4294 3267 4360 Dei,
3299 4292 3494 4364 ipsum
3525 4291 3734 4362 Deum,

2083 4419 2500 4476 revocavimus.
2535 4449 2603 4458 ——-
2637 4419 2721 4474 lta
2751 4417 2891 4490 legit
2921 4418 3100 4474 codex
3122 4434 3264 4473 mss.
3285 4416 3732 4490 Cluniacensis;

313 4488 477 4581 apud
513 4509 822 4582 Hebraeos;
855 4488 1063 4581 grcitias
1105 4517 1357 4580 agentem
1405 4488 1637 4582 quoque
1686 4511 1968 4582 signiﬁca-

2082 4493 2433 4582 .sicsuoale.
2463 4491 2774 4582 ιξιεεπιάεπη
2799 4488 2992 4582 έέοοεί
3038 4493 3198 4545 tot“
3230 4488 3733 4582 Hieremiae:

317 4583 444 4648 bat,
480 4587 543 4635 ut
573 4581 687 4652 ipsi
717 4587 896 4636 testes
927 4585 1093 4636 erant
1124 4587 1386 4652 tempore
1422 4581 1762 4652 Hieronymi
1783 4584 1976 4638 dicen-

317 4654 422 4720 tis,
453 4668 582 4716 uno,
618 4657 679 4707 ut
709 4655 898 4720 aiunt,
927 4669 1176 4709 sermone
1205 4653 1449 4708 dicatur.
1483 4653 1669 4707 MART.

399 4696 815 4778 illar’tianaeus
847 4696 914 4779 ex
945 4723 1333 4790 Cluniacensi,
1383 4727 1449 4778 ut
1505 4725 1608 4789 ait,
1656 4722 1851 4778 codice
1883 4740 1974 4777 re-

319 4794 531 4868 scribit
589 4793 908 4868 εὐχαρςπὸς,
972 4813 1147 4865 quam
1223 4812 1421 4850 vocem
1472 4794 1691 4850 Graecia
1749 4797 1979 4868 ignorat

323 4865 620 4938 universa.
652 4865 1059 4922 Hallucinatus
1098 4872 1294 4922 autem
1345 4868 1401 4920 in
1446 4881 1512 4921 eo
1545 4872 1651 4932 est,
1686 4867 1838 4938 quod
1870 4883 1976 4938 pu-

318 4938 468 5010 tarit
529 4937 940 5010 Hieronymum
999 4938 1169 4994 aliter
1226 4955 1291 5010 ac
1362 4937 1536 5010 vulgo
1594 4937 1884 5005 habetur,
1918 4939 1977 4992 in

322 5009 772 5082 Proverbiorum
807 5010 1000 5066 Graeco
1045 5009 1359 5082 exemplari
1412 5009 1644 5081 legisse,
1693 5015 1795 5065 aut
1825 5014 1979 5064 certe

323 5079 501 5134 aliter
531 5079 1250 5153 legendumco‘nstitueré,
1282 5097 1414 5153 cum
1448 5079 1817 5146 e'contrario,
1851 5096 1978 5153 ger-

319 5167 508 5205 mana
543 5149 784 5225 lectione
816 5149 1138 5225 εὖχάριστος
1170 5151 1314 5225 nihil
1346 5153 1678 5225 immutata,
1711 5153 1766 5206 id
1794 5149 1979 5207 unum

319 5226 537 5295 urgeat
568 5222 626 5278 S.
660 5227 852 5293 Pater,
880 5222 1046 5294 quod
1100 5223 1376 5295 peculiari
1423 5224 1846 5295 significatione
1876 5225 1978 5278 do-

318 5293 529 5349 nanda
558 5295 654 5365 sit,
699 5295 777 5366 id
809 5293 926 5363 est,
979 5293 1131 5366 quod
1191 5311 1307 5350 non
1366 5293 1582 5364 gratam
1633 5301 1818 5364 sonet,
1863 5296 1980 5350 sive

315 5369 586 5438 agentem
630 5365 878 5436 gratias;
940 5365 1040 5438 sed
1101 5367 1331 5438 preprie
1375 5369 1692 5437 gratiosam,
1727 5367 1982 5438 quod'ex

311 5435 816 5508 sacricontextus
848 5437 1018 5506 serie,
1077 5435 1225 5492 tum_
1258 5435 1519 5493 veterum
1572 5435 1978 5508 interpretum,

306 5505 570 5581 Aquilia,
631 5505 1067 5571 Theodotionis,
1129 5515 1184 5564 et
1241 5510 1577 5581 Symmachi
1637 5505 1982 5581 auctoritate

309 5578 658 5641 confirmat.
719 5581 836 5637 Nos
905 5581 1206 5652 antiquam
1268 5578 1570 5639 lectionem
1622 5580 1982 5656 postliminio

617 5708 882 5774 Parnm“
930 5707 1148 5772 XXVI.

2083 4559 2296 4620 textus.
2334 4559 2582 4616 Putabat
2611 4563 2767 4616 enim
2798 4561 3187 4633 Hieronymus
3227 4559 3396 4633 aliter
3422 4559 3737 4633 legendum

2085 4637 2142 4690 in
2177 4634 2519 4704 Proverbiis,
2563 4650 2739 4704 quam
2799 4633 2971 4704 vulgo
3015 4631 3325 4704 legeretur,
3385 4631 3442 4686 id
3479 4635 3588 4704 est,
3621 4643 3739 4704 non

2085 4708 2220 4782 γμνή
2284 4699 2626 4782 eamme},
2687 4699 3154 4782 mulier'gratias
3195 4717 3402 4782 agens;
3457 4701 3557 4782 sed
3605 4699 3738 4782 γυνή

2087 4777 2642 4852 εὐχαριπόξ,⁷ηηιιίεν
2683 4779 2954 4845 gratiosa,
3006 4779 3248 4830 venusto
3294 4777 3533 4846 aspectu
3566 4777 3742 4842 atque

2088 4853 2316 4906 decora.
2349 4853 2532 4903 MART.

2157 4941 2178 4973 3
2211 4940 2540 4995 Lectionem
2591 4936 2932 5007 hujusmodi
2984 4937 3370 5006 corruperunt
3418 4933 3646 4988 Erasm.
3690 4934 3749 4985 et

2087 5011 2330 5066 Marian.
2365 5010 2467 5082 qui
2508 5026 2620 5082 non
2681 5009 3013 5082 Graecorum
3075 5007 3461 5082 interpretum
3495 5017 3745 5082 posuere

2089 5083 2284 5149 verba,
2315 5075 2450 5154 γυξνςή
2487 5079 2736 5154 χάριτος,
2769 5080 2972 5134 mulier
3018 5075 3248 5154 gratiae,
3280 5077 3399 5154 sive
3425 5075 3741 5154 pulchritu-

2087 5143 2280 5214 dinisﬁ
2329 5143 2449 5206 'sed'
2493 5143 2632 5206 suas
2689 5143 2856 5205 v0ces
2913 5143 3242 5216 conlictas,'
3275 5143 3738 5221 γυνή’χαροτξός;

2090 5225 2227 5280 alibi
2261 5223 2475 5294 saepius
2508 5223 2725 5276 factum
2775 5222 3232 5294 observavimus.
3281 5217 3564 5294 ΜΑβςιξξ-ξκ
3600 5217 3744 5272 Dru-

2090 5298 2215 5352 sius
2250 5290 2464 5359 tamen,
2489 5299 2545 5347 et
2567 5309 2693 5364 quae
2718 5309 2850 5364 eum
2875 5293 3168 5364 praecessit
3188 5295 3293 5345 τῶν
3321 5291 3458 5346 LXX
3485 5290 3747 5364 Romana

2091 5367 2266 5423 editio
2293 5383 2425 5420 cum
2456 5359 2695 5419 scholiis
2728 5359 2917 5436 legere
2946 5365 3101 5436 apud
3129 5363 3572 5436 Symmachum,
3595 5359 3737 5436 ςίυνὴ

2093 5438 2290 5512 ἀγαθὴ,
2326 5455 2450 5512 quae
2484 5432 2829 5512 fortassee'x
2872 5432 3057 5512 alte-ra
3101 5432 3746 5512 Symmachi_editione,

2093 5505 2246 5582 quod
2277 5505 2831 5582 et'Montfaucon‘ius
2879 5505 3168 5582 observat,
3221 5506 3398 5582 lectio.
3431 5505 3748 5561 derivatur.

2091 5576 2383 5641 Victorius
2412 5585 2466 5636 et
2496 5578 2783 5637 contrario
2819 5578 2978 5654 legit,
3012 5579 3149 5665 γ’)νὴ
3185 5576 3454 5655 pecude.

3361 5706 3432 5769 18
