4066 6190
261 255 378 317 557

258 477 412 554 apud
436 474 643 544 alium,
677 478 741 531 ut
769 492 924 531 nunc
953 476 1269 548 Apostolus
1307 479 1493 543 docet,
1540 479 1777 549 justitia
1806 483 1913 535 est.

258 565 553 639 Intelligat
600 581 833 638 quoque
876 564 1133 621 Marcion
1176 566 1370 639 ipsum
1417 568 1713 624 Christum
1749 568 1916 624 boni-

256 660 458 723 tatem,
491 654 794 711 veritatem
820 658 876 710 et
889 655 1185 726 justitiam
1205 657 1531 729 nuncupari
1558 675 1569 713 :
1595 658 1916 714 bonitatem

259 744 318 801 in
353 762 419 801 eo
451 743 608 816 quod
640 760 758 799 non
806 744 1132 799 secundum
1188 762 1382 817 opera,
1433 747 1533 803 sed
1589 748 1914 803 secundum

260 833 730 891 misericordiam
801 832 898 887 det
966 833 1215 904 gratiam
1266 835 1638 892 credentibus
1694 836 1753 891 in
1814 853 1913 891 se:

252 922 552 995 justitiam
607 922 666 978 in
736 937 802 977 eo
858 922 1002 977 dum
1060 923 1379 995 unicuique
1437 925 1709 981 retribuit
1761 927 1915 997 quod

262 1018 557 1070 meretur:
592 1028 762 1084 porro
791 1011 1119 1079 veritatem,
1153 1012 1292 1068 dum
1326 1014 1451 1084 ipse
1499 1014 1661 1071 solus
1708 1031 1918 1071 causas

262 1106 665 1159 creaturarum
698 1100 997 1167 omnium,
1018 1116 1332 1173 rerumque
1353 1103 1629 1173 cogoscit.

334 1192 525 1264 (Vers.
572 1191 682 1262 10.)
714 1212 742 1240 ‹‹
793 1190 1109 1246 Probantes
1153 1192 1292 1262 quid
1351 1192 1431 1247 sit
1485 1191 1918 1265 beneplacitum

261 1282 399 1337 Deo.
435 1303 464 1331 »
498 1278 708 1336 Omnia
736 1278 1004 1334 facienda
1024 1295 1156 1334 cum
1179 1279 1445 1347 consilio,
1472 1286 1537 1336 ut
1564 1282 1719 1337 cauti
1744 1286 1920 1353 atque

264 1369 522 1437 solliciti,
553 1385 621 1425 ea
650 1371 880 1424 tantum
922 1384 1049 1439 quae
1098 1368 1319 1425 scimus
1367 1370 1483 1426 Deo
1532 1371 1779 1442 placere,
1829 1371 1918 1427 fa-

263 1460 525 1514 ciamus:
578 1456 639 1511 in
698 1471 921 1511 morem
976 1457 1421 1529 prudentissimi
1470 1457 1782 1530 trapezitae,
1817 1458 1918 1530 qui

264 1547 564 1620 sculptum
580 1545 880 1601 numisma
901 1562 1016 1601 non
1040 1545 1231 1601 solum
1253 1545 1548 1614 oculo,sed
1562 1552 1619 1603 et
1639 1548 1916 1619 pondere,

262 1642 319 1693 et
350 1636 566 1692 tinnitu
596 1634 823 1707 probat.
856 1633 1001 1698 Quia
1044 1651 1177 1691 vero
1225 1634 1283 1691 in
1318 1636 1424 1691 hoc
1456 1635 1582 1692 loco
1613 1640 1918 1692 contextus

261 1724 478 1799 eloquii
506 1725 737 1780 videtur
762 1740 891 1779 esse
918 1723 1212 1789 turbatus,
1264 1728 1320 1779 et
1364 1728 1485 1780 tota
1524 1729 1747 1781 scatere
1777 1741 1916 1781 sen-
1946 1763 1996 1828 B

261 1816 464 1884 tentia,
498 1813 583 1870 sic
613 1812 801 1869 ordini
834 1829 1025 1869 sermo
1056 1813 1389 1883 reddendus
1419 1819 1540 1870 est:
1569 1814 1758 1870 Nolite
1782 1831 1918 1888 ergo

265 1906 385 1961 ﬁeri
456 1902 903 1974 comparticipes
977 1918 1201 1969 eorum,
1261 1903 1574 1975 probantes
1636 1904 1779 1975 quid
1843 1904 1921 1960 sit

259 1991 694 2065 beneplacitum
746 1990 899 2047 Deo:
972 1992 1078 2046 etsi
1150 1991 1306 2047 enim
1363 1991 1540 2048 eratis
1602 1992 1919 2065 aliquando

261 2082 538 2149 tenebrae,
579 2096 737 2135 nunc
767 2083 963 2135 autem
996 2078 1096 2135 lux
1144 2080 1286 2136 estis
1316 2080 1376 2135 in
1426 2080 1704 2137 Domino:
1747 2082 1917 2153 quasi

260 2171 368 2227 ﬁlii
412 2169 564 2226 lucis
614 2168 933 2237 ambulate,
984 2169 1207 2225 fructus
1248 2168 1494 2226 luminis
1542 2171 1919 2227 ostendentes

258 2262 322 2317 in
358 2259 520 2315 omni
550 2259 827 2327 bonitate,
860 2262 916 2313 et
936 2257 1192 2328 justitia,
1226 2262 1283 2314 et
1310 2259 1567 2315 veritate.

333 2348 525 2416 (Vers.
560 2348 667 2419 11.)
700 2368 729 2397 ‹‹
762 2347 829 2401 Et
858 2346 1035 2402 nolite
1055 2348 1492 2404 communicare
1522 2348 1798 2420 Operibus
1828 2349 1915 2403 in-

260 2437 587 2495 fructuosis
642 2436 1103 2492 tenebrarum.»
1158 2436 1229 2491 Et
1276 2437 1348 2492 ad
1408 2435 1641 2493 Galatas
1706 2453 1917 2493 nomen

254 2528 513 2597 fructus,
558 2526 618 2581 in
673 2525 907 2598 spiritu,
956 2524 1149 2597 operis
1193 2542 1325 2581 vero
1374 2526 1574 2597 posuit
1632 2526 1691 2581 in
1723 2542 1916 2598 carne,

254 2617 500 2673 dicens:
548 2615 845 2687 Manifesta
889 2618 1077 2670 autem
1139 2619 1269 2670 sunt
1330 2631 1493 2686 opera
1539 2616 1744 2686 carnis,
1794 2630 1920 2687 quae

251 2713 393 2762 sunt
434 2705 738 2776 fornicatio
776 2704 980 2771 (Galal.
1019 2720 1075 2770 v,
1133 2703 1238 2774 t9),
1287 2708 1344 2758 et
1391 2703 1638 2776 reliqua.
1688 2706 1918 2760 Fructus

254 2811 388 2852 vero
423 2794 657 2866 spiritus
702 2798 780 2848 est
824 2792 1088 2857 charitas,
1145 2792 1435 2862 gaudium,
1463 2810 1580 2865 pax
1608 2792 1765 2865 (Ibid.
1799 2793 1914 2864 22),

255 2890 322 2942 et
355 2888 583 2940 caetera.
619 2886 796 2938 Porro
825 2880 885 2936 in
916 2880 1387 2953 praesentiarum,
1437 2898 1614 2954 opera
1651 2882 1917 2938 tenebra-

254 2989 400 3029 rum
445 2970 810 3026 infructuosa
850 2968 1180 3042 appellavit,
1230 2971 1447 3041 quibus
1496 2970 1617 3041 qui,
1668 2987 1736 3026 ea
1768 2971 1920 3026 fece-

256 3061 386 3118 rint
416 3058 826 3116 communione
857 3058 1177 3114 sociantur.
1782 3060 1793 3073 '
1877 3057 1883 3063 '

925 252 1435 316 COMMENTAB.
1481 256 1561 316 IN
1604 255 1853 318 EPIST.
1899 258 2003 317 AD
2047 258 2328 322 EPHES.
2374 214 2522 322 LIB.
2567 206 2673 335 ΙΙΙ,
2720 263 2890 324 CAP.
2938 265 3014 326 V.

259 388 372 445 Ubi
398 389 594 443 autem
649 385 882 443 bonitas
929 390 987 442 et
1012 387 1243 456 veritas,
1269 388 1422 461 apud
1460 388 1680 461 ipsum,
1711 394 1767 445 et
1798 407 1912 445 non
1943 391 1996 457 Α

3559 267 3677 328 558

2099 391 2282 462 (Vers.
2316 393 2430 466 13.)
2464 416 2492 445 ‹‹
2525 394 2735 451 Omnia
2767 399 2966 451 autem
2990 399 3196 469 arguta
3225 415 3259 454 a
3308 399 3438 456 luce
3485 399 3676 456 mani-

2028 480 2316 537 festantur
2342 500 2355 537 :
2390 500 2561 539 omne
2580 485 2734 539 enim
2763 485 2918 557 quod
2951 485 3484 555 manifestatur,lux
3512 493 3621 547 est.
3641 508 3669 541 η

2028 570 2255 638 Omnia,
2289 572 2446 627 haud
2479 572 2723 628 dubium
2757 574 2901 645 quin
2932 590 3000 629 ea
3048 591 3174 645 qua:
3214 575 3435 632 occulte
3464 578 3615 634 ﬁunt
3643 594 3679 633 a

2028 658 2168 714 ﬁliis
2200 660 2537 716 difﬁdentiae
2573 679 2585 717 :
2626 662 2747 718 haec
2795 663 2952 718 enim
2985 680 3017 718 a
3063 662 3193 719 luce
3246 668 3454 737 arguta
3482 665 3678 722 mani-

2027 747 2336 804 festantur.
2375 750 2496 805 Lux
2536 756 2733 807 autem
2780 753 2972 824 arguit
3021 770 3090 808 ea
3137 770 3264 825 quas
3320 753 3485 825 prius
3514 759 3681 811 erant

2026 838 2277 893 tenebris
2308 842 2364 893 et
2392 843 2594 910 postea
2626 839 2779 895 facta
2808 845 2947 897 sunt
2976 840 3176 897 lumen
3221 843 3281 897 in
3312 842 3582 914 Domino,
3614 846 3681 899 ut

2028 943 2094 983 ex
2122 943 2188 983 eo
2218 928 2373 999 quod
2425 928 2842 1001 corripiuntur,
2884 934 3189 986 mutentur
3233 930 3294 986 in
3343 931 3579 1001 melius,
3623 935 3682 987 et

2027 1020 2252 1072 mutata
2282 1016 2734 1073 manifestentur
2762 1017 2823 1073 in
2858 1018 3115 1090 publico,
3149 1023 3205 1076 et
3227 1020 3525 1093 publicata
3560 1020 3682 1077 sint

2027 1104 2249 1174 lumen,
2279 1106 2416 1176 quia
2446 1123 2618 1162 omne
2649 1107 2804 1178 quod
2837 1107 3266 1180 manifestatur,
3297 1109 3395 1165 lux
3426 1114 3534 1166 est.

2100 1194 2283 1265 (Vers.
2313 1196 2425 1267 14.)
2456 1220 2483 1245 ‹‹
2520 1195 2759 1269 Propter
2789 1192 2943 1269 quod
2975 1197 3153 1253 dicit:
3188 1198 3374 1271 Surge
3414 1199 3515 1271 qui
3547 1200 3681 1256 dor-

2029 1284 2164 1351 mis,
2199 1288 2255 1339 et
2283 1300 2529 1356 exsurge
2559 1302 2593 1339 a
2623 1285 2891 1353 mortuis,
2923 1289 2979 1340 et
3007 1284 3366 1343 illuminabit
3394 1292 3451 1343 te
3489 1288 3685 1345 Chris-

2027 1377 2123 1429 tus
2148 1373 2299 1444 (sive,
2354 1374 2573 1429 orietur
2632 1373 2737 1428 tibi
2795 1373 3126 1447 Christius).
3179 1376 3467 1440 Quoniam
3508 1394 3685 1450 opera

2026 1463 2402 1517 tenebrarum
2452 1461 2579 1518 luce
2610 1467 2819 1535 arguta
2856 1462 3307 1521 manifestantur
3351 1465 3409 1520 in
3465 1464 3680 1535 lucem,

2028 1549 2119 1605 his
2151 1567 2277 1622 quis
2309 1554 2515 1622 arguta
2544 1544 2775 1606 fuerant
2812 1552 3248 1619 transmutatis,
3299 1553 3512 1609 dicitur
3541 1554 3681 1610 dor-

2029 1638 2351 1695 mientibus
2380 1643 2438 1693 et
2470 1639 2736 1710 mortuis,
2770 1656 2836 1695 eo
2867 1641 3021 1711 quod
3074 1657 3250 1713 Opera
3301 1642 3484 1698 fecere
3515 1646 3681 1699 tene-

2026 1727 2265 1783 brarum
2324 1728 2494 1798 Surge
2544 1731 2642 1799 qui
2696 1728 2922 1797 dormis,
2983 1738 3036 1785 et
3072 1746 3308 1800 exsurge
3336 1748 3371 1786 a
3424 1733 3680 1788 mortuis.

2028 1818 2257 1882 Quarat
2286 1816 2520 1889 aliquis,
2554 1816 2825 1888 quisnam
2864 1817 2941 1873 sit
2971 1820 3111 1877 iste,
3135 1819 3238 1890 qui
3285 1818 3477 1876 dicat:
3514 1820 3684 1893 Surge

2028 1907 2124 1977 qui
2160 1904 2382 1970 dormis,
2414 1913 2465 1960 et
2494 1921 2731 1975 exsurge
2778 1922 2816 1960 a
2867 1909 3144 1974 mortuis;
3188 1912 3289 1962 aut
3318 1910 3485 1980 cujus
3517 1909 3681 1966 testi-

2028 1994 2225 2050 monio
2254 1993 2566 2066 Apostolus
2598 1994 2675 2050 sit
2704 1994 2948 2050 abusus.
3002 1999 3069 2049 Et
3095 1995 3333 2067 quidem
3383 1997 3484 2069 qui
3535 1997 3677 2054 sim-

2028 2082 2162 2156 plici
2193 2082 2573 2154 responsione
2602 2086 2911 2139 contentus
2940 2088 3047 2151 est,
3089 2084 3242 2140 dicet
3272 2087 3289 2120 ¹
3322 2085 3383 2141 in
3415 2086 3681 2142 recondi-

2026 2172 2103 2226 tis
2124 2188 2256 2227 eum
2286 2170 2604 2243 prophetis,
2639 2175 2695 2226 et
2723 2171 2815 2227 his
2845 2189 2972 2244 quae
3025 2178 3309 2229 vocantur
3349 2175 3683 2248 apocrypha

2029 2264 2149 2316 haec
2178 2260 2327 2316 lecta
2356 2260 2415 2315 in
2448 2260 2709 2335 medium
2740 2261 3056 2333 protulisse
3084 2262 3260 2333 (sicut
3289 2262 3348 2319 in
3379 2262 3511 2319 aliis
3536 2281 3682 2336 quo-

2028 2366 2141 2421 que
2171 2348 2314 2405 locis
2344 2348 2511 2404 illum
2547 2349 2753 2405 fecisse
2785 2349 3161 2406 manifestum
3210 2355 3341 2420 est),
3374 2369 3489 2409 non
3523 2352 3680 2424 quod

2026 2437 2361 2511 apocrypha
2417 2438 2845 2511 comprobaret,
2908 2440 3008 2495 sed
3069 2440 3224 2513 quod
3283 2444 3340 2496 et
3385 2442 3568 2509 Arati,
3627 2445 3685 2497 et

2026 2527 2406 2600 Epimenidis,
2440 2531 2497 2582 et
2526 2527 2831 2584 Menandri
2878 2529 3144 2585 versibus
3169 2529 3320 2585 648
3353 2530 3430 2587 sit
3459 2530 3682 2587 abusus

2027 2618 2098 2673 ad
2121 2634 2190 2672 ea
2217 2633 2344 2689 quae
2374 2616 2637 2671 voluerat
2682 2616 2741 2671 in
2773 2621 3036 2690 tempore
3068 2618 3521 2690 comprobanda.
3566 2618 3683 2675 Nec

2026 2709 2222 2761 tamen
2254 2705 2435 2775 Arati,
2468 2710 2524 2761 et
2554 2705 2934 2777 Epimenidis,
2970 2711 3026 2762 et
3054 2707 3378 2774 Menandri,
3401 2710 3522 2762 tota
3552 2723 3680 2779 quae

2028 2794 2332 2866 scripsere,
2366 2798 2505 2849 sunt
2562 2799 2785 2859 sancta,
2835 2795 2975 2867 quia
3004 2811 3103 2851 eos
3150 2811 3281 2851 vere
3320 2794 3543 2867 aliquid
3594 2794 3682 2848 di-

2025 2883 2181 2938 xisse
2253 2887 2503 2938 testatus
2577 2887 2687 2938 est.
2763 2881 2928 2939 Alius
2977 2900 3112 2939 vero
3166 2882 3333 2954 quasi
3393 2900 3683 2956 προσωπο-

2026 2967 2207 3021 ποιίαν
2266 2968 2521 3040 Spiritus
2573 2969 2761 3023 sancti
2819 2969 3137 3040 Apostolus
3206 2969 3562 3042 ﬁguraverit,
3610 2970 3681 3025 ad

2025 3057 2487 3113 exhortationem
2538 3056 2889 3129 poenitentiae
2948 3057 3070 3113 haec
3113 3058 3267 3114 dicta
3310 3057 3680 3115 memorabit.

344 3172 374 3203 α
401 3149 584 3222 Magis
614 3153 811 3205 autem
855 3153 913 3204 et
953 3147 1197 3221 arguite.
1244 3170 1272 3197 »
1303 3149 1458 3204 Inter
1498 3151 1703 3204 caetera
1749 3165 1914 3204 man-
1948 3134 1991 3200 C
2030 3147 2145 3219 Ego
2177 3150 2330 3201 certe
2361 3146 2687 3202 secundum
2730 3145 3201 3217 paupertatulam
3233 3163 3447 3219 meam,
3480 3163 3683 3204 omnes

256 3243 422 3304 data,
481 3237 657 3294 etiam
733 3241 1037 3310 peccantes
1096 3253 1265 3309 posse
1331 3253 1594 3310 arguere,
1655 3237 1920 3293 maximae

258 3327 561 3385 libertatis
590 3333 699 3383 est.
752 3328 862 3383 Sed
914 3326 1021 3382 hoc
1052 3326 1149 3382 ille
1180 3330 1372 3399 potest
1420 3328 1607 3382 facere
1656 3326 1755 3398 qui
1806 3343 1919 3382 non

260 3423 528 3474 meretur
548 3416 780 3472 audire:
808 3417 1130 3488 Hypocrita,
1165 3417 1298 3487 ejice
1328 3416 1583 3487 primum
1613 3414 1822 3470 trabem
1857 3414 1924 3470 de

258 3507 426 3564 oculo
454 3511 565 3576 tuo,
614 3514 668 3561 et
704 3513 831 3561 tunc
855 3506 1061 3577 poteris
1117 3506 1314 3575 ejicere
1358 3506 1626 3576 festucam
1674 3504 1740 3560 de
1767 3505 1921 3560 oculo

256 3597 464 3667 fratris
494 3596 586 3651 tui
614 3595 765 3665 (Luc.
806 3610 863 3649 vx
894 3594 1006 3664 42).
1057 3593 1446 3656 Quamobrem
1496 3598 1552 3649 et
1602 3593 1919 3666 prophetae,

262 3684 460 3739 nullai
470 3684 557 3756 psi
584 3688 954 3756 peccatorum
977 3683 1147 3739 sorde
1169 3682 1400 3755 polluti,
1424 3699 1528 3738 nec
1541 3684 1921 3738 cauteriatam

258 3774 553 3829 habentes
583 3774 731 3828 647
788 3772 1205 3829 conscientiam
1259 3776 1314 3840 (Ι
1358 3773 1492 3827 Tim.
1530 3789 1603 3838 ιν,
1651 3774 1728 3842 2),
1764 3776 1920 3844 pote-

259 3867 402 3918 rant
430 3868 663 3918 czeteros
696 3878 939 3934 arguere
983 3861 1409 3933 delinquentes.
1461 3861 1541 3915 Ex
1593 3877 1708 3932 quo
1739 3860 1925 3915 animi

261 3953 692 4009 advertendum
741 3967 875 4007 eum
934 3966 1176 4024 arguere
1233 3966 1424 4021 posse,
1472 3952 1573 4021 qui
1630 3951 1755 4021 ipse
1807 3966 1920 4004 non

261 4040 656 4113 redarguetur
680 4040 740 4095 in
765 4040 1100 4111 semetipso.

339 4130 527 4201 (Vers.
581 4131 693 4201 12.)
744 4153 778 4197 ,«
835 4129 969 4193 Qua:
1018 4129 1173 4185 enim
1237 4129 1461 4185 occulte
1510 4129 1658 4184 ﬁunt
1700 4128 1771 4183 ab
1816 4128 1921 4196 eis,

262 4228 443 4292 turpe
472 4224 562 4275 est
589 4225 646 4274 et
677 4219 885 4274 dicere.
936 4241 962 4269 n
997 4218 1122 4274 Non
1180 4217 1326 4273 mihi
1356 4219 1589 4273 videtur
1634 4217 1925 4272 sermonis

262 4314 428 4365 stare
458 4312 784 4374 contextus,
817 4313 883 4362 ut
911 4307 971 4361 id
998 4308 1148 4378 quod
1169 4323 1324 4362 nunc
1346 4307 1597 4363 dicitur:
1621 4308 1756 4375 Quae
1775 4308 1926 4361 enim

264 4397 476 4455 occulte
522 4396 661 4465 ﬁunt
717 4396 784 4451 ab
835 4397 936 4468 eis,
994 4412 1063 4451 ex
1120 4394 1523 4467 superioribus
1568 4395 1839 4467 pendeat,
1871 4398 1928 4448 et

266 4486 411 4542 sciri
441 4485 628 4558 possit
656 4485 729 4541 ad
779 4502 927 4557 quos
970 4484 1349 4557 potissimum
1403 4484 1771 4539 referendum
1828 4483 1925 4549 sit,

268 4575 391 4630 nisi
422 4576 565 4630 forte
590 4574 767 4630 altius
817 4574 1097 4630 reddatur
1131 4574 1515 4647 hyperbaton,
1564 4576 1620 4627 et
1662 4572 1734 4627 ad
1781 4569 1933 4626 ﬁlios

269 4663 615 4719 diffidentia
647 4663 972 4736 capuletur,
1022 4668 1088 4718 ut
1117 4678 1326 4719 sonare
1356 4659 1574 4733 possit:
1612 4663 1747 4726 Qua:
1778 4659 1934 4716 enim

270 4751 503 4809 occulte
533 4753 683 4808 ﬁunt
712 4770 745 4808 a
795 4751 930 4807 ﬁliis
979 4750 1339 4818 difﬁdentiae,
1388 4754 1558 4822 turpe
1605 4753 1694 4805 est
1723 4749 1935 4815 dicere,

272 4858 408 4914 quin
440 4845 580 4898 sunt
610 4841 909 4898 fornicatio
940 4846 997 4896 et
1035 4839 1413 4897 immunditia
1453 4838 1515 4894 et
1538 4838 1782 4895 avaritia
1813 4853 1937 4894 om-

273 4946 399 4986 1118.

362 5090 719 5164 {Nimirum
769 5107 838 5164 ex
902 5090 1244 5164 ApOcryphp
1292 5090 1427 5164 Elia;
1464 5089 1944 5164 _lau_dari__hocce

282 5162 695 5219 testimonium
746 5160 1019 5235 opinatus
1063 5160 1154 5218 est
1204 5162 1262 5235 S.
1318 5160 1940 5235 EpiphaniusAHzeros.

280 5235 376 5303 42,
477 5275 489 5288 .
520 5235 650 5289 372.
711 5231 860 5291 (Ξθότ
903 5234 995 5289 ius
1039 5250 1172 5289 vero
1226 5231 1530 5304 Syncellus
1576 5233 1634 5286 in
1685 5231 1944 5287 Chrono-

280 5250 553 5359 eraugia-
606 5322 736 5359 nam
799 5250 922 5359 12%.
1002 5302 1061 5357 ἐκ
1124 5307 1220 5357 τοῦ
1298 5301 1561 5359 Ἰερεμίου
1627 5302 1942 5359 Λεγουιένων

324 5301 553 5379 Paphia,
604 5322 736 5379 pag.
799 5301 922 5371 121,
1002 5302 1061 5357 ἐκ
1098 5307 1220 5379 -ῖοῦ
1264 5301 1561 5379 Α’Ἰερεμίου
1627 5302 1942 5379 Λεγομὲνωχ

318 5373 654 5456 ποκρῦφςωιῖ,
682 5373 771 5432 ’θέε
835 5376 1217 5456 ᾼροεῃῃρὴίξη
1246 5373 1513 5456 let-emite
1566 5373 1846 5456 ascriptis.
1907 5374 1948 5429 Ε

2030 3236 2315 3292 editiones
2342 3239 2601 3290 veterum
2634 3235 3090 3306 Scripturarum,
3123 3236 3367 3309 ipsaque
3413 3236 3683 3293 Hebraeo—

2030 3342 2160 3380 rum
2185 3323 2482 3379 volumina
2513 3322 2825 3395 diligenter
2855 3324 3201 3393 eventilans,
3234 3342 3539 3397 nunquam
3573 3325 3682 3381 hoc

2031 3414 2315 3484 scriptum
2365 3411 2571 3483 reperi.
2602 3411 2725 3468 Nisi
2756 3412 2901 3468 forte
2950 3418 3005 3469 et
3052 3412 3161 3469 hoc
3198 3414 3502 3470 dicamus:
3537 3430 3681 3487 quo-

2031 3502 2204 3557 modo
2237 3500 2375 3555 olim
2406 3500 2698 3572 prophetae
2732 3501 2789 3555 in
2820 3501 3097 3557 concione
3127 3502 3327 3575 populi
3366 3502 3685 3575 loqueban-

2031 3596 2146 3662 tur,
2193 3593 2317 3646 liaec
2381 3590 2524 3646 dicit
2580 3590 2865 3657 Dominus,
2933 3594 2989 3646 et
3012 3607 3033 3644 :-
3090 3592 3364 3659 Quoniam
3419 3592 3684 3648 Dominus

2032 3681 2239 3735 locutus
2267 3687 2381 3735 est:
2438 3678 2521 3734 ita
2550 3683 2607 3734 et
2653 3678 2997 3750 Apostolum
3039 3679 3258 3751 Spiritu
3307 3684 3509 3737 sancto
3560 3664 3679 3753 ple-

2032 3786 2197 3836 num,
2230 3768 2543 3840 repentein
2577 3768 2752 3824 verba
2802 3784 2929 3839 qua:
2978 3767 3035 3822 in
3071 3785 3134 3824 se
3181 3756 3448 3827 Christus
3488 3769 3685 3840 loque-

2032 3860 2227 3925 batur,
2258 3856 2522 3929 erupisse
2568 3861 2745 3929 atque
2775 3856 2991 3912 dixisse
3018 3873 3030 3912 :
3063 3859 3190 3914 Haec
3234 3858 3369 3913 dicit
3398 3859 3680 3914 Dominus.

2033 3948 2266 4003 Necnon
2301 3952 2357 4002 et
2412 3945 2559 4001 illud
2610 3951 2699 4002 est
2750 3947 3182 4017 disserendum,
3235 3947 3528 4019 quomodo
3583 3946 3687 4001 uni

2033 4041 2210 4109 atque
2239 4036 2429 4091 eidem
2478 4035 2708 4090 dicatur
2739 4036 2908 4106 quasi
2958 4035 3192 4105 viventi,
3237 4036 3406 4106 Surge
3433 4037 3532 4107 qui
3559 4034 3685 4090 dor-

2032 4129 2177 4182 mis:
2226 4130 2282 4181 et
2310 4122 2480 4197 quasi
2529 4129 2781 4190 mortuo,
2840 4127 3089 4193 Exsurge
3142 4142 3174 4178 a
3225 4125 3477 4180 mortuis.
3509 4123 3691 4196 Igitur

2034 4215 2173 4287 quia
2202 4219 2258 4271 et
2288 4213 2535 4285 spiritus
2565 4216 2655 4267 est
2685 4212 2963 4279 hominis,
2998 4229 3171 4283 quem
3217 4228 3448 4286 semper
3495 4212 3553 4268 in
3587 4210 3691 4267 bo-

2036 4320 2171 4359 nam
2202 4308 2428 4374 partem
2468 4302 2752 4373 scriptum
2778 4301 3179 4368 meminimus,
3213 4306 3269 4358 et
3299 4303 3495 4358 anima
3524 4303 3694 4373 cujus

2035 4398 2091 4448 et
2120 4390 2496 4447 inﬁrmitates
2545 4396 2603 4444 et
2646 4394 2863 4446 mortes
2913 4388 3165 4463 legimus
3205 4397 3596 4463 peccatorum,
3635 4391 3693 4445 id

2040 4482 2193 4554 quod
2226 4496 2382 4535 nunc
2413 4478 2648 4545 dicitur,
2680 4478 2855 4548 Surge
2893 4482 2989 4552 qui
3015 4480 3249 4549 dormis,
3283 4482 3568 4537 referatur
3624 4480 3697 4535 ad

2043 4570 2355 4644 spiritum:
2418 4572 2474 4624 et
2532 4568 2686 4639 quod
2738 4569 3023 4639 sequitur,
3071 4571 3321 4638 Exsurge
3364 4586 3397 4624 a
3444 4568 3696 4635 mortuis,

2045 4661 2257 4717 animos
2287 4663 2605 4731 coaptetur.
2639 4658 2835 4712 Anima
2863 4660 3012 4713 enim
3059 4674 3184 4729 qua?
3222 4660 3551 4729 peccaverit,
3580 4658 3701 4728 ipsa

2044 4751 2319 4805 morietur
2348 4748 2559 4820 (Bacch.
2592 4763 2751 4817 xvm,
2799 4747 2875 4819 4).
2928 4746 3180 4819 Spiritus
3211 4751 3407 4804 autem
3452 4750 3701 4802 mortem

2048 4855 2353 4910 nunquam
2386 4837 2623 4893 omnino
2656 4836 2929 4909 legimus.
2978 4836 3243 4892 Christus
3274 4853 3409 4908 ergo
3440 4835 3542 4891 lux
3568 4849 3706 4891 vera

2050 4927 2270 4984 orietur
2297 4927 2347 4983 ei
2382 4926 2484 4997 qui
2533 4926 2786 4982 surrexit
2842 4926 2914 4981 de
2965 4942 3196 4994 somno,
3252 4930 3309 4982 et
3360 4943 3429 4982 ex
3457 4922 3706 4982 mortuis

2055 5091 2180 5156 lem,
2235 5089 2375 5159 quia
2432 5086 2583 5141 venit
2631 5087 2821 5142 lumen
2876 5086 3216 5159 tuumqulii
3276 5086 3507 5143 malunt
3546 5085 3707 5142 Isaize

2055 5157 2316 5232 quidem,
2370 5159 2470 5212 sed
2517 5175 2644 5229 cap.
2677 5174 2855 5232 _xxvl,
2891 5159 2979 5232 19,
3029 5157 3213 5213 alludi
3258 5159 3464 5214 verba:
3522 5159 3711 5214 Vivent

2056 5229 2265 5287 mortui
2319 5232 2441 5285 tui:
2511 5229 2799 5301 interfecti,
2844 5231 2950 5284 mei
3004 5239 3361 5299 resurgent...
3422 5231 3563 5299 Quia
3618 5244 3712 5285 ros

2059 5304 2219 5369 lucis,
2270 5316 2359 5355 ros
2404 5309 2566 5361 tuus;
2616 5300 2717 5354 aut
2774 5300 3025 5373 denique
3084 5301 3183 5356 illa
3213 5319 3287 5370 ιχ,
3338 5304 3409 5357 2;
3450 5301 3711 5373 Populus,

2096 5377 2155 5429 ui
2182 5373 2499 5428 ambulabat
2533 5374 2590 5426 in
2626 5373 2883 5442 tenebris,
2902 5372 3037 5427 vidit
3070 5373 3247 5428 lucem
3291 5372 3581 5443 magnam,
3613 5372 3712 5427 ha-

282 5444 582 5505 contrario
626 5444 698 5504 in
750 5444 1107 5504 authenti'c‘is
1160 5446 1325 5501 libris
1374 5447 1518 5501 illud
1575 5445 1833 5501 invenire
1891 5461 1952 5499 se
2062 5444 2361 5502 bitantibus
2397 5446 2455 5498 in
2486 5444 2710 5512 regione
2737 5444 2953 5501 umbrae
2993 5446 3182 5501 mortis
3213 5446 3315 5501 lux
3342 5449 3458 5503 orto
3505 5452 3584 5502 est
3610 5444 3714 5502 eis.

328 5535 465 5576 osse
496 5518 595 5576 alii
636 5524 862 5594 putant.
896 5522 954 5576 S.
1007 5519 1264 5594 Thomas
1295 5518 1492 5594 exilio
1518 5517 1758 5594 deducit
1788 5516 1951 5571 Isaiae
2060 5518 2229 5576 Adito
2259 5515 2367 5573 loci
2401 5517 2528 5587 eius
2559 5516 2925 5587 interpretes.

307 5608 418 5652 oco
463 5608 589 5666 cap.
636 5588 714 5649 1.x
741 5597 903 5665 (vers.
939 5593 1029 5666 1):
1090 5590 1281 5661 Surge,
1334 5591 1692 5660 illuminare,
1720 5588 1949 5649 Jerusa-
