4066 6190
370 339 489 398 559

1622 335 1686 395 S.
1733 331 2043 395 EUSEBII
2090 333 2536 395 HIERONYMI

3663 326 3784 397 560

374 468 550 525 fuerit
577 466 917 523 suscitatus.
943 466 1073 522 Scio
1104 481 1197 521 me
1228 465 1462 523 audisse
1489 467 1800 538 quemdam
1821 467 1890 522 de
1913 464 2023 521 hoc
2049 469 2105 536 Α
2135 468 2330 522 autem
2358 467 2486 522 vita:
2519 466 2697 539 hujus
2722 482 2987 540 quaerens
3018 465 3433 535 necessaria,et
3462 466 3532 523 de
3562 466 3785 525 divitiis

370 559 495 614 loco
528 558 587 612 in
620 555 875 612 Ecclesia
898 555 1317 627 disputantem,
1370 556 1470 629 qui
1514 555 1573 610 in
1604 554 1889 611 theatrale
1921 554 2026 609 mi-

372 646 661 715 raculum,
726 661 1028 718 nunquam
1085 650 1219 700 ante
1270 645 1456 700 visam
1512 646 1761 700 formam
1812 643 2025 716 populo

374 736 755 803 exhibuit,'ut
785 733 1070 807 placeret:
1105 733 1534 789 Testimonium
1565 732 1699 798 hoc,
1727 732 2022 804 inquiens,

377 826 449 883 ad
478 826 665 882 Adam
706 824 923 880 dicitur
968 824 1028 878 in
1084 822 1209 879 loco
1256 822 1527 878 Calvariae
1569 821 1886 894 sepultum,
1926 820 2025 876 ubi

381 914 691 972 crucifixus
722 918 812 970 est
840 912 1145 969 Dominus.
1189 912 1295 976 Qui
1341 910 1612 967 Calvaria:
1659 911 1876 967 idcirco
1924 926 2024 982 ap-

383 1005 633 1078 pellatus
654 1009 763 1071 est,
798 1002 949 1074 quod
976 1001 1055 1057 ibi
1090 1000 1316 1072 antiqui
1355 1000 1613 1056 hominis
1644 1004 1798 1056 esset
1826 1000 2027 1056 condi-

380 1100 507 1151 tum
539 1096 715 1166 caput
738 1111 750 1149 :
783 1091 882 1148 illo
923 1108 1059 1164 ergo
1074 1094 1337 1162 tempore
1358 1106 1473 1161 quo
1499 1088 1814 1145 cruciﬁxus
1840 1088 2031 1143 Domi-

380 1201 515 1251 nus,
569 1199 746 1256 super
792 1183 919 1251 ejus
961 1180 1249 1253 pendebat
1292 1178 1625 1251 sepulcrum
1661 1179 1702 1244 ¹,
1747 1178 1868 1232 haec
1903 1193 2031 1249 pro-

382 1272 581 1347 phetia
601 1270 891 1345 completa
906 1270 1063 1325 649
1095 1274 1183 1325 est
1220 1269 1451 1323 dicens:
1491 1267 1682 1337 Surge,
1713 1267 1906 1333 Adam,
1937 1268 2033 1337 qui

382 1363 669 1433 dormis,et
697 1376 929 1431 exsurge
956 1376 991 1414 α
1018 1360 1282 1415 mortuis:
1315 1363 1372 1413 et
1402 1374 1517 1413 non
1548 1361 1613 1412 ut
1642 1356 1893 1428 legimus
1916 1355 2030 1408 ἑπι-

382 1450 573 1530 φαύσει
622 1469 707 1504 σοι
763 1446 1014 1525 ligio-16;,
1062 1449 1121 1503 id
1182 1451 1288 1514 est,
1341 1447 1550 1502 orietur
1605 1447 1708 1501 tibi
1763 1445 2029 1510 Christus,

382 1543 483 1599 sed
515 1536 858 1612 ἐπιψαύσειθ,
919 1539 978 1592 id
1028 1542 1135 1605 est,
1166 1538 1446 1608 continget
1492 1539 1543 1590 te
1573 1533 1833 1589 Christus.
1888 1534 2035 1599 Quia

378 1629 649 1687 videlicet
672 1632 831 1684 tactu
871 1626 1174 1699 sanguinis
1205 1625 1412 1696 ipsius,
1446 1628 1500 1679 et
1530 1624 1789 1695 corporis
1818 1624 2032 1694 depen-

383 1720 594 1785 dentis,
625 1719 949 1773 viviﬁcetur
977 1720 1149 1786 atque
1179 1718 1530 1786 consurgat:
1564 1717 1621 1769 et
1658 1718 1799 1768 tunc
1828 1717 2031 1784 typum

386 1824 621 1881 quoque
650 1805 821 1861 illum
867 1804 1111 1860 veritate
1147 1803 1447 1874 compleri,
1486 1803 1740 1909 'quando
1792 1801 2035 1909 Eliszfus
2066 1843 2113 1909 B

384 1901 653 1954 mortuus
724 1898 1022 1951 mortuum
1071 1892 1373 1949 suscitavit
1429 1892 1523 1962 (IV
1606 1893 1740 1964 Reg.
1803 1908 1876 1961 1v,
1919 1888 2031 1962 35).

382 1990 514 2042 Haec
572 1990 772 2041 utrum
828 2001 963 2040 vera
1018 1982 1156 2052 sint,
1232 1998 1433 2049 necne,
1498 1980 1734 2036 lectoris
1794 1979 2035 2035 arbitrio

381 2076 744 2148 derelinquo.
779 2075 941 2131 Certe
968 2077 1107 2129 tunc
1140 2072 1199 2126 in
1232 2071 1445 2144 pepulo
1477 2070 1635 2125 dicta
1665 2071 2033 2142 placuerunt,

383 2169 441 2222 et
499 2165 753 2238 qdodam
828 2164 1039 2236 plausu
1107 2178 1172 2217 ac
1250 2160 1507 2233 tripudio
1565 2165 1703 2216 sunt
1774 2162 2034 2230 excepta.

385 2254 579 2311 Unum
611 2253 765 2325 quod
815 2252 958 2320 scio,
1002 2251 1229 2323 loquor,
1289 2266 1425 2305 cum
1484 2248 1594 2304 loci
1654 2249 1830 2304 istius
1858 2248 2037 2302 inter-

385 2344 707 2417 pretatione
764 2346 940 2413 atque
996 2343 1268 2395 contextu
1313 2354 1521 2393 sensus
1569 2336 1681 2393 iste
1729 2352 1844 2392 non
1894 2352 2036 2392 con-

386 2433 564 2489 venit.

457 2521 639 2593 (Vers.
692 2520 803 2587 15.)
834 2518 1039 2572 Videte
1087 2531 1222 2588 ergo
1267 2515 1559 2586 quomodo
1607 2519 1773 2569 caute
1830 2514 2037 2567 ambu-

386 2609 551 2666 letis:
586 2625 703 2664 non
762 2611 828 2662 ut
860 2605 1226 2678 insipientes,
1279 2604 1379 2659 sed
1412 2608 1475 2658 ut
1521 2603 1836 2674 sapientes.
1873 2625 1900 2654 »
1938 2603 2040 2657 Re-

389 2700 479 2753 cte
527 2692 793 2767 Ephesiis
848 2692 1080 2761 dicitur,
1116 2694 1179 2747 ut
1208 2696 1375 2747 caute
1407 2689 1708 2745 ambulent
1738 2690 1839 2761 qui
1863 2690 2039 2745 habe-

390 2788 533 2842 bant
561 2785 904 2840 exercitatos
936 2798 1147 2838 sensus
1197 2781 1267 2836 ad
1320 2780 1769 2835 discernendum
1819 2780 2039 2834 bonum

389 2880 448 2931 et
485 2875 732 2942 malum,
764 2878 819 2929 et
841 2873 1151 2945 probantes
1172 2870 1391 2937 omnia,
1414 2870 1471 2923 id
1503 2869 1660 2940 quod
1691 2872 2040 2935 statuerant,

388 2966 611 3022 bonum
633 2979 761 3020 esse
790 2962 1137 3018 retinebant.
1171 2959 1279 3024 Qui
1314 2962 1511 3013 autem
1551 2956 1707 3012 videt
1748 2958 2041 3028 quomodo

388 3054 670 3122 ambulet,
703 3056 760 3109 et
789 3068 968 3124 quam
997 3053 1164 3106 caute
1194 3048 1337 3121 ligat
1378 3048 1649 3120 gradum,
1682 3063 1754 3102 ne
1792 3046 1939 3102 forte
1970 3046 2042 3101 ad

385 3143 645 3215 lapidem
673 3142 928 3197 offendat
984 3141 1191 3212 pedem
1223 3154 1419 3202 suum,
1454 3141 1511 3191 et
1559 3135 1736 3191 dicit:
1790 3137 2044 3191 Lucerna

2135 560 2193 611 et
2240 555 2677 623 sollicitudinis,
2730 573 2876 627 quas
2933 555 3313 628 Evangelium
3371 556 3574 628 spinas
3629 572 3791 612 nun-

2134 644 2647 716 cupat(Marc.1v;
2700 645 2786 717 18,
2833 645 2942 712 19;
2975 646 3103 701 Luc.
3154 661 3274 712 vm,
3328 644 3436 718 14),
3497 644 3789 719 Cogitans,

2136 738 2325 805 potest
2376 734 2489 789 sibi
2531 739 2766 806 tempus
2824 733 3131 793 redimere.
3168 733 3539 791 Redimentes
3588 740 3789 792 autem

2136 826 2391 895 tempus,
2442 823 2596 894 quod
2629 823 2685 878 in
2719 823 2924 880 diebus
2974 822 3143 879 malis
3183 827 3292 893 est,
3353 822 3788 895 quodammodo

2135 911 2525 967 immutamus
2557 911 2701 967 illud
2731 928 2743 968 :
2803 917 2862 967 et
2915 913 3039 968 dies
3090 911 3277 969 molos
3307 912 3367 967 i‘n
3401 913 3595 968 bonos
3612 913 3790 969 verti-

2138 1016 2291 1069 mus,
2326 1004 2383 1059 et
2432 1000 2681 1056 facimus
2711 1000 2842 1056 illos
2891 1018 3004 1057 non
3062 1001 3368 1074 praesentis
3420 1001 3641 1067 saeculi,
3686 1002 3790 1058 sed

2136 1088 2340 1144 futuri.
2378 1093 2573 1145 Potest
2605 1095 2661 1145 et
2688 1089 2855 1146 aliter
2898 1090 3060 1145 locus
3091 1090 3200 1146 iste
3242 1089 3524 1147 edisseri:
3559 1090 3715 1148 050
3745 1091 3790 1147 0

2138 1195 2237 1233 vos
2288 1177 2544 1250 Ephesii,
2577 1179 2793 1251 quibus
2823 1180 2893 1235 de
2924 1192 3131 1235 somno
3169 1178 3365 1235 smculi
3395 1178 3567 1236 istius
3596 1198 3796 1237 exsur-

2139 1266 2416 1339 gentibus
2462 1266 2547 1323 sol
2581 1267 2824 1339 justitiae
2873 1273 3036 1324 ortus
3092 1272 3182 1325 est
3235 1268 3506 1325 Christus
3537 1269 3792 1342 (Malach.

2143 1373 2216 1424 1v,
2247 1359 2325 1423 2),
2376 1361 2546 1412 caute
2583 1357 2882 1413 ambulate
2932 1361 3109 1430 atque
3148 1358 3500 1430 prudenter;
3548 1362 3603 1415 et
3635 1359 3795 1430 abje-

2141 1450 2234 1501 cta
2262 1445 2621 1517 insipientia,
2661 1450 2854 1502 tenete
2897 1447 3266 1519 sapientiam,
3302 1464 3405 1520 per
3453 1464 3629 1521 quam
3659 1464 3800 1521 pos—

2143 1533 2273 1589 sitis
2304 1551 2420 1590 non
2452 1550 2587 1590 cum
2617 1534 2899 1593 varietate
2927 1540 3259 1608 temporum
3281 1539 3662 1607 commutari;
3697 1532 3801 1594 sed

2142 1622 2535 1680 diversitatem
2584 1631 2913 1696 temporum
2966 1624 3131 1681 vobis
3180 1642 3364 1683 unum
3413 1629 3648 1699 tempus
3672 1626 3800 1683 efﬁ-

2145 1728 2294 1767 cere.
2345 1713 2413 1767 Et
2470 1713 2606 1784 quia
2660 1716 2799 1769 sunt
2869 1713 3136 1785 plurimae
3218 1714 3656 1787 persecutiones
3717 1716 3801 1787 (in

2145 1801 2432 1873 principio
2464 1802 2680 1874 quippe
2711 1803 2841 1859 ﬁdei
2878 1803 3304 1875 propemodum
3338 1802 3600 1875 quotidie
3629 1819 3802 1873 vexa:-

2145 1891 2361 1945 bantur
2416 1889 2728 1963 Ecclesiae),
2791 1907 2976 1947 unum
3034 1894 3225 1948 tenete
3274 1907 3540 1959 cursum,
3600 1893 3804 1949 ethoc

2145 1979 2350 2035 scitote
2380 1979 2752 2051 servandum,
2784 1984 2850 2036 ut
2879 1997 2995 2036 non
3026 1980 3085 2036 in
3131 1997 3355 2037 morem
3404 1981 3595 2051 stulti,
3629 1982 3806 2054 quasi

2146 2067 2288 2123 luna
2344 2067 2685 2124 mutemini:
2721 2069 2822 2124 sed
2871 2070 3026 2141 quod
3075 2069 3253 2149 semel
3300 2070 3579 2142 ccepistis,
3630 2071 3809 2127 firma

2147 2160 2340 2212 mente
2376 2158 2658 2214 teneatis:
2720 2175 2792 2214 ne
2823 2158 3091 2215 videlicet
3119 2160 3168 2215 si
3226 2164 3658 2232 persecutorem
3702 2160 3808 2233 ju-

2147 2246 2333 2301 dicem
2363 2246 2646 2313 videritis,
2679 2251 2735 2302 et
2780 2263 2883 2303 vos
2913 2264 3047 2303 cum
3086 2247 3309 2319 judicis
3339 2247 3636 2306 voluntate
3668 2268 3808 2306 mu-

2148 2334 2374 2390 temini.
2408 2336 2661 2391 Rursum
2697 2336 2744 2391 si
2772 2336 2923 2392 alius
2983 2337 3275 2409 dogmatis
3306 2338 3484 2394 vestri
3530 2338 3809 2396 laudator

2149 2423 2465 2495 advenerit,
2521 2441 2624 2479 vos
2681 2424 2983 2481 fateamini
3027 2425 3431 2496 Christianos;
3484 2425 3586 2484 sed
3642 2429 3805 2501 quod

2148 2513 2309 2581 estis,
2333 2513 2494 2568 omni
2524 2518 2784 2586 tempore
2805 2519 3116 2572 reservate.
3149 2514 3399 2589 Aliquod
3425 2516 3497 2572 de
3543 2517 3811 2591 Scriptu-

2151 2602 2231 2657 ris
2262 2619 2553 2673 ponamus
2604 2602 2961 2675 exemplum,
2995 2608 3062 2659 ut
3104 2605 3260 2676 quod
3308 2605 3560 2663 dicimus
3610 2608 3813 2663 mani-

2150 2690 2355 2747 festius
2402 2690 2522 2746 ﬁat.
2582 2691 2797 2764 Joseph
2860 2708 3045 2748 unum
3104 2692 3357 2759 habebat
3411 2694 3812 2768 propositum,

2150 2777 2375 2850 placere
2426 2785 2559 2835 Deo.
2603 2780 2721 2836 Hoc
2751 2780 2915 2854 nulla
2940 2783 3217 2839 varietate
3262 2783 3546 2856 temporis
3577 2783 3807 2841 immu-

2151 2871 2339 2923 tatum
2389 2872 2511 2924 est:
2564 2884 2668 2925 nec
2715 2869 2963 2926 fratrum
3021 2870 3262 2940 invidia,
3313 2887 3419 2927 nec
3467 2872 3810 2930 conditione

2151 2956 2470 3028 servitutis,
2501 2974 2605 3013 nec
2652 2958 2838 3013 aetatis
2885 2958 3195 3029 illecebris,
3245 2976 3352 3016 nec
3400 2961 3650 3017 dominae
3714 2979 3833 3020 re-~

2152 3045 2458 3117 promssis,
2517 3064 2623 3103 nec
2677 3047 2948 3119 squalore
2987 3050 3259 3117 carceris,
3309 3066 3416 3107 nec
3461 3055 3663 3124 postea
3706 3056 3806 3109 tu-

2153 3152 2314 3191 more
2342 3137 2618 3209 ZEgyptiae
2645 3138 2992 3209 potestatis:
3039 3141 3136 3194 sed
3186 3154 3418 3212 semper
3473 3157 3630 3198 unus
3670 3143 3806 3211 fuit,

381 3232 615 3305 pedibus
669 3233 805 3287 meis
856 3230 1073 3285 verbum
1133 3232 1307 3296 tuum,
1360 3228 1590 3281 Domine
1619 3225 1789 3295 (Psal.
1842 3240 2037 3292 cxvm,
2070 3215 2113 3282 C
2150 3228 2208 3279 et
2263 3225 2621 3293 varietatem,
2671 3231 2735 3281 ut
2782 3227 3059 3297 diximus,
3110 3230 3444 3302 temporum
3488 3230 3602 3286 sibi
3649 3232 3813 3288 redi-

394 3321 541 3395 ⁴105),
584 3322 785 3394 utique
844 3318 1080 3392 sapiens
1130 3320 1236 3372 est.
1296 3315 1421 3370 Non
1474 3315 1630 3373 enim
1687 3319 1829 3385 puto
1891 3310 2043 3366 ἰδιῶ-

392 3432 490 3480 την
534 3410 893 3484 quempiam,
942 3407 1053 3462 etsi
1100 3405 1236 3460 velit
1283 3403 1583 3459 ambulare
1635 3408 1822 3469 caute,
1874 3419 2043 3474 posse

392 3501 503 3556 hoc
530 3498 773 3570 implere
821 3499 1204 3569 praeceptum:
1257 3493 1396 3565 quia
1440 3490 1806 3564 sapientibus
1839 3495 1896 3546 et
1926 3508 2041 3546 non

388 3588 809 3659 insipientibus
839 3585 1191 3655 imperatum
1223 3587 1329 3637 est.
1366 3582 1445 3635 Ex
1494 3596 1608 3651 quo
1658 3578 2042 3652 intelligimus

389 3682 447 3733 et
478 3680 763 3749 praecepta
793 3673 1058 3741 moralia,
1091 3673 1244 3745 (quae
1266 3670 1526 3742 plerique
1549 3668 1857 3723 manifesta
1887 3669 2042 3724 arbi-

391 3770 643 3833 trantur,
703 3781 772 3820 ex
828 3780 893 3818 eo
965 3762 1120 3834 quod
1171 3761 1230 3815 in
1280 3764 1481 3815 octavo
1541 3757 1766 3813 decimo
1815 3758 2041 3830 psalmo

389 3858 567 3926 (Vers.
598 3854 655 3926 9)
687 3853 937 3909 dicitur:
988 3850 1299 3906 Mandatum
1338 3849 1560 3904 Domini
1608 3846 1875 3918 lucidum,
1908 3848 2040 3903 illu-

388 3947 616 4002 minans
655 3944 855 4014 oculos)
894 3941 1157 4013 indigere
1209 3938 1501 4011 prudenti,
1536 3941 1593 3992 et
1620 3937 2044 4009 circumspecta

397 4033 792 4108 expositione:
818 4029 1232 4105 quialucidum
1254 4027 1400 4082 illud
1432 4030 1807 4098 praeceptum,
1838 4042 2038 4082 eorum

393 4124 693 4180 illuminat
771 4110 991 4192 oculos,
1034 4119 1133 4191 qui
1203 4115 1540 4189 insipientia
1588 4114 1883 4186 derelicta,
1945 4132 2036 4171 sa-

386 4214 616 4287 pientiae
648 4212 862 4269 studiis
893 4227 954 4267 se
984 4207 1394 4280 manciparint.

459 4303 640 4375 (Vers.
677 4301 788 4373 16.)
823 4322 852 4350 «
878 4299 1267 4368 ,Redimentes
1314 4300 1569 4367 tempus,
1603 4295 1879 4367 quoniam
1912 4295 2035 4351 dies

387 4391 527 4447 mali
559 4394 715 4446 sunt.
743 4413 772 4441 »
807 4390 913 4455 Qui
962 4386 1197 4459 sapiens
1236 4388 1343 4456 est,
1377 4388 1435 4439 et
1466 4383 1682 4439 idcirco
1714 4388 1881 4439 caute
1912 4400 2033 4438 am-

382 4479 566 4548 bulat,
618 4478 855 4536 redimit
897 4483 1151 4549 tempus.
1210 4475 1465 4545 Tempus
1524 4478 1717 4529 autem
1776 4474 2035 4541 redimit,

2154 3330 2343 3381 mens,
2376 3314 2561 3371 malos
2592 3315 2715 3371 dies
2757 3316 2930 3371 vertit
2960 3317 3019 3372 in
3067 3317 3253 3375 bonos
3295 3317 3449 3390 (Gen.
3499 3337 3711 3391 xxxvn,
3737 3316 3815 3377 42

2147 3404 2399 3475 passim).
2434 3404 2551 3459 Hoc
2580 3404 2737 3461 idem
2767 3409 2824 3462 et
2853 3406 2923 3462 de
2950 3405 3058 3462 Job
3093 3406 3465 3464 sentiendum
3499 3414 3606 3482 est,
3647 3408 3811 3483 quod

2153 3508 2255 3563 per
2296 3493 2457 3548 varia
2509 3496 2872 3550 tentamenta
2916 3500 3178 3563 vexatus,
3236 3513 3343 3553 nec
3401 3497 3639 3566 divitiis,
3701 3514 3813 3554 nec

2154 3580 2407 3646 damnis,
2442 3599 2545 3638 nec
2567 3584 2835 3651 orbitate,
2861 3601 2965 3640 nec
2994 3584 3252 3658 vulnere,
3277 3602 3381 3642 nec
3408 3603 3477 3643 ex
3498 3587 3815 3661 exprobra-

2153 3669 2310 3725 tione
2338 3671 2684 3739 amicorum,
2736 3689 2840 3729 nec
2871 3673 3209 3741 solitudine,
3257 3691 3363 3733 nec
3392 3681 3594 3749 postea
3622 3675 3818 3734 bono-

2151 3774 2281 3813 rum
2313 3761 2576 3816 omnium
2610 3761 2978 3818 restitutione
3009 3766 3271 3820 mutatus
3328 3768 3420 3821 est
3443 3765 3578 3835 (Job,
3610 3781 3815 3835 I-xm,

2146 3849 2394 3918 passim).
2424 3850 2768 3906 Redemerat
2796 3851 2953 3907 enim
2995 3851 3109 3907 sibi
3140 3855 3396 3927 tempus,
3431 3858 3490 3909 et
3520 3852 3643 3910 dies
3676 3871 3816 3911 ma-

2150 3936 2240 3992 los
2267 3937 2482 3993 fecerat
2502 3938 2705 3994 bonos.

2219 4116 2406 4185 (Vers.
2444 4118 2555 4189 17.)
2590 4139 2618 4168 «
2662 4122 2906 4191 Propter
2954 4120 3107 4192 quod
3157 4118 3339 4178 nolite
3381 4122 3531 4179 effici
3575 4122 3807 4197 impru-

2148 4204 2387 4260 dentes:
2451 4207 2553 4261 sed
2596 4206 2903 4280 intelligite
2961 4202 3086 4280 quae
3146 4209 3223 4264 sit
3278 4209 3552 4268 voluntas
3610 4212 3733 4270 Dei.
3773 4237 3805 4263 η

2146 4293 2291 4357 Quia
2318 4297 2553 4367 tempus
2583 4295 2803 4352 malum
2853 4300 2960 4365 est,
3010 4300 3068 4353 et
3094 4296 3246 4353 sicut
3293 4314 3473 4371 supra
3518 4299 3804 4375 diximus,

2147 4383 2576 4452 redimendum,
2611 4386 2937 4458 appetenda
2984 4390 3116 4442 ante
3145 4385 3433 4460 sapientia
3457 4392 3569 4458 est,
3600 4394 3668 4445 ut
3695 4406 3807 4462 per

2145 4470 2308 4527 illam
2337 4472 2661 4546 intelligere
2703 4473 3006 4531 valeamus
3064 4491 3191 4549 quae
3249 4477 3325 4533 sit
3353 4476 3622 4534 voluntas
3670 4478 3800 4535 Dei.

380 4570 521 4644 quia
548 4571 673 4626 dies
704 4568 843 4625 mali
868 4572 1025 4623 sunt.
1061 4564 1302 4631 Quando
1332 4563 1393 4618 in
1427 4564 1575 4619 bono
1598 4579 1769 4635 Opere
1798 4568 2034 4635 tempus
2062 4590 2110 4655 D
2142 4561 2276 4655 Non.
2316 4561 2470 4617 enim
2528 4579 2848 4655 possumus
2883 4569 3070 4655 caute
3117 4563 3441 4637 ambulare,
3486 4566 3599 4623 nisi
3630 4567 3801 4640 prius

384 4660 812 4726 consumimus,
846 4657 1098 4712 emimus
1122 4653 1287 4722 illud,
1321 4656 1377 4707 et
1426 4653 1729 4724 proprium
1780 4652 2029 4709 facimus
2062 4649 2101 4655 ”
2140 4649 2437 4706 intellecta
2466 4651 2763 4708 voluntate
2791 4653 2915 4709 Dei.
2970 4655 3033 4709 In
3090 4654 3251 4710 omni
3301 4670 3436 4727 ergo
3468 4672 3641 4728 opere
3674 4658 3798 4729 pri-

378 4751 533 4822 quod
594 4748 820 4805 malitia
865 4745 1173 4802 hominum
1216 4740 1515 4797 venditum
1565 4742 1771 4796 fuerat.
1822 4741 2024 4798 Nemo.

449 4894 466 4927 ¹
497 4892 769 4948 Vidimus
817 4894 874 4947 et
916 4904 1115 4961 supra,
1142 4885 1315 4961 hunc
1364 4883 1559 4961 nescio
1604 4900 1792 4961 quem
1837 4887 2024 4942 notari

375 4964 480 5018 abs
507 4964 855 5037 Hieronymo
889 4962 946 5017 in
977 4956 1103 5037 cap.
1140 4956 1597 5037 Matthaaixxvn,
1887 4973 2029 5037 sane

374 5050 509 5088 cum
541 5037 612 5090 ad
643 5026 957 5091 creandum
991 5026 1159 5101 vulgo
1183 5026 1532 5101 miraculum
1564 5031 1889 5101 excogitata
1910 5031 2028 5100 Opi-

375 5105 533 5167 natio
564 5123 631 5162 ea
663 5108 741 5162 sit
771 5107 954 5160 Adam
989 5104 1046 5161 in
1077 5098 1346 5157 Calvarise
1402 5098 1525 5170 loco
1568 5098 1883 5170 sepultum,
1927 5098 2027 5155 ubi

372 5176 686 5233 cruciﬁxus
716 5183 805 5234 est
833 5176 1102 5232 Christus
1136 5190 1149 5227 :
1183 5176 1310 5226 tum
1339 5170 1395 5223 id
1442 5169 1612 5241 plane
1639 5169 2022 5242 paradoxum,

374 5248 598 5325 ab‘ipso
654 5251 876 5325 prolata
903 5247 1118 5325 ist‘haac
1149 5245 1218 5300 ad
1244 5243 1538 5325 IA’damum
1568 5242 1779 5325 verba:
1823 5247 2022 5325 surge,

373 5320 469 5391 qui
496 5313 723 5387 dormis,
752 5327 859 5376 elc.
893 5319 1173 5391 Caeterum
1206 5320 1262 5391 et
1290 5315 1348 5369 S.
1388 5313 1733 5391 Ambrosius
1764 5313 1829 5391 in_
1855 5313 2022 5369 Com;

370 5384 553 5458 ment,
588 5393 646 5446 in
680 5384 831 5447 hanc
862 5390 1067 5462 Epist.,
1119 5393 1177 5443 et
1222 5385 1584 5462 Augustinus
1614 5384 1673 5439 in
1707 5384 1916 5462 psalm.
1962 5404 2025 5441 ιη

370 5456 594 5535 legunt,
627 5465 692 5539 Et
736 5456 1008 5539 continget
1054 5456 1123 5524 lc,
1156 5456 1337 5530 quam
1382 5456 1688 5539 lectionem
1710 5456 1724 5457 ί
1747 5458 2024 5539 Hierony-

369 5532 504 5607 mus
551 5536 776 5607 probat.
832 5535 1137 5607 Erasmus,
1187 5545 1360 5607 quem
1420 5532 1711 5607 Yictorius
1760 5532 2026 5607 sequitur

366 5605 427 5662 in
458 5595 777 5685 .Gréco_ex
827 5605 1059 5679 ingenio
1108 5595 1414 5685 fecerunt,“
1448 5595 1704 5685 ἐφάψξται
1760 5595 1864 5685 pro
1914 5598 2025 5655 ἐπι-

364 5676 579 5755 ψαύσει.
635 5671 1085 5755 Chrysostomus
1133 5672 1292 5729 hom.
1348 5671 1435 5742 18,
1486 5671 2017 5731 in'hunc’locnm:

2141 4756 2305 4795 mum
2346 4740 2838 4798 considerandum
2869 4742 3007 4813 quid
3034 4742 3217 4835 avellit
3262 4743 3456 4814 Deus;
3489 4749 3549 4800 et
3594 4743 3800 4803 habito

2263 4879 2356 4955 μέν
2415 4903 2561 4961 φασξ.
2624 4905 2651 4937 α
2698 4884 2806 4961 »Κηαὶ
2864 4882 3177 4961 ἐπιψαςόσεις
3229 4888 3327 4961 τρῖ)
3375 4888 3620 4961 Χρισιρῦ,
3667 4909 3697 4937 »ι
3739 4887 3803 4961 ρῗὶ

2140 4951 2195 5008 δὲ
2227 4951 2465 5031 apium-<1
2511 4954 2842 5031 ι’-Εῖτιφᾳρσει
2901 4951 2984 5031 qui
3019 4957 3046 5009 ὁ
3103 4956 3356 5029 Χριστὸς,
3393 4951 3435 5031 »ί
3459 4951 3673 5031 μᾷλζξον
3732 4955 3800 5015 δὲ

2135 5023 2295 5101 τφῦὲο
2320 5023 2454 5101 ἔςι-τιἶ
2472 5027 2601 5101 AAlii
2628 5023 2856 5101 quidam
2886 5028 3091 5101 dicunt,
3126 5023 3437 5101 Et_tanges'
3460 5023 3797 5099 Christum,

2136 5100 2242 5174 alii
2270 5114 2392 5153 iero
2421 5098 2626 5167 dicunt,
2651 5099 3089 5163 Etilluminabit
3112 5105 3167 5155 te
3194 5098 3496 5157 Christus:
3527 5105 3584 5156 et
3610 5098 3798 5174 magis

2136 5171 2216 5224 ita
2246 5174 2343 5224 est.

2205 5242 2395 5305 ’Quis
2442 5239 2783 5315 credidisset
2830 5241 3055 5297 nullam
3111 5243 3227 5299 fere
3283 5256 3484 5298 vocem
3545 5244 3795 5315 reperiri

2133 5316 2388 5368 Graecam
2421 5313 2722 5368 recitatam
2763 5314 2834 5387 ab
2868 5315 3217 5387 Hieronymo
3238 5355 3255 5383 ,
3286 5329 3473 5387 quam
3498 5313 3627 5387 non
3648 5315 3792 5372 Era-

2134 5401 2321 5458 smus,
2347 5388 2411 5458 _et
2444 5389 2575 5458 post
2615 5401 2748 5458 eum
2768 5384 3482 5458 Marianus'depravarit?
3508 5386 3620 5442 Pro
3648 5402 3794 5445 voce

2134 5456 2313 5529 igitur
2344 5453 2644 5528 ἐπεῷαύσει,
2688 5457 2938 5513 editores
2980 5457 3065 5513 illi
3096 5453 3300 5513 contra
3328 5457 3523 5529 ﬁdem
3575 5474 3791 5529 manu-

2132 5525 2483 5605 scriptorum
2532 5528 3173 5605 codicumposuerunt
3226 5527 3470 5605 verbum
3502 5525 3789 5605 ἐφάψεται.

2134 5603 2211 5656 De
2240 5600 2446 5676 eadem
2474 5614 2607 5656 vero
2637 5600 3025 5676 expositione,
3049 5616 3231 5676 supra
3262 5600 3791 5676 loquebatur‘ﬁie-

2131 5670 2489 5749 ronymusin
2522 5687 2648 5745 cap.
2679 5670 2835 5731 xxv"
2865 5673 3071 5731 Matth.
3105 5670 3294 5732 Mam.
