4066 6190
255 395 373 462 561

900 394 1415 462 GOMMENTAR.
1461 398 1541 461 IN
1585 400 1834 462 EPIST.
1878 402 1984 464 AD
2031 402 2307 465 EPHES.
2352 402 2500 467 LIB.
2548 402 2652 476 Ill,
2693 401 2862 463 CAP.
2909 402 2987 464 ν.

3551 400 3677 461 562'

246 529 500 605 judicio,
529 527 588 587 id
621 533 827 605 postea
848 530 1204 600 faciendum,
1228 533 1384 604 quod
1416 531 1501 588 illi
1523 526 1710 590 facere
1736 535 1913 593 fuerit
1941 541 1992 603 Α
2023 535 2236 592 dicitur
2269 552 2281 590 :
2335 535 2626 591 Cantantes
2672 539 2723 591 et
2765 534 3064 607 psallentes
3092 550 3154 590 in
3180 532 3431 591 cordibus
3475 522 3670 591 vestris

256 621 728 693 comprobatum.

325 709 513 782 (Vere.
570 710 683 779 18.)
741 711 867 766 «Et
914 710 1094 767 nolite
1149 712 1423 769 inebriari
1480 714 1637 781 vino,
1684 714 1745 770 in
1797 732 1912 786 quo

253 804 343 855 est
398 797 654 867 luxuria,
687 799 790 856 sed
839 799 1204 872 impleamini
1263 802 1494 874 spiritu.
1530 826 1557 853 ››
1609 805 1911 869 Quomodo

260 903 377 945 non
436 902 755 959 possumus
811 887 1041 945 duobus
1095 889 1351 946 dominis
1407 890 1642 962 servire,
1684 896 1798 947 Deo
1856 898 1911 950 et

252 993 606 1037 mammonae
638 977 848 1047 (Matth.
885 995 964 1046 v1,
996 979 1134 1051 24):
1180 979 1265 1036 sic
1296 995 1410 1035 non
1442 996 1758 1052 possumus
1790 982 1907 1054 Spi-

251 1064 371 1121 ritu
402 1063 657 1138 -impleri
714 1067 950 1135 pariter,
1000 1074 1057 1123 et
1109 1069 1263 1126 vino.
1319 1069 1426 1137 Qui
1484 1069 1640 1126 enim
1698 1071 1908 1143 spiritu

252 1153 561 1227 impletur,
589 1155 767 1212 habet
816 1157 1213 1229 prudentiam,
1262 1165 1320 1215 et
1367 1161 1908 1230 mansuetudinem,

247 1245 399 1302 651
452 1244 882 1318 verecundiam,
934 1248 1307 1317 castitatem;
1376 1250 1476 1322 qui
1524 1249 1680 1317 vino,
1732 1251 1909 1307 habet

242 1332 679 1406 insipientiam,
738 1334 1017 1404 furorem,
1078 1339 1513 1409 procacitatem,
1573 1339 1903 1397 libidinem.

247 1426 372 1481 Hoc
420 1421 637 1495 quippe
685 1424 911 1482 aestimo
963 1442 1080 1482 uno
1125 1427 1299 1484 verbo
1349 1428 1681 1500 signiﬁcare
1735 1428 1904 1485 luxu-

248 1511 425 1567 riam.
458 1511 621 1576 Quod
659 1511 710 1569 si
740 1513 982 1584 quidam
1013 1513 1424 1587 intelligerent,
1459 1534 1764 1590 nunquam
1811 1536 1904 1575 me

247 1599 600 1657 temeritatis
646 1604 704 1657 et
747 1601 1034 1659 hereseos
1064 1604 1416 1678 arguissent,
1449 1609 1605 1678 quod
1635 1608 1695 1663 in
1728 1608 1900 1681 virgi-

246 1688 435 1753 nitate
490 1690 831 1747 servanda1
891 1691 1137 1749 dixerim
1192 1694 1393 1750 vinum
1450 1695 1902 1753 adolescentulis

245 1776 691 1848 declinandum,
724 1783 782 1836 et
827 1797 944 1837 non
994 1782 1347 1840 mittendum
1393 1801 1572 1857 super
1600 1786 1899 1843 ﬂammam

242 1865 461 1935 oleum,
513 1884 619 1924 nec
677 1869 1006 1929 naturalem
1055 1871 1250 1928 carnis
1298 1874 1567 1932 ardorem
1624 1875 1899 1932 fomentis

238 1955 561 2029 voluptatis
591 1959 950 2031 augendum.
983 1959 1179 2017 Potest
1206 1965 1405 2020 autem
1433 1964 1659 2031 vinum,
1687 1964 1746 2019 in
1777 1981 1893 2037 quo

2022 629 2269 683 Domino.
2321 626 2579 682 Audiant
2624 625 2745 680 haec
2800 623 3268 681 adolescentuli:
3320 624 3562 682 audiant
3606 624 3669 681 hi

2022 717 2238 788 quibus
2269 714 2557 787 psallendi
2588 715 2646 769 in
2679 713 2923 770 ecclesia
2954 713 3213 769 officium
3244 717 3352 779 est,
3388 718 3498 770 Deo
3524 720 3527 725 “
3550 731 3667 770 non

2016 823 2177 873 voce,
2210 806 2311 861 sed
2359 806 2530 861 corde
2568 804 2964 866 cantandum;
3017 819 3124 859 nec
3172 802 3232 858 in
3275 803 3668 874 tragzedorum

2019 896 2259 950 modum
2308 900 2515 967 guttur
2560 897 2617 950 et
2661 894 2857 949 fauces
2902 891 3058 948 dulci
3088 892 3477 947 medicamine
3507 890 3670 947 colli-

2017 984 2284 1051 niendas,
2310 988 2376 1039 ut
2406 984 2463 1039 in
2491 982 2734 1039 ecclesia
2758 981 3074 1037 theatrales
3105 980 3329 1036 moduli
3350 980 3672 1036 audiantur

2017 1078 2073 1131 et
2120 1074 2368 1139 cantica,
2415 1074 2517 1129 sed
2565 1071 2622 1126 in
2655 1072 2903 1136 ‘timore,
2954 1070 3015 1125 in
3068 1086 3261 1142 opere,
3311 1069 3370 1125 in
3419 1070 3668 1126 scientia

2016 1163 2470 1234 Scripturarum.
2502 1162 2778 1226 Quamvis
2826 1160 2901 1216 sit
2948 1159 3184 1231 aliquis,
3230 1163 3295 1214 ut
3340 1158 3530 1215 solent
3575 1158 3662 1215 illi

2015 1251 2328 1325 appellare,
2388 1250 2727 1327 κακόφωνος,
2793 1250 2843 1305 si
2911 1249 3066 1305 bona
3128 1265 3305 1321 opera
3368 1248 3659 1315 habuerit,

2016 1340 2202 1398 dulcis
2252 1342 2407 1413 apud
2454 1340 2637 1397 Deum
2691 1343 2893 1394 cantor
2939 1342 3046 1394 est.
3079 1337 3169 1393 Sic
3215 1341 3411 1394 cantet
3456 1354 3661 1394 servus

2014 1431 2247 1497 Christi,
2281 1435 2345 1485 ut
2397 1447 2513 1486 non
2564 1447 2668 1485 vox
2717 1428 2998 1491 canentis,
3031 1428 3131 1484 sed
3180 1427 3357 1483 verba
3396 1425 3666 1499 placeant

2012 1537 2140 1592 quae
2170 1518 2482 1591 leguntur;
2517 1523 2583 1574 ut
2614 1518 2857 1591 spiritus
2888 1517 3078 1573 malus
3111 1516 3209 1588 qui
3243 1521 3367 1572 erat
3395 1516 3454 1571 in
3486 1516 3663 1572 Saule

2010 1611 2075 1679 (Ι
2126 1612 2254 1679 Reg.
2314 1627 2428 1676 xw,
2494 1610 2602 1681 14),
2661 1608 2930 1679 ejiciatur
2995 1607 3067 1661 ab
3134 1606 3227 1662 his
3292 1606 3393 1677 qui
3451 1603 3661 1661 simili-

2010 1703 2100 1754 ter
2154 1699 2225 1754 ah
2293 1716 2359 1753 eo
2418 1698 2813 1770 possidentur,
2866 1701 2922 1751 et
2974 1713 3092 1751 non
3140 1695 3549 1751 introducatur
3600 1695 3660 1750 in

2009 1804 2108 1844 eos
2174 1788 2275 1859 qui
2342 1788 2413 1843 de
2471 1788 2569 1843 Dei
2634 1788 2809 1842 domo
2877 1801 3111 1842 scenam
3146 1786 3167 1818 ²
3234 1784 3418 1840 fecere
3483 1800 3665 1856 popu-

2007 1877 2218 1934 lorum.

2077 1966 2262 2036 (Vers.
2294 1967 2409 2037 20.)
2460 1989 2486 2017 ‹‹
2523 1966 2752 2022 Gratias
2782 1968 3022 2037 agentes
3055 1978 3289 2035 semper
3334 1979 3437 2034 pro
3471 1961 3661 2017 omni—

241 2049 334 2105 est
385 2045 639 2115 luxuria,
684 2052 742 2104 et
792 2047 937 2103 illud
998 2050 1205 2124 accipi,
1254 2053 1325 2109 de
1380 2069 1495 2125 quo
1552 2054 1612 2109 in
1670 2055 1894 2111 cantico
2002 2057 2139 2123 bus,
2172 2057 2231 2110 in
2263 2055 2498 2112 nomine
2528 2054 2758 2110 Domini
2791 2053 2977 2109 nostri
3007 2052 3149 2108 Jesu
3182 2051 3395 2107 Christi
3438 2055 3552 2106 Deo
3603 2054 3662 2106 et

239 2132 429 2206 Moysi
478 2135 738 2193 dicitur:
789 2139 965 2194 Furor
1008 2140 1310 2197 draconum
1352 2145 1545 2199 vinum
1595 2160 1801 2213 eorum,
1846 2149 1896 2201 et
2004 2143 2182 2199 Patri.
2218 2166 2245 2191 ››
2298 2143 2439 2198 Huic
2469 2143 2611 2215 quid
2644 2142 2835 2199 simile
2882 2146 2939 2198 et
2984 2140 3044 2196 in
3086 2138 3341 2212 Epistola
3373 2140 3445 2195 ad
3474 2140 3655 2195 Thes-

244 2225 406 2294 [aror
450 2226 710 2298 aspidum
755 2228 1095 2285 insanabilis
1145 2232 1321 2302 (Deut.
1353 2250 1530 2300 χχχιι,
1562 2234 1691 2305 33);
1742 2235 1895 2306 quod

240 2329 457 2381 omnes
512 2316 613 2388 qui
670 2316 868 2372 saeculi
917 2318 1091 2376 istius
1138 2320 1489 2393 cogitatione
1539 2328 1679 2379 sunt
1728 2324 1896 2392 ebrii,

246 2400 465 2467 bibunt
494 2407 551 2460 et
577 2403 902 2477 insaniunt,
934 2412 991 2464 et
1020 2414 1284 2478 vomunt,
1315 2415 1373 2467 et
1413 2412 1737 2484 praecipites
1769 2429 1897 2469 cor-

251 2495 457 2548 ruunt.
527 2493 596 2549 Et
652 2496 826 2566 juxta
891 2497 1295 2570 Lapitharum,
1362 2503 1900 2574 Centaurorumque

250 2579 543 2648 fabulam,
573 2583 632 2641 in
664 2589 939 2654 mutuum
969 2587 1238 2644 feruntur
1280 2590 1541 2648 exitium.
1578 2592 1723 2648 Huic
1767 2593 1901 2649 vino

255 2667 407 2727 illud
436 2670 636 2731 vinum
668 2675 1029 2732 contrarium
1059 2681 1147 2733 est
1175 2680 1331 2749 quod
1360 2680 1647 2737 Dominus
1689 2698 1752 2739 se
1799 2700 1902 2738 no-

253 2757 487 2817 biscum
541 2761 603 2819 in
652 2778 829 2835 regno
887 2781 994 2822 suo
1051 2766 1375 2829 bibiturum
1430 2786 1561 2826 esse
1613 2772 1904 2843 promittit

254 2847 443 2919 (Marc.
484 2867 602 2920 x1v,
640 2852 755 2924 25).
806 2853 1162 2927 Frequenter
1206 2858 1637 2930 adnotavimus,
1690 2877 1902 2917 nomen

251 2937 500 3023 spiritus
517 2939 740 3023 absque
757 2941 1175 3023 additamento,
1189 2945 1249 3001 in
1266 2947 1478 3004 bonam
1502 2948 1757 3020 positum
1778 2967 1907 3023 par-

252 3019 374 3160 téem
411 3035 427 3074 :
475 3019 630 3092 quod
683 3021 921 3093 quidem
965 3023 1146 3081 etiam
1176 3042 1333 3083 nunc
1364 3019 1798 3085 observandum
1821 3030 1905 3085 vi-

295 3109 446 3161 etur.

329 3194 517 3266 (Vers.
570 3198 685 3268 19.)
733 3222 761 3249 ‹‹
795 3200 1122 3273 Loquentes
1170 3204 1603 3277 vobismetipsis
1647 3206 1707 3261 in
1757 3206 1908 3279 psal-

2010 2232 2405 2291 salonicenses
2435 2232 2626 2303 prima
2656 2232 2943 2303 scriptum
2973 2234 3062 2286 est
3096 2247 3108 2284 :
3138 2231 3366 2301 Semper
3403 2228 3655 2300 gaudete,

2006 2326 2125 2379 sine
2177 2324 2582 2378 intermissione
2626 2324 2796 2386 orate,
2842 2321 2904 2374 in
2958 2319 3208 2375 omnibus
3244 2319 3455 2387 gratias
3513 2321 3660 2389 agite

2009 2412 2068 2484 (Ι
2131 2411 2293 2467 Thes.
2352 2428 2409 2479 ν,
2456 2410 2663 2480 16-18).
2724 2409 2884 2474 Quod
2934 2411 3285 2480 praeceptum
3335 2404 3434 2460 ille
3493 2404 3655 2462 solus

2009 2500 2301 2555 custodire
2340 2502 2549 2570 potest,
2591 2497 2691 2568 qui
2728 2495 3091 2569 providentia
3126 2494 3227 2550 Ι)ρί
3272 2495 3432 2550 novit
3476 2493 3654 2550 etiam

2011 2588 2272 2660 quinque
2323 2603 2612 2659 passeres,
2654 2585 2755 2657 qui
2810 2585 3146 2641 vendantur
3200 2582 3503 2655 dipondio,
3544 2599 3656 2655 gu-

2012 2676 2240 2733 bernari
2275 2693 2287 2730 :
2331 2691 2581 2747 quorum
2614 2691 2768 2729 unus
2800 2690 2916 2729 non
2945 2671 3099 2728 cadit
3126 2672 3187 2727 in
3215 2671 3492 2743 laqueum
3526 2672 3653 2727 sine

2011 2766 2201 2822 Patris
2249 2764 2547 2821 voluntate
2593 2764 2741 2833 (Luc.
2793 2780 2895 2827 x11,
2938 2761 3016 2832 6).
3075 2761 3235 2827 Quod
3295 2765 3491 2816 autem
3549 2760 3650 2828 ait,

2012 2857 2240 2912 Gratias
2269 2856 2509 2923 agentes,
2554 2856 2613 2907 et
2646 2868 2875 2922 semper,
2911 2854 2969 2905 et
3004 2865 3104 2922 pro
3146 2849 3424 2915 omnibus,
3470 2846 3658 2919 dupli-

2014 2944 2159 2999 citer
2196 2942 2566 3006 intuendum,
2607 2944 2673 2996 ut
2709 2944 2767 2995 et
2810 2939 2869 2993 in
2918 2937 3078 2994 omni
3130 2942 3413 3008 tempore,
3455 2939 3512 2991 et
3557 2952 3662 3008 pro

2015 3031 2293 3089 omnibus
2331 3046 2462 3101 quae
2506 3028 2676 3084 nobis
2715 3028 3008 3096 accidunt,
3056 3027 3168 3080 Deo
3198 3024 3417 3098 gratias
3447 3024 3660 3079 refera-

2016 3137 2151 3177 mus
2185 3136 2197 3173 :
2244 3123 2309 3174 ut
2347 3135 2462 3174 non
2502 3119 2730 3173 tantum
2763 3131 2866 3187 pro
2898 3114 2989 3169 his
3025 3130 3151 3185 qum
3181 3113 3334 3169 bona
3362 3115 3662 3186 putamus,

2018 3210 2121 3267 sed
2165 3208 2341 3264 etiam
2385 3223 2512 3278 qua:
2555 3222 2662 3262 nos
2708 3207 3026 3270 coarctant,
3066 3206 3124 3258 et
3162 3205 3363 3258 contra
3398 3204 3663 3259 nostram

252 3282 392 3352 mis,
425 3288 484 3340 et
511 3284 769 3359 hymnis,
803 3294 860 3345 et
905 3291 1151 3349 canticis
1200 3292 1629 3366 spiritualihus,
1662 3300 1901 3352 cantan-
1934 3286 1977 3352 C
2015 3298 2256 3354 veniunt
2283 3296 2663 3363 voluntatem,
2699 3295 2758 3349 in
2793 3293 2889 3349 Dei
2928 3292 3284 3364 praeconium
3329 3308 3496 3347 mens
3532 3291 3665 3348 laeta

252 3375 349 3428 tes
378 3376 437 3429 et
462 3374 777 3447 psallentes
806 3377 864 3434 in
897 3381 1173 3438 cordibus
1202 3382 1411 3439 vestris
1443 3384 1708 3442 Domino.
1736 3407 1764 3434 »
1796 3385 1905 3449 Qui

256 3476 322 3518 se
352 3462 705 3522 abstinuerit
733 3467 805 3522 ab
835 3469 1112 3527 ebrietate
1153 3472 1294 3540 vini,
1328 3473 1387 3528 in
1438 3490 1553 3545 quo
1599 3478 1689 3529 est
1735 3474 1921 3530 1uxu-'

255 3551 375 3620 ria,
445 3556 503 3608 et
566 3570 670 3625 pro
736 3555 846 3613 hoc
913 3557 1125 3630 spiritu
1190 3561 1365 3618 fuerit
1428 3560 1728 3635 impletus,
1796 3564 1906 3619 iste

253 3639 458 3695 omnia
485 3645 678 3713 potest
706 3645 967 3718 accipere
997 3647 1402 3720 spiritualiter,
1434 3651 1712 3723 psalmos,
1737 3651 1903 3725 hym-

250 3744 391 3795 nos,
416 3734 474 3785 et
502 3730 745 3788 cantica.
770 3734 917 3800 Quid
943 3740 1139 3795 autem
1172 3738 1404 3796 intersit
1428 3742 1579 3796 inter
1608 3742 1903 3814 psalmum

252 3821 317 3873 et
364 3816 652 3891 hymnum
701 3826 757 3878 et
809 3825 1125 3892 canticum,
1156 3827 1216 3882 in
1256 3828 1536 3886 Psalterio
1566 3830 1906 3902 plenissime

249 3905 564 3964 discimus.
595 3913 767 3966 Nunc
810 3917 1006 3970 autem
1054 3916 1309 3973 breviter
1354 3918 1602 3992 hymnos
1647 3936 1774 3976 esse
1818 3920 1903 3975 di-

249 3996 535 4070 cendum,
556 3999 659 4071 qui
680 4000 1080 4061 fortitudinem
1107 4009 1165 4061 et
1191 4008 1561 4079 majestatem
1592 4010 1911 4083 praedicant

250 4083 382 4154 Dei,
415 4089 472 4145 et
523 4087 788 4158 ejusdem
837 4106 1089 4165 semper,
1137 4094 1227 4151 vel
1274 4096 1576 4164 beneﬁcia,
1623 4098 1711 4156 vel
1758 4100 1909 4155 facta

252 4172 570 4231 mirantur.
603 4176 768 4241 Quod
817 4196 1021 4238 omnes
1069 4184 1283 4257 psalmi
1340 4187 1659 4259 continent,
1693 4189 1908 4261 quibus

248 4278 538 4321 ALLELUIA
598 4265 687 4322 vel
751 4269 1162 4341 praepositum,
1230 4273 1318 4330 vel
1385 4276 1716 4347 subjectum
1786 4282 1905 4348 est,

249 4350 474 4439 psalmi
525 4359 721 4412 autem
768 4359 1003 4431 praprie
1051 4362 1124 4418 ad
1175 4363 1435 4421 ethicum
1484 4364 1677 4422 locum
1734 4367 1909 4439 perti-

253 4445 428 4511 nent,
461 4446 527 4499 ut
571 4460 676 4517 per
720 4463 1006 4519 organum
1038 4451 1317 4525 corporis,
1363 4453 1504 4526 quid
1554 4454 1907 4525 iaciendum,

254 4534 319 4588 et
354 4531 494 4603 quid
525 4533 833 4592 vitandum
866 4537 962 4607 sit,
996 4539 1351 4597 noverimus.
1386 4543 1493 4609 Qui
1525 4559 1658 4599 vero
1690 4545 1760 4600 de
1811 4563 1908 4601 su-

255 4619 593 4697 perioribus
618 4621 902 4698 disputat,
925 4630 983 4682 et
1011 4634 1357 4686 concentum
1386 4632 1591 4687 mundi
1622 4634 1908 4690 omnium-

255 4723 380 4781 que
427 4715 828 4771 creaturarum
868 4715 1133 4774 ordinem
1164 4722 1339 4791 atque
1368 4721 1738 4777 concordiam
1770 4723 1909 4777 sub-

256 4796 388 4854 tilis
417 4798 747 4872 disputator
783 4802 1076 4872 edisserit,
1107 4805 1218 4863 iste
1265 4806 1568 4880 spirituale
1618 4810 1910 4865 canticum

253 4887 441 4945 canit.
473 4889 579 4945 Vel
624 4894 780 4948 certe
823 4893 913 4963 (ut
949 4897 1184 4966 propter
1230 4895 1616 4968 simpliciores
1663 4898 1908 4955 manife-

252 4976 417 5047 stius
463 4978 619 5051 quod
662 4978 956 5053 volumus,
987 4981 1353 5056 eloquamur)
1384 4985 1648 5057 psalmus
1678 4987 1752 5042 ad
1782 5003 1909 5043 cor-

252 5081 397 5143 pus,
429 5067 721 5125 canticum
769 5069 1019 5127 refertur
1058 5072 1130 5127 ad
1163 5077 1440 5130 mentem.
1477 5075 1542 5129 Et
1570 5091 1776 5132 canere
1806 5076 1911 5149 igi-

251 5158 357 5215 tur
403 5159 462 5211 et
505 5156 775 5230 psallere,
808 5162 866 5215 et
913 5158 1157 5217 laudare
1185 5162 1339 5220 652
1371 5162 1687 5219 Dominum
1722 5165 1912 5237 magis

252 5241 461 5309 animo
490 5262 670 5318 quam
700 5263 838 5305 voce
869 5248 1170 5306 debemus.
1200 5250 1319 5307 Hoc
1361 5256 1450 5308 est
1496 5252 1713 5326 quippe
1756 5254 1909 5326 quod

334 5390 353 5471 ξ
386 5389 619 5447 Scilicet
639 5390 724 5471 _in
772 5389 990 5471 libello,
1022 5391 1142 5471 sive
1190 5392 1439 5466 epistola
1457 5397 1539 5471 22
1565 5394 1911 5471 De__virgini-

248 5463 828 5541 tlte-servanda,_ad
856 5463 1416 5541 Eustochium—num.
1449 5466 1484 5519 8
1516 5482 1528 5520 :
1576 5486 1624 5541 ς,
1644 5463 1913 5541 Ηρῡέριυῖ-

251 5549 693 5609 mnmmoneo,
724 5533 834 5592 hoc
880 5535 1156 5609 obtestor,
1189 5538 1257 5591 ut
1302 5553 1520 5609 sponsa
1566 5533 1912 5594 Christi'vi—
1968 5582 1979 5597 .

251 5621 409 5691 gum
442 5606 632 5691 fugiat
658 5622 764 5679 pro
793 5622 1015 5691 veneno
1046 5623 1061 5691 ξ
1114 5606 1236 5663 haec
1268 5606 1549 5691 adversus
1579 5611 1911 5667 adolescen-

250 5677 637 5755 ti'a_m_p_rima
660 5677 831 5755 arma
860 5682 1001 5737 sunt
1029 5678 1381 5755 daemonum,
1414 5703 1442 5731 »
1480 5686 1589 5755 etc.

335 5750 361 5785 ³
384 5748 570 5810 vetus
606 5749 731 5810 haec
776 5750 1171 5824 damnataque
1215 5748 1374 5809 licet
1397 5768 1432 5810 a
1479 5752 1745 5813 Patribus
1777 5770 1914 5813 con-

2015 3387 2381 3460 prorumpat,
2414 3389 2471 3439 ot
2502 3384 2767 3439 dicamus
2802 3400 2814 3437 :
2857 3381 3042 3436 Nudus
3080 3382 3230 3436 exivi
3267 3380 3332 3436 de
3358 3384 3512 3436 utero
3541 3397 3663 3437 ma-

2012 3478 2113 3532 tris
2150 3489 2311 3541 meae,
2344 3473 2523 3529 nudus
2564 3476 2615 3528 et
2659 3473 2872 3527 redeam
2907 3489 2925 3526 :
2971 3473 3116 3525 sicut
3156 3472 3369 3541 placuit
3410 3470 3658 3535 Domino,

2014 3567 2095 3621 ita
2122 3567 2333 3635 factum
2379 3570 2460 3617 est
2489 3579 2508 3616 .·
2554 3563 2627 3616 sit
2675 3577 2873 3617 nomen
2914 3561 3137 3615 Domini
3181 3559 3517 3615 benedictum
3546 3559 3661 3626 (Job

2014 3671 2053 3721 ι,
2083 3655 2196 3725 21).
2231 3653 2360 3708 Haec
2406 3650 2556 3707 actio
2599 3651 2920 3722 gratiarum
2952 3649 3107 3720 apud
3138 3649 3455 3719 prudentes
3482 3647 3660 3715 viros,

2016 3748 2073 3800 et
2113 3741 2463 3815 generaliter
2508 3743 2566 3795 et
2603 3738 2935 3811 specialiter
2971 3738 3331 3793 observatur.
3366 3735 3660 3793 Generali-

2014 3835 2122 3898 ter,
2156 3834 2220 3885 ut
2248 3828 2468 3902 gratias
2499 3843 2743 3900 agamus
2774 3827 2911 3899 Deo,
2944 3826 3100 3898 quod
3136 3825 3308 3883 nobis
3338 3824 3424 3881 sol
3455 3826 3661 3895 oritur,

2017 3919 2141 3974 dies
2189 3917 2391 3985 currit,
2442 3933 2555 3972 nox
2600 3920 2864 3971 mutatur
2910 3916 2969 3970 in
3023 3915 3309 3986 requiem,
3355 3913 3663 3985 splendore

2015 4007 2169 4064 lunae
2194 4008 2445 4063 tenebrae
2476 4010 2899 4078 temperantur,
2933 4008 2989 4060 et
3019 4008 3151 4059 ortu
3181 4018 3509 4073 occasuque
3535 4000 3666 4058 stel-

2016 4095 2208 4152 larum
2238 4101 2502 4168 tempora
2531 4097 2853 4165 mutantur,
2886 4098 2944 4149 et
2982 4092 3228 4148 redeunt
3261 4108 3273 4145 :
3309 4090 3462 4161 quod
3495 4087 3664 4145 nobis

2018 4185 2278 4241 serviunt
2326 4184 2559 4257 pluviae,
2607 4188 2763 4238 terra
2820 4180 3087 4254 parturit,
3134 4178 3421 4235 elementa
3477 4178 3663 4257 famu-

2015 4274 2215 4330 lantur
2247 4290 2260 4329 :
2313 4274 2468 4345 quod
2519 4276 2693 4328 tantae
2734 4269 3080 4327 animalium
3110 4267 3439 4335 varietates,
3471 4265 3560 4322 vel
3590 4267 3663 4324 ad

2014 4363 2368 4430 vehendum,
2401 4361 2489 4416 vel
2541 4361 2613 4416 ad
2646 4359 3030 4432 operandam,
3063 4356 3150 4413 vel
3181 4357 3253 4412 ad
3282 4356 3660 4423 vescendum,

2017 4452 2105 4509 vel
2136 4452 2208 4507 ad
2236 4455 2492 4523 tegmen,
2521 4448 2611 4505 vel
2644 4448 2715 4503 ad
2746 4448 2900 4505 653
2931 4446 3286 4519 exemplum,
3315 4444 3404 4502 vel
3451 4446 3523 4502 ad
3554 4444 3664 4501 mi-

2017 4540 2285 4598 raculum
2337 4540 2481 4595 datae
2532 4542 2716 4593 sunt:
2768 4539 2825 4591 et
2872 4536 2944 4591 ad
2974 4541 3322 4600 extremum,
3354 4535 3508 4606 quod
3541 4533 3664 4589 nati

2020 4646 2249 4701 sumus,
2278 4628 2434 4700 quod
2478 4627 2878 4696 subsistimus,
2911 4625 3065 4696 quod
3116 4624 3174 4678 in
3224 4623 3445 4678 mundo
3494 4621 3665 4694 quasi

2016 4718 2077 4774 in
2108 4718 2364 4791 quadam
2396 4717 2570 4772 domo
2616 4713 3010 4788 potentissimi
3059 4709 3502 4784 patrisfamilias
3532 4725 3665 4781 pro-

2019 4808 2381 4863 curationem
2410 4805 2694 4877 gerimus,
2726 4807 2784 4859 et
2812 4807 3002 4859 totum
3037 4799 3323 4873 quidquid
3352 4799 3414 4855 in
3444 4797 3667 4854 mundo

2016 4900 2127 4964 est,
2175 4895 2361 4951 nostri
2413 4910 2593 4951 causa
2638 4891 3022 4964 intelligimus
3084 4891 3474 4962 procreatum.
3524 4886 3665 4958 Spe-

2018 4984 2243 5042 cialiter
2288 5001 2442 5055 vero,
2476 4982 2709 5055 quando
2758 4981 2817 5035 in
2862 4979 2964 5036 Dei
3005 4977 3304 5035 beneficiis
3335 4992 3463 5049 quae
3492 4975 3665 5033 nobis

2018 5074 2322 5145 accedunt,
2368 5071 2754 5145 gratulamur.
2795 5069 2907 5125 Sed
2957 5068 3067 5125 hoc
3114 5071 3172 5122 et
3216 5066 3454 5140 gentilis
3504 5064 3660 5132 facit,

2018 5167 2075 5219 et
2118 5162 2378 5229 Judaeus,
2429 5165 2485 5216 et
2531 5157 2903 5231 publicanus,
2945 5162 3003 5213 et
3050 5156 3343 5213 ethnicus.
3393 5153 3664 5211 Christia-

2019 5267 2229 5308 norum
2260 5249 2495 5322 propria
2520 5247 2704 5303 virtus
2727 5249 2835 5315 est,
2860 5245 3037 5303 etiam
3059 5245 3119 5301 in
3150 5245 3244 5302 his
3274 5262 3401 5317 quae
3424 5245 3667 5301 adversa

2019 5394 2269 5453 suetudo
2333 5393 2487 5463 viget
2553 5389 2725 5463 hodie
2789 5389 2848 5444 in
2890 5389 3193 5463 ecclesiis
3247 5386 3493 5463 nostris,
3535 5385 3665 5463 __ubi

2020 5466 2342 5524 audiuntur
2393 5458 2715 5518 theatrales
2772 5460 2995 5516 moduli
3051 5465 3108 5516 et
3165 5460 3361 5516 dulcia
3416 5458 3664 5529 cantica,

2021 5557 2148 5612 quae
2179 5537 2472 5612 de_domo_
2486 5534 2582 5591 Dei
2612 5549 2852 5612 scenam
2896 5532 3118 5588 faciunt
3146 5530 3498 5612 populorum
3526 5546 3666 5612 90.n-

2021 5599 2378 5667 venientium
2405 5606 2477 5662 ad
2505 5603 2845 5661 mulcendas
2872 5621 3041 5659 aures
3062 5599 3301 5660 vocibus
3324 5607 3381 5658 et
3409 5599 3670 5660 modulis

2022 5682 2440 5756 tragoedorum,
2471 5693 2619 5750 quos
2646 5676 2818 5749 vulgo
2850 5676 3068 5749 l’Opera
3095 5680 3321 5732 vocant.
