4066 6190
343 345 463 410 563

1591 357 1658 418 8.
1703 356 2016 420 EUSEBII
2062 356 2507 418 HIERONYMI

3639 361 3753 422 564

347 487 651 553 putantur,
686 482 896 540 referre
942 486 1160 556 gratias
1211 487 1487 544 Creatori.
1524 487 1583 543 Si
1615 489 1824 543 domus
1876 505 1997 542 cor-
2026 498 2079 560 Α
2109 489 2235 555 siis,
2288 494 2349 543 ut
2406 490 2613 545 timore
2667 490 2807 561 quid
2869 489 3101 560 faciant,
3155 495 3212 547 et
3269 508 3388 548 non
3444 491 3760 551 dilectione

348 571 552 638 ruerit,
589 572 638 628 si
673 575 1082 630 amantissima
1114 593 1257 631 uxor
1287 583 1342 632 et
1383 577 1485 631 ﬁlii
1524 577 1611 632 vel
1643 578 1994 648 captivitate,

346 659 438 731 vel
469 677 711 729 veneno,
739 663 823 718 vel
856 665 1160 736 naufragio
1193 666 1498 737 intercepti
1524 667 1661 731 sint,
1686 666 1733 720 si
1767 666 1999 720 divitias

350 751 780 824 proscriptione
812 754 1195 824 perdidimus,
1229 755 1276 809 si
1317 755 1630 810 sanitatem
1661 755 1999 809 innumera-

350 837 500 894 biles
547 841 756 911 morbi,
791 848 846 896 et
877 859 1108 914 semper
1136 844 1527 914 exspectanda
1557 845 1785 899 miseris
1821 845 2002 915 poda-

353 944 468 999 gra:
495 929 765 986 debilitas
797 932 1048 1002 fregerit.
1078 933 1183 995 Qui
1216 932 1326 987 sibi
1359 933 1678 990 sanctiores
1708 934 1998 996 videntur,

356 1015 544 1072 solent
573 1018 689 1074 Deo
739 1020 950 1074 referre
997 1021 1216 1092 gratias
1266 1023 1418 1091 quod
1471 1023 1540 1076 de
1585 1021 1880 1093 periculis,
1915 1020 2001 1075 vel

357 1105 429 1160 de
462 1107 712 1163 miseriis
739 1108 967 1164 liberati
999 1115 1156 1164 sunt.
1183 1110 1291 1164 Sed
1319 1111 1491 1180 juxta
1514 1110 1859 1182 Apostolum
1884 1110 2003 1164 haec

353 1194 538 1250 virtus
584 1203 673 1252 est
713 1198 985 1265 maxima,
1021 1203 1082 1253 ut
1113 1199 1170 1252 in
1205 1199 1348 1270 ipsis
1385 1199 1658 1270 periculis
1689 1205 1863 1270 atque
1896 1199 2003 1253 mi-

357 1283 549 1354 seriis,
588 1287 696 1341 Deo
728 1287 926 1359 gratiae
959 1289 1305 1357 referantur,
1340 1292 1395 1342 et
1426 1305 1656 1359 semper
1696 1287 2002 1344 dicamus:

358 1373 704 1430 Benedictus
734 1377 908 1447 Deus,
947 1378 1173 1432 minora
1205 1395 1296 1431 me
1337 1377 1458 1431 scio
1498 1377 1788 1432 sustinere
1827 1394 2003 1448 quam

357 1478 628 1520 mereor:
673 1466 791 1520 haec
843 1467 913 1521 ad
965 1483 1094 1521 mea
1143 1471 1377 1538 peccata
1421 1483 1594 1537 parva
1633 1471 1816 1520 sunt:
1861 1466 2006 1520 nihil

359 1551 504 1606 mihi
552 1553 798 1626 dignum
832 1555 1115 1610 redditur.
1151 1555 1251 1609 Hic
1285 1555 1518 1610 animus
1545 1555 1859 1611 Christiani
1894 1561 2003 1623 est,

355 1639 452 1696 hic
528 1658 760 1698 crucem
838 1660 1007 1698 suam
1093 1643 1329 1707 tollens,
1408 1644 1674 1715 sequitur
1743 1643 2007 1699 Salvato-

359 1745 482 1783 rem
515 1717 664 1799 (Luc.
702 1749 774 1798 ix,
835 1734 947 1803 33),
990 1749 1160 1802 quem
1208 1749 1311 1787 nec
1359 1733 1598 1800 orbitas,
1635 1750 1739 1788 nec
1791 1734 2008 1788 damna

362 1816 689 1875 debilitant.
741 1821 944 1888 Quem,
997 1826 1060 1876 ut
1110 1820 1347 1877 Flaccus
1406 1822 1463 1876 in
1521 1821 1700 1893 lyrico
1750 1822 2008 1877 carmine

362 1906 444 1961 ait
475 1923 486 1961 ε

624 2015 676 2064 Si
707 2017 901 2067 fractus
930 2018 1176 2067 illabatur
1204 2018 1366 2074 orbis,

619 2079 949 2142 Impavidum
983 2081 1175 2130 ferient
1202 2082 1391 2130 ruinae:

368 2194 475 2258 Qui
508 2199 724 2261 autem,
760 2196 913 2250 sicut
962 2195 1238 2261 diximus,
1273 2196 1490 2268 gratias
1531 2195 1650 2268 agit
1679 2195 1794 2250 Deo
1827 2201 1883 2251 et
1913 2200 2018 2250 Pa-

367 2283 462 2351 tri,
498 2284 556 2338 in
588 2283 906 2338 mediatore
937 2284 1034 2339 Dei
1065 2290 1120 2340 et
1150 2284 1455 2339 hominum
1492 2285 1703 2339 referat
1733 2301 1831 2339 eas
1863 2284 2022 2338 Chri-

368 2376 457 2427 sto
479 2374 613 2427 Jesu
640 2388 651 2426 :
688 2372 826 2442 quia
853 2373 965 2426 nisi
994 2391 1094 2444 per
1123 2373 1290 2428 illum
1319 2374 1591 2428 accedere
1618 2390 1729 2428 non
1759 2372 2021 2428 valemus

373 2460 445 2514 ad
479 2459 730 2515 Patrem.

438 2549 624 2619 (Vere.
657 2551 770 2619 21.)
824 2571 851 2598 ‹‹
883 2550 1142 2620 Subjecti
1195 2550 1443 2605 invicem
1493 2551 1552 2604 in
1603 2549 1810 2605 timore
1859 2551 2022 2606 Chri-

371 2636 529 2692 sti.»
577 2637 832 2694 Audiant
880 2638 1000 2693 hare
1047 2639 1322 2710 episcopi,
1375 2640 1617 2694 audiant
1673 2641 2019 2711 presbyteri,

368 2727 569 2782 audiat
595 2727 787 2782 omnis
809 2728 950 2783 ordo
977 2729 1304 2793 doctorum,
1329 2727 1610 2798 subjectis
1641 2728 1767 2783 suis
1799 2745 1860 2782 se
1891 2745 2020 2784 esse

368 2815 690 2885 subjectos,
717 2821 774 2871 et
805 2815 1111 2872 imitentur
1143 2817 1434 2872 dicentem
1460 2816 1804 2888 Apostolum
1839 2833 1850 2870 :
1889 2817 2019 2872 Cum

367 2908 520 2962 enim
581 2922 750 2962 essem
811 2908 952 2962 liber
1009 2924 1078 2962 ese
1139 2908 1409 2973 omnibus,
1451 2909 1703 2962 omnibus
1754 2909 2023 2978 meipsum

366 3010 583 3050 servum
631 2996 762 3063 Ieci,
795 3004 854 3051 ut
901 3012 1084 3052 omnes
1132 2996 1517 3069 lucri/acerem
1567 2997 1612 3066 (Ι
1643 2997 1762 3051 Cor.
1798 3013 1872 3065 1x,
1911 2998 2019 3067 19).

378 3087 446 3138 Et
497 3083 555 3138 in
616 3083 728 3139 alio
786 3083 910 3140 loco
955 3102 967 3139 :
1025 3088 1130 3140 Per
1177 3085 1492 3140 charitatem
1547 3088 1752 3140 servire
1789 3087 2022 3140 invicem

373 3173 584 3243 (Galat.
611 3190 663 3243 v,
692 3174 799 3245 13).
826 3174 988 3229 Unde
1018 3179 1075 3229 et
1105 3175 1228 3245 ipse
1254 3175 1456 3229 eadem
1507 3174 1790 3229 charitate
1837 3175 2024 3229 omni-

2108 579 2344 633 Christi.

2181 669 2365 737 (Vers.
2413 672 2502 735 2‘2,
2547 671 2661 740 23.)
2717 669 3049 726 «Mulieres
3117 673 3253 728 viris
3321 673 3444 729 suis
3511 674 3760 729 subditas

2110 759 2228 812 sint
2260 759 2411 813 sicut
2443 760 2685 814 Domino
2717 776 2729 813 :
2774 759 3053 830 quoniam
3093 763 3179 816 vir
3217 769 3394 834 caput
3429 769 3518 818 est
3558 763 3764 818 mulie-

2112 849 2213 916 ris,
2247 849 2399 904 sicut
2438 856 2494 903 et
2534 849 2798 905 Christus
2839 858 3013 923 caput
3053 852 3341 909 Ecclesiae.
3377 879 3403 903 ››
3445 854 3563 910 Hoc
3603 855 3760 926 quod

2112 938 2170 992 in
2203 937 2422 992 Latinis
2456 938 2888 1010 exemplaribus
2917 941 3182 996 Additum
3214 949 3324 1007 est,
3357 943 3590 1000 subditae
3625 945 3760 1008 sint,

2111 1027 2171 1080 in
2223 1027 2434 1082 ϐιηθεὶς
2487 1028 2789 1084 codicibus
2847 1047 2961 1084 non
3015 1031 3307 1086 habetur:
3352 1033 3646 1104 siquidem
3690 1033 3763 1088 ad

2114 1116 2418 1187 superiora
2467 1117 2734 1184 refertur,
2782 1123 2837 1173 et
2885 1119 3282 1175 subauditur:
3328 1121 3569 1185 Subjecti
3619 1124 3766 1177 invi-

2112 1220 2220 1259 cem
2271 1206 2327 1258 in
2374 1207 2568 1260 timore
2616 1207 2851 1277 Christi,
2885 1212 2951 1262 ut
2997 1208 3099 1260 ἀπο
3128 1213 3313 1262 mmo-3
3358 1215 3594 1265 resonet
3624 1211 3764 1264 sub-

2105 1295 2296 1364 jectaz,
2327 1303 2378 1349 et
2406 1297 2661 1351 mulieres
2710 1299 2842 1350 viris
2888 1298 3002 1352 suis
3045 1301 3190 1353 sicut
3228 1301 3478 1354 Domino.
3510 1300 3620 1356 Sed
3655 1300 3766 1356 hoc

2117 1384 2305 1454 magis
2336 1384 2392 1437 in
2425 1383 2619 1440 Graeco
2653 1386 3020 1459 intelligitur,
3053 1404 3230 1459 quam
3263 1389 3320 1443 in
3353 1389 3576 1444 Latino.
3612 1391 3765 1454 Quo-

2116 1473 2288 1527 modo
2347 1474 2542 1544 itaque
2590 1473 2817 1530 Christo
2878 1478 3143 1547 subjecta
3194 1483 3282 1532 est
3343 1479 3619 1543 Ecclesia,
3684 1479 3766 1533 sic

2117 1561 2382 1632 subjecta
2413 1562 2487 1617 sit
2518 1580 2661 1618 uxor
2686 1564 2807 1618 viro
2840 1582 2966 1620 suo.
2992 1567 3171 1630 Quem
3204 1567 3358 1622 enim
3392 1567 3569 1623 habet
3601 1567 3766 1639 prin-

2116 1651 2375 1722 cipatum
2407 1657 2463 1706 et
2494 1653 2920 1723 subjectionem
2942 1655 3210 1711 Christus
3240 1662 3294 1712 et
3322 1657 3602 1722 Ecclesia,
3632 1657 3769 1712 huic

2117 1740 2304 1794 eidem
2367 1740 2558 1795 ordini
2622 1743 2868 1798 maritus
2927 1750 2983 1799 et
3041 1762 3184 1799 uxor
3240 1746 3607 1819 astringitur.
3654 1747 3767 1802 Sed

2117 1829 2454 1896 videndum,
2497 1836 2560 1886 ut
2599 1833 2892 1902 quomodo
2932 1833 2990 1888 in
3028 1834 3276 1900 Christo,
3317 1840 3373 1890 et
3410 1836 3470 1890 in
3511 1835 3770 1891 Ecclesia

2125 1925 2328 1974 sancta
2379 1921 2710 1992 conjunctio
2751 1929 2860 1989 est,
2903 1923 2984 1977 ita
3021 1929 3079 1978 et
3131 1925 3187 1978 in
3242 1924 3362 1980 viro
3414 1931 3471 1980 et
3521 1925 3581 1979 in
3639 1943 3771 1981 mu-

2125 2007 2265 2062 liere
2305 2015 2508 2066 sancta
2555 2012 2632 2066 sit
2679 2011 2906 2083 copula.
2949 2012 3110 2068 Sicut
3161 2018 3358 2070 autem
3412 2032 3528 2070 non
3583 2015 3779 2071 omnis

2127 2101 2499 2171 congregatio
2577 2101 2980 2156 hereticorum
3053 2102 3264 2157 Christi
3332 2103 3589 2159 Ecclesia
3664 2104 3781 2159 dici

2129 2190 2339 2256 potest,
2391 2203 2495 2242 nec
2544 2194 2721 2258 caput
2775 2206 2977 2244 eorum
3036 2189 3299 2246 Christus
3346 2198 3480 2246 est:
3536 2191 3620 2247 sic
3664 2209 3778 2247 non

2131 2291 2302 2329 omne
2353 2275 2797 2333 matrimonium
2831 2279 2983 2349 quod
3017 2296 3129 2335 non
3164 2279 3284 2335 viro
3315 2297 3421 2336 suo
3454 2282 3781 2338 secundum

2129 2364 2339 2419 Christi
2390 2371 2678 2437 praecepta
2725 2369 3123 2440 conjungitur,
3161 2371 3268 2424 rite
3306 2370 3650 2440 conjugium
3683 2389 3784 2444 ap-

2131 2452 2334 2524 pellari
2369 2460 2580 2526 potest,
2615 2456 2715 2510 sed
2751 2457 2939 2529 magis
2989 2458 3363 2514 adulterium.
3402 2458 3562 2515 Alias
3594 2466 3792 2517 autem

2131 2542 2446 2614 subjicitur
2497 2560 2643 2599 uxor
2689 2545 2811 2601 viro
2862 2551 2926 2601 ut
2984 2548 3244 2616 domino,
3280 2549 3418 2620 quia
3469 2549 3539 2604 ad
3593 2550 3789 2622 ipsum

2131 2633 2430 2688 conversio
2462 2634 2731 2704 ejus‘est,
2765 2641 2821 2690 et
2851 2635 2974 2707 ipse
3005 2635 3168 2692 illius
3199 2638 3598 2694 dominabitur
3631 2641 3787 2709 (Gen.

2132 2737 2206 2789 ιν,
2261 2723 2335 2791 7).
2379 2722 2525 2777 Nam
2564 2729 2621 2778 et
2659 2725 2803 2779 Sara
2844 2725 3151 2781 dominum
3206 2727 3452 2781 vocabat
3487 2727 3788 2784 Abraham

2131 2814 2285 2879 (Gen.
2339 2828 2496 2876 xvm,
2553 2814 2656 2883 12).
2699 2813 2832 2876 Quae
2889 2822 3212 2886 spontanea
3260 2816 3531 2888 servitus,
3566 2822 3787 2889 quanto

2133 2899 2321 2971 magis
2354 2900 2525 2955 fuerit
2554 2901 2852 2958 voluntate
2881 2904 3166 2974 subjecta,
3200 2908 3362 2959 tanto
3406 2921 3534 2960 esse
3582 2906 3791 2978 incipit

2132 2988 2445 3060 coaequalis
2473 3006 2485 3043 :
2521 2991 2664 3061 quin
2698 2991 2835 3059 imo,
2871 2992 3170 3065 obsequiis
3200 2993 3323 3049 suis
3349 2995 3408 3048 in
3444 2996 3784 3052 servitutem

2133 3069 2286 3134 655
2338 3078 2596 3151 redigere
2648 3081 3070 3137 dominantem.
3104 3081 3350 3148 Quidam
3391 3082 3548 3138 hunc
3589 3083 3782 3140 locum

2134 3168 2460 3222 secundum
2511 3184 2812 3240 anagogen
2862 3170 2944 3225 ita
2975 3170 3452 3242 interpretantur,
3488 3177 3550 3226 ut
3585 3173 3786 3228 dicant

367 3262 482 3317 bus
531 3261 794 3334 gentium
848 3262 1080 3318 servivit
1129 3262 1421 3318 Ecclesiis.
1474 3263 1732 3318 Salvator
1791 3246 2097 3334 quoqueC
2135 3273 2375 3312 uxorem
2433 3257 2492 3312 in
2552 3275 2814 3329 corpore,
2861 3259 3051 3314 virum
3111 3260 3293 3330 accipi
3352 3261 3411 3315 in
3465 3262 3683 3317 animo.
3717 3263 3786 3318 Et

366 3350 614 3406 formam
671 3350 822 3406 servi
876 3352 1100 3424 accepit
1152 3351 1416 3423 (Philipp.
1472 3370 1529 3418 ιι,
1575 3353 1651 3423 7),
1687 3357 1750 3406 ut
1781 3353 2022 3408 serviret

365 3439 676 3511 discipulis
726 3439 870 3507 suis,
904 3445 961 3495 et
1009 3441 1184 3511 pedes
1234 3457 1435 3495 eorum
1488 3440 1624 3494 lavit
1673 3443 1852 3511 (Joan.
1896 3457 2019 3507 xm,

365 3528 442 3598 5).
477 3531 592 3583 Iloc
646 3527 891 3584 interest
939 3529 1091 3585 inter
1135 3529 1398 3602 gentium
1442 3529 1736 3601 principes
1767 3539 1822 3584 et
1854 3530 2018 3584 Chri-

370 3615 723 3688 stianorum,
752 3619 907 3688 quod
940 3617 1023 3672 illi
1055 3617 1432 3673 dominantur
1459 3617 1733 3685 subditis,
1759 3634 1866 3672 nos
1899 3635 2019 3673 ser-

365 3704 580 3773 vimus,
606 3710 662 3760 et
693 3705 749 3760 in
784 3722 850 3761 eo
883 3707 1135 3775 majores
1167 3723 1394 3777 sumus,
1419 3707 1468 3762 si
1502 3705 1730 3760 minimi
1753 3707 2018 3762 omnium

367 3793 675 3850 fuerimus.
711 3795 822 3850 Sed
850 3800 907 3851 et
939 3796 1047 3851 hoc
1080 3797 1234 3867 quod
1277 3797 1359 3850 ait
1393 3813 1404 3850 :
1457 3798 1518 3850 In
1566 3798 1761 3851 timore
1792 3795 2017 3864 Christi,

365 3883 449 3938 sic
501 3883 932 3956 accipiendum,
983 3889 1048 3940 ut
1102 3885 1230 3955 ipsa
1283 3884 1567 3955 subjectio
1617 3902 1730 3939 non
1785 3890 2022 3956 propter

364 3971 672 4028 hominum
742 3973 1013 4045 gloriam,
1081 3975 1234 4030 654
1302 3975 1404 4029 sed
1458 3979 1694 4044 propter
1747 3975 2015 4029 timorem

361 4061 577 4117 Christi
619 4063 738 4128 fiat,
789 4063 930 4116 dum
973 4062 1139 4116 illum
1185 4062 1461 4117 timemus
1501 4062 1814 4117 otl‘endere.
1853 4062 2018 4118 Alius

360 4165 492 4206 vero
526 4151 608 4206 sic
643 4152 1121 4224 interprelabitur
1156 4169 1168 4207 :
1210 4152 1438 4222 subjecti
1476 4153 1708 4206 invicem
1737 4153 1793 4205 in
1824 4153 2020 4207 timore

361 4238 586 4304 Christi,
629 4244 692 4294 ut
731 4241 881 4295 hanc
931 4241 1282 4296 sententiam
1326 4239 1656 4312 generalem
1704 4241 1763 4295 in
1814 4257 2015 4296 conse-

360 4326 677 4396 quentibus
709 4328 887 4382 dividi
934 4329 1089 4384 dicat
1115 4335 1287 4400 atque
1321 4329 1523 4400 partiri
1555 4346 1566 4382 :
1600 4330 1851 4384 Mulieres
1882 4333 2017 4385 viris

358 4414 474 4467 suis
511 4414 747 4471 subdita
783 4419 894 4470 sint
938 4418 1095 4486 (vers.
1139 4420 1272 4489 22);
1315 4424 1417 4473 et:
1464 4420 1619 4484 Filii,
1661 4419 1868 4474 obedite
1917 4438 2014 4491 pa-

359 4504 611 4558 rentibus
650 4505 861 4574 (Ephes.
904 4523 974 4572 vi,
1022 4509 1072 4574 1)
1109 4525 1120 4573 ;
1163 4512 1264 4562 et:
1305 4509 1482 4572 Servi,
1525 4508 1732 4563 obedite
1769 4511 2014 4564 dominis

358 4592 683 4646 carnalibus
713 4610 837 4649 cum
876 4596 1072 4648 timore
1109 4600 1160 4649 et
1191 4601 1427 4651 tremore
1459 4596 1615 4667 (ibid.
1649 4598 1702 4666 5)
1740 4613 1752 4651 :

363 4679 554 4736 solum
610 4699 754 4738 uxor
791 4682 934 4750 viro,
977 4688 1032 4738 et
1074 4683 1176 4738 filii
1219 4683 1582 4755 parentibus,
1625 4691 1680 4740 et
1720 4686 1868 4740 servi
1909 4687 2013 4740 do-

364 4768 587 4826 minis:
633 4771 733 4827 sed
776 4771 951 4826 etiam
995 4770 1100 4825 viri
1144 4771 1511 4839 mulieribus,
1546 4775 1716 4844 juxta
1753 4774 2013 4830 ofﬁcium

361 4859 517 4929 quod
560 4865 912 4932 praeceptum
955 4864 1042 4916 est
1077 4879 1089 4927 ;
1134 4865 1190 4915 et
1230 4866 1421 4930 patres
1463 4861 1619 4929 filiis,
1663 4880 1732 4917 ne
1771 4861 1902 4918 illos
1941 4865 2012 4918 ad

360 4947 726 5005 iracundiam
770 4953 1124 5021 provocent;
1188 4954 1244 5004 et
1282 4949 1502 5005 domini
1563 4951 1764 5015 servis,
1809 4957 1873 5006 ut
1932 4969 2014 5006 re-

361 5037 598 5092 mittant
651 5039 865 5103 minas,
909 5044 966 5094 et
1022 5039 1318 5109 prazbeant
1356 5039 1446 5094 his
1487 5057 1617 5111 quae
1657 5039 1875 5095 habent
1915 5058 2011 5096 ne-

359 5127 634 5195 cessaria,
670 5126 918 5182 invicem
971 5127 1090 5182 sint
1121 5129 1367 5198 subjecti
1406 5145 1416 5182 :
1476 5134 1532 5184 et
1562 5129 1669 5184 hoc
1701 5145 1770 5184 ex
1798 5129 2012 5186 Christi

355 5215 567 5272 timore
622 5215 855 5286 faciant,
902 5221 967 5272 ut
1015 5219 1308 5288 quomodo
1358 5218 1538 5274 servis
1589 5217 1711 5274 suis
1763 5219 1870 5272 fuit
1916 5219 2013 5274 ille

361 5305 680 5374 subjectus,
716 5305 799 5360 sic
845 5311 899 5360 et
949 5305 1005 5360 hi
1056 5305 1155 5376 qui
1205 5307 1456 5376 majores
1505 5306 1792 5375 videntur,
1825 5307 2008 5377 subji-

359 5395 588 5449 ciantur
620 5393 947 5449 minoribus
1001 5394 1123 5448 suis
1179 5396 1470 5451 reddendo
1507 5397 1698 5449 officia
1745 5413 1871 5467 quae
1915 5397 2006 5463 ju-

357 5485 586 5538 bentur.
668 5489 990 5540 Possumus
1059 5483 1151 5536 hic
1221 5484 1486 5540 timorem
1559 5490 1615 5540 et
1684 5502 1783 5556 pro
1850 5481 2007 5536 ωλά-

356 5564 497 5639 ϐεέα,
531 5573 587 5628 id
622 5577 709 5630 est
741 5573 1068 5638 rere-rentia,
1103 5571 1379 5643 accipere,
1415 5591 1542 5645 qua:
1586 5574 1774 5646 magis
1818 5573 2008 5628 vicina

358 5667 448 5718 est
503 5662 794 5719 charitali.
853 5663 1232 5734 Nequaquam
1294 5662 1449 5717 enim
1509 5663 1775 5719 convenit
1829 5660 2009 5733 Ephe-

1797 4601 1860 4650 ut
1899 4614 2014 4652 non
2045 4614 2092 4677 Ι)

2133 3345 2284 3400 sicut
2335 3345 2561 3402 Christo
2611 3348 2877 3418 subjecta
2935 3354 3024 3404 est
3070 3347 3346 3419 Ecclesia,
3399 3350 3480 3405 ita
3541 3367 3787 3423 corpora

2131 3434 2340 3504 subjici
2410 3435 2620 3490 debere
2687 3437 2928 3506 sensui,
2996 3441 3052 3491 et
3127 3437 3185 3491 in
3254 3454 3437 3492 unum
3505 3439 3784 3510 spiritum

2131 3522 2336 3594 redigi,
2393 3523 2442 3578 si
2501 3523 2742 3579 domino
2808 3525 3021 3580 fuerint
3077 3525 3350 3597 copulata
3397 3545 3410 3582 :
3473 3527 3579 3595 Qui
3632 3530 3788 3583 enim

2130 3611 2367 3667 adhaeret
2433 3615 2686 3682 Domino,
2755 3631 2898 3668 unus
2963 3617 3191 3687 spiritus
3253 3624 3331 3671 est
3395 3617 3459 3686 (I
3514 3616 3640 3671 Cor.
3699 3635 3779 3684 vr,

2131 3702 2240 3770 17).

2200 3813 2228 3841 «
2264 3792 2391 3863 Ipse
2422 3795 2510 3846 est
2539 3790 2805 3847 Salvator
2837 3792 3114 3864 corporis.
3152 3815 3178 3842 ››
3221 3794 3506 3858 Quoniam
3537 3794 3779 3867 propin-

2129 3879 2297 3950 quior
2329 3890 2502 3952 atque
2531 3869 2769 3935 inferior
2801 3886 2888 3936 est
2939 3899 2971 3935 a
3012 3883 3344 3938 substantia
3404 3883 3619 3938 Christi
3676 3901 3781 3938 na-

2129 3975 2262 4024 tura
2292 3968 2575 4039 Ecclesize,
2609 3974 2913 4041 propterea
2943 3986 3072 4025 eam
3116 3987 3330 4043 corpus
3359 3971 3570 4027 Christi
3622 3973 3782 4027 aesti-

2129 4074 2223 4112 mo
2255 4059 2617 4113 nominatam
2655 4075 2666 4112 :
2717 4060 2888 4130 cujus
2917 4059 3176 4131 corporis
3207 4060 3469 4116 Salvator
3499 4065 3588 4116 est
3616 4060 3780 4116 Chri-

2127 4153 2255 4201 stus
2307 4147 2500 4216 Jesus,
2535 4147 2592 4200 id
2642 4152 2731 4202 est
2777 4147 3057 4216 Verbum,
3103 4149 3409 4221 sapientia,
3443 4153 3782 4222 ceteraeque

2125 4236 2369 4290 virtutes
2413 4236 2471 4290 in
2523 4235 2742 4307 quibus
2789 4237 3135 4309 intelligitur
3186 4238 3366 4294 Filius
3418 4239 3536 4294 Dei.
3579 4242 3782 4304 Quaere

2127 4324 2435 4391 curiosius,
2469 4324 2658 4380 sicubi
2711 4326 2768 4380 in
2818 4326 3032 4381 divinis
3060 4327 3472 4384 Voluminibus
3518 4329 3783 4400 potueris

2126 4415 2403 4482 invenire,
2437 4414 2783 4470 vocabulum
2815 4419 3001 4471 carnis
3054 4434 3156 4488 pro
3208 4417 3461 4473 Ecclesia
3493 4418 3780 4490 positum.

2126 4504 2182 4558 Si
2239 4503 2474 4574 quidem
2539 4521 2691 4559 nunc
2755 4521 3127 4576 nequaquam
3190 4523 3343 4574 caro,
3402 4507 3503 4562 sed
3562 4524 3780 4579 corpus

2124 4593 2335 4646 Christi
2405 4591 2733 4664 appellatur
2801 4593 3074 4649 Ecclesia.
3142 4599 3319 4650 Porro
3396 4596 3776 4652 manifestum

2126 4683 2280 4750 quod
2329 4681 2613 4752 quidquid
2665 4699 2798 4737 caro
2842 4688 2946 4748 est,
2982 4691 3412 4755 consequenter
3452 4690 3510 4740 et
3560 4702 3778 4758 corpus

2126 4771 2202 4827 sit
2227 4789 2237 4824 :
2278 4788 2390 4826 non
2419 4776 2614 4826 autem
2645 4772 2930 4843 quidquid
2962 4788 3194 4844 corpus,
3220 4772 3328 4829 hoc
3350 4780 3779 4846 consequenter

2125 4865 2181 4915 et
2208 4877 2362 4916 caro.

2197 4949 2384 5019 (Vers.
2418 4950 2532 5019 ‘24.)
2580 4968 2600 4995 α
2635 4949 2744 5004 Sed
2783 4956 2844 5004 ut
2875 4950 2979 5022 (At.
3015 4951 3188 5022 sicut]
3221 4950 3475 5008 Ecclesia
3508 4952 3779 5024 subjecta

2124 5043 2212 5093 est
2261 5038 2487 5093 Christo
2535 5055 2546 5092 :
2604 5038 2684 5091 ita
2723 5044 2780 5092 et
2819 5038 3097 5095 mulieres
3136 5040 3274 5095 viris
3315 5041 3438 5096 suis
3481 5041 3537 5097 in
3579 5042 3780 5097 omni-

2123 5126 2254 5182 bus.
2293 5151 2316 5172 ››
2359 5126 2614 5182 Ecclesia
2651 5125 2864 5182 Christi
2923 5128 3176 5199 gloriosa
3227 5135 3350 5200 est,
3394 5147 3508 5186 non
3550 5131 3779 5187 habens

2123 5220 2415 5271 maculam
2448 5232 2637 5282 neque
2667 5233 2897 5288 rugam,
2929 5222 3031 5273 aut
3063 5219 3204 5290 quid
3239 5219 3575 5276 istiusmodi
3608 5221 3774 5291 (vers.

2121 5306 2234 5374 27a).
2269 5305 2374 5368 Qui
2407 5322 2542 5376 ergo
2573 5310 2838 5377 peccator
2867 5312 2974 5374 est,
3008 5310 3064 5362 et
3103 5307 3297 5380 aliqua
3347 5309 3518 5365 sorde
3573 5326 3774 5366 macu-

2125 5395 2298 5460 latus,
2342 5396 2410 5449 de
2470 5393 2720 5449 Ecclesia
2773 5395 2982 5450 Christi
3045 5415 3158 5451 non
3221 5402 3410 5468 potest
3465 5397 3773 5472 appellari,

2124 5500 2226 5539 nec
2266 5483 2495 5538 Christo
2555 5483 2854 5552 subjectus
2913 5484 3047 5539 dici.
3091 5485 3371 5542 Possibile
3420 5492 3616 5544 autem
3660 5493 3772 5555 est,

2121 5579 2184 5627 ut
2214 5573 2505 5642 quomodo
2537 5571 2791 5628 Ecclesia
2830 5590 2960 5646 quce
3009 5575 3174 5647 prius
3223 5592 3430 5650 rugam
3478 5559 3773 5634 habuerat

2116 5661 2518 5735 ekmaculam,
2552 5663 2609 5717 in
2651 5663 3023 5733 juventutem
3073 5670 3130 5722 et
3173 5665 3527 5725 munditiam
3557 5671 3765 5739 postea
