4066 6190
324 372 448 438 565

988 368 1504 435 COMMENTAR.
1549 369 1628 431 IN
1673 368 1923 431 EPIST.
1970 368 2075 429 AD
2119 368 2395 431 EPHES.
2443 369 2592 431 LIB.
2640 370 2746 448 Ill,
2794 372 2968 433 CAP.
3014 370 3091 434 V.

3623 370 3742 431 566

308 505 609 567 restituta
637 506 750 573 est,
783 503 865 560 ita
892 510 947 560 et
972 508 1239 576 peccator
1286 507 1483 560 currat
1528 504 1599 559 ad
1660 501 1980 569 medicum,
2014 503 2069 567 Α
2099 521 2358 577 nagogae,
2418 504 2827 576 conjunctione
2885 502 3149 562 Ecclesiae
3207 501 3574 578 temperavit.
3619 502 3741 560 Ista

331 596 472 668 quia
501 612 618 652 non
651 594 874 650 habent
906 610 1056 666 opus
1084 594 1212 650 sani
1265 592 1510 660 medico,
1563 592 1663 648 sed
1696 591 1848 647 male
1878 592 1982 647 ha-

330 686 539 743 bentes
569 686 723 756 (Luc.
763 700 819 749 v,
848 684 963 754 31),
994 686 1050 739 et
1075 687 1354 738 curentur
1382 682 1627 737 vulnera
1675 681 1884 752 ipsius,
1929 686 1985 735 et

331 774 434 831 ﬁat
462 774 535 830 de
566 772 825 829 Ecclesia
855 789 983 844 quae
1015 789 1227 845 corpus
1256 776 1345 828 est
1374 770 1607 827 Christi.
1642 770 1797 827 Satis
1845 786 1984 841 quo-

333 880 447 935 que
478 862 778 936 eleganter
808 865 864 916 et
902 866 1069 917 caute
1113 862 1185 917 ad
1236 860 1517 933 Ephesios
1572 861 1818 933 loquens
1860 858 1979 914 ait:

333 954 399 1010 Ut
430 952 668 1009 Ecclesia
697 950 945 1022 subjecta
972 958 1049 1007 est
1079 950 1314 1018 Christo,
1360 952 1448 1007 ita
1496 955 1546 1006 et
1603 965 1806 1006 uxores
1847 950 1983 1004 viris

331 1045 468 1099 suis.
500 1041 556 1096 Si
602 1041 760 1096 enim
815 1040 898 1097 ita
955 1056 1101 1096 uxor
1157 1040 1524 1112 subjicienda
1572 1040 1694 1096 viro
1752 1044 1860 1107 est,
1922 1043 1985 1094 ut

331 1131 563 1188 Christo
593 1130 872 1201 Ecclesia,
905 1130 1057 1186 inter
1083 1129 1275 1186 virum
1310 1135 1369 1185 et
1397 1146 1636 1186 uxorem
1667 1129 1777 1185 erit
1814 1145 1982 1184 sanc-

332 1224 397 1277 ta
424 1220 784 1291 conjunctio,
816 1224 873 1275 et
902 1236 1209 1291 nunquam
1242 1219 1523 1290 corporis“
1547 1219 1801 1275 servient
1848 1235 1981 1290 pas-

331 1309 622 1366 sionibus.
660 1309 821 1373 Quod
853 1308 901 1364 si
934 1307 1104 1364 nobis
1134 1307 1349 1381 aliquis
1381 1307 1525 1363 illud
1558 1308 1713 1379 quod
1764 1308 1835 1363 ad
1877 1308 1983 1363 Co-

330 1398 590 1456 rinthios
622 1398 903 1456 scribitur
949 1398 1310 1470 opposuerit,
1360 1398 1549 1453 virum
1607 1398 1771 1453 uxori
1820 1396 1980 1452 debi-

332 1494 462 1546 tum
497 1488 757 1557 reddere,
789 1492 847 1559 et
878 1504 1119 1545 uxorem
1170 1488 1293 1543 viro
1353 1488 1404 1558 (Ι
1449 1486 1568 1542 Cor.
1612 1504 1711 1552 VII,
1743 1488 1818 1559 3),
1855 1474 1979 1544 ani-

333 1579 665 1636 madvertat
691 1556 971 1651 magnam
1020 1566 1173 1634 inter
1219 1556 1550 1634 Corinthios
1596 1580 1653 1632 et
1699 1556 1981 1648 Ephesios

332 1684 467 1725 esse
494 1667 856 1724 distantiam.
889 1666 1013 1723 Illis
1045 1667 1214 1740 quasi
1245 1665 1505 1739 parvulis
1563 1672 1739 1737 atque
1768 1665 1983 1721 lacten-

331 1757 494 1814 tibus
524 1757 821 1823 scribitur,
858 1757 918 1812 in
978 1756 1194 1829 quibus
1251 1761 1419 1812 erant
1476 1755 1875 1811 dissensiones
1924 1758 1982 1809 et

2096 594 2358 651 dicentes
2388 596 2758 651 occasionem
2808 593 3093 651 haereticis
3143 594 3353 651 damus
3401 594 3497 666 qui
3531 610 3738 650 omnes

2093 684 2331 740 omnino
2364 685 2598 756 nuptias
2656 683 3050 757 repudiandas
3099 686 3344 755 putant:
3399 688 3457 738 et
3503 683 3611 739 hoc
3642 681 3731 739 vel

2093 773 2345 830 maxime
2376 778 2623 829 utuntur
2678 774 3033 830 testimonio.
3084 772 3308 838 Quibus
3354 772 3589 828 brevius
3618 773 3723 841 (Al.

2091 863 2360 935 breviter)
2392 864 2888 935 respondendum,
2923 862 3226 934 passiones
3255 861 3351 917 hic
3381 865 3440 916 et
3475 861 3734 917 immun-

2092 951 2320 1021 ditiam,
2350 957 2407 1008 et
2443 952 2733 1008 luxuriam
2764 953 2834 1007 ab
2866 952 3133 1024 Apostolo
3164 951 3317 1007 inter
3357 950 3637 1006 maritum
3667 953 3725 1006 et

2093 1058 2330 1097 uxorem
2361 1043 2561 1113 vetari,
2594 1059 2711 1098 non
2742 1046 3006 1097 sanctam
3039 1040 3512 1113 conjunctionem
3542 1056 3556 1095 :
3591 1039 3735 1096 alio-

2091 1131 2233 1202 quin
2264 1131 2314 1186 si
2344 1132 2684 1203 conjugium
2738 1131 2976 1187 omnino
3025 1131 3393 1203 prohibebat,
3441 1130 3581 1203 quid
3632 1147 3736 1186 ne-

2091 1236 2251 1276 cesse
2282 1220 2393 1276 fuit
2423 1221 2635 1288 dicere,
2668 1237 2864 1277 uxores
2914 1223 3140 1287 vestras,
3191 1236 3324 1275 cum
3366 1220 3620 1292 potuerit
3648 1220 3733 1274 di-

2090 1326 2258 1365 cere:
2292 1309 2434 1379 Viri,
2470 1310 2696 1383 diligite
2754 1309 3049 1376 mulieres,
3098 1310 3185 1365 vel
3232 1326 3462 1366 uxores.
3518 1312 3734 1366 Vestras

2091 1399 2247 1455 enim
2280 1399 2512 1471 proprie
2567 1400 3012 1475 matrimonium
3060 1402 3248 1455 sonat.
3283 1403 3353 1454 Et
3398 1416 3631 1455 rursum
3674 1400 3736 1455 in

2091 1488 2512 1560 sequentibus:
2547 1490 2613 1545 Et
2639 1474 2749 1544 viri
2776 1489 2970 1545 debent
2997 1488 3236 1559 diligere
3264 1505 3461 1545 uxores
3496 1505 3627 1544 suas
3663 1474 3751 1544 si?

2088 1588 2179 1635 cut
2208 1595 2308 1633 sua
2340 1594 2564 1650 corpora
2601 1580 2763 1643 (vers.
2796 1578 2886 1649 28)
2916 1596 2928 1631 :
2978 1583 3034 1634 et
3086 1578 3276 1634 adhuc
3316 1578 3693 1634 manifestius
3721 1593 3735 1631 :

2092 1670 2208 1740 Qui
2248 1683 2484 1723 uxorem
2522 1684 2681 1723 suam
2724 1665 2926 1736 diligit,
2984 1669 3225 1740 seipsum
3288 1667 3518 1739 diligit:
3566 1668 3731 1723 Nemo

2089 1758 2238 1813 enim
2268 1773 2511 1828 unquam
2537 1774 2695 1812 suam
2724 1773 2951 1812 carnem
2993 1757 3129 1825 odit,
3166 1757 3257 1812 sed
3294 1758 3473 1812 nutrit
3513 1760 3565 1813 et
3591 1762 3734 1827 [ovet

331 1846 680 1935 schismata,
710 1850 769 1901 et
796 1845 1146 1902 audiebatur
1197 1844 1499 1901 fornicatio
1547 1843 1740 1916 qualis
1796 1859 1867 1941 ne
1898 1842 1982 1897 in-
2013 1876 2062 1941 B
2092 1862 2213 1902 eam
2244 1847 2407 1918 (vers.
2438 1848 2560 1917 29):
2598 1848 2737 1918 quia
2783 1847 3109 1902 secundum
3157 1846 3412 1902 edictum
3444 1846 3591 1919 legis
3618 1863 3729 1902 an-

331 1941 421 1993 ter
450 1931 658 2009 gentes
688 1935 970 2008 quidem;
1029 1941 1087 1991 et
1142 1938 1446 2008 propterea
1494 1934 1578 1990 eis
1619 1932 1977 1998 conceditur,

330 2030 397 2080 ut
429 2028 565 2098 post
595 2023 919 2081 orationem
950 2025 1023 2080 ad
1053 2024 1311 2097 idipsum
1343 2023 1601 2093 redeant,
1635 2040 1707 2078 ne
1753 2026 1978 2078 tenten-

326 2120 425 2170 tur
452 2131 485 2170 a
516 2118 735 2171 Satana
762 2130 775 2170 :
809 2114 945 2170 licet
972 2119 1031 2170 et
1078 2113 1160 2171 ibi
1201 2114 1259 2169 in
1311 2112 1830 2185 consequentibus,
1863 2129 1976 2167 non

317 2204 492 2275 juxta
517 2202 900 2271 voluntatem,
934 2204 1037 2259 sed
1061 2204 1235 2275 juxta
1273 2204 1426 2261 656
1477 2194 1867 2276 συγκατάϐασιν
1914 2218 1977 2257 se

329 2292 416 2347 eis
446 2291 598 2348 dicat
629 2292 932 2365 ignoscere
964 2293 1012 2363 (Ι
1040 2291 1161 2348 Cor.
1188 2308 1271 2360 ιιι,
1294 2293 1346 2359 1,
1380 2293 1452 2360 3;
1481 2310 1533 2358 v,
1572 2292 1595 2345 1
1624 2308 1638 2358 ;
1669 2308 1775 2356 v11,
1808 2291 1863 2358 5,
1896 2289 1974 2360 6.)

324 2380 562 2453 Ephesii
589 2398 744 2451 vero,
778 2382 932 2453 apud
964 2398 1112 2455 quos
1155 2381 1291 2437 fecit
1311 2380 1654 2446 triennium,
1686 2383 1745 2434 et
1773 2379 1974 2435 omnia

326 2470 413 2526 eis
443 2469 657 2526 Christi
687 2474 915 2543 aperuit
945 2475 1337 2537 sacramenta,
1372 2470 1539 2526 aliter
1585 2469 1971 2525 erudiuntur:

325 2563 383 2614 et
411 2558 588 2615 habet
616 2560 1026 2631 unusquisque
1057 2559 1286 2615 arbitrii
1315 2558 1561 2616 liberam
1602 2561 1972 2630 potestatem,

326 2647 414 2703 vel
443 2648 771 2705 Corinthios
798 2649 989 2721 sequi,
1020 2647 1111 2704 vel
1142 2648 1463 2721 Ephesios:
1517 2651 1573 2702 et
1620 2646 1831 2703 salvari
1872 2650 1973 2703 aut

337 2737 616 2794 servitute
645 2737 956 2804 Corinthii,
991 2741 1091 2793 aut
1145 2736 1379 2810 Ephesii
1420 2735 1712 2792 libertate.
1752 2738 1851 2803 Vae,
1884 2734 1973 2791 in-

327 2825 456 2897 quit
532 2826 817 2894 Salvator,
898 2827 1338 2899 praegnantibus,
1414 2834 1464 2881 et
1520 2826 1846 2881 lactantibus
1913 2827 1974 2880 in

326 2914 415 2971 die
442 2916 548 2971 illa
576 2917 728 2972 (Luc.
763 2933 878 2983 xxr,
928 2916 1041 2989 23),
1091 2915 1202 2972 hoc
1260 2920 1369 2982 est,
1422 2913 1652 2986 judicii,
1685 2930 1811 2985 quae
1858 2914 1971 2969 uti-

329 3020 445 3076 que
475 3005 709 3077 proprie
757 3022 932 3077 opera
990 3004 1331 3078 nuptiarum
1392 3007 1548 3060 sunt.
1598 3002 1761 3059 Unde
1813 3003 1972 3058 omni

328 3093 526 3149 labore
555 3094 884 3161 nitendum,
927 3099 993 3150 ut
1050 3095 1242 3167 magis
1297 3093 1578 3167 Ephesios
1635 3109 1813 3164 quam
1867 3094 1971 3149 Co-

328 3182 580 3239 rinthios
629 3183 1015 3240 aemulemur:
1075 3199 1182 3239 nec
1238 3182 1746 3256 deprchendemur
1804 3182 1972 3253 quasi

2093 1935 2291 2007 tiquaa,
2327 1939 2384 1991 et
2413 1936 2901 1991 instaurationem
2932 1934 3247 2006 Evangelii,
3289 1936 3437 1992 657
3491 1935 3740 1991 maritus

2093 2029 2150 2080 et
2179 2042 2326 2080 uxor
2356 2042 2475 2080 una
2503 2041 2635 2079 caro
2684 2024 3038 2079 elficiuntur.
3091 2023 3432 2079 Liberorum
3462 2039 3622 2096 ergo,
3674 2028 3739 2080 ut

2090 2113 2368 2181 diximus,
2402 2114 2459 2168 in
2493 2112 2870 2168 matrimonia
2898 2129 3073 2184 opera
3102 2123 3380 2169 concessa
3422 2116 3581 2168 sunt.
3616 2116 3736 2168 Vo-

2087 2203 2341 2275 luptates
2370 2207 2567 2258 autem
2597 2219 2724 2273 qua:
2758 2202 2830 2257 de
2860 2201 3221 2257 meritricum
3262 2202 3575 2275 capiuntur
3605 2218 3734 2258 am-

2084 2292 2371 2364 plexibus,
2418 2293 2479 2347 in
2529 2308 2706 2346 uxore
2763 2292 3071 2346 damnatae.
3126 2292 3242 2346 Hoc
3287 2291 3489 2363 legens
3536 2291 3731 2348 omnis

2084 2381 2187 2448 vir,
2218 2386 2275 2436 et
2303 2398 2450 2437 uxor
2481 2380 2829 2454 intelligant,
2862 2380 2973 2435 sibi
3028 2384 3159 2452 post
3198 2385 3569 2452 conceptum,
3612 2397 3730 2437 ma-

2083 2472 2173 2544 gis
2206 2470 2451 2526 orationi
2483 2486 2659 2542 quam
2707 2469 2997 2525 connubio
3048 2469 3443 2525 serviendum.
3480 2471 3546 2524 Et
3575 2469 3730 2542 quod

2083 2560 2144 2615 in
2175 2559 2531 2615 animalibus
2561 2563 2619 2614 et
2650 2558 2854 2614 bestiis
2884 2558 3010 2631 ipso
3038 2562 3256 2614 natura:
3275 2559 3411 2630 jure
3432 2557 3733 2631 praescrip-

2084 2654 2209 2705 tum
2245 2654 2356 2714 est,
2399 2653 2463 2704 ut
2519 2652 2889 2721 przegnantes
2947 2648 3019 2703 ad
3078 2652 3312 2720 partum
3370 2663 3558 2721 usque
3614 2664 3731 2705 non

2084 2743 2311 2809 coeant,
2345 2738 2457 2793 hoc
2484 2738 2543 2792 in
2575 2736 2918 2793 hominibus
2966 2736 3155 2791 sciant
3205 2736 3446 2792 arbitrio
3488 2736 3731 2792 derelic-

2086 2833 2234 2895 tum,
2271 2833 2335 2883 ut
2363 2843 2588 2882 merces
2620 2830 2775 2882 esset
2802 2842 2869 2880 ex
2900 2827 3005 2897 (Al.
3039 2829 3127 2894 ea)
3170 2824 3494 2880 abtinentia
3520 2824 3727 2897 volup-

2082 2921 2292 2973 tatum.
2344 2916 2491 2980 Quia
2540 2931 2673 2971 vero
2737 2915 3061 2970 secundum
3114 2912 3523 2986 tr0pologiam,
3576 2913 3731 2970 viros

2082 3006 2333 3073 animas,
2368 3010 2424 3060 et
2453 3021 2661 3060 uxores
2690 3020 2934 3075 corpora
2973 3004 3328 3070 dixeramus,
3381 3002 3465 3057 sic
3522 3001 3734 3075 diligat

2083 3096 2281 3152 anima
2313 3110 2547 3150 carnem
2580 3094 2686 3165 (Al.
2717 3092 2973 3164 corpus),
3002 3092 3297 3163 quomodo
3327 3091 3598 3147 Christus
3627 3092 3728 3148 Ec-

2085 3184 2349 3256 clesiam,
2386 3187 2451 3238 ut
2482 3183 2858 3254 semetipsam
2910 3182 3106 3237 tradat
3151 3197 3254 3253 pro
3295 3180 3486 3236 salute
3514 3181 3728 3254 ipsius,

328 3272 392 3327 in
426 3271 645 3329 diluvio
677 3277 959 3344 ementes,
991 3276 1048 3328 et
1074 3271 1413 3343 vendentes,
1446 3271 1733 3326 nubentes
1763 3274 1821 3326 et
1851 3287 1973 3327 ma-
2004 3248 2046 3315 Ο
2087 3279 2143 3331 et
2173 3291 2301 3330 eam
2335 3272 2659 3329 sanctificet
2688 3272 2860 3328 verbo
2908 3270 3204 3339 doctrinae,
3238 3274 3302 3325 ut
3347 3270 3575 3326 exibeat
3616 3248 3731 3327 sibi

328 3360 606 3416 trimonio
646 3361 907 3434 copulati
955 3361 1165 3435 (Matth.
1210 3378 1363 3430 xx1v,
1412 3361 1524 3431 38),
1565 3360 1666 3415 sed
1699 3358 1975 3415 accinctis

335 3449 559 3506 lumbis
584 3448 857 3507 lucernas
884 3455 1193 3507 teneamus
1241 3449 1301 3505 in
1348 3448 1620 3505 manibus
1668 3448 1819 3519 (Luc.
1870 3464 1970 3516 x11,

397 3628 585 3702 (Vers.
617 3631 690 3686 25
717 3632 909 3703 seqq.)
947 3652 974 3683 α
1015 3629 1159 3698 Viri,
1205 3628 1427 3702 diligite
1472 3643 1680 3684 uxores
1726 3631 1969 3692 vestras,

325 3718 482 3774 sicut
509 3722 567 3775 et
596 3718 865 3775 Christus
898 3718 1101 3775 dilexit
1129 3718 1469 3784 Ecclesiam,
1503 3722 1559 3772 et
1588 3717 1970 3789 semetipsum

323 3807 572 3863 tradidit
602 3825 705 3880 pro
766 3825 854 3877 ea,
908 3812 974 3865 ut
1022 3824 1150 3865 eam
1210 3807 1632 3863 sanctificaret:
1676 3806 1971 3861 mundans

327 3897 438 3968 [AL
470 3897 698 3953 additur
724 3901 875 3968 eam]
908 3896 1136 3954 lavacro
1166 3913 1330 3969 aquae
1375 3897 1435 3950 in
1488 3895 1683 3963 verbo,
1717 3898 1781 3949 ut
1817 3894 1973 3949 exhi-

329 3985 494 4041 heret
522 3986 647 4058 ipse
680 3985 794 4041 sibi
851 3985 1166 4059 gloriosam
1222 3983 1562 4051 Ecclesiam,
1594 4000 1710 4039 non
1760 3982 1974 4039 haben-

326 4078 447 4130 tem
478 4074 795 4142 maculam,
827 4078 930 4131 aut
975 4091 1205 4148 rugam,
1239 4077 1341 4130 aut
1386 4072 1609 4145 aliquid
1657 4072 1967 4144 ejusmodi,

324 4163 428 4220 sed
460 4167 526 4219 ut
556 4164 636 4219 sit
682 4168 888 4220 sancta
947 4168 1005 4219 et
1060 4162 1459 4219 immaculata.
1505 4183 1533 4211 ››
1565 4161 1840 4227 Quamvis
1879 4162 1970 4216 sui

324 4251 576 4309 invicem
607 4253 857 4309 maritus
887 4257 943 4309 et
972 4253 1183 4324 conjux
1212 4267 1410 4307 amore
1436 4254 1746 4306 teneantur
1801 4252 1973 4322 (qua-

322 4339 400 4398 lis
426 4340 531 4397 illa
554 4358 699 4397 uxor
742 4346 1101 4398 memoratur
1152 4338 1557 4406 Hasdrubalis,
1604 4356 1751 4411 quae,
1803 4343 1971 4410 capto

320 4429 470 4496 viro,
503 4429 563 4484 in
592 4430 796 4502 patria
828 4446 891 4486 se
913 4430 1057 4501 jecit
1084 4428 1442 4498 incendium,
1474 4431 1532 4484 et
1579 4433 1798 4483 caeteras
1845 4445 1970 4500 quae

320 4517 467 4574 viris
496 4518 744 4575 mortuis
772 4518 1139 4590 supervivere
1168 4518 1504 4589 noluerunt)
1536 4534 1839 4588 nunquam
1886 4523 1970 4573 ta-

2085 3379 2215 3419 eam
2248 3380 2285 3417 n
2306 3380 2377 3418 on
2401 3361 2714 3416 habentem
2749 3359 3039 3415 maculam
3072 3363 3175 3415 aut
3220 3375 3428 3432 rugam
3468 3357 3728 3431 aliquam

2082 3450 2421 3507 vetustatis:
2456 3450 2709 3505 maxime
2756 3465 2889 3504 cum
2942 3448 3087 3504 sciat
3133 3447 3297 3503 illam
3346 3447 3405 3502 in
3436 3464 3727 3505 resurrec-

2085 3540 2273 3597 ctione
2304 3539 2670 3606 salvandam,
2724 3542 2781 3594 et
2825 3538 3084 3593 visuram
3132 3553 3262 3592 esse
3318 3534 3574 3591 salutare
3627 3535 3729 3592 Dei

2084 3630 2236 3702 (Luc.
2274 3647 2359 3700 111,
2391 3628 2471 3691 6.)
2503 3626 2661 3683 Talis
2718 3627 2807 3682 vir
2853 3630 3029 3698 caput
3074 3626 3251 3681 habet
3295 3624 3625 3693 Christum;
3671 3628 3729 3681 et

2082 3737 2215 3775 cum
2247 3722 2485 3790 propter
2517 3716 2771 3771 salutem
2803 3715 2997 3771 carnis
3053 3731 3115 3770 se
3162 3712 3505 3779 humilians,
3539 3713 3729 3769 factus

2080 3807 2259 3864 fuerit
2286 3824 2420 3861 eum
2454 3822 2632 3862 uxore
2680 3822 2788 3860 sua
2837 3821 2955 3860 una
2998 3820 3152 3871 caro,
3204 3801 3448 3858 retrahit
3494 3818 3624 3858 eam
3654 3803 3726 3858 ad

2082 3897 2381 3969 spiritum,
2403 3899 2459 3951 et
2488 3894 2734 3951 Domino
2765 3892 3094 3966 ecpulatus,
3126 3908 3258 3947 caro
3305 3907 3433 3947 esse
3475 3890 3726 3946 desistit.

2084 3983 2326 4039 Pulchre
2357 3999 2589 4054 quoque
2620 3981 2912 4038 maculam
2940 3984 3043 4036 aut
3070 3996 3298 4052 rugam,
3333 3977 3473 4051 quia
3502 3979 3572 4034 de
3598 3994 3729 4033 con-

2072 4072 2241 4146 jugio
2272 4072 2644 4143 loquebatur,
2678 4071 2748 4126 de
2778 4068 3042 4141 exemplo
3092 4066 3407 4122 mulierum
3457 4066 3529 4147 ad
3556 4066 3725 4122 deco-

2082 4178 2205 4217 rem
2237 4161 2412 4216 traxit
2434 4159 2722 4215 Ecclesize.
2779 4158 2941 4214 Sicut
2989 4156 3146 4212 enim
3204 4155 3391 4211 solent
3435 4152 3496 4209 in
3523 4153 3729 4212 mulie-

2081 4268 2212 4306 rum
2242 4249 2585 4322 corporibus
2613 4248 2699 4303 vel
2730 4247 2964 4302 sordere
3003 4244 3169 4308 necvi,
3200 4242 3289 4299 vel
3320 4259 3467 4316 ruga
3494 4247 3724 4300 contra-

2082 4338 2165 4408 hi,
2198 4338 2283 4393 vel
2314 4338 2530 4409 lentigo
2569 4336 2821 4391 variari:
2854 4338 2911 4391 et
2957 4333 3066 4388 hoc
3126 4337 3214 4388 est
3260 4348 3431 4389 omne
3461 4333 3725 4390 studium

2081 4426 2458 4493 feminarum,
2490 4429 2555 4480 ut
2585 4424 2736 4495 quod
2768 4423 2984 4478 lhedare
3022 4421 3251 4478 videtur
3279 4422 3638 4497 abstergant,
3670 4424 3728 4478 et

2083 4515 2395 4572 exhibeant
2450 4513 2679 4569 maritis
2727 4526 3037 4583 corporum
3084 4515 3492 4567 venustatem:
3542 4512 3625 4565 ita
3672 4514 3729 4565 et

323 4625 459 4666 men
492 4585 866 4666 dilectionem
894 4608 1058 4665 illam
1087 4609 1175 4664 vir
1204 4608 1441 4680 sapiens
1486 4585 1782 4663 dilecti—oni
1814 4607 1973 4663 Chri-
2002 4617 2049 4681 D
2080 4605 2288 4660 animae
2319 4604 2480 4658 omni
2513 4605 2884 4674 peccatorum
2916 4601 3087 4656 sorde
3119 4600 3432 4672 purganda:
3466 4604 3627 4666 sunt,
3660 4585 3727 4653 ut

324 4698 400 4755 sti
432 4705 489 4754 et
517 4698 791 4755 Ecclesiae
822 4698 1205 4771 comparabit.
1238 4697 1486 4753 Sanctus
1517 4696 1697 4768 igitur
1747 4696 1847 4751 hic
1883 4696 1969 4750 in-

322 4786 684 4860 telligendus
713 4790 804 4844 est
832 4804 1018 4858 amor,
1050 4803 1165 4859 quo
1195 4789 1254 4842 et
1298 4791 1462 4841 Isaac
1503 4784 1704 4840 dilexit
1733 4801 1970 4841 uxorem

322 4893 495 4934 suam
530 4878 840 4949 Rebeccam,
897 4893 1025 4949 quae
1079 4875 1492 4947 interpretatur
1540 4875 1851 4945 patientia:
1911 4877 1968 4930 et

322 4965 394 5023 de
452 4973 604 5022 terra
652 4965 1107 5038 Mesopotamia,
1169 4981 1295 5037 qure
1373 4962 1569 5020 saeculi
1644 4962 1824 5034 hujus
1900 4980 1968 5019 ex

322 5054 483 5111 omni
513 5057 678 5128 parte
708 5054 985 5111 ﬂuctibus
1010 5053 1286 5126 cingitur,
1319 5052 1377 5108 in
1422 5057 1635 5109 terram
1692 5068 1819 5108 eam
1874 5068 1966 5107 re-

321 5143 734 5216 promissionis
775 5144 1023 5213 induxit,
1074 5148 1141 5198 ut
1188 5140 1588 5198 consolaretur
1629 5158 1732 5214 pro
1782 5144 1967 5197 morte

321 5232 527 5290 matris
559 5248 676 5289 suae
709 5232 863 5305 (Gen.
896 5249 1048 5302 xxxv,
1079 5232 1195 5300 67.)
1248 5230 1557 5286 Interitutn
1608 5230 1823 5302 quippe
1862 5231 1965 5303 Sy-

395 5340 530 5412 ‘Vlta
558 5339 702 5412 legit
730 5340 911 5412 codex
941 5338 1382 5412 manuscriptus
1410 5337 1627 5412 Regius
1669 5353 1843 5408 quem
1875 5347 1969 5393 se‘-

319 5411 443 5467 cuti
475 5408 705 5468 sumus.
740 5410 1145 5467 Cluniacensis
1176 5408 1544 5481 pervetustu’s
1576 5408 1724 5463 hanc
1759 5412 1970 5465 retinet

318 5481 664 5540 lectionem:
689 5484 755 5541 Ut
784 5500 926 5553 ruga
960 5484 1155 5539 reteris
1184 5483 1423 5537 hominis
1453 5483 1512 5535 in
1540 5485 1967 5553 venustateten-

318 5553 506 5612 datur.
530 5554 695 5611 Unde
726 5551 958 5611 ﬂuxerit
978 5556 1037 5609 in
1060 5554 1348 5610 editiones
1370 5551 1594 5607 Erasmi
1618 5557 1673 5607 et
1703 5551 1964 5615 Mariani,

318 5628 382 5701 i1}
389 5627 968 5701 juventutetondatur,
986 5641 1359 5701 nequaquam
1381 5639 1623 5701 possum
1656 5624 1964 5701 conjicere.

317 5694 607 5759 Minn—
636 5699 1011 5759 Martiansaus
1057 5694 1310 5768 inventa,
1369 5694 1439 5754 ex
1484 5694 1663 5768 Regio
1709 5695 1966 5767 quodam

2083 4712 2229 4767 ruga
2257 4692 2466 4750 veteris
2498 4691 2786 4747 hominis1
2813 4692 3059 4762 juventa
3087 4690 3385 4756 tendatur,
3408 4692 3465 4744 et
3494 4703 3729 4743 renove-

2082 4788 2179 4841 tur
2208 4784 2267 4839 in
2301 4798 2514 4838 novum
2546 4779 2847 4836 hominem
2882 4780 2953 4835 de
2983 4778 3076 4833 die
3105 4777 3163 4833 in
3196 4777 3351 4833 diem
3378 4777 3455 4850 (II
3496 4776 3618 4832 Cor.
3654 4793 3727 4844 IV,

2078 4874 2157 4946 6.)

2149 4962 2336 5035 (Vers.
2367 4962 2481 5032 28.)
2513 4984 2540 5010 «
2574 4964 2661 5016 Ita
2717 4963 2773 5015 et
2828 4956 2936 5014 viri
2993 4957 3207 5014 debent
3248 4955 3488 5029 diligere
3517 4972 3726 5014 uxores

2078 5068 2218 5108 suas
2250 5050 2403 5105 sicut
2436 5066 2543 5105 sua
2571 5064 2834 5119 corpora.
2869 5068 2897 5097 ι)
2931 5048 3000 5101 Et
3029 5046 3088 5101 in
3136 5044 3346 5102 Genesi
3376 5061 3445 5101 ex
3474 5060 3725 5118 persona

2079 5138 2373 5213 loquentis
2403 5138 2585 5193 Adam
2620 5135 2903 5207 scriptum
2935 5139 3057 5191 est:
3093 5137 3196 5191 Hos
3224 5152 3373 5191 nunc
3400 5151 3457 5192 os
3485 5151 3559 5190 ex
3586 5136 3725 5191 ossi-

2081 5231 2176 5286 bus
2206 5230 2365 5298 meis,
2397 5237 2447 5283 et
2477 5243 2606 5281 caro
2638 5241 2708 5280 ex
2738 5241 2902 5281 carne
2928 5242 3049 5281 mea
3078 5223 3231 5297 (Gen.
3276 5242 3335 5294 ιι,
3364 5224 3479 5293 23.)
3534 5225 3605 5280 Et
3634 5223 3723 5281 id-

2079 5353 2213 5399 ms.,
2238 5333 2518 5406 reposuit,
2543 5332 2741 5406 sicque
2757 5332 2997 5388 omnino
3018 5332 3390 5406 retinendum
3406 5330 3730 5406 contendit,

2080 5404 2339 5478 antiquis
2370 5404 2747 5473 editionibus,
2772 5421 2899 5476 qum
2931 5404 3331 5478 praeferebant,
3350 5405 3413 5478 in
3433 5404 3724 5478 juventute

2079 5475 2422 5557 repudiatis.
2455 5478 2591 5542 Nas,
2613 5475 2845 5557 juventa
2873 5475 3722 5557 rescripsimus,_sic.’exi‘gents

2079 5546 2352 5606 contextu
2381 5567 2392 5603 :
2419 5566 2523 5603 nec
2545 5546 3036 5619 erit,0pinor,qui
3059 5546 3172 5602 non
3196 5546 3392 5602 statim
3416 5546 3727 5618 intelligat,

2080 5623 2235 5695 quod
2270 5627 2486 5678 temere
2512 5618 3109 5675 Martianmus'locum
3141 5619 3301 5675 hunc
3322 5619 3671 5691 depravarit.
