4066 6190
344 380 464 446 363

1592 388 1658 452 S.
1703 388 2018 452 EUSEBII
2062 374 2509 451 HIERONYMI

3641 385 3754 450 564

348 521 653 590 putantur,
687 515 899 576 referre
943 519 1162 592 gratias
1212 520 1488 577 Creatori.
1524 519 1585 577 Si
1616 521 1826 577 domus
1877 537 1999 575 cor-
2027 528 2081 592 Α
2110 520 2236 587 siis,
2289 524 2353 575 ut
2407 520 2616 576 timore
2668 519 2810 591 quid
2870 518 3103 591 faciant,
3157 521 3216 576 et
3273 535 3391 576 non
3447 517 3760 578 dilectione

350 606 554 673 ruerit,
591 606 641 663 si
675 608 1084 665 amantissima
1114 627 1259 666 uxor
1288 615 1345 666 et
1382 609 1487 665 lilii
1525 610 1614 665 vel
1645 609 1997 681 captivitate,

347 695 441 769 vel
470 713 714 766 veneno,
740 697 827 761 vel
857 699 1163 771 naufragio
1193 699 1501 771 intercepti
1525 698 1664 765 sint,
1688 697 1736 753 si
1769 697 2002 753 divitias

352 785 782 860 proscriptione
814 787 1197 859 perdidimus,
1230 787 1279 843 si
1319 788 1633 843 sanitatem
1663 786 2001 842 innumera-

352 873 502 931 biles
549 875 759 948 morbi,
793 880 850 932 et
878 893 1111 949 semper
1138 876 1530 948 exspectanda
1560 876 1789 932 miseris
1824 875 2004 947 poda-

355 979 471 1035 grae
497 963 768 1022 debilitas
798 966 1052 1037 fregerit.
1081 966 1187 1030 Qui
1220 965 1331 1021 sibi
1362 954 1682 1023 sanctiores
1710 965 2001 1030 videntur,

358 1052 547 1109 solent
575 1054 691 1110 Deo
740 1054 954 1110 referre
1000 1053 1220 1127 gratias
1269 1055 1423 1126 quod
1474 1055 1545 1110 de
1587 1052 1883 1126 periculis,
1917 1051 2005 1108 vel

359 1141 432 1197 de
463 1141 716 1199 miseriis
740 1143 972 1200 liberati
1003 1147 1160 1199 sunt.
1186 1143 1295 1199 Sed
1322 1144 1495 1214 juxta
1516 1142 1864 1215 Apostolum
1886 1141 2008 1197 haec

355 1229 542 1286 virtus
587 1236 676 1287 est
715 1232 990 1301 maxima,
1023 1235 1087 1287 ut
1115 1232 1175 1287 in
1208 1231 1353 1304 ipsis
1388 1230 1662 1303 periculis
1693 1236 1869 1302 atque
1899 1230 2007 1285 mi-

360 1319 552 1390 seriis,
590 1322 700 1377 Deo
731 1321 931 1395 gratiae
962 1322 1310 1391 referantur,
1343 1324 1400 1375 et
1429 1337 1660 1393 semper
1700 1319 1967 1376 dicamus
1993 1337 2007 1373 :

360 1409 709 1466 Benedictus
738 1411 913 1483 Deus,
950 1411 1178 1467 minora
1208 1427 1302 1465 me
1340 1409 1462 1465 scio
1501 1409 1792 1465 sustinere
1830 1425 2007 1481 quam

360 1513 633 1555 mereor:
676 1500 796 1556 haec
847 1501 919 1556 ad
968 1517 1099 1555 mea
1146 1504 1381 1572 peccata
1423 1516 1599 1571 parva
1636 1502 1820 1554 sunt:
1864 1497 2011 1553 nihil

362 1586 510 1642 mihi
557 1588 804 1662 dignum
836 1589 1119 1645 redditur.
1153 1588 1256 1643 Hic
1288 1587 1523 1644 animus
1549 1586 1864 1644 Christiani
1898 1591 2007 1654 est,

360 1674 457 1732 hic
517 1693 765 1749 crucem
841 1694 1013 1733 suam
1095 1676 1333 1741 tollens,
1411 1676 1678 1749 sequitur
1748 1675 2011 1731 Salvato—

363 1780 487 1819 rem
517 1747 668 1836 (Luc.
705 1783 779 1835 1x,
839 1767 952 1838 33),
993 1782 1167 1838 quem
1211 1782 1315 1821 nec
1363 1747 1603 1835 orbitas,
1638 1781 1744 1821 nec
1795 1766 2013 1821 damna

2110 609 2346 665 Christi.

2116 772 2121 777 ν
2182 700 2368 771 (Vers.
2414 702 2505 768 22,
2548 700 2664 771 23.)
2719 698 3052 757 «Mulieres
3116 700 3257 757 viris
3324 700 3448 757 suis
3513 700 3761 757 subditae

2113 789 2231 845 sint
2261 789 2414 845 sicut
2444 789 2689 845 Domino
2720 806 2732 843 :
2776 788 3055 861 quoniam
3094 790 3183 845 vir
3220 795 3396 863 caput
3432 795 3521 847 est
3559 789 3765 846 mulie-

2113 880 2215 948 ris,
2248 879 2402 935 sicut
2441 884 2498 935 et
2536 879 2802 936 Christus
2842 885 3017 953 caput
3054 880 3345 938 Ecclesia.
3378 904 3407 932 »
3447 880 3566 938 Hoc
3605 881 3762 953 quod

2113 968 2174 1023 in
2205 967 2426 1024 Latinis
2459 968 2892 1041 exemplaribus
2920 970 3186 1026 additum
3217 974 3328 1037 est,
3360 970 3592 1028 subditae
3627 971 3761 1037 sint,

2114 1058 2174 1112 in
2225 1058 2438 1113 Graecis
2490 1057 2792 1114 codicibus
2849 1076 2965 1115 non
3017 1059 3267 1116 habetur
3298 1059 3649 1133 z'siquidem
3689 1060 3765 1115 ad

2117 1146 2422 1219 superiora
2469 1147 2737 1214 refertur,
2785 1151 2841 1203 et
2888 1148 3285 1204 subauditur:
3332 1148 3572 1213 διιὺῇεαί
3619 1149 3767 1204 invi-

2115 1251 2225 1291 cem
2273 1236 2331 1289 in
2377 1237 2573 1291 timore
2619 1236 2855 1307 Christi,
2888 1240 2956 1292 ut
2999 1236 3102 1289 ἀπο
3131 1241 3317 1291 κοινοῦ
3362 1240 3596 1293 resonet
3625 1237 3766 1293 sub-

2109 1326 2301 1396 ject-aa,
2331 1333 2384 1381 et
2409 1326 2665 1381 mulieres
2710 1328 2847 1381 viris
2892 1326 3005 1382 suis
3048 1328 3195 1383 sicut
3231 1329 3481 1383 Domino.
3513 1326 3623 1384 Sed
3654 1326 3768 1383 hoc

2120 1414 2309 1486 magis
2340 1414 2397 1469 in
2429 1413 2624 1471 Greco
2655 1415 3024 1489 intelligitur,
3057 1433 3235 1488 quam
3266 1416 3325 1471 in
3357 1416 3579 1473 Latino.
3612 1418 3791 1482 Quo-,

2120 1503 2292 1559 modo
2350 1504 2547 1575 itaque
2594 1503 2822 1560 Christo
2882 1505 3148 1576 subjecta
3197 1510 3288 1561 est
3347 1506 3621 1572 Ecclesia,
3683 1504 3769 1561 sic

2120 1592 2387 1664 subjecta
2415 1592 2491 1648 sit
2522 1610 2665 1649 uxor
2690 1593 2812 1648 viro
2844 1611 2971 1650 suo.
2997 1596 3175 1660 Quem
3208 1594 3363 1651 enim
3396 1594 3571 1651 habet
3600 1593 3768 1667 prin-

2120 1682 2380 1754 cipatum
2411 1686 2468 1737 et
2497 1682 2925 1753 subjectionem
2947 1683 3214 1741 Christus
3244 1689 3299 1741 et
3326 1684 3604 1750 Ecclesia,
3632 1683 3774 1739 huic

2120 1770 2310 1826 eidem
2371 1770 2562 1826 ordini
2625 1771 2873 1828 maritus
2931 1778 2989 1829 et
3044 1790 3189 1828 uxor
3244 1773 3611 1847 astringitur.
3653 1773 3772 1830 Sed

366 1852 693 1911 debilitant.
745 1855 948 1923 Quem,
1001 1858 1066 1911 ut
1114 1854 1352 1912 Flaccus
1410 1854 1470 1909 in
1524 1853 1705 1926 lyrico
1754 1853 2013 1909 carmine
2043 1908 2090 1933 η
2120 1858 2459 1927 videndum,
2501 1865 2566 1917 ut
2604 1862 2897 1933 quomodo
2936 1861 2996 1918 in
3033 1862 3282 1931 Christo,
3322 1866 3380 1919 et
3415 1863 3475 1918 in
3516 1862 3776 1919 Ecclesia

366 1941 449 1997 ait
479 1958 492 1997 ί

630 2050 683 2100 Si
710 2052 908 2103 fractus
935 2052 1182 2102 illabatur
1209 2051 1371 2109 orbis,

623 2114 955 2178 Impavidum
988 2114 1182 2165 ferient
1208 2115 1399 2164 ruinae»

375 2229 484 2295 Qui
514 2233 731 2296 autem,
766 2231 920 2286 sicut
968 2230 1245 2296 diximus,
1278 2229 1496 2301 gratias
1537 2227 1657 2301 agit
1685 2227 1800 2283 Deo
1833 2232 1890 2283 et
1917 2230 2023 2282 Pa-

373 2318 470 2388 tri,
504 2319 563 2374 in
594 2318 912 2374 mediatore
941 2318 1041 2374 Dei
1071 2323 1128 2374 et
1155 2318 1463 2373 hominum
1497 2317 1710 2372 referat
1740 2332 1838 2371 eas
1869 2314 2029 2371 Chri-

373 2411 463 2462 sto
484 2409 620 2463 Jesu
646 2422 658 2462 :
693 2407 832 2477 quia
857 2406 972 2461 nisi
999 2424 1101 2478 per
1127 2406 1297 2462 illum
1325 2406 1597 2461 accedere
1623 2421 1736 2460 non
1764 2403 2027 2460 valemus

367 2495 452 2550 'ad
483 2494 736 2550 Patrem.

444 2583 631 2654 (Vers.
663 2583 777 2655 21.)
830 2604 858 2633 ‹‹
889 2583 1148 2654 Subjecti
1200 2582 1449 2638 invicem
1500 2583 1558 2637 in
1608 2580 1818 2637 timore
1865 2581 2029 2638 Chri-

376 2670 471 2727 sti.
508 2694 536 2721 ››
584 2671 840 2728 Audiant
886 2671 1007 2728 haec
1053 2671 1329 2744 episcopi,
1381 2671 1624 2726 audiant
1680 2671 2026 2743 presbyteri,

374 2761 577 2817 audiat
602 2761 794 2818 omnis
816 2761 958 2817 ordo
983 2761 1311 2827 doctorum,
1336 2758 1617 2831 subjectis
1648 2759 1774 2815 suis
1805 2776 1868 2814 se
1898 2775 2027 2816 esse

375 2850 697 2921 subjectos,
724 2854 781 2905 et
812 2848 1119 2906 imitentur
1150 2849 1442 2905 dicentem
1467 2847 1812 2920 Apostolum
1845 2864 1858 2902 :
1896 2847 2028 2903 Cum

375 2943 529 2998 enim
588 2956 758 2998 essem
818 2941 960 2997 liber
1016 2957 1086 2996 ea:
1146 2940 1418 3007 omnibus,
1458 2940 1710 2994 omnibus
1760 2939 2032 3010 meipsum

374 3044 592 3086 servum
639 3030 771 3099 feci,
802 3038 863 3086 ut
908 3045 1093 3086 omnes
1139 3029 1526 3103 lucri/acerem
1574 3029 1621 3099 (I
1650 3027 1771 3083 Cor.
1804 3044 1880 3099 1x,
1918 3027 2027 3098 19).

384 3123 455 3174 Et
504 3118 565 3173 in
624 3118 736 3174 alio
793 3117 919 3175 loco
963 3136 976 3173 :
1032 3121 1139 3174 Per
1186 3118 1500 3173 charitalem
1554 3118 1760 3172 servire
1797 3118 2031 3172 invicem

382 3206 592 3280 (Galat.
618 3224 673 3279 ν,
699 3208 808 3280 13).
833 3208 997 3264 Unde
1027 3212 1084 3263 et
1113 3208 1237 3279 ipse
1262 3208 1464 3262 eadem
1515 3205 1799 3262 charitate
1845 3205 2033 3260 omni-

2043 1908 2094 1973 B

2129 1954 2333 2006 sancta
2383 1950 2715 2022 conjunctio
2756 1955 2866 2019 est,
2908 1951 2990 2007 ita
3026 1956 3085 2008 et
3135 1953 3193 2007 in
3246 1952 3368 2008 viro
3420 1957 3477 2009 et
3526 1951 3586 2007 in
3639 1969 3777 2008 mn-

2130 2037 2270 2093 liere
2310 2043 2514 2098 sancta
2561 2041 2638 2097 sit
2684 2040 2912 2113 copula.
2954 2040 3117 2098 Sicut
3166 2045 3363 2098 autem
3418 2059 3535 2098 non
3586 2040 3788 2098 omnis

2133 2130 2505 2202 congregatio
2581 2129 2986 2187 haereticorum
3058 2130 3271 2186 Christi
3337 2131 3593 2187 Ecclesia
3665 2130 3791 2186 dici

2134 2220 2345 2288 potest,
2397 2232 2502 2272 nec
2549 2223 2727 2289 caput
2781 2234 2984 2274 eorum
3041 2217 3305 2275 Christus
3352 2224 3486 2274 est:
3541 2218 3625 2275 sic
3664 2235 3791 2274 non

2137 2322 2308 2361 omne
2358 2305 2804 2362 matrimonium
2837 2308 2991 2378 quod
3023 2324 3137 2364 non
3169 2307 3290 2363 viro
3321 2325 3428 2364 suo
3460 2308 3795 2365 secundum

2136 2394 2346 2450 Christi
2396 2400 2684 2467 praecepta
2731 2397 3130 2470 conjungitur,
3166 2398 3275 2453 rite
3312 2397 3652 2468 conjugium
3684 2415 3797 2471 ap-

2138 2482 2341 2555 pellari
2375 2488 2588 2556 potest,
2621 2484 2722 2540 sed
2757 2485 2945 2559 magis
2995 2486 3370 2542 adulterium.
3409 2485 3567 2543 Alias
3597 2491 3808 2544 autem

2138 2572 2452 2645 subjicitur
2503 2590 2651 2629 uxor
2694 2574 2818 2630 viro
2868 2580 2933 2631 ut
2991 2576 3251 2644 domino,
3286 2576 3427 2648 quia
3475 2576 3546 2632 ad
3596 2576 3803 2648 ipsum

2137 2662 2438 2718 conversio
2469 2664 2738 2735 ejusfest,
2771 2668 2828 2720 et
2857 2663 2982 2736 ipse
3012 2663 3175 2721 illius
3205 2665 3604 2722 dominabitur
3633 2667 3799 2737 (Gen.

2138 2768 2213 2822 1v,
2267 2752 2343 2823 7).
2385 2752 2532 2807 Nam
2570 2757 2630 2808 et
2666 2753 2810 2809 Sara
2851 2754 3158 2810 dominum
3212 2752 3460 2810 vocabat
3495 2753 3800 2811 Abraham

2138 2844 2292 2911 (Gen.
2346 2857 2503 2906 xvm,
2559 2842 2664 2913 l2).
2706 2842 2841 2906 Quae
2896 2848 3220 2916 spontanee
3267 2844 3539 2916 servitus,
3571 2847 3800 2917 quanto

2140 2929 2328 3002 magis
2360 2929 2534 2986 fuerit
2561 2930 2861 2987 voluntate
2888 2932 3174 3004 subjecta,
3205 2935 3370 2987 tanto
3413 2948 3541 2988 esse
3586 2932 3803 3005 incipit

2140 3017 2453 3090 coaequalis
2481 3035 2494 3073 :
2528 3019 2671 3091 quin
2705 3020 2843 3089 imo,
2878 3020 3177 3094 obsequiis
3207 3021 3331 3077 suis
3357 3021 3418 3077 in
3451 3022 3797 3078 servitutem

2141 3096 2294 3165 855
2345 3108 2604 3181 redigere
2656 3109 3079 3166 dominantem.
3112 3109 3359 3176 Quidam
3398 3110 3556 3166 hunc
3595 3109 3795 3167 locum

2142 3197 2469 3252 secundum
2518 3213 2821 3270 anagogen
2870 3198 2953 3254 ita
2983 3198 3461 3270 interpretantur,
3496 3203 3560 3254 ut
3592 3199 3800 3256 dicant

375 3276 491 3352 bus
540 3276 803 3369 gentium
856 3295 1090 3352 servivit
1137 3276 1430 3351 Ecclesiis.
1482 3294 1741 3350 Salvator
1799 3310 2033 3366 quoque
2063 3276 2106 3342 C
2143 3302 2383 3342 uxorem
2441 3285 2501 3342 in
2560 3303 2823 3358 corpore,
2869 3286 3060 3343 Virum
3120 3287 3304 3359 accipi
3360 3288 3421 3343 in
3473 3289 3687 3343 animo.
3719 3289 3802 3345 Et

374 3385 624 3442 formam
680 3384 832 3441 servi
885 3385 1109 3458 accepit
1161 3384 1425 3456 (Philipp.
1480 3401 1539 3451 ιι,
1583 3384 1660 3455 7),
1696 3388 1760 3438 ut
1790 3383 2032 3439 serviret

374 3473 685 3546 discipulis
734 3473 879 3541 suis,
913 3477 971 3529 et
1017 3474 1194 3545 pedes
1243 3489 1445 3529 eorum
1496 3471 1633 3527 lavit
1682 3474 1861 3543 (Joan.
1904 3487 2028 3539 xm,

373 3562 452 3633 5).
486 3566 602 3618 Hoc
654 3550 901 3619 interest
947 3562 1101 3618 inter
1145 3562 1408 3635 gentium
1450 3561 1745 3633 principes
1775 3569 1831 3616 et
1863 3560 2028 3616 Chri-

379 3650 733 3722 stianorum,
761 3652 916 3723 quod
948 3650 1033 3706 illi
1064 3650 1443 3707 dominantur
1469 3648 1743 3717 subditis,
1767 3665 1876 3705 nos
1908 3665 2029 3705 ser-

374 3738 590 3808 vimus,
615 3743 672 3795 et
703 3739 759 3795 in
793 3756 860 3795 eo
891 3741 1145 3809 majores
1176 3755 1404 3810 sumus,
1428 3739 1479 3794 si
1511 3737 1740 3793 minimi
1762 3738 2029 3793 omnium

376 3828 687 3884 fuerimus.
721 3828 832 3885 Sed
860 3833 918 3885 et
947 3829 1057 3884 hoc
1090 3829 1244 3900 quod
1286 3829 1369 3883 ait
1402 3844 1414 3882 :
1465 3829 1530 3883 In
1575 3829 1771 3883 timore
1801 3826 2027 3895 Christi,

375 3918 460 3973 sic
511 3916 943 3990 accipiendum,
992 3922 1059 3974 ut
1111 3917 1241 3989 ipsa
1292 3915 1577 3987 subjectio
1626 3933 1741 3972 non
1790 3921 2032 3989 propter

374 4006 684 4063 hominum
752 4006 1023 4080 gloriam,
1091 4007 1247 4064 654
1311 4007 1415 4062 sed
1467 4010 1704 4077 propter
1756 4006 2027 4061 timorem

371 4095 589 4152 Christi
629 4096 749 4164 fiat,
799 4097 942 4151 dum
983 4095 1150 4151 illum
1192 4095 1472 4150 timemus
1512 4093 1824 4149 offendere.
1862 4092 2029 4150 Alius

368 4201 504 4241 vero
536 4185 621 4241 sic
652 4185 1132 4258 interpretabitur
1166 4202 1179 4241 :
1220 4184 1449 4255 subjecti
1486 4185 1719 4238 invicem
1746 4184 1804 4237 in
1834 4184 2030 4239 timore

372 4272 598 4340 Christi,
639 4278 704 4329 ut
741 4275 893 4330 hanc
941 4273 1294 4330 sententiam
1336 4271 1667 4345 generalem
1714 4272 1775 4327 in
1825 4288 2026 4328 conse-

371 4361 689 4432 quentibus
720 4363 901 4417 dividi
945 4363 1101 4417 dicat
1125 4367 1299 4434 atque
1332 4360 1535 4434 partiri
1565 4378 1578 4415 :
1610 4361 1863 4416 Mulieres
1893 4363 2028 4417 viris

368 4449 486 4503 suis
522 4449 759 4506 subdita
795 4452 907 4505 sint
949 4451 1107 4522 (vers.
1149 4452 1283 4523 22);
1326 4456 1429 4506 et:
1475 4451 1631 4516 Filii,
1672 4450 1880 4507 obedile
1928 4468 2026 4522 pa-

370 4539 623 4594 rentibus
661 4539 873 4609 (Ephes.
916 4557 986 4606 vx,
1032 4541 1085 4607 1)
1120 4558 1132 4608 ;
1174 4544 1275 4595 et:
1316 4541 1494 4605 Servi,
1535 4539 1743 4595 obedile
1780 4541 2026 4596 dominis

369 4627 695 4682 carnalibus
724 4645 849 4683 cum
887 4629 1084 4683 timore
1120 4632 1173 4683 et
1203 4633 1439 4684 tremore
1470 4628 1627 4700 (ibid.
1660 4629 1715 4699 5)
1751 4643 1764 4682 :

374 4714 567 4772 solum
621 4733 766 4772 uxor
802 4716 947 4786 viro,
988 4721 1045 4772 et
1085 4716 1189 4771 ﬁlii
1230 4716 1594 4789 parentibus,
1636 4721 1692 4771 et
1732 4717 1881 4772 servi
1921 4717 2026 4772 do-

375 4803 555 4862 minis
588 4823 600 4862 :
645 4806 747 4862 sed
788 4806 965 4862 etiam
1006 4804 1114 4859 viri
1155 4804 1524 4872 mulieribus,
1558 4806 1728 4876 juxta
1765 4804 2026 4861 ofﬁcium

373 4894 530 4965 quod
572 4898 925 4967 praeceptum
967 4897 1102 4962 est;
1146 4898 1203 4948 et
1241 4897 1434 4964 patres
1475 4893 1631 4960 filiis,
1675 4910 1745 4948 ne
1782 4891 1915 4949 illos
1953 4895 2027 4950 ad

372 4983 740 5041 iracundiam
781 4986 1138 5056 provocent;
1201 4986 1258 5037 et
1295 4980 1516 5038 domini
1575 4982 1777 5048 servis,
1822 4988 1886 5037 ut
1944 4999 2028 5038 re-

372 5072 611 5129 mittant
663 5073 879 5139 minas,
920 5078 979 5128 et
1034 5071 1332 5143 pmbeant
1368 5071 1460 5127 his
1500 5087 1630 5143 quae
1669 5070 1888 5127 habent
1927 5089 2025 5127 ne-

371 5163 648 5231 cessaria,
682 5162 932 5218 invicem
983 5160 1103 5217 sint
1133 5160 1381 5232 subjecti
1418 5177 1430 5215 :
1488 5165 1545 5216 ct
1574 5160 1683 5216 hoc
1714 5176 1784 5216 ex
1811 5160 2026 5217 Christi

368 5251 581 5308 timore
634 5250 869 5321 faciant,
914 5254 981 5307 ut
1027 5251 1321 5322 quomodo
1371 5250 1552 5306 servis
1601 5249 1725 5306 suis
1774 5250 1884 5304 fuit
1930 5249 2027 5306 ille

374 5341 694 5411 subjectus,
729 5339 813 5395 sic
857 5344 914 5396 et
961 5338 1019 5394 hi
1069 5338 1168 5410 qui
1218 5338 1470 5410 majores
1518 5338 1806 5407 videntur,
1839 5337 2022 5409 subji-

372 5430 602 5486 ciantur
633 5429 961 5485 minoribus
1014 5427 1137 5483 suis
1190 5429 1484 5484 reddendo
1519 5428 1712 5483 officia
1759 5444 1885 5500 quae
1928 5428 2021 5495 ju-

370 5521 600 5575 bentur.
679 5524 1005 5575 Possumus
1072 5516 1165 5570 hic
1232 5518 1501 5574 timorem
1572 5522 1629 5573 et
1696 5533 1798 5589 pro
1862 5511 2021 5568 ευλά-

370 5599 512 5676 Θεία,
545 5607 602 5663 id
635 5612 723 5665 est
752 5606 1082 5673 reverentia,
1116 5596 1394 5676 accipere,
1428 5623 1557 5679 quae
1600 5605 1788 5679 magis
1832 5604 2023 5660 vicina

372 5702 463 5754 est
517 5696 808 5755 charitati.
865 5697 1247 5769 Nequaquam
1308 5694 1463 5750 enim
1523 5694 1790 5751 convenit
1842 5691 2024 5765 Ephe-

2141 3374 2294 3430 sicut
2343 3375 2571 3431 Christo
2619 3376 2887 3447 subjecta
2944 3382 3033 3432 est
3077 3375 3355 3447 Ecclesia,
3408 3377 3490 3433 ita
3548 3393 3801 3449 corpora

2140 3464 2350 3535 subjici
2419 3464 2629 3520 debere
2695 3464 2937 3535 sensui,
3005 3468 3061 3520 et
3134 3465 3195 3520 in
3262 3481 3447 3521 unum
3514 3465 3799 3538 spiritum

2140 3552 2346 3625 redigi,
2402 3552 2751 3608 si'domino
2816 3554 3031 3609 fuerint
3086 3552 3359 3626 copulata
3406 3571 3419 3610 :
3482 3555 3587 3622 Qui
3638 3555 3804 3610 enim

2139 3640 2377 3697 adhaeret
2441 3643 2695 3711 Domino,
2764 3659 2908 3698 unus
2971 3644 3200 3715 spiritus
3262 3651 3341 3698 est
3404 3644 3468 3714 (I
3524 3643 3646 3698 Cor.
3704 3661 3793 3712 vr,

2141 3731 2249 3801 17).

2210 3843 2238 3871 ‹‹
2272 3821 2402 3894 Ipse
2431 3824 2521 3876 est
2547 3810 2815 3876 Salvator
2846 3820 3124 3893 corporis.
3160 3842 3189 3870 ››
3230 3821 3517 3886 Quoniam
3546 3819 3795 3894 propin-

2138 3909 2307 3981 quior
2338 3919 2512 3981 atque
2540 3897 2779 3965 inferior
2810 3914 2898 3966 est
2947 3927 2981 3964 a
3022 3911 3355 3966 substantia
3414 3909 3627 3966 Christi
3681 3927 3801 3966 na.-

2137 4004 2272 4055 tura
2301 3997 2586 4069 Ecclesiae,
2619 4002 2923 4070 propterea
2952 4014 3082 4054 eam
3126 4015 3341 4071 corpus
3369 3997 3579 4055 Christi
3628 4000 3804 4055 aesti-

2139 4104 2234 4143 mo
2265 4088 2628 4144 nominatam
2665 4104 2678 4142 :
2727 4088 2897 4159 cujus
2927 4086 3187 4159 corporis
3217 4088 3480 4144 Salvator
3508 4091 3596 4144 est
3623 4086 3801 4143 Chri-

2137 4182 2267 4232 stus
2317 4177 2511 4247 Jesus,
2544 4176 2603 4230 id
2653 4180 2742 4231 est
2787 4175 3068 4245 Verbum,
3113 4177 3420 4249 sapientia,
3454 4179 3805 4248 cieteraeque

2136 4266 2379 4321 virtutes
2423 4265 2483 4319 in
2533 4265 2753 4337 quibus
2799 4264 3146 4338 intelligitur
3194 4266 3377 4322 Filius
3428 4266 3546 4322 Dei.
3587 4267 3806 4331 Quaere

2137 4354 2447 4422 curiosius,
2480 4353 2669 4410 sicubi
2720 4355 2780 4409 in
2829 4354 3043 4410 divinis
3070 4354 3484 4412 Voluminibus
3528 4356 3804 4428 potueris

2137 4445 2415 4511 invenire,
2447 4443 2795 4500 vocabulum
2826 4447 3012 4500 carnis
3064 4462 3168 4517 pro
3218 4444 3473 4501 Ecclesia
3503 4444 3801 4517 positum.

2136 4534 2193 4589 Si
2250 4533 2487 4605 quidem
2550 4550 2702 4588 nunc
2765 4550 3141 4606 nequaquam
3201 4551 3355 4602 caro,
3413 4535 3533 4613 sed,
3572 4550 3800 4606 corpus

1807 4632 1872 4682 ut
1910 4644 2026 4683 non
2056 4623 2348 4708 DCbristi
2417 4620 2745 4694 appellatur
2810 4621 3086 4678 Ecclesia.
3154 4626 3332 4679 Porro
3408 4622 3795 4680 manifestum

2138 4712 2293 4781 quod
2341 4710 2625 4783 quidquid
2666 4728 2810 4767 scaro
2853 4716 2959 4777 est,
2994 4718 3424 4784 consequenter
3464 4717 3522 4769 et
3571 4727 3796 4784 corpus

2137 4802 2249 4858 sit:
2289 4817 2403 4857 non
2431 4804 2625 4856 autem
2656 4801 2943 4872 quidquid
2974 4816 3207 4872 corpus,
3232 4800 3340 4858 hoc
3363 4805 3821 4889 consequenter.

2136 4895 2193 4945 et
2220 4907 2375 4947 caro.

2209 4979 2397 5050 (Vers.
2430 4979 2545 5049 24.)
2592 4997 2612 5026 ι
2647 4978 2758 5034 Sed
2794 4983 2857 5034 ut
2886 4978 2992 5051 [Αι.
3028 4979 3201 5051 sicut]
3232 4978 3488 5036 Ecclesia
3520 4979 3798 5051 subjecta

2137 5072 2225 5124 est
2273 5068 2500 5124 Christo
2548 5085 2560 5122 :
2616 5068 2697 5121 ita
2735 5073 2793 5123 et
2832 5066 3109 5124 mulieres
3148 5068 3288 5124 viris
3328 5069 3452 5125 suis
3492 5068 3551 5125 in
3590 5068 3796 5124 omni-

2134 5156 2267 5212 bus.
2305 5179 2329 5205 »
2372 5155 2627 5212 Ecclesia
2664 5155 2878 5211 Christi
2936 5156 3190 5229 gloriosa
3241 5162 3363 5229 est,
3405 5175 3521 5213 non
3562 5158 3796 5215 habens

2136 5249 2428 5301 maculam
2461 5261 2650 5313 neque
2679 5262 2911 5318 rugam,
2942 5251 3044 5302 aut
3075 5246 3218 5319 quid
3252 5246 3587 5304 istiusmodi
3619 5247 3789 5319 (vers.

2133 5335 2248 5404 23).
2282 5335 2388 5398 Qui
2420 5352 2556 5407 ergo
2586 5338 2852 5408 peccator
2880 5341 2988 5403 est,
3022 5339 3079 5392 et
3116 5335 3312 5409 aliqua
3360 5337 3531 5394 sorde
3584 5352 3790 5393 macu-

2136 5425 2311 5491 latus,
2355 5426 2424 5481 dc
2483 5423 2735 5481 Ecclesia
2786 5424 2997 5481 Christi
3057 5442 3173 5481 non
3233 5430 3424 5497 potest
3478 5424 3787 5500 appellari,

2136 5530 2241 5570 nec
2280 5513 2508 5569 Christo
2568 5513 2868 5583 subjectus
2927 5513 3061 5569 dici.
3104 5513 3385 5570 Possibile
3433 5520 3631 5572 autem
3672 5518 3787 5583 est,

2134 5608 2198 5658 ut
2228 5603 2519 5674 quomodo
2550 5601 2806 5659 Ecclesia
2843 5619 2974 5676 quos
3022 5603 3189 5676 prius
3237 5620 3444 5679 rugam
3490 5584 3785 5662 habuerat

2130 5691 2533 5767 eﬁmaculam,
2563 5693 2623 5747 in
2664 5693 3038 5764 juventutem
3087 5698 3145 5751 et
3187 5692 3542 5754 munditiam
3571 5697 3779 5767 postea
