4066 6190
312 365 431 431 565

970 360 1487 427 COMMENTAR.
1532 361 1611 424 ΙΝ
1656 361 1906 424 EPIST.
1952 360 2057 422 AD
2102 360 2378 424 EPHES.
2426 362 2575 423 LIB.
2622 362 2729 441 III,
2776 365 2950 426 CAP.
2996 362 3073 426 ν.

3606 363 3724 424 566

316 498 591 557 restituta
620 498 733 566 est,
766 495 848 553 ita
875 503 929 553 et
954 501 1221 569 peccator
1268 499 1465 552 currat
1510 496 1581 551 ad
1643 494 1962 561 medicum,
1996 495 2051 560 Α
2081 513 2340 570 nagogae,
2400 497 2809 569 conjunctione
2867 495 3131 554 Ecclesiae
3189 494 3556 570 temperavit.
3601 495 3723 552 Ista

316 589 455 661 quia
483 605 601 644 non
633 586 856 643 habent
888 602 1038 658 opus
1067 586 1195 642 sani
1247 585 1492 652 medico,
1546 585 1646 641 sed
1679 584 1830 640 male
1860 584 1964 639 ha-

314 679 520 735 bentes
550 678 706 749 (Luc.
745 693 801 741 v,
830 676 944 746 31),
977 678 1033 731 et
1058 680 1336 731 curentur
1365 674 1609 730 vulnera
1657 674 1867 745 ipsius,
1912 678 1967 728 et

314 767 417 823 ﬁat
445 767 517 822 de
549 765 808 821 Ecclesia
838 781 965 837 quae
998 781 1210 837 corpus
1239 768 1327 820 est
1356 763 1590 820 Christi.
1624 762 1779 819 Satis
1828 778 1967 833 quo-

315 872 430 928 que
461 855 760 928 eleganter
790 857 847 909 et
884 858 1052 909 caute
1095 854 1167 909 ad
1218 853 1499 926 Ephesios
1555 854 1801 925 loquens
1842 851 1962 906 ait:

314 947 382 1003 Ut
412 945 651 1001 Ecclesia
679 943 927 1014 subjecta
954 951 1031 1000 est
1061 942 1297 1011 Christo,
1342 945 1430 999 ita
1479 947 1529 998 et
1585 958 1789 999 uxores
1830 942 1965 996 viris

312 1037 449 1091 suis.
482 1034 538 1089 Si
585 1034 742 1089 enim
797 1033 881 1090 ita
937 1049 1083 1089 uxor
1139 1032 1507 1104 subjicienda
1554 1033 1677 1088 viro
1735 1037 1843 1099 est,
1904 1035 1968 1087 ut

312 1124 545 1181 Christo
575 1122 855 1193 Ecclesia,
887 1122 1040 1179 inter
1065 1122 1257 1178 virum
1293 1128 1351 1178 et
1379 1138 1618 1178 uxorem
1650 1122 1760 1178 erit
1797 1137 1964 1176 sano-

314 1217 379 1269 ta
406 1212 767 1284 conjunctio,
799 1216 856 1268 et
884 1228 1191 1283 nunquam
1224 1211 1505 1283 corporis
1530 1211 1784 1268 servient
1830 1228 1963 1283 pas-

312 1301 605 1359 sionibus.
642 1302 805 1366 Quod
835 1300 884 1356 si
916 1300 1086 1357 nobis
1117 1300 1331 1373 aliquis
1365 1300 1507 1355 illud
1540 1300 1695 1372 quod
1746 1300 1818 1355 ad
1859 1300 1965 1355 Co-

311 1391 571 1449 rinthios
604 1391 886 1448 scribitur
931 1390 1292 1463 opposuerit,
1342 1390 1532 1445 virum
1590 1390 1754 1445 uxori
1803 1389 1963 1445 debi-

313 1486 444 1538 tum
478 1481 739 1550 reddere,
771 1484 830 1551 et
861 1496 1101 1537 uxorem
1153 1480 1276 1535 viro
1336 1480 1386 1551 (1
1432 1479 1550 1534 Cor.
1594 1497 1694 1544 vn,
1725 1481 1801 1551 3),
1837 1466 1962 1537 ani-

314 1571 647 1628 madvertat
674 1548 954 1643 magham
1002 1558 1155 1626 inter
1201 1548 1533 1626 Corinthios
1578 1572 1636 1625 et
1682 1548 1964 1640 Ephesios

314 1677 450 1717 esse
477 1659 838 1716 distantiam.
872 1658 995 1715 Illis
1027 1658 1195 1732 quasi
1228 1658 1487 1731 parvulis
1546 1663 1722 1729 atque
1750 1657 1966 1713 lacten-

312 1749 477 1806 tibus
506 1749 803 1816 scribitur,
840 1749 900 1804 in
960 1749 1177 1821 quibus
1234 1753 1402 1804 erant
1459 1747 1858 1803 dissensiones
1906 1750 1965 1801 et

2079 586 2341 643 dicentes
2370 589 2740 644 occasionem
2791 586 3075 643 haereticis
3125 586 3335 643 damus
3383 586 3479 658 qui
3514 602 3720 643 omnes

2075 677 2313 733 omnino
2346 677 2581 749 nuptias
2639 676 3033 749 repudiandus
3082 679 3326 748 putant:
3382 680 3439 731 et
3485 676 3594 731 hoc
3623 673 3713 732 vel

2076 765 2327 822 maxime
2359 770 2606 822 utuntur
2660 766 3015 823 testimonio.
3067 765 3290 831 Quibus
3337 764 3572 820 brevius
3600 765 3706 834 (Al.

2074 856 2343 927 breviter)
2374 856 2871 928 respondendum,
2906 855 3209 927 passiones
3237 853 3334 910 hic
3364 857 3422 909 et
3458 854 3717 910 immun-

2075 944 2303 1013 ditiam,
2333 950 2390 1000 et
2425 944 2716 1000 luxuriam
2746 946 2817 1000 ab
2848 944 3116 1017 Apostolo
3146 944 3300 999 inter
3340 943 3619 999 maritum
3649 946 3707 999 et

2074 1051 2313 1090 uxorem
2343 1035 2543 1106 vetari,
2578 1051 2693 1090 non
2725 1038 2989 1089 sanctam
3021 1033 3494 1104 conjunctionem
3525 1049 3538 1088 :
3573 1032 3717 1089 alio-

2074 1124 2216 1195 quin
2247 1124 2297 1179 si
2327 1124 2667 1195 conjugium
2720 1123 2958 1179 omnino
3008 1123 3375 1195 prohibebat,
3423 1123 3564 1195 quid
3614 1140 3719 1178 ne-

2074 1229 2234 1269 cesse
2265 1213 2376 1268 fuit
2405 1213 2618 1280 dicere,
2650 1230 2847 1270 uxores
2897 1216 3122 1279 vestras,
3173 1229 3307 1268 cum
3347 1212 3602 1284 potuerit
3630 1212 3716 1267 di-

2073 1318 2241 1358 cere:
2275 1302 2417 1372 Viri,
2452 1303 2678 1375 diligite
2736 1302 3031 1368 mulieres,
3081 1302 3168 1357 vel
3215 1318 3444 1359 uxores.
3501 1304 3716 1359 Vestras

2074 1392 2229 1447 enim
2263 1392 2495 1464 proprie
2550 1392 2994 1467 matrimonium
3043 1395 3231 1447 sonat.
3266 1395 3335 1446 Et
3380 1408 3613 1448 rursum
3657 1392 3719 1447 in

2074 1481 2495 1552 sequentibus:
2529 1482 2596 1536 Et
2622 1466 2732 1537 viri
2759 1482 2953 1537 debent
2979 1481 3219 1551 diligere
3248 1497 3443 1538 uxores
3478 1497 3609 1537 suas
3646 1466 3735 1536 si!

2071 1580 2161 1627 cut
2191 1588 2291 1625 sua
2322 1586 2547 1643 corpora
2583 1572 2745 1635 (vers.
2778 1571 2868 1642 28)
2899 1588 2910 1624 :
2960 1576 3017 1626 et
3068 1571 3259 1626 adhuc
3300 1570 3675 1626 manifestius
3704 1586 3718 1624 :

2074 1662 2191 1733 Qui
2230 1675 2467 1715 uxorem
2504 1676 2664 1715 suam
2707 1658 2909 1729 diligit,
2967 1662 3207 1732 seipsum
3270 1660 3501 1731 diligit:
3550 1661 3714 1716 Nemo

2071 1750 2221 1805 enim
2249 1765 2494 1821 unquam
2519 1766 2677 1805 suam
2706 1765 2934 1805 carnem
2976 1750 3111 1817 odit,
3148 1750 3240 1805 sed
3277 1751 3455 1805 nutrit
3495 1752 3547 1806 et
3574 1754 3717 1820 [ovet

312 1838 663 1927 schismata,
693 1842 751 1893 et
779 1837 1128 1894 audiebatur
1180 1837 1481 1894 fornicatio
1530 1836 1723 1909 qualis
1779 1851 1851 1890 ne
1881 1834 1964 1889 ln-
1996 1868 2045 1933 Β
2074 1855 2197 1894 eum
2227 1840 2389 1911 (vers.
2420 1840 2542 1910 29):
2581 1840 2720 1910 quia
2766 1839 3092 1894 secundum
3140 1838 3395 1894 edictum
3428 1839 3574 1911 legis
3600 1855 3711 1894 an-

310 1934 402 1985 ter
433 1924 641 2002 gentes
670 1927 952 2000 quidem;
1012 1933 1069 1984 et
1124 1930 1429 2000 propterea
1477 1926 1560 1982 eis
1601 1925 1960 1989 conceditur,

311 2022 378 2073 ut
410 2020 547 2090 post
578 2016 902 2073 orationem
933 2017 1006 2073 ad
1035 2016 1293 2089 idipsum
1325 2015 1583 2086 redeant,
1617 2032 1689 2071 ne
1734 2018 1961 2070 tenten-

304 2112 407 2163 tur
434 2124 468 2162 a
497 2111 757 2163 Satana:
791 2106 927 2162 licet
954 2111 1014 2162 et
1061 2105 1142 2164 ibi
1183 2106 1243 2161 in
1293 2105 1813 2177 consequentibus,
1846 2121 1958 2160 non

296 2196 474 2268 juxta
499 2194 882 2263 voluntatem,
917 2196 1019 2251 sed
1044 2196 1217 2267 juxta
1255 2197 1409 2253 656
1459 2186 1850 2268 συγκατάϐασιν
1897 2210 1960 2249 se

308 2284 398 2339 eis
428 2284 580 2340 dicat
612 2284 915 2357 ignoscere
946 2286 995 2355 (Ι
1022 2284 1143 2340 Cor.
1171 2301 1254 2352 ιιι,
1276 2286 1329 2351 1,
1363 2285 1396 2338 3
1422 2302 1435 2351 ;
1464 2302 1516 2351 v,
1553 2284 1578 2337 1
1606 2300 1621 2351 ;
1652 2301 1757 2349 νιι,
1790 2283 1845 2350 5,
1878 2282 1957 2353 6.)

303 2373 544 2445 Ephesii
571 2390 726 2443 vero,
760 2374 914 2446 apud
947 2390 1094 2447 quos
1138 2373 1273 2430 fecit
1294 2373 1636 2439 triennium,
1669 2376 1728 2427 et
1756 2371 1956 2427 omnia

304 2463 396 2518 eis
426 2461 639 2519 Christi
669 2466 897 2535 aperuit
928 2467 1319 2530 sacramenta,
1354 2462 1522 2518 aliter
1567 2461 1954 2517 erudiuntur:

303 2555 366 2606 et
394 2551 570 2607 habet
599 2552 1008 2623 unusquisque
1040 2551 1269 2607 arbitrii
1297 2550 1544 2609 liberam
1584 2554 1955 2622 potestatem,

305 2639 396 2695 vel
426 2641 753 2697 Corinthios
780 2641 971 2713 sequi,
1002 2640 1092 2697 vel
1125 2640 1445 2713 Ephesios:
1499 2643 1555 2695 et
1603 2638 1814 2695 salvari
1854 2642 1956 2694 aut

318 2729 598 2786 servitute
627 2729 939 2797 Corinthii,
973 2733 1073 2786 aut
1128 2728 1363 2802 Ephesii
1404 2728 1695 2784 libertate.
1735 2730 1833 2796 Vae,
1867 2727 1955 2783 in-

306 2818 439 2889 quit
514 2818 800 2887 Salvator,
880 2819 1321 2891 praegnantibus,
1397 2826 1447 2874 et
1502 2818 1829 2873 lactantibus
1896 2819 1957 2872 in

305 2906 397 2962 die
425 2908 530 2963 illa
558 2910 711 2964 (Luc.
744 2925 860 2975 xxr,
910 2909 1023 2980 23),
1074 2907 1184 2964 hoc
1242 2912 1351 2975 est,
1404 2905 1634 2979 judicii,
1668 2923 1794 2977 qua:
1841 2906 1955 2961 uti-

308 3012 427 3068 que
456 2997 691 3070 proprie
739 3014 915 3070 opera
972 2996 1313 3070 nuptiarum
1374 3000 1531 3053 sunt.
1580 2995 1744 3051 Unde
1795 2995 1955 3050 omni

307 3085 509 3142 labore
538 3087 866 3154 nitendum,
910 3091 975 3143 ut
1033 3087 1224 3159 magis
1279 3085 1560 3159 Ephesios
1617 3102 1796 3156 quam
1850 3086 1954 3141 Co-

308 3174 562 3232 rinthios
612 3176 998 3232 aemulemur:
1058 3192 1165 3231 nec
1220 3174 1728 3248 deprehendamur
1786 3175 1955 3245 quasi

2075 1927 2273 1999 tiquaa,
2309 1931 2367 1983 et
2395 1928 2883 1984 instaurationem
2914 1926 3230 1999 Evangelii,
3272 1928 3420 1985 657
3474 1928 3723 1983 maritus

2076 2021 2133 2072 et
2162 2034 2308 2072 uxor
2339 2034 2458 2072 una
2485 2034 2618 2072 caro
2667 2017 3021 2072 elficiuntur.
3074 2016 3414 2071 Liberorum
3445 2032 3604 2089 ergo,
3656 2020 3721 2073 ut

2072 2106 2351 2173 diximus,
2384 2107 2442 2160 in
2476 2105 2853 2161 matrimonia
2881 2121 3057 2177 opera
3085 2117 3362 2161 concessa
3404 2109 3563 2161 sunt.
3598 2109 3718 2161 Vo-

2069 2196 2323 2268 luptates
2352 2199 2549 2251 autem
2580 2212 2707 2266 quae
2741 2195 2812 2250 de
2843 2194 3203 2249 meritricum
3245 2195 3557 2266 capiuntur
3587 2210 3717 2251 am-

2067 2285 2353 2356 plexibus,
2401 2285 2461 2339 in
2511 2301 2688 2339 uxore
2746 2284 3053 2339 damnatae.
3109 2285 3224 2339 Hoc
3270 2283 3471 2356 legens
3519 2284 3713 2341 omnis

2067 2374 2170 2441 vir,
2201 2377 2258 2428 et
2286 2390 2432 2428 uxor
2464 2372 2811 2446 intelligant,
2845 2372 2957 2427 sibi
3010 2377 3141 2445 post
3180 2377 3552 2444 conceptum,
3595 2390 3712 2429 ma-

2066 2464 2156 2537 gis
2188 2463 2434 2519 orationi
2466 2479 2641 2534 quam
2690 2462 2980 2518 connubio
3031 2461 3425 2518 serviendum.
3462 2463 3528 2517 Et
3558 2462 3713 2534 quod

2066 2552 2126 2607 in
2158 2552 2514 2607 animalibus
2544 2555 2601 2606 et
2633 2550 2837 2607 bestiis
2867 2551 2993 2623 ipso
3021 2554 3239 2607 natura:
3258 2551 3393 2623 jure
3414 2549 3715 2624 praescrip-

2066 2645 2192 2697 tum
2228 2646 2339 2707 est,
2381 2645 2446 2696 ut
2500 2645 2872 2713 praegnantes
2930 2641 3002 2695 ad
3060 2644 3294 2712 partum
3353 2656 3540 2713 usque
3596 2657 3714 2698 non

2067 2736 2294 2801 coeant,
2327 2730 2526 2785 hocin
2558 2729 2900 2785 hominibus
2948 2728 3138 2784 sciant
3187 2728 3428 2784 arbitrio
3471 2729 3713 2784 derelic-

2068 2825 2217 2888 tum,
2253 2825 2318 2875 ut
2346 2835 2571 2875 merces
2603 2822 2757 2875 esset
2785 2835 2852 2873 ex
2883 2819 2987 2889 (Al.
3022 2822 3110 2886 ea)
3153 2817 3476 2873 abtinentia
3503 2817 3709 2889 volup-

2065 2913 2275 2965 tatum.
2326 2909 2474 2973 Quia
2522 2924 2656 2963 vero
2720 2908 3043 2963 secundum
3098 2905 3506 2979 trepologiam,
3558 2906 3713 2963 viros

2066 2999 2315 3065 animas,
2350 3002 2406 3053 et
2435 3013 2643 3052 uxores
2673 3012 2916 3067 corpora
2956 2996 3310 3063 dixeramus,
3363 2994 3447 3050 sic
3505 2994 3716 3067 diligat

2066 3087 2264 3144 anima
2296 3102 2529 3142 carnem
2563 3086 2669 3157 (Al.
2700 3084 2955 3157 corpus),
2984 3084 3279 3156 quomodo
3310 3083 3580 3140 Christus
3610 3084 3711 3140 Ec-

2068 3176 2332 3248 clesiam,
2369 3179 2434 3230 ut
2464 3176 2841 3246 semetipsam
2892 3174 3089 3229 tradat
3134 3190 3237 3245 pro
3278 3172 3469 3229 salute
3497 3173 3710 3246 ipsius,

309 3264 374 3319 in
408 3263 628 3321 diluvio
659 3270 941 3337 ementes,
974 3268 1031 3320 et
1057 3263 1396 3335 vendentes,
1429 3264 1715 3319 nubentes
1746 3267 1803 3318 et
1833 3279 1955 3319 ma-
1987 3240 2029 3307 Ο
2070 3272 2126 3323 et
2156 3283 2284 3323 eam
2318 3264 2641 3322 sanctiﬁcat
2670 3263 2843 3319 verbo
2891 3263 3186 3331 doctrinas,
3220 3267 3284 3318 ut
3330 3262 3558 3319 exibeat
3599 3262 3713 3319 sibi

309 3353 589 3409 trimonio
629 3354 889 3426 copulati
938 3353 1147 3427 (Matth.
1193 3371 1345 3421 xxxv,
1395 3354 1506 3423 38),
1548 3352 1648 3407 sed
1681 3350 1958 3407 accinctis

318 3441 541 3499 lumbis
566 3441 840 3499 lucernas
866 3447 1175 3499 teneamus
1223 3442 1284 3498 in
1331 3441 1603 3497 manibus
1651 3440 1802 3511 (Luc.
1852 3457 1953 3508 xu,

380 3620 567 3694 (Vers.
600 3623 672 3677 25
700 3624 891 3695 seqq.)
930 3644 957 3676 α
998 3621 1142 3690 Viri,
1187 3620 1409 3694 diligite
1454 3635 1662 3676 uxores
1709 3623 1952 3684 vestras,

308 3710 465 3766 sicut
492 3715 550 3767 et
579 3710 847 3767 Christus
881 3711 1083 3767 dilexit
1111 3710 1451 3776 Ecclesiam,
1485 3714 1541 3765 et
1570 3709 1953 3781 semetipsum

305 3799 555 3855 tradidit
586 3817 688 3872 pro
749 3817 836 3869 ea,
890 3805 957 3857 ut
1004 3817 1133 3857 eam
1192 3799 1614 3856 sanctificaret:
1658 3798 1953 3853 mundans

310 3889 422 3960 (Al.
453 3888 681 3945 additur
706 3893 858 3960 eam]
891 3888 1119 3946 lavacro
1148 3905 1312 3962 aquae
1357 3889 1417 3942 in
1470 3887 1666 3955 verbo,
1700 3890 1763 3942 ut
1800 3886 1955 3942 exhi-

311 3977 477 4033 heret
505 3978 630 4050 ipse
663 3977 777 4034 sibi
834 3978 1148 4052 gloriosam
1204 3976 1545 4044 Ecclesiam,
1577 3992 1692 4031 non
1742 3975 1956 4031 haben-

308 4070 430 4122 tem
460 4067 778 4134 maculam,
810 4071 913 4123 aut
958 4083 1187 4141 rugam,
1221 4070 1322 4122 aut
1369 4064 1591 4137 aliquid
1639 4064 1950 4137 ejusmodi,

306 4155 412 4212 sed
443 4160 508 4211 ut
539 4156 619 4212 sit
665 4161 871 4212 sancta
930 4161 987 4211 et
1043 4154 1441 4211 immaculata.
1487 4176 1515 4203 ››
1548 4153 1822 4219 Quamvis
1861 4154 1953 4209 sui

307 4243 559 4301 invicem
591 4245 839 4301 maritus
869 4250 926 4301 et
954 4245 1165 4316 conjux
1194 4260 1392 4299 amore
1418 4246 1728 4299 teneantur
1783 4244 1955 4315 (qua-

305 4331 383 4390 lis
411 4332 513 4388 illa
536 4350 683 4389 uxor
725 4338 1084 4390 memoratur
1135 4330 1540 4399 Hasdrubalis,
1586 4348 1733 4403 quae,
1786 4336 1954 4403 capto

303 4421 453 4487 viro,
487 4421 545 4476 in
576 4421 779 4494 patria
811 4438 874 4478 se
896 4421 1040 4493 jecit
1066 4421 1425 4491 incendium,
1457 4424 1514 4476 et
1561 4425 1780 4476 caetera:
1828 4438 1953 4493 quae

303 4510 449 4566 viris
479 4511 727 4567 mortuis
755 4510 1122 4582 supervivere
1151 4510 1486 4581 noluerunt)
1519 4526 1821 4581 nunquam
1868 4515 1953 4565 ta-

2067 3371 2197 3411 eam
2231 3372 2268 3409 ιι
2289 3372 2360 3410 on
2383 3353 2696 3408 habentem
2732 3351 3022 3407 maculam
3054 3355 3157 3406 aut
3203 3367 3411 3424 rugam
3451 3350 3711 3423 aliquam

2064 3443 2404 3500 vetustatis:
2438 3443 2691 3497 maxime
2738 3457 2872 3496 cum
2925 3439 3070 3495 sciat
3116 3439 3279 3495 illam
3328 3440 3387 3494 in
3419 3456 3710 3497 resurrec-

2067 3532 2255 3589 ctione
2286 3531 2652 3598 salvandam,
2706 3535 2764 3586 et
2807 3530 3067 3585 visuram
3115 3545 3245 3585 esse
3300 3527 3556 3583 salutare
3610 3528 3711 3585 Dei

2066 3623 2219 3694 (Luc.
2256 3640 2343 3692 ιιι,
2373 3620 2453 3683 6.)
2486 3619 2643 3675 Talis
2700 3619 2790 3673 vir
2835 3622 3011 3691 caput
3056 3618 3233 3673 habet
3278 3616 3608 3685 Christum;
3654 3621 3712 3673 et

2065 3728 2197 3767 cum
2230 3714 2468 3782 propter
2499 3708 2753 3764 salutem
2785 3707 2979 3764 carnis
3036 3723 3098 3762 se
3145 3704 3488 3772 humilians,
3522 3705 3712 3761 factus

2062 3799 2241 3855 fuerit
2269 3816 2403 3854 eum
2437 3814 2614 3854 uxore
2662 3813 2771 3853 sua
2820 3813 2937 3851 una
2981 3812 3134 3863 caro,
3186 3793 3431 3850 retrahit
3477 3810 3606 3850 eam
3637 3795 3709 3850 ad

2065 3888 2363 3962 spiritum,
2386 3892 2442 3943 et
2470 3886 2716 3943 Domino
2747 3885 3076 3958 copulatus,
3109 3900 3241 3940 caro
3288 3899 3415 3939 esse
3457 3883 3709 3938 desistit.

2066 3975 2308 4032 Pulchre
2340 3991 2572 4047 quoque
2602 3973 2895 4030 maculam
2923 3976 3025 4028 aut
3053 3988 3281 4045 rugam,
3316 3969 3455 4043 quia
3484 3971 3555 4026 de
3580 3986 3711 4026 con-

2054 4064 2223 4138 jugio
2254 4064 2627 4135 loquebatur,
2660 4063 2731 4118 de
2761 4061 3025 4133 exemplo
3074 4058 3389 4114 mulierum
3440 4059 3512 4139 ad
3538 4058 3707 4114 deco-

2065 4170 2188 4210 rem
2219 4153 2395 4208 traxit
2416 4152 2705 4207 Ecclesiae.
2761 4150 2924 4206 Sicut
2972 4148 3128 4204 enim
3187 4147 3373 4203 solent
3418 4144 3477 4201 in
3506 4145 3711 4204 mulie-

2064 4260 2194 4298 rum
2225 4241 2568 4314 corporibus
2595 4239 2681 4295 vel
2713 4239 2946 4295 sordere
2986 4236 3152 4301 necvi,
3182 4234 3271 4290 vel
3303 4251 3449 4308 ruga
3477 4239 3707 4292 contra-

2064 4330 2147 4400 hi,
2180 4330 2265 4385 vel
2298 4329 2512 4401 lentigo
2552 4327 2803 4383 variari:
2837 4330 2893 4381 et
2940 4325 3049 4380 hoc
3108 4329 3196 4381 est
3242 4340 3414 4381 omne
3444 4324 3708 4381 studium

2063 4419 2440 4485 feminarum,
2473 4421 2537 4472 ut
2568 4416 2718 4488 quod
2751 4415 2966 4470 foedare
3005 4413 3233 4470 videtur
3261 4415 3620 4489 abstergant,
3652 4417 3710 4470 et

2065 4508 2377 4564 exhibeant
2432 4505 2661 4561 maritis
2710 4518 3020 4576 corporum
3067 4506 3475 4559 venustatem:
3524 4504 3607 4558 ita
3653 4506 3712 4584 et

305 4617 443 4657 men
475 4600 845 4658 dilectionem
876 4600 1041 4657 illam
1069 4601 1158 4656 vir
1186 4600 1423 4672 sapiens
1472 4598 1765 4655 dilectioni
1797 4599 1956 4655 Chri-
1984 4609 2031 4673 D
2063 4597 2270 4653 animae
2301 4596 2462 4650 omni
2496 4597 2867 4666 peccatorum
2899 4592 3070 4648 sorde
3101 4593 3415 4664 purgandae
3448 4595 3609 4658 sunt,
3642 4595 3709 4646 ut

305 4691 383 4747 sti
415 4698 472 4746 et
500 4690 774 4747 Ecclesiae
805 4690 1187 4763 comparabit.
1221 4690 1469 4745 Sanctus
1500 4688 1680 4760 igitur
1730 4688 1824 4743 hic
1865 4688 1952 4743 in-

304 4778 667 4853 telligendus
696 4783 786 4836 est
815 4796 1000 4850 amor,
1033 4795 1147 4851 quo
1178 4782 1236 4833 et
1281 4782 1445 4833 Isaac
1486 4776 1687 4832 dilexit
1716 4792 1953 4832 uxorem

304 4885 478 4927 suam
512 4870 823 4940 Rebeccam,
880 4885 1007 4940 qua:
1062 4866 1475 4939 interpretatur
1524 4867 1834 4937 patientia:
1893 4869 1950 4921 et

302 4958 377 5016 de
435 4965 586 5015 terra
634 4957 1090 5030 Mesopotamiae,
1151 4973 1278 5030 qua:
1355 4954 1551 5012 saeculi
1627 4954 1807 5025 hujus
1882 4973 1950 5010 ex

300 5046 465 5104 omni
496 5050 661 5121 parte
690 5046 967 5103 ﬂuctibus
992 5046 1268 5119 cingitur,
1301 5044 1359 5100 in
1404 5049 1618 5101 terram
1674 5060 1801 5099 eam
1856 5059 1949 5100 re-

299 5134 716 5208 promissionis
756 5136 1006 5205 induxit,
1057 5141 1124 5190 ut
1171 5133 1570 5191 consolaretur
1612 5149 1714 5206 pro
1764 5137 1949 5189 morte

301 5224 510 5283 matris
541 5224 845 5297 quer(Gen.
878 5241 1031 5294 XXIV,
1062 5224 1177 5292 67.)
1230 5222 1540 5278 Interitum
1591 5222 1805 5295 quippe
1845 5223 1947 5295 Sy-

377 5332 512 5405 ‘Alta
541 5331 685 5405 legit
713 5332 893 5405 codex
924 5331 1364 5405 manuscriptus
1393 5329 1610 5405 Regius
1652 5339 1952 5405 quemsez

299 5403 426 5459 cuti
457 5400 688 5460 sumus.
723 5402 1128 5460 Cluniacensis
1158 5400 1527 5473 pervetustu’s
1558 5400 1707 5456 hanc
1740 5404 1953 5457 retinet

298 5474 647 5532 lectionem:
673 5477 738 5533 Ut
766 5492 908 5545 ruga
943 5477 1138 5531 reteris
1167 5476 1406 5530 hominis
1436 5475 1495 5527 in
1523 5478 1819 5545 venustate
1831 5477 1949 5545 ten-

300 5546 489 5604 datur.
514 5546 678 5603 Unde
709 5543 941 5603 ﬂuxerit
961 5548 1020 5601 in
1043 5545 1331 5602 editiones
1352 5544 1577 5600 Erasmi
1600 5549 1655 5599 et
1684 5543 1946 5607 Mar-iani,

299 5619 950 5702 injuventutetendatur,
968 5633 1342 5702 nequaquam
1364 5632 1605 5702 possum
1638 5616 1947 5702 conjicere.

299 5687 589 5750 ΜᾹιιτ.-
618 5691 994 5751 Martianeus
1040 5687 1293 5761 iuventa,
1352 5687 1422 5746 ex
1466 5687 1645 5761 Regio
1691 5687 1948 5758 quodam

2066 4704 2212 4760 ruga
2240 4684 2449 4742 veteris
2480 4683 2769 4739 hominis1
2796 4684 3042 4754 juventa
3070 4681 3368 4749 tendatur,
3390 4685 3448 4736 et
3476 4695 3712 4736 renove-

2064 4780 2161 4834 tur
2191 4777 2249 4831 in
2283 4790 2496 4830 novum
2528 4772 2830 4828 hominem
2864 4772 2935 4827 de
2966 4770 3059 4826 die
3088 4769 3147 4825 in
3179 4769 3335 4826 diem
3361 4769 3437 4842 (II
3478 4768 3600 4825 Cor.
3636 4785 3710 4837 IV,

2060 4866 2139 4937 6.)

2132 4953 2319 5027 (Vers.
2350 4952 2464 5024 28.)
2496 4975 2521 5002 ‹‹
2556 4956 2643 5007 Ita
2699 4955 2757 5006 et
2811 4948 2917 5005 viri
2976 4949 3190 5005 debent
3230 4946 3469 5020 diligere
3500 4963 3708 5005 uxores

2061 5059 2200 5099 suas
2232 5041 2385 5097 sicut
2418 5058 2525 5097 sua
2553 5055 2816 5111 corpora.
2852 5060 2879 5089 ››
2914 5038 2983 5093 Et
3010 5037 3071 5092 in
3120 5036 3327 5093 Genesi
3358 5053 3427 5093 ex
3455 5051 3707 5109 persona

2062 5130 2355 5204 loquentis
2384 5130 2567 5185 Adam
2602 5127 2886 5199 scriptum
2917 5130 3040 5183 est:
3076 5128 3180 5183 Hos
3208 5143 3355 5182 nunc
3383 5142 3440 5183 os
3467 5143 3541 5182 ea:
3568 5127 3707 5183 ossi-

2063 5222 2159 5277 bus
2188 5222 2347 5290 meis,
2380 5228 2429 5275 et
2459 5235 2589 5274 caro
2620 5233 2690 5273 ex
2721 5233 2884 5272 carne
2911 5233 3031 5273 mea
3061 5215 3213 5287 (Gen.
3258 5233 3318 5286 ιι,
3346 5217 3462 5284 23.)
3516 5216 3586 5272 Et
3617 5215 3705 5273 id-

2061 5345 2196 5392 ms.,
2221 5325 2501 5399 reposuit,
2526 5325 2724 5399 sicque
2739 5324 2980 5380 omnino
3002 5323 3372 5399 retinendum
3388 5322 3712 5399 contendit,

2062 5396 2729 5471 antiquiseditionibus,
2754 5414 2881 5468 qua:
2912 5396 3314 5471 praeferebant,
3334 5397 3395 5471 in
3415 5396 3706 5471 juventute

2062 5466 2404 5549 repudiatis.
2438 5470 2574 5534 Nas,
2595 5466 2827 5549 juventa
2855 5466 3705 5549 raecripsimus,_sic.‘exi‘gente

2061 5538 2335 5620 contextu
2363 5559 2375 5595 :
2402 5557 2514 5620 nec
2527 5538 3019 5620 erit,0pinor,_qui
3042 5538 3154 5620 non
3178 5538 3374 5620 statim
3399 5538 3710 5620 intelligat,

2063 5615 2217 5687 quod
2252 5619 2468 5669 temere
2495 5610 2865 5667 Martianzeus
2898 5610 3092 5667 locum
3123 5611 3283 5667 hunc
3304 5610 3653 5683 depravarit.
