4066 6190
259 381 376 443 567

1508 371 1574 432 S.
1619 367 1932 432 EUSEBII
1977 365 2425 432 HIERONYMI
3557 367 3683 430 em

268 515 470 587 ipsum
502 507 911 582 inEvangelio,
935 505 1180 563 Domino
1211 507 1413 578 postea
1443 503 1690 568 dicente,
1718 503 1913 558 ﬁrma-
1945 505 2000 568 Α
2033 519 2165 558 mus
2197 505 2403 573 (Matth.
2438 523 2575 571 χχιι,
2627 505 2744 575 30),
2784 505 2911 576 jam
2958 518 3116 558 nunc
3157 499 3507 574 incipiamus
3551 517 3684 558 esse

267 609 400 660 tur:
440 603 548 671 Qui
575 600 782 656 creavit
812 598 885 654 ab
938 598 1126 664 initio,
1185 594 1492 651 masculum
1547 597 1613 648 et-
1652 594 1922 663 feminam

268 695 400 766 fecit
429 706 534 761 eos,
563 697 614 746 et
645 688 830 743 dixit:
861 689 1094 757 Propter
1149 690 1252 742 hoc
1304 686 1581 753 relinquet
1638 681 1794 737 homo
1822 697 1920 752 pa-

275 792 417 840 trem
445 784 495 835 et
522 781 778 845 matrem,
803 780 855 832 et
883 774 1186 831 adhwrebit
1205 774 1373 830 uxori
1399 788 1532 838 suae,
1556 775 1606 827 et
1627 775 1790 828 erant
1817 771 1922 826 duo

271 875 333 929 in
364 885 535 928 carne
557 883 671 922 una
699 865 908 937 (Matth.
941 881 1054 930 xu,
1115 865 1168 930 4,
1213 864 1293 930 5.)
1350 866 1492 916 Cum
1541 859 1723 933 igitur
1750 860 1836 914 vir
1866 865 1924 916 et

275 975 420 1016 uxor
448 974 566 1013 una
596 971 732 1012 caro
763 953 908 1010 sint:
970 953 1122 1010 858
1173 952 1256 1007 ita
1284 950 1562 1007 uxoribus
1595 955 1656 1005 ut
1706 948 1924 1005 nostris

274 1046 614 1120 corporibus
689 1043 1132 1116 providendum.
1209 1040 1388 1097 Nemo
1459 1043 1655 1096 autem
1713 1055 1924 1110 corpus

278 1153 454 1195 suum
482 1135 733 1206 turpiter
762 1136 941 1197 amat,
974 1135 1076 1187 aut
1105 1129 1490 1200 semetipsum
1541 1131 1778 1200 propter
1806 1126 1924 1184 coi-

277 1232 406 1282 tum
438 1224 666 1296 diligit;
700 1222 801 1278 sed
835 1220 1003 1292 quasi
1032 1219 1337 1277 vasculum
1370 1218 1577 1274 animae
1611 1235 1728 1272 suae
1773 1216 1927 1272 fovet

277 1331 490 1387 corpus
518 1318 574 1369 et
604 1313 808 1378 nutrit,
852 1327 923 1366 ne
955 1309 1133 1366 fracto
1165 1325 1319 1373 vase,
1350 1307 1407 1362 id
1461 1306 1615 1378 quod
1665 1305 1925 1363 contine-

288 1407 483 1471 batur,
516 1403 716 1459 effluat
748 1403 806 1455 et
834 1402 1120 1470 erumpat.
1156 1398 1271 1454 Nec
1319 1413 1433 1452 non
1487 1400 1544 1450 et
1564 1396 1735 1465 juxta
1765 1394 1924 1450 litte-

281 1510 429 1564 ram,
464 1491 726 1564 quandiu
757 1487 966 1545 mulier
996 1487 1184 1558 partui
1217 1485 1390 1542 servit
1435 1489 1491 1540 et
1520 1483 1741 1550 liberis,
1775 1483 1926 1538 hanc

279 1583 458 1640 habet
486 1581 558 1638 ad
591 1579 782 1634 virum
813 1576 1222 1644 ditierentiam,
1251 1583 1427 1645 quam
1452 1590 1664 1644 corpus
1696 1573 1766 1630 ad
1801 1571 1925 1628 ani-

283 1687 458 1728 mam.
494 1669 595 1726 Sin
639 1671 835 1724 autem
889 1664 1116 1722 Christo
1170 1663 1360 1735 magis
1417 1661 1662 1718 voluerit
1712 1659 1928 1719 servire

284 1775 462 1833 quam
493 1756 726 1824 saeculo,
759 1755 970 1812 mulier
1000 1769 1128 1810 esse
1157 1752 1431 1822 cessabit,
1465 1756 1522 1808 et
1560 1750 1789 1807 dicetur
1817 1750 1923 1815 vir,

285 1848 422 1920 quia
450 1861 654 1902 omnes
685 1844 744 1898 in
776 1844 1100 1915 perfectum
1135 1841 1325 1897 virum
1357 1841 1630 1911 cupimus
1659 1853 1925 1896 occurre-

286 1952 350 1994 re
377 1935 600 2006 (Ephes.
634 1950 708 2003 ιν,
739 1932 845 2003 13).
880 1930 1041 1996 Quod
1073 1929 1123 1988 si
1173 1930 1243 1985 ad
1303 1927 1687 2001 tropologiam
1720 1931 1778 1982 et
1807 1926 1929 1982 haec

285 2023 614 2090 referimus,
647 2020 982 2080 amabimus
1012 2022 1280 2076 nostrum
1311 2033 1546 2089 corpus,
1579 2019 1636 2072 et
1665 2015 1928 2087 corporis

287 2129 519 2180 sensus,
546 2110 770 2168 vilioris
801 2109 1038 2180 quidem
1070 2106 1426 2164 conditionis
1459 2106 1530 2162 ab
1578 2104 1797 2175 animo,
1827 2105 1932 2174 sed

286 2219 390 2276 per
420 2217 567 2273 quos
598 2200 669 2258 ad
705 2201 961 2256 mentem
993 2197 1282 2253 bonarum
1319 2197 1534 2252 artium
1566 2198 1622 2252 et
1651 2193 1932 2250 virtutum

284 2293 590 2350 transeant
620 2287 943 2358 disciplinae

363 2380 548 2448 (Vers.
579 2378 695 2449 29.)
725 2399 753 2427 ‹‹
786 2376 893 2440 Qui
925 2391 1163 2432 uxorem
1211 2390 1380 2431 suam
1433 2373 1642 2444 diligit,
1671 2372 1933 2446 seipsum

292 2467 518 2540 diligit:
551 2481 742 2522 nemo
777 2463 933 2520 enim
995 2479 1256 2534 unquam
1316 2478 1546 2517 carnem
1605 2478 1772 2516 suam
1804 2461 1936 2518 odio

301 2555 527 2625 habuit,
561 2555 660 2611 sed
692 2552 880 2608 nutrit
927 2557 984 2609 et
1029 2552 1184 2608 fovet
1230 2567 1380 2618 eam,
1405 2551 1554 2610 sicut
1583 2555 1639 2606 et
1671 2549 1938 2606 Christus

296 2643 634 2704 Ecclesium.
662 2665 689 2691 »
721 2644 1018 2708 Quantum
1039 2641 1110 2695 ad
1136 2639 1464 2712 simplicem
1490 2638 1936 2712 intelligentiam

296 2733 566 2807 pertinet,
601 2734 805 2792 sancta
833 2731 985 2786 inter
1037 2729 1227 2786 virum
1273 2734 1329 2786 et
1385 2745 1623 2786 uxorem
1655 2729 1936 2784 charitnte

294 2825 601 2897 precepts,
625 2820 1076 2890 nuncjubemur
1095 2823 1160 2874 ut
1182 2817 1535 2883 nutriamus,
1562 2821 1618 2874 et
1640 2819 1937 2874 foveamus

293 2913 595 2984 eonjuges.
626 2914 688 2966 ut
720 2908 941 2966 scilicet
970 2907 1054 2964 eis
1083 2907 1302 2963 victum
1346 2911 1520 2978 atque
1551 2905 1850 2972 vestitum,
1883 2910 1940 2963 et

294 3019 364 3060 ea
392 3017 520 3073 qua:
554 3002 694 3057 sunt
720 2996 1046 3055 necessaria
1077 2997 1460 3068 praebeamus.
1514 2996 1623 3051 Sed
1672 2995 1886 3067 opponi
1920 2997 1934 3031 ¹

293 3090 466 3150 nobis
496 3093 706 3162 potest,
739 3087 894 3159 quod
926 3103 1040 3144 non
1073 3087 1149 3143 sit
1176 3103 1308 3142 vera
1355 3085 1646 3142 sententia
1693 3084 1940 3142 dicentis

295 3177 794 3251 Apostoli:Nemo
821 3176 970 3234 enim
1031 3191 1269 3246 unquam
1326 3191 1549 3230 carnem
1603 3191 1758 3230 suam
1807 3173 1937 3243 odit,

2031 594 2187 662 quod
2218 594 2389 649 nobis
2420 595 2478 649 in
2512 593 2852 649 coelestibus
2884 591 3308 664 repromissum
3339 595 3449 647 est.

2101 684 2286 752 (Vers.
2319 683 2434 753 30.)
2467 706 2494 733 ‹‹
2529 681 2814 748 Quoniam
2849 682 3120 737 membra
3167 696 3378 736 sumus
3420 678 3682 750 corporis

2031 771 2178 842 ejus,
2209 787 2277 826 ex
2306 787 2478 827 carne
2537 771 2685 841 ejus,
2745 775 2802 825 et
2858 787 2928 826 ex
2982 768 3218 830 ossibus
3273 769 3423 840 ejus.
3456 789 3485 819 »
3534 767 3683 835 Quia

2033 860 2296 916 membra
2326 876 2534 916 sumus
2565 859 2826 931 corporis
2875 857 3112 924 Christi,
3144 861 3201 913 et
3253 856 3522 914 Christus
3571 873 3682 912 nu-

2031 948 2132 1003 trit
2160 953 2218 1004 et
2245 950 2396 1005 fovet
2427 947 2782 1005 Ecclesium:
2841 947 2969 1003 ideo
3029 951 3088 1003 et
3133 963 3241 1002 nos
3273 946 3593 1011 nutrimus,
3625 949 3683 1002 et

2033 1036 2294 1094 fovemus
2327 1054 2561 1093 carnem
2620 1041 2903 1103 nostram,
2956 1052 3135 1108 quam
3187 1051 3362 1091 nemo
3409 1051 3675 1107 unquam

2032 1126 2164 1181 odio
2195 1126 2402 1182 habuit
2431 1127 2594 1197 (vers.
2625 1125 2740 1197 29.)
2772 1125 3034 1181 Membra
3062 1129 3260 1181 autem
3305 1141 3517 1180 sumus
3561 1141 3683 1180 cor.

2034 1214 2192 1286 poris
2223 1215 2461 1283 Christi,
2493 1232 2607 1271 non
2658 1215 2984 1271 secundum
3034 1217 3312 1270 naturam
3361 1212 3684 1269 divinitatis

2033 1308 2280 1372 aeternis,
2317 1304 2418 1361 sed
2443 1305 2614 1376 juxta
2643 1304 2701 1359 id
2732 1304 2888 1374 quod
2919 1304 3219 1360 hominem
3267 1311 3354 1360 est
3402 1302 3686 1375 dignatus

2035 1409 2356 1449 assumere.
2388 1393 2735 1465 Quanquam
2765 1397 2822 1448 et
2849 1393 3026 1448 homo
3053 1392 3176 1465 ipse
3201 1391 3302 1464 qui
3334 1397 3686 1464 assumptus

2034 1486 2145 1551 est,
2198 1481 2411 1539 habeat
2467 1487 2739 1538 naturam
2798 1487 3133 1538 nostrorum
3191 1497 3525 1553 corporum,
3575 1481 3684 1538 sed

2036 1586 2152 1626 non
2183 1570 2394 1628 habeat
2421 1570 2728 1642 originem.
2763 1570 2879 1626 Nos
2910 1570 3069 1626 enim
3099 1586 3168 1627 ex
3196 1569 3458 1626 humano
3505 1570 3688 1624 semi-e

2037 1674 2110 1715 ne
2140 1657 2522 1731 coagulamur
2551 1657 2705 1730 (Sap.
2741 1675 2841 1725 vn,
2874 1659 2968 1729 2);
2997 1657 3093 1714 ille
3122 1657 3195 1715 de
3225 1656 3447 1729 Spiritu
3480 1661 3690 1713 sancto

2036 1751 2211 1806 natus
2241 1752 2331 1803 est
2359 1747 2566 1818 (Matth.
2603 1765 2641 1816 ι,
2671 1747 2780 1817 20).
2818 1750 3016 1803 Potest
3045 1750 3244 1802 autem
3293 1750 3350 1803 et
3379 1744 3547 1802 aliter
3592 1745 3686 1801 di—

2036 1835 2124 1890 ci:
2159 1836 2443 1902 Quoniam
2474 1852 2686 1907 corpus
2716 1835 2930 1892 Christi
2961 1834 3226 1892 Ecclesia)
3257 1839 3366 1903 est,
3397 1839 3456 1892 et
3502 1834 3692 1892 Eccle-

2043 1925 2131 1986 sia
2159 1926 2230 1982 de
2259 1926 2485 1982 cunctis
2516 1925 2889 1982 credentibus
2937 1929 3349 1999 congregatur,
3385 1924 3690 1982 Pauluset

2041 2013 2276 2086 Ephesii
2326 2015 2594 2072 membra
2647 2019 2788 2071 sunt
2845 2013 3126 2087 corporis,
3188 2015 3245 2070 id
3276 2018 3386 2084 est,
3429 2013 3693 2072 Ecclesia

2042 2102 2276 2162 Christi.

2112 2192 2298 2261 (Vers.
2323 2193 2438 2264 3t.)
2471 2216 2489 2242 ι
2517 2196 2758 2265 Propter
2777 2192 2888 2250 hoc
2910 2191 3200 2265 relinquet
3239 2192 3414 2250 homo
3458 2197 3690 2266 patrem

2044 2284 2103 2337 et
2131 2287 2401 2349 matrem,
2435 2286 2490 2339 et
2516 2286 2688 2339 erunt
2717 2283 2833 2338 duo
2865 2281 2925 2338 in
2958 2298 3131 2339 carne
3164 2299 3298 2339 una.
3329 2305 3350 2332 ι
3376 2283 3538 2348 Quod
3580 2286 3697 2339 tre-

2047 2375 2292 2442 qucnter
2313 2371 2742 2439 adnotavimus,
2769 2369 3063 2443 apostolos
3082 2377 3140 2428 et
3164 2371 3550 2445 evangelistas
3572 2387 3690 2428 non

2049 2459 2269 2518 eisdem
2290 2461 2480 2518 verbis
2506 2478 2644 2518 usos
2673 2476 2821 2530 esse,
2841 2461 3202 2518 Testamenti
3241 2461 3466 2517 Veteris
3497 2477 3695 2518 exem-

2045 2547 2180 2620 plis,
2211 2549 2428 2620 quibus
2468 2547 2525 2605 in
2559 2548 2812 2621 propriis
2859 2549 3258 2605 voluminibus
3298 2549 3695 2615 continentur,

2046 2636 2155 2694 hoc
2178 2641 2234 2692 et
2255 2637 2348 2694 hic
2375 2638 2695 2709 probamus
2723 2655 2736 2693 :
2769 2638 3064 2710 siquidem
3095 2639 3502 2696 testimonium
3533 2639 3696 2695 istud

2048 2725 2127 2782 ita
2159 2727 2215 2782 in
2244 2726 2454 2783 Genesi
2487 2727 2773 2798 scriptum
2824 2733 2948 2786 est:
2998 2730 3229 2799 Propter
3275 2730 3373 2786 hoc
3419 2730 3696 2802 relinquet

2045 2817 2201 2872 homo
2227 2819 2439 2887 patrem
2485 2833 2648 2872 suum
2701 2821 2753 2872 ct
2800 2821 3037 2874 matrem
3087 2834 3272 2889 suam,
3304 2822 3357 2874 et
3396 2817 3697 2875 adharebit

2047 2904 2211 2960 uxori
2239 2920 2380 2971 suae,
2413 2914 2463 2961 et
2487 2914 2648 2962 erunt
2677 2906 2780 2964 duo
2833 2909 2895 2963 in
2939 2923 3105 2967 came
3151 2924 3268 2962 una
3298 2906 3450 2978 (Gen.
3482 2924 3544 2976 ιι,
3575 2908 3692 2978 24).

2049 2993 2214 3050 Nunc
2246 2999 2441 3051 autem
2475 2994 2792 3067 Apostolus
2822 3013 2926 3068 pro
2969 3013 3036 3053 eo
3086 2996 3238 3069 quod
3294 2996 3375 3052 ibi
3423 2995 3692 3067 habetur,

2049 3079 2220 3136 ἕνεκεν
2249 3081 2466 3151 τούτου,
2503 3085 2560 3140 id
2591 3089 2957 3158 est,‘propter
2997 3087 3111 3152 hoc,
3160 3085 3358 3158 posuit
3405 3083 3517 3139 ἀντὶ
3568 3083 3695 3139 τού-

2047 3173 2355 3245 eou,quo:i
2415 3174 2617 3230 Latine
2673 3174 2806 3230 aliis
2865 3175 3053 3231 verbis
3110 3174 3224 3231 dici
3284 3192 3401 3230 non
3459 3178 3693 3247 potest;

297 3241 433 3326 cum
468 3265 670 3322 morbo
703 3264 860 3337 regio
891 3241 1244 3332 laborantes,
1277 3267 1334 3318 et
1381 3263 1552 3335 ptysi,
1579 3267 1637 3318 et
1679 3241 1938 3332 cancere,
1970 3241 2013 3309 Ο
2051 3241 2260 3318 deinde
2291 3279 2394 3334 pro
2419 3272 2578 3335 patre
2605 3280 2703 3320 suo
2733 3272 2784 3321 et
2813 3271 2990 3320 matre
3016 3281 3144 3331 sua,
3175 3241 3524 3337 pronomina
3567 3241 3697 3320 abs-

298 3360 358 3414 et
385 3353 889 3419 distillationibus,
924 3356 1172 3412 mortem
1229 3351 1359 3408 vitae
1390 3351 1716 3422 praeferant,
1749 3356 1805 3406 et
1835 3367 1943 3407 sua

298 3445 527 3502 oderint
555 3459 816 3514 corpora.
850 3440 1035 3513 Magis
1065 3440 1261 3511 itaque
1292 3439 1361 3493 ad
1396 3439 1679 3511 tropicam
1729 3439 1942 3495 intelli-

299 3532 558 3607 gentiam
579 3546 773 3589 sermo
806 3529 1090 3586 referatur
1113 3530 1154 3596 ³,
1189 3533 1244 3584 et
1274 3527 1561 3596 dicamus,
1595 3528 1750 3599 quod
1782 3527 1944 3583 illam

301 3635 539 3688 carnem
571 3635 698 3689 quae
745 3618 941 3673 visura
989 3617 1065 3672 sit
1114 3615 1369 3674 salutare
1416 3615 1514 3672 Dei
1565 3617 1715 3688 (Luc.
1749 3631 1834 3681 ιιι,
1865 3616 1944 3686 6),

301 3707 499 3766 anima
523 3706 746 3778 diligat,
779 3709 838 3761 et
867 3705 1089 3762 nutriat
1119 3710 1175 3760 et
1207 3705 1414 3772 foveat,
1447 3721 1576 3762 eam
1621 3704 1949 3778 disciplinis

298 3795 591 3860 erudiens,
620 3799 678 3851 et
707 3793 927 3850 caelesti
959 3794 1238 3866 saginans
1265 3809 1434 3866 pane,
1467 3797 1526 3848 et
1571 3793 1780 3850 Christi
1813 3811 1946 3850 san-

299 3885 477 3960 guine
506 3883 778 3957 irrigans,
813 3887 878 3939 ut
936 3883 1153 3938 refecta
1205 3887 1261 3938 et
1313 3881 1498 3938 nitida
1548 3882 1737 3954 possit
1764 3882 1948 3939 libero

299 3991 475 4032 cursu
505 3973 694 4032 virum
727 3971 916 4043 sequi,
947 3975 1004 4028 et
1035 3969 1196 4028 nulla
1239 3970 1561 4037 debilitate,
1592 3975 1649 4026 et
1695 3972 1949 4042 pondere

303 4065 410 4136 (Al.
444 4061 602 4120 nullo
635 4060 954 4118 debilitatis
986 4060 1256 4131 pondere)
1289 4059 1656 4131 prmgravari.
1701 4059 1949 4116 Pulchre

303 4153 483 4210 etiam
508 4150 568 4207 in
601 4149 1050 4206 similitudinem
1077 4147 1288 4204 Christi
1317 4146 1650 4215 nutrientis,
1677 4152 1733 4203 et
1763 4147 1950 4204 foven-

303 4241 382 4304 tis
409 4239 746 4307 Ecclesiam,
781 4242 837 4296 et
867 4237 1114 4294 dicentis
1177 4237 1247 4294 ad
1300 4236 1629 4294 Jerusalem
1664 4254 1676 4292 :
1733 4239 1950 4306 Quoties

300 4329 456 4388 volui
487 4344 816 4399 congregare
870 4327 1015 4396 ﬁlios
1072 4330 1190 4384 tuos
1238 4328 1382 4382 sicut
1408 4326 1619 4398 gallina
1651 4330 1952 4398 congregat

299 4417 482 4490 pullos
511 4433 636 4474 suos
667 4418 768 4472 sub
797 4417 937 4485 alas,
992 4420 1042 4472 et
1084 4416 1319 4472 noluisti
1375 4415 1592 4486 (Matth.
1625 4433 1782 4482 xxul,
1814 4416 1903 4486 37)
1935 4416 1946 4470 !

303 4505 512 4572 animis
545 4522 778 4578 quoque
809 4505 1002 4561 fovent
1033 4521 1276 4575 corpora
1305 4521 1432 4574 sua,
1457 4509 1521 4559 ut
1551 4503 1948 4577 corruptivum

2050 3351 2208 3418 tulit,
2237 3357 2292 3407 et
2315 3355 2531 3424 patrem
2559 3357 2793 3410 tantum
2824 3354 3023 3425 posuit
3051 3358 3108 3410 et
3137 3357 3404 3418 matrem:
3441 3357 3500 3409 et
3539 3353 3693 3426 quod

2051 3437 2110 3498 in
2142 3438 2334 3498 medio
2367 3439 2599 3509 dicitur,
2631 3449 2687 3498 et
2714 3441 3018 3499 adherebit
3045 3444 3210 3498 uxori
3237 3457 3373 3507 suae,
3404 3441 3499 3497 hic
3531 3441 3698 3513 penis

2052 3531 2148 3583 tus
2179 3528 2569 3600 praetermisit,
2603 3535 2656 3584 et
2705 3535 2933 3585 tantum
2986 3532 3140 3603 quod
3199 3532 3562 3603 sequebatur
3591 3530 3699 3590 hoc

2055 3615 2298 3681 dictum,
2331 3617 2733 3689 superioribus
2764 3619 3076 3692 copulavit,
3109 3625 3166 3676 et
3195 3620 3411 3693 posuit,
3441 3626 3498 3677 et
3542 3627 3702 3676 erunt

2054 3705 2158 3764 duo
2190 3706 2250 3759 in
2278 3721 2444 3763 carne
2472 3723 2604 3763 una.
2636 3707 2754 3764 Hoc
2799 3713 2994 3765 autem
3044 3713 3234 3766 totum
3277 3725 3437 3765 nunc
3484 3708 3698 3765 idcirco

2057 3792 2514 3862 observavimus,
2548 3799 2613 3851 ut
2657 3797 2832 3854 etiam
2893 3797 2952 3854 in
3009 3797 3234 3854 caeteris
3288 3796 3454 3867 locis,
3514 3797 3699 3855 sicubi

2056 3883 2395 3942 testimonia
2427 3885 2595 3956 quasi
2627 3885 2698 3941 de
2730 3886 3052 3958 prophetis,
3079 3891 3137 3944 et
3187 3887 3258 3944 de
3305 3887 3497 3943 Veteri
3527 3887 3702 3942 Testi-

2060 3976 2254 4030 mento
2286 3972 2358 4030 ab
2390 3973 2668 4045 apostolis
2697 3980 2978 4046 usurpata
3010 3979 3168 4048 sunt,
3191 3980 3248 4032 et
3276 3976 3335 4031 in
3367 3976 3585 4032 nostris
3615 3992 3700 4032 co-

2059 4061 2288 4118 dicibus
2319 4079 2433 4118 non
2466 4063 2775 4131 habentur,
2811 4080 3179 4136 nequaquam
3228 4065 3426 4123 statim
3455 4065 3532 4134 ad
3565 4081 3700 4138 apo-

2059 4151 2412 4222 cryphorum
2444 4151 2716 4224 ineptias,
2773 4158 2830 4209 et
2878 4154 3031 4210 660
3087 4153 3473 4210 deliramenta
3500 4171 3699 4210 curra-

2060 4255 2215 4303 mus,
2248 4240 2348 4294 sed
2379 4239 2638 4297 sciamus
2678 4242 2897 4314 scripta
2957 4242 3196 4314 quidem
3244 4260 3311 4299 ea
3348 4259 3477 4300 esse
3505 4243 3564 4299 in
3596 4242 3702 4298 Ve-

2061 4327 2164 4386 teri
2195 4333 2588 4396 Testamento,
2641 4331 2743 4387 sed
2803 4347 2918 4387 non
2971 4330 3052 4387 ita
3109 4331 3182 4388 ab
3215 4331 3497 4402 apostolis
3523 4331 3700 4402 edita,

2058 4421 2114 4472 et
2144 4432 2384 4472 sensum
2416 4418 2604 4489 magis
2635 4424 2985 4492 usurpatum
3013 4435 3026 4474 :
3059 4435 3163 4474 nec
3196 4419 3361 4476 facile
3390 4419 3542 4475 nisi:
3577 4424 3704 4478 stu-

2059 4504 2238 4561 diosis
2271 4522 2440 4578 posse
2493 4507 2590 4563 ubi
2648 4508 2867 4580 scripta
2922 4509 3060 4578 sint,
3121 4507 3387 4565 inveniri.
3419 4507 3703 4580 Igiturad

304 4595 415 4660 hoc
446 4596 650 4652 induat
679 4593 1196 4665 incorruptionem,
1225 4598 1282 4649 et
1301 4593 1525 4649 alarum
1559 4593 1786 4650 levitate
1819 4611 1947 4652 sus-
1978 4605 2028 4672 Β
2067 4593 2523 4652 exhortationem
2555 4595 2745 4652 mutui
2777 4597 3019 4654 affectus
3066 4597 3218 4654 inter
3268 4613 3507 4656 uxorem
3536 4601 3597 4654 et
3620 4597 3707 4654 vi-

305 4702 581 4759 pensum,
615 4685 768 4746 659
801 4684 860 4740 in
911 4699 1103 4740 acrem
1153 4681 1381 4740 facilius
1433 4682 1706 4738 elevatur.
1739 4683 1948 4740 Fovea-

309 4792 442 4846 mus
473 4775 654 4847 igitur
683 4777 741 4830 et
769 4772 877 4830 viri
910 4789 1140 4841 uxores,
1173 4775 1229 4827 et
1257 4770 1464 4828 animae
1520 4776 1720 4830 nostra
1745 4788 1953 4843 corpo-

308 4880 391 4932 ra,
424 4867 490 4920 ut
523 4868 578 4919 et
611 4879 820 4919 uxores
877 4861 934 4916 in
994 4860 1168 4928 viros,
1228 4863 1285 4915 et
1328 4876 1569 4932 corpora
1618 4860 1955 4931 redigantur

306 4952 367 5010 in
399 4952 650 5012 animas.
684 4952 752 5008 Et
782 4967 1154 5022 nequaquam
1186 4949 1265 5008 sit
1295 4965 1540 5004 sexuum
1573 4947 1693 5004 ulla
1714 4949 1952 5006 diversi-

304 5043 416 5109 tas,
453 5040 554 5095 sed
587 5041 886 5112 quomodo
919 5040 1074 5111 apud
1107 5037 1343 5111 angelos
1371 5054 1484 5092 non
1512 5041 1601 5094 est
1631 5038 1718 5093 vir
1747 5043 1804 5094 et
1831 5055 1956 5094 mu-

306 5127 431 5198 licr,
467 5128 548 5185 ita
601 5132 658 5185 et
715 5145 841 5200 nos,
903 5127 1001 5200 qui
1058 5127 1282 5186 similes
1332 5126 1554 5199 angelis
1613 5126 1793 5184 futuri
1850 5145 1954 5184 su-

383 5328 398 5362 ί
432 5325 591 5394 Hanc
627 5325 697 5382 ab
729 5324 976 5396 Origene
1009 5325 1253 5396 preponi
1303 5323 1705 5394 quazstionem,
1741 5325 1954 5381 fatetur

310 5396 696 5469 Hieronymus
725 5394 1027 5469 Apologia!
1049 5394 1145 5469 lib}
1175 5414 1212 5460 ι,
1232 5412 1393 5469 num.
1428 5396 1516 5460 30,
1552 5413 1618 5450 ac
1649 5413 1710 5450 se
1737 5413 1806 5451 ea:
1835 5398 1953 5467 eius

306 5465 552 5542 persona
581 5467 754 5524 tacito
776 5465 1042 5542 nomine,
1077 5467 1196 5520 haec
1227 5467 1434 5542 dicere.

380 5543 560 5596 ‘Hmc
591 5556 724 5595 vero
779 5539 1022 5610 probare
1074 5537 1332 5593 mavult:
1385 5561 1411 5610 ᾳ
1469 5537 1704 5604 Statim,
1737 5537 1950 5609 inquit,

307 5613 448 5686 quia
479 5612 604 5686 ipse
635 5609 912 5686 sentirem
945 5610 1228 5686 adjunxi:
1264 5609 1448 5686 Magis
1505 5609 1698 5686 itaque
1731 5610 1802 5664 ad
1834 5616 1949 5666 tro-

304 5679 976 5757 picam'intclligentiam
1009 5679 1309 5737 referatur.
1341 5679 1583 5746 Quando
1605 5679 1774 5750 ‘dico,
1809 5686 1950 5740 Tro-

2066 4700 2218 4750 rum,
2257 4684 2435 4741 Adam
2467 4689 2525 4741 et
2556 4686 2680 4742 Eva:
2713 4686 2970 4758 sumpsit
2987 4685 3342 4758 exemplum.
3368 4686 3441 4744 Ut
3461 4702 3708 4759 quomo-

2064 4774 2137 4830 do
2169 4778 2329 4830 costa
2357 4773 2582 4831 tollitur
2612 4777 2682 4830 de
2713 4775 2920 4843 Adam,
2971 4780 3026 4832 et
3052 4775 3375 4834 aedificatur
3402 4775 3464 4834 in
3503 4776 3708 4847 comu-

2063 4878 2216 4934 gem,
2251 4867 2307 4918 et
2335 4865 2462 4935 ipsa
2493 4880 2726 4921 rursum
2762 4864 2977 4934 conjux
3006 4862 3066 4920 in
3123 4881 3302 4926 unam
3333 4862 3441 4920 viri
3472 4879 3708 4924 carnem

2065 4951 2368 5023 redigitur,
2402 4951 2540 5024 quia
2571 4952 2671 5024 qui
2705 4970 2943 5009 uxorem
2972 4951 3184 5026 diligit,
3209 4953 3472 5026 seipsum
3496 4951 3706 5026 diligit,

2064 5040 2148 5097 sic
2177 5046 2234 5096 et
2259 5058 2361 5096 nos
2396 5045 2623 5098 nostras
2655 5057 2924 5102 amemus
2957 5057 3186 5103 uxores.
3224 5042 3485 5114 Idipsum
3510 5047 3709 5104 autem

2063 5145 2166 5201 per
2191 5129 2527 5204 allegoriam
2559 5131 2618 5186 in
2649 5130 2877 5188 Christo
2908 5130 3345 5203 interpretatur,
3391 5137 3447 5190 et
3489 5133 3556 5189 in
3603 5133 3708 5189 Ec-

2058 5325 2732 5398 picam,_doceo_verum
2781 5341 2895 5382 non
2941 5342 3071 5384 esse
3119 5328 3274 5398 quod
3315 5327 3532 5390 dicitur
3563 5347 3576 5385 :
3609 5329 3708 5385 sed

2062 5395 2350 5474 allegoria:
2381 5396 2947 5474 nubilotiguratum.
2999 5395 3293 5474 Ponamns
3341 5404 3536 5474 tamen
3585 5399 3708 5474 ipsa

2063 5468 2255 5541 verba,
2288 5485 2414 5538 quas
2450 5468 2505 5523 in
2565 5468 2829 5541 Qrigenis
2865 5468 3013 5528 libro
3074 5470 3241 5528 tertio
3299 5468 3706 5531 continentur:

2060 5538 2341 5613 Dicamus
2370 5541 2526 5612 quod
2561 5538 2724 5613 illam
2752 5556 3009 5608 carnem,
3037 5557 3164 5613 qua:
3181 5541 3380 5602 visura
3397 5542 3494 5600 sit.
3520 5568 3544 5598 ι
3573 5549 3709 5610 etc.,

2060 5611 2130 5678 ad
2165 5612 2340 5668 tinem
2373 5611 2560 5682 nsque
2591 5611 2884 5669 sectionis.

4000 2611 4060 3218 λ
