4066 6190
318 377 444 443 589

981 378 1494 443 COMMENTAR.
1542 380 1621 444 IN
1668 381 1915 443 EPIST.
1962 379 2064 442 AD
2105 379 2383 442 EPHES.
2429 381 2578 443 LIB.
2623 380 2732 454 III,
2776 380 2951 442 CAP.
2998 381 3078 444 ν.

3617 379 3742 442 570

321 510 540 571 clesia:
574 514 643 567 ut
673 511 859 567 Adam
910 511 1232 580 Christum,
1288 518 1345 570 et
1402 515 1517 570 Eva
1575 515 1974 587 praetiguraret
2002 513 2054 579 Α
2087 514 2250 581 toris,
2284 513 2474 569 omnis
2522 514 2699 570 homo
2754 516 2843 568 est
2901 511 3124 568 homini
3185 513 3333 585 (Luc.
3365 531 3420 579 x,
3481 513 3571 582 36,
3604 513 3735 583 37):

320 599 664 659 Ecclesiam.
700 601 909 656 Factus
943 605 1032 656 est
1071 602 1226 657 enim
1277 603 1634 660 novissimus
1684 605 1870 658 Adam
1917 603 1978 658 in

324 690 603 763 spiritum
629 689 1018 746 viviﬁcantem
1050 694 1094 763 (I
1126 691 1245 748 Cor.
1281 709 1372 759 xv,
1410 693 1517 764 45).
1569 694 1639 749 Et
1688 694 1980 765 quomodo

326 784 398 838 de
426 781 616 836 Adam
649 783 706 835 et
737 795 913 834 uxore
957 781 1086 852 ejus
1136 797 1309 837 omne
1357 782 1665 838 hominum
1719 782 1982 838 nascitur

326 885 553 944 genus:
588 869 673 924 sic
706 869 776 924 de
819 868 1049 925 Christo
1079 875 1136 926 et
1193 871 1451 927 Ecclesia
1506 871 1698 927 omnis
1750 873 1982 928 creden-

325 961 476 1016 tium
509 957 831 1014 multitudo
863 964 1140 1032 generata
1170 965 1278 1016 est.
1313 963 1447 1026 Quae
1479 979 1665 1017 unum
1716 961 1978 1018 Ecclesia

330 1065 546 1120 corpus
602 1048 825 1116 etl‘ecta,
881 1065 1118 1105 rursum
1165 1051 1239 1104 in
1298 1049 1474 1106 latere
1531 1051 1741 1106 Christi
1815 1050 1978 1122 poni-

323 1144 423 1193 tur
462 1138 651 1208 (Joan.
685 1154 804 1204 xxx,
841 1139 953 1210 34),
986 1142 1042 1193 et
1072 1143 1242 1194 costa:
1270 1139 1462 1196 locum
1495 1139 1680 1212 replet
1727 1140 1879 1207 (Gen.
1918 1157 1978 1209 11,

322 1228 436 1299 21),
471 1230 528 1282 et
556 1243 745 1281 unum
775 1226 882 1280 viri
913 1243 1127 1298 corpus
1158 1228 1431 1298 efficitur,
1461 1229 1588 1302 ipso
1647 1229 1892 1284 Domino
1923 1229 1980 1284 id

323 1316 381 1371 iu
415 1314 727 1387 Evangelio
777 1314 1150 1387 postulante:
1203 1320 1388 1384 Pater,
1417 1318 1531 1388 ida,
1591 1324 1652 1373 ut
1713 1319 1980 1389 quomodo

322 1420 418 1476 ego
458 1407 509 1459 et
539 1411 599 1459 tu
628 1419 798 1458 unum
831 1420 1062 1460 sumus:
1111 1406 1190 1460 sic
1238 1415 1288 1461 et
1340 1407 1450 1478 ipsi
1480 1408 1539 1462 in
1597 1408 1751 1462 nobis
1805 1424 1980 1462 unum

320 1495 440 1549 sint
468 1494 646 1561 (Joan.
675 1509 815 1559 xvu,
846 1493 959 1565 21).
1003 1495 1436 1568 Interrogemus
1483 1496 1832 1552 Marciouem
1865 1513 1981 1568 qua

324 1581 746 1653 consequentia
776 1581 970 1638 locum
1001 1581 1184 1640 istum
1208 1584 1308 1656 qui
1335 1585 1406 1640 de
1435 1584 1628 1640 Veteri
1663 1589 1980 1657 usurpatus

323 1675 416 1728 est
443 1672 862 1739 Instrumeuto,
899 1672 958 1726 in
991 1671 1290 1730 Christum
1321 1677 1378 1730 et
1426 1674 1485 1729 in
1539 1673 1856 1730 Ecclesium
1891 1673 1978 1730 in-

322 1760 630 1834 terpretari
659 1765 855 1834 queat,
890 1777 1024 1817 cum
1047 1763 1219 1833 juxta
1261 1761 1428 1818 illum
1477 1765 1770 1835 Scriptura
1815 1768 1981 1820 vetus

325 1850 566 1906 omnino
598 1867 715 1906 non
748 1851 1035 1923 pertineat
1065 1852 1137 1907 ad
1169 1851 1487 1908 Christum.

397 1957 587 2030 (Vers.
619 1958 733 2030 3‘2.)
768 1977 790 2005 ι
823 1958 1267 2014 Sacramentum
1289 1959 1399 2015 hoc
1430 1976 1712 2033 magnum
1734 1965 1840 2028 est,
1876 1977 1981 2034 ego

325 2053 522 2107 autem
557 2047 709 2113 dico,
755 2047 814 2102 in
874 2047 1103 2111 Christo
1135 2049 1280 2104 etin
1337 2049 1613 2105 Ecclesia.
1652 2072 1678 2099 »
1738 2050 1886 2120 Non,
1919 2055 1984 2105 ut

326 2137 591 2210 plerique
621 2135 979 2202 existimant,
1011 2136 1202 2192 omnis
1233 2137 1479 2193 historia
1519 2155 1647 2209 qua
1678 2140 1748 2194 de
1796 2140 1980 2195 Adam

325 2227 384 2282 et
414 2226 484 2281 de
515 2226 632 2281 Eva
676 2224 739 2284 in
766 2225 970 2284 Genesi
1006 2225 1222 2297 scripta
1252 2231 1360 2293 est,
1390 2228 1461 2282 ad
1491 2227 1790 2283 Christum
1821 2234 1877 2284 et
1911 2229 1982 2285 ad

323 2313 644 2374 Ecclesiam
679 2313 850 2378 facile
881 2315 1082 2371 referri
1143 2320 1353 2386 potest,
1414 2317 1515 2372 sed
1578 2319 1982 2374 tantummodo

325 2406 484 2478 quod
517 2404 576 2459 in
609 2403 881 2477 praesenti
907 2403 1034 2460 loco
1066 2405 1326 2478 ponitur,
1358 2405 1416 2460 id
1450 2410 1576 2462 est:
1609 2408 1840 2479 Pr0pter
1887 2409 1985 2465 hoc

324 2495 604 2566 relinquet
634 2493 800 2549 homo
823 2498 1053 2565 patrem
1082 2510 1246 2552 suum
1303 2499 1352 2550 et
1411 2504 1651 2551 matrem
1701 2513 1875 2563 suam,
1935 2507 1986 2553 et

329 2583 634 2641 adhaerebit
664 2584 831 2641 uxori
857 2597 995 2653 suae,
1039 2587 1089 2639 et
1146 2593 1307 2640 erunt
1349 2585 1456 2641 duo
1514 2587 1573 2640 in
1629 2603 1796 2642 carne
1850 2605 1981 2644 una.

327 2673 565 2727 Primus
596 2671 752 2728 enim
784 2671 979 2736 homo,
1008 2676 1066 2728 et
1093 2672 1321 2744 primus
1349 2677 1510 2732 vates
1543 2675 1750 2741 Adam,
1782 2676 1890 2732 hoc
1916 2677 1986 2733 de

334 2759 566 2818 Christo
593 2764 648 2816 et
692 2759 954 2816 Ecclesia
1008 2760 1408 2834 prophetavit:
1472 2765 1625 2836 quod
1688 2764 1989 2837 reliquerit

333 2849 617 2905 Dominus
696 2853 894 2905 noster
964 2853 1139 2924 atque
1197 2849 1464 2907 Salvator
1521 2857 1750 2909 Patrem
1811 2871 1984 2909 suum

336 2939 544 3009 Deum,
577 2942 635 2993 et
667 2943 913 2993 matrem
971 2955 1139 2994 suam
1197 2939 1488 2999 caalestem
1544 2941 1890 3008 Jerusalem,
1934 2947 1990 3000 et

336 3027 560 3083 venerit
591 3028 661 3094 ad
694 3031 878 3084 terras
909 3033 1146 3101 propter
1173 3046 1347 3085 suum
1389 3047 1600 3102 corpus
1653 3032 1987 3098 Ecclesium,

341 3120 397 3172 et
427 3117 496 3172 de
529 3133 634 3173 suo
664 3133 794 3172 eam
839 3115 1017 3178 latere
1046 3117 1365 3174 fabricatus
1398 3119 1473 3174 sit
1519 3120 1693 3190 (Joan.
1727 3138 1842 3187 x1x,
1873 3122 1986 3192 34),

337 3211 394 3262 et
425 3210 662 3280 propter
688 3205 850 3264 illam
879 3206 1135 3268 Verbum
1187 3223 1320 3262 caro
1365 3208 1581 3264 factum
1629 3209 1705 3265 sit
1735 3211 1910 3281 (Joan.
1947 3230 1984 3279 1,

2010 1889 2058 1955 Β

2090 602 2251 658 nulla
2280 619 2418 676 ergo
2448 604 2559 660 erit
2589 603 2740 659 inter
2769 619 3009 658 uxorem
3041 606 3098 657 et
3126 602 3520 672 quorumlibet
3548 601 3737 658 homi-

2089 709 2232 748 num
2265 692 2633 748 dilectionem
2665 691 2992 748 ditierentia
3014 691 3339 762 charitatis,
3371 693 3524 762 quod
3551 692 3740 748 dicere

2087 783 2253 838 valde
2283 783 2606 838 absurdum
2639 787 2751 838 est.
2786 783 2847 836 In
2899 780 3162 853 proximo
3211 780 3367 836 enim
3417 780 3740 837 similitudo

2089 872 2346 946 ponitur,
2381 876 2447 927 ut
2476 871 2558 927 sic
2589 888 2722 927 eum
2752 870 2964 944 diligas
2995 871 3149 927 sicut
3179 876 3256 938 te,
3289 876 3346 926 et
3376 871 3577 942 cupias
3613 886 3741 926 esse

2094 963 2404 1018 salvatum.
2437 963 2499 1017 In
2548 978 2724 1017 uxore
2775 966 2968 1016 autem
3030 960 3482 1033 comparationis
3537 959 3738 1014 adver-

2089 1052 2273 1118 bium,
2307 1054 2465 1118 sicut,
2499 1069 2615 1106 non
2633 1050 3102 1116 similitudinem,
3127 1049 3228 1106 sed
3260 1047 3738 1122 approbationem

2089 1145 2145 1196 et
2177 1139 2706 1206 confirmationem,
2763 1156 2898 1194 cum
2939 1139 3193 1210 quodam
3239 1139 3494 1210 pondere
3542 1140 3737 1193 sonat.

2089 1218 2391 1296 Quemodo
2423 1229 2673 1284 dicimus
2705 1229 2776 1283 de
2805 1227 2959 1284 viro:
3016 1227 3184 1299 quasi
3247 1227 3334 1282 vir
3381 1227 3533 1298 fecit,
3580 1230 3637 1282 et
3666 1227 3738 1280 de

2087 1319 2380 1375 Salvatore
2457 1319 2743 1390 scriptum
2811 1321 2935 1374 est:
2998 1317 3247 1373 Vidimus
3302 1317 3538 1386 gloriam
3594 1317 3734 1388 ejus.

2087 1410 2250 1482 quasi
2277 1409 2514 1477 gloriam
2545 1409 2819 1479 unigeniti
2847 1409 3022 1478 (Joan.
3059 1425 3097 1471 1,
3132 1406 3242 1477 14).
3293 1407 3418 1460 Non
3468 1422 3582 1476 quo
3611 1405 3738 1476 ipse

2088 1497 2347 1554 Salvator
2375 1497 2621 1570 gloriam
2655 1497 2929 1552 habuerit
2959 1497 3029 1552 ad
3061 1494 3558 1567 comparationem
3591 1493 3737 1548 alte-

2089 1588 2212 1644 rius
2243 1586 2528 1659 unigeniti
2554 1603 2568 1641 :
2601 1586 2726 1658 ipse
2758 1591 2847 1643 est
2872 1587 3026 1642 enim
3051 1583 3408 1656 unigenitus.
3441 1585 3510 1639 Et
3539 1583 3738 1654 unige-

2090 1678 2250 1733 nitus
2281 1676 2327 1732 si
2359 1680 2418 1731 et
2447 1675 2594 1732 alter
2622 1675 2815 1746 fuerit,
2863 1675 3202 1748 unigenitus
3251 1691 3366 1730 non
3424 1676 3614 1746 potest
3642 1689 3740 1744 ap-

2089 1765 2312 1840 pellari.
2373 1766 2534 1821 Unde
2592 1764 2833 1821 alterius
2904 1764 3190 1837 unigeniti
3246 1780 3362 1819 non
3439 1762 3740 1833 indigebat

2090 1853 2389 1927 exemplo:
2445 1856 2547 1911 sed
2598 1854 2766 1927 quasi
2815 1853 3204 1927 unigenitum,
3255 1852 3364 1909 hoc
3411 1855 3518 1919 est,
3552 1854 3618 1906 ut
3645 1866 3739 1906 se-

2092 1946 2414 2018 metipsum
2445 1945 2687 2000 decebat
2716 1943 2962 2015 gloriam
2993 1943 3228 2008 habere,
3287 1940 3566 2012 possedit.
3622 1940 3740 1997 Hoc

2090 2036 2247 2090 idem
2278 2038 2337 2090 et
2365 2033 2780 2106 septuagesimi
2807 2032 3050 2088 secundi
3073 2030 3305 2104 psalmi,
3321 2031 3492 2101 juxta
3511 2031 3739 2086 Cruleos

2090 2129 2308 2192 tamen,
2369 2123 2671 2178 exordium
2729 2126 2940 2178 sonat:
2999 2121 3088 2181 Ὠς
3149 2119 3348 2194 ἀγαθὸς
3409 2118 3436 2172 ὁ
3493 2116 3623 2179 Θεὸς
3661 2121 3740 2172 τῶ

2094 2209 2313 2288 Ἰσραὴλ
2344 2216 2460 2272 τοῖς
2495 2209 2663 2264 εΰθέσι
2695 2215 2762 2284 τῇ
2795 2207 3008 2284 καρδίᾳ,
3042 2211 3195 2282 quod
3228 2227 3261 2265 a
3297 2208 3513 2264 nostris
3542 2211 3746 2264 trans--

2092 2302 2278 2358 latum
2337 2305 2457 2358 est:
2521 2303 2696 2370 Quam
2749 2303 2921 2356 bonus
2975 2302 3114 2356 Deus
3170 2299 3346 2356 Israel
3401 2299 3567 2355 rectis
3623 2313 3740 2354 cor-

2091 2391 2156 2447 de
2186 2392 2360 2459 (Psal.
2396 2408 2567 2455 Lxxu,
2612 2391 2692 2455 ‘)!
2744 2389 3018 2461 Alioquin
3060 2390 3229 2460 juxta
3273 2391 3500 2444 Graecos
3530 2385 3627 2453 ὡς,
3679 2384 3740 2440 id

2095 2485 2202 2548 est,
2235 2483 2397 2545 sicut,
2430 2479 2876 2536 similitudinem
2910 2479 3101 2551 magis
3146 2478 3395 2544 videtur,
3431 2491 3607 2548 quam
3639 2476 3739 2530 ﬂr-

2097 2569 2358 2626 mitatem
2393 2569 2722 2642 signiﬁcem
2755 2570 2908 2625 662
2936 2568 3246 2632 dictorum,
3281 2566 3469 2623 sinon
3501 2568 3565 2622 ut
3603 2581 3741 2621 con-

2095 2659 2484 2716 firmationem
2517 2659 2795 2728 audieris,
2830 2659 2930 2714 sed
2983 2658 3152 2730 quasi
3211 2657 3318 2729 [AL
3353 2664 3514 2712 tacet.
3548 2653 3744 2727 quasi]

2095 2747 2449 2820 exemplum.
2483 2747 2669 2804 Simul
2701 2753 2759 2803 et
2812 2747 2921 2803 hoc
2969 2747 3411 2816 attendendum,
3472 2744 3624 2816 quod
3655 2743 3745 2797 vir

2096 2837 2338 2910 diligere
2360 2839 2604 2908 jubetur
2623 2853 2883 2907 uxorem,
2909 2835 3121 2892 mulier
3139 2851 3272 2891 vero
3301 2835 3507 2889 timere
3527 2831 3740 2906 virum.

2095 2927 2376 2999 Congruit
2403 2927 2558 2982 enim
2588 2926 2710 2981 viro
2741 2925 2994 2990 dilectio,
3033 2923 3264 2980 mulieri
3310 2923 3525 2978 timor:
3578 2935 3742 2976 servo

2095 3033 2228 3072 vero
2259 3033 2375 3072 non
2407 3015 2598 3071 solum
2639 3019 2851 3085 metus,
2915 3015 3013 3070 sed
3071 3017 3126 3070 et
3183 3018 3402 3070 tremor
3447 3009 3740 3082 jungitur.

2098 3105 2261 3161 Unde
2293 3110 2346 3160 et
2377 3105 2435 3160 in
2467 3103 2960 3175 consequentibus
2991 3104 3107 3160 ait:
3151 3102 3326 3166 Servi,
3386 3099 3594 3156 obedite
3647 3099 3743 3154 do-

2097 3197 2266 3250 minis
2294 3194 2610 3251 carnalibu:
2633 3210 2758 3249 cum
2796 3194 2989 3250 timore
3034 3201 3086 3249 et
3129 3199 3369 3248 tremore
3413 3190 3633 3262 (Ephes.
3663 3205 3744 3254 V1,

336 3263 449 3364 15)..
581 3294 721 3368 quia
751 3263 866 3355 non
895 3263 1112 3356 omnia,
1137 3296 1381 3368 aequalia
1428 3263 1984 3368 sacramenta
2016 3263 2059 3330 α
2095 3285 2172 3353 5)-

335 3385 439 3441 sed
471 3386 559 3440 est
588 3383 745 3440 aliud
777 3389 1212 3441 sacramentum
1244 3387 1458 3458 majus,
1490 3391 1546 3442 et
1574 3386 1732 3443 aliud
1765 3388 1982 3445 minus:

333 3478 644 3547 propterea
673 3489 832 3528 nunc
862 3473 1045 3530 dicit:
1106 3476 1518 3532 Sacramentum
1573 3476 1671 3534 hoc
1724 3495 1988 3550 magnum

330 3567 410 3619 est
430 3579 454 3626 ;
476 3561 771 3634 simulque
791 3561 1144 3625 humilitatis
1165 3565 1293 3637 ejus
1313 3564 1594 3624 iudicium
1625 3572 1714 3623 est
1734 3568 1986 3624 inferen-

332 3651 449 3708 tis:
483 3656 594 3727 Ego
618 3655 801 3711 autem
829 3652 952 3708 dico
979 3653 1126 3710 6'0]
1166 3654 1226 3709 in
1270 3653 1484 3712 Christo
1531 3663 1581 3711 et
1612 3658 1668 3713 in
1725 3659 1984 3714 Ecclesia.

334 3741 651 3815 Gregorius
681 3740 1102 3811 Nazianzenus,
1140 3742 1229 3798 vir
1277 3744 1444 3800 valde
1493 3743 1793 3818 eloquens,
1845 3751 1900 3802 et
1928 3748 1987 3804 in

334 3829 657 3902 Scripturis
686 3830 948 3903 apprime
978 3830 1264 3900 eruditus,
1298 3848 1430 3892 cum
1471 3834 1542 3889 de
1601 3833 1707 3890 hoc
1757 3851 1987 3896 mecum

335 3923 615 3986 tractaret
641 3918 789 3988 loco,
823 3918 1049 3975 solebat
1079 3919 1268 3976 dicere
1296 3938 1308 3976 :
1343 3921 1487 3976 Vide
1509 3927 1795 3994 quantum
1818 3924 1988 3980 istius

335 4008 578 4080 capituli
611 4012 1043 4074 sacramentum
1079 4009 1173 4076 sit,
1217 4015 1282 4065 ut
1312 4010 1626 4082 Apostolus
1655 4011 1714 4066 in
1763 4012 1988 4069 Christo

335 4095 506 4163 illud,
536 4101 593 4153 et
622 4096 684 4152 in
715 4097 971 4153 Ecclesia
1017 4097 1428 4170 interpretans,
1472 4116 1586 4155 non
1618 4116 1682 4156 se
1713 4099 1794 4157 ita
1825 4118 1989 4157 asse-

335 4189 449 4264 rat,
482 4189 548 4240 ut
571 4185 894 4242 testimonii
925 4186 1261 4258 postulabat
1298 4187 1577 4261 dignitas,
1609 4191 1987 4262 expressisse,

337 4275 436 4331 sed
471 4273 904 4346 quodammodo
936 4276 1181 4332 dixerit:
1208 4277 1338 4332 Scio
1361 4278 1499 4350 quia
1518 4277 1681 4334 locus
1703 4279 1814 4336 iste
1843 4280 1988 4335 inef-

335 4361 613 4419 fabilibus
643 4363 851 4436 plenus
891 4364 967 4420 sit
1023 4365 1429 4434 sacramentis,
1485 4371 1542 4421 et
1596 4367 1858 4423 divinum
1892 4386 1991 4424 cor

334 4456 560 4524 quaerat
587 4451 944 4525 interpretis.
979 4455 1095 4530 Ego
1127 4457 1322 4510 autem
1359 4471 1461 4527 pro
1509 4455 1829 4528 pusillitate
1854 4474 1986 4513 sen-

335 4558 438 4598 sus
470 4541 608 4613 mei,
648 4542 709 4598 in
741 4543 972 4612 Christo
1020 4543 1254 4599 interim
1307 4543 1474 4610 illud,
1525 4548 1583 4600 et
1627 4545 1686 4599 in
1731 4545 1989 4603 Ecclesia

2175 3431 2202 3462 α
2233 3408 2441 3466 Mulier
2469 3413 2663 3464 autem
2697 3411 2763 3464 ut
2787 3408 2994 3464 timeat
3020 3406 3233 3464 virum.
3272 3428 3293 3454 ι
3349 3404 3408 3461 Si
3457 3403 3518 3460 in
3565 3404 3744 3460 Deum

2098 3505 2293 3556 metus
2322 3502 2559 3571 propter
2597 3498 2870 3555 timorem
2923 3495 3218 3568 supplicii,
3271 3511 3384 3550 non
3425 3491 3565 3549 sinit
3610 3508 3744 3550 eum

2098 3589 2198 3661 qui
2229 3587 2439 3644 metuit
2467 3604 2595 3644 esse
2625 3586 2944 3659 perfectum
2973 3604 2984 3654 ;
3011 3590 3232 3658 quanto
3255 3584 3444 3655 magis
3469 3580 3748 3653 imperfe-

2097 3682 2192 3734 cta
2220 3677 2330 3733 erit
2357 3675 2591 3745 mulier,
2617 3692 2731 3732 non
2759 3675 2948 3732 solum
2980 3675 3191 3744 Deum,
3213 3673 3313 3729 sed
3348 3671 3520 3729 etiam
3553 3670 3740 3726 virum

2098 3771 2369 3823 metuens
2389 3765 2417 3820 ‘I
2439 3766 2677 3838 Propter
2696 3764 2851 3837 quod
2875 3763 3314 3837 requirendum,
3342 3778 3414 3817 an
3437 3757 3748 3816 carnaliter

2099 3872 2245 3911 uxor
2299 3854 2678 3927 intelligenda
2725 3854 2823 3919 sit,
2857 3858 2915 3912 et
2969 3853 3167 3910 uxoris
3195 3851 3406 3907 timor:
3468 3865 3602 3905 cum
3636 3848 3744 3903 fre-

2099 3949 2347 4018 quenter
2375 3942 2561 3998 multo
2592 3941 2862 3999 meliores
2910 3941 3140 3999 maritis
3186 3937 3560 3996 inveniantur
3606 3951 3745 3990 uxo-

2098 4023 2192 4089 res
2220 4037 2276 4087 et
2303 4032 2387 4088 eis
2416 4031 2726 4102 imperent,
2760 4036 2816 4088 et
2851 4031 3091 4088 domum
3137 4032 3363 4101 regant,
3413 4029 3471 4082 et
3498 4024 3748 4081 educent

2098 4121 2335 4189 liberos,
2361 4125 2417 4177 et
2441 4120 2671 4175 familiae
2694 4122 2929 4176 teneant
2977 4115 3383 4188 disciplinam:
3435 4112 3553 4169 illis
3583 4111 3748 4181 luxu-

2099 4209 2386 4268 riantibus
2419 4214 2475 4264 et.
2507 4226 2608 4282 per
2635 4212 2827 4264 scorta
2857 4205 3249 4262 currentibus.
3283 4208 3380 4258 Hea
3423 4202 3579 4264 viros
3606 4217 3745 4271 suos

2098 4303 2294 4355 utrum
2332 4313 2570 4369 regnare
2615 4297 2885 4362 debeant,
2918 4312 2990 4350 an
3038 4294 3266 4362 timere,
3316 4290 3548 4358 lectoris
3597 4287 3744 4346 arbi-

2096 4389 2205 4444 trio
2237 4385 2594 4457 derelinquo.
2621 4385 2781 4450 Quod
2815 4382 3050 4455 sijuxta
3080 4381 3440 4456 allegoriam,
3474 4384 3537 4436 ut
3565 4396 3745 4452 supra

2096 4476 2372 4542 diximus,
2408 4491 2552 4530 uxor
2585 4474 2642 4529 in
2675 4490 2914 4545 corpore
2943 4471 3248 4544 accipitur,
3279 4471 3368 4526 vir
3415 4471 3472 4526 in
3524 4469 3741 4536 animo,

2097 4565 2243 4623 nihil
2274 4565 2665 4637 incongruum
2698 4565 2789 4618 est
2817 4561 3022 4618 timere
3069 4578 3197 4617 eam
3248 4564 3313 4616 ut
3343 4558 3616 4616 ancillam
3669 4556 3747 4611 vi-

334 4630 783 4702 intelligendum
817 4637 992 4705 puto:
1029 4649 1143 4689 non
1204 4648 1318 4705 quo
1374 4631 1595 4703 aliquid
1656 4632 1884 4690 Christo
1933 4639 1984 4691 et

2097 4672 2250 4733 rum,
2283 4654 2343 4710 in
2400 4653 2656 4722 secundo
2715 4652 2900 4725 gradu
2943 4655 3000 4708 et
3050 4651 3108 4706 in
3167 4649 3356 4706 viliori
3417 4645 3750 4704 substantia

335 4718 592 4776 Ecclesia
615 4723 811 4792 majus
842 4721 937 4789 sit,
971 4721 1071 4778 sed
1104 4722 1259 4793 quod
1292 4726 1481 4778 totum
1515 4723 1668 4793 quod
1702 4723 1773 4778 de
1802 4725 1985 4780 Adam

334 4813 392 4864 et
420 4809 493 4865 de
522 4809 639 4878 Eva
668 4807 900 4882 dicitur,
950 4810 1010 4866 in
1051 4810 1279 4867 Christo
1311 4815 1369 4867 et
1398 4810 1457 4865 in
1508 4809 1763 4868 Ecclesia
1813 4813 1989 4869 inter-

332 4897 553 4970 pretari
581 4914 776 4970 posse,
807 4898 1046 4964 difﬁcile
1077 4899 1174 4954 sit.

405 5003 590 5077 (Vere,
626 5005 737 5078 33).
776 5008 1251 5076 «Verumtamen
1283 5010 1340 5062 et
1385 5023 1485 5062 vos
1535 5006 1752 5080 singuli
1804 5025 1986 5068 unus-

335 5093 586 5180 quisque
617 5109 788 5162 suam
820 5111 1057 5164 uxorem
1089 5095 1242 5152 sicut
1272 5111 1334 5162 se
1374 5093 1597 5169 diligat.
1634 5119 1661 5145 ››
1719 5097 1989 5163 jEstimet

332 5181 550 5256 aliquis
577 5185 846 5240 eamdem
877 5184 1029 5240 inter
1047 5183 1323 5240 maritum
1350 5187 1406 5239 et
1436 5200 1674 5240 uxorem
1695 5185 1892 5258 juberi
1916 5186 1987 5242 ab

332 5271 612 5344 Apostolo
642 5271 1010 5341 obaritatam,
1052 5289 1180 5346 quas
1229 5273 1289 5328 iu
1322 5273 1652 5345 proximum
1703 5281 1991 5348 praecepta

335 5365 460 5430 est:
521 5361 607 5430 sic
672 5361 832 5420 enim
889 5362 1176 5435 scriptum
1235 5366 1363 5419 est:
1415 5363 1619 5436 Diliges
1670 5367 1990 5435 proximum

335 5458 496 5522 tuum
521 5453 662 5519 sicut
698 5453 938 5524 teipsum
987 5451 1177 5524 (Levii.
1209 5469 1326 5521 xix,
1362 5453 1471 5523 18),
1526 5456 1582 5506 et
1635 5470 1789 5518 nunc
1846 5454 1987 5509 dioi-

333 5545 432 5610 tpr
456 5559 469 5598 :
506 5542 887 5618 Unusquisque
911 5557 1072 5608 suam
1099 5557 1327 5609 uxorem
1354 5542 1498 5604 sicut
1516 5556 1572 5598 se
1600 5541 1814 5614 diligat.
1841 5543 1989 5616 Ergo

336 5630 637 5686 eademin
668 5630 1000 5703 proximum
1030 5634 1087 5686 et
1132 5629 1194 5685 in
1247 5645 1486 5688 uxorem
1545 5630 1802 5688 oharitas
1857 5632 1986 5688 erit.

339 5717 504 5785 Quod
537 5719 587 5778 si
621 5721 947 5794 proximus,
988 5721 1161 5794 juxta
1207 5718 1745 5793 interpretationem
1793 5721 1990 5781 Salva-

2098 4745 2496 4802 constitutam.
2523 4741 2721 4798 Animi
2743 4741 2979 4814 quippe,
3001 4743 3065 4797 ut
3086 4740 3168 4796 ait
3194 4738 3454 4810 Crispus,
3479 4734 3745 4808 imperio,

2100 4832 2363 4906 corporis
2396 4831 2628 4890 servitio
2661 4830 2851 4904 magis
2899 4830 3142 4886 utimur.
3193 4827 3302 4895 Qui
3349 4842 3483 4883 vero
3528 4823 3751 4894 simpli-

2101 4939 2226 4980 cem
2275 4920 2723 4992 intelligentiam
2777 4917 3041 4975 mulieris
3098 4916 3363 4988 sequitur
3418 4919 3476 4970 et
3532 4911 3745 4982 mariti,

2100 5012 2248 5067 duas
2279 5008 2705 5083 signiﬁcantias
2735 5007 2793 5062 in
2825 5007 2998 5063 verbo
3031 5005 3256 5062 timoris
3287 5020 3416 5060 esse
3455 5006 3746 5070 monstra-

2099 5101 2204 5156 bit.
2235 5100 2306 5156 Et
2335 5099 2488 5154 dicet
2519 5114 2636 5153 una
2688 5098 2759 5153 de
2792 5113 2907 5167 qua
2964 5095 3220 5152 Joannes
3259 5093 3372 5149 ait:
3438 5093 3543 5162 Qui
3599 5092 3749 5147 timet

2095 5206 2312 5263 poenam
2344 5189 2522 5254 habet,
2553 5191 2604 5244 et
2632 5187 2728 5258 qui
2766 5187 2935 5252 timet,
2969 5201 3077 5241 non
3113 5192 3192 5241 est
3209 5185 3480 5256 perfectas
3509 5182 3556 5252 (ι
3587 5182 3742 5237 Joan.

2101 5280 2322 5347 1v,18).
2376 5277 2554 5334 Juxta
2600 5291 2778 5346 quam
2832 5279 2889 5330 et
2935 5274 3084 5330 servi
3147 5272 3419 5346 spiritum
3453 5270 3751 5343 servitutis

2099 5367 2318 5424 habent
2347 5367 2406 5422 in
2437 5365 2670 5432 timore,
2703 5380 2876 5436 quem
2910 5363 3075 5437 exigu
3089 5367 3272 5418 utura
3293 5361 3540 5419 Domino
3562 5360 3754 5417 dicen-

2099 5462 2154 5514 te
2187 5457 2256 5513 ad
2291 5471 2426 5514 eos:
2463 5455 2600 5512 Etsi
2623 5457 2784 5526 pater
2809 5469 2929 5509 sum
2963 5469 3076 5522 ego,
3127 5451 3222 5524 ubi
3261 5455 3340 5508 est
3368 5452 3546 5524 gloria
3577 5465 3709 5507 mea
3729 5465 3751 5510 ,·

2098 5555 2150 5603 et
2175 5548 2229 5603 si
2281 5545 2532 5602 dominus
2588 5560 2712 5600 sum
2763 5559 2878 5616 ego,
2939 5543 3037 5598 ubi
3093 5552 3171 5598 est
3203 5542 3366 5598 timor
3411 5555 3564 5596 meus
3610 5539 3746 5610 (Μα-

2102 5635 2244 5692 lach.
2277 5651 2320 5703 1,
2347 5633 2448 5705 6)?
2492 5631 2750 5688 Alteram
2778 5648 2911 5689 vero
2968 5647 3095 5703 quae
3155 5630 3306 5703 apud
3365 5626 3745 5701 philosophos

2103 5724 2438 5783 nominatur
2465 5715 2739 5794 εὐλάϐεια,
2769 5725 2830 5780 et
2859 5721 3014 5796 apud
3055 5737 3181 5792 nos,
3233 5719 3368 5776 licet
3416 5733 3532 5775 non
3576 5715 3746 5789 plene
