4066 6190
282 339 397 401 571

1532 347 1596 408 S.
1642 346 1955 411 EUSEBII
2002 347 2446 411 HIERONYMI

3577 346 3690 408 512

284 483 471 542 sonet,
494 480 804 536 reverentia
834 478 948 536 dici
971 484 1180 553 potest.
1204 481 1323 539 Scit
1344 499 1576 557 quoque
1606 489 1663 540 et
1689 485 1935 557 prophe-
1963 482 2021 548 Α
2049 486 2158 553 est,
2194 481 2654 553 unumquodque
2700 480 3046 537 mandatum
3095 476 3383 554 Decalogi,
3430 479 3691 552 primum

282 570 372 623 tes
404 567 792 638 perlectorum
825 569 1119 635 timorem,
1153 588 1326 642 quem
1359 573 1462 644 qui
1494 572 1773 639 timuerit,
1807 591 1931 646 per-

278 655 464 711 fectus
524 660 631 733 est,
690 656 749 711 in
808 658 1105 715 tricesimo
1164 661 1332 716 tertio
1401 660 1629 733 psalmo
1686 663 1926 719 dicens:

271 744 392 801 Non
419 748 496 800 est
545 732 729 818 inopia
790 749 1112 805 timentibus
1158 767 1288 805 eum
1330 732 1508 820 (Psal.
1568 769 1767 822 xxxm,
1820 752 1926 824 10).

273 834 469 891 Potest
498 835 680 908 igitur
708 838 876 892 uxori
907 838 1250 910 simpliciter
1281 840 1588 897 intellectae
1619 841 1714 897 hic
1746 842 1929 914 impe-

274 923 391 981 rari
423 930 635 993 metus,
672 930 736 981 ut
766 927 992 995 timeat,
1041 928 1151 985 hoc
1200 934 1307 998 est,
1370 936 1704 987 revereatur
1739 932 1929 987 virum

281 1030 478 1070 suum.

352 1103 511 1175 (Cap.
545 1103 638 1159 VI.
671 1135 739 1145 ——-
786 1109 950 1161 Vers.
1004 1108 1078 1173 1.)
1130 1129 1158 1156 ‹‹
1195 1107 1343 1179 Filii,
1396 1110 1624 1166 cbedite
1676 1110 1931 1182 parenti-

281 1193 394 1250 bus
424 1194 633 1249 vestris
664 1195 722 1248 in
756 1194 1038 1250 Domino:
1074 1195 1184 1252 hoc
1220 1196 1374 1253 enim
1404 1203 1494 1253 est
1529 1201 1783 1270 justum.
1818 1200 1929 1257 Ho-

278 1300 422 1339 nora
453 1287 677 1355 patrem
710 1289 875 1339 tuum
908 1289 964 1340 et
994 1290 1241 1341 matrem
1267 1291 1430 1343 tuam
1456 1288 1633 1360 (quod
1659 1293 1750 1345 est
1773 1307 1932 1345 man-

278 1373 481 1428 datum
516 1372 772 1444 primum
803 1372 864 1428 in
913 1373 1320 1445 promissione)
1375 1379 1440 1431 ut
1482 1377 1629 1433 bene
1677 1377 1753 1433 sit
1800 1378 1929 1446 tibi,

279 1466 337 1517 et
364 1461 661 1535 longaevus
693 1462 777 1518 eis
810 1479 987 1535 super
1016 1468 1253 1519 terram.
1290 1487 1318 1513 ››
1366 1466 1653 1539 Ambigue
1684 1466 1928 1535 dictum,

281 1554 478 1606 utrum
510 1551 569 1607 in
602 1552 848 1608 Domino
871 1553 1211 1625 parentibus
1235 1554 1389 1610 663
1413 1553 1537 1610 suis
1560 1554 1662 1609 ﬁlii
1684 1556 1935 1611 debeant

281 1640 537 1709 obedire,
566 1658 639 1697 an
671 1646 823 1698 certe
854 1642 1196 1713 parentibus
1228 1644 1352 1700 suis
1404 1643 1506 1699 filii
1559 1644 1833 1701 obediant
1872 1646 1931 1701 in

279 1729 548 1785 Domino.
582 1730 744 1795 Quod
775 1734 1095 1803 utrumque
1129 1733 1481 1800 faciendum,
1517 1738 1579 1789 ut
1608 1737 1665 1789 et
1694 1734 1789 1790 his
1829 1752 1928 1808 pa-

281 1819 548 1875 rentibus
579 1819 679 1892 qui
714 1836 820 1875 nos
852 1820 911 1875 in
968 1821 1215 1878 Domino
1244 1838 1516 1895 genuere,
1581 1822 1774 1896 qualis
1824 1823 1932 1879 fuit
1962 1855 2009 1919 B

282 1906 497 1964 Paulus
529 1911 585 1964 et
613 1909 885 1980 apostoli,
920 1910 1264 1968 obediamus
1286 1918 1340 1969 et
1371 1930 1439 1969 ea
1455 1912 1740 1970 faciamus
1771 1929 1926 1985 quae-

276 2014 509 2069 cunque
539 1998 938 2071 praeceperint,
972 2005 1030 2055 et
1060 2001 1401 2072 parentibus
1432 2002 1670 2070 nostris,
1704 2003 1775 2058 de
1806 1990 1953 2075 qui?

276 2087 388 2143 bus
428 2089 753 2144 secundum
785 2105 1020 2145 carnem
1052 2090 1173 2146 nati
1195 2108 1424 2162 sumus,
1456 2092 1929 2164 oblemperemus

276 2176 336 2231 in
368 2176 635 2248 Domino,
681 2178 993 2250 implentes
1049 2196 1116 2235 ea
1163 2196 1291 2251 qum
1342 2198 1457 2237 non
1507 2184 1646 2236 sunt
1698 2180 1931 2236 Domini

280 2265 574 2321 contraria
606 2265 911 2323 voluntati.
963 2264 1270 2340 Simulque
1315 2274 1373 2326 et
1417 2270 1720 2327 haereticos
1768 2287 1928 2326 coar-

279 2353 593 2421 ctabimus,
625 2355 889 2419 nolentes
940 2356 1121 2413 Vetus
1168 2360 1611 2415 Testamentum
1666 2376 1795 2416 esse
1827 2359 1929 2415 Dei

279 2442 439 2511 boni,
473 2444 642 2513 cujus
674 2444 833 2501 illius
875 2445 1143 2502 Christus
1175 2447 1270 2503 sit.
1322 2449 1447 2512 Qua
1503 2448 1726 2505 ratione
1779 2455 1929 2520 Apo-

278 2530 467 2588 stolus
497 2531 733 2604 Christi,
780 2534 917 2590 boni
963 2535 1064 2591 Dei
1117 2536 1242 2604 lilii,
1295 2537 1596 2609 Scriptura
1642 2537 1929 2594 Creatoris

278 2624 442 2676 utatu
452 2638 497 2687 r,
522 2631 579 2676 et
598 2621 987 2679 obedientiam
1014 2623 1270 2681 filiorum
1292 2626 1362 2682 de
1379 2626 1555 2682 veteri
1569 2625 1692 2699 lege
1712 2642 1929 2699 praesu-

280 2713 423 2765 mat.
457 2711 619 2776 Quod
649 2711 1055 2769 testimonium
1078 2715 1149 2770 de
1170 2715 1364 2772 Exodo
1388 2720 1714 2787 sumptum,
1737 2715 1817 2772 ita
1848 2716 1928 2772 ibi

280 2799 608 2855 contexitur
631 2818 643 2856 :
668 2802 888 2857 Honora
906 2807 1117 2872 patrem
1147 2813 1301 2859 tuum
1329 2807 1379 2860 et
1398 2814 1636 2860 matrem
1666 2813 1836 2873 tuam,
1868 2816 1930 2861 ut

281 2889 413 2945 bene
439 2890 514 2944 sit
542 2889 662 2957 tibi,
694 2898 748 2946 et
774 2892 849 2946 sis
876 2892 1161 2963 longaevus
1176 2910 1343 2965 super
1369 2896 1595 2960 terram,
1630 2910 1803 2966 quam
1820 2898 1928 2950 Do-

276 2979 464 3034 minus
495 2980 632 3035 Deus
660 2987 786 3035 tuus
825 2980 978 3037 dabit
1021 2982 1126 3037 tibi
1172 2983 1363 3051 (Exod.
1398 3000 1491 3049 xx,
1536 2983 1661 3055 12):
1712 2983 1783 3039 de
1813 2999 1928 3054 quo

277 3083 436 3123 nunc
471 3066 682 3124 ultima
708 3069 886 3126 verba
914 3071 1222 3138 subtraxit,
1272 3073 1426 3144 quod
1480 3073 1825 3129 mandatum
1868 3072 1926 3127 in

276 3155 557 3228 Decalogo
588 3158 861 3229 quintum
919 3163 1027 3215 est.
1087 3160 1253 3217 Unde
1306 3163 1690 3234 quaerendum
1746 3178 1927 3233 quare

2042 572 2198 628 664
2229 571 2575 643 mandatum
2623 574 2714 626 est
2769 568 3207 643 appellandum,
3271 570 3342 625 ad
3396 585 3698 643 compara-

2040 660 2260 716 tionem
2296 676 2499 715 eorum
2543 664 2987 731 praeceptorum,
3040 676 3166 731 quas
3214 663 3418 730 postea
3462 658 3521 714 in
3568 658 3695 732 lege

2041 750 2372 821 conscripta
2401 753 2559 804 sunt.
2592 748 2701 813 Qui
2758 765 2891 805 vero
2952 746 3373 821 expositionem
3431 748 3697 820 superio-

2041 854 2163 894 rem
2194 842 2390 894 tenerc
2420 837 2747 905 conabitur,
2776 837 2836 893 in
2868 854 2933 894 eo
2962 836 3117 909 quod
3150 835 3514 903 distinxerat,
3557 837 3700 908 quod

2041 934 2116 982 est
2144 927 2471 983 mandatum
2505 927 2753 997 primum
2798 929 2858 982 in
2906 916 3356 995 repromissione,
3407 926 3561 981 dicet
3602 943 3698 983 se-

2041 1015 2294 1088 paratim
2325 1032 2455 1071 esse
2490 1017 2889 1072 .mandatum:
2944 1018 3157 1072 Honora
3206 1018 3417 1086 patrem
3463 1023 3618 1070 tuum
3647 1024 3701 1072 et

2039 1112 2275 1162 matrem
2306 1111 2468 1160 tuam
2488 1124 2506 1161 :
2536 1111 2594 1161 et
2620 1109 2822 1177 postea
2868 1103 3388 1176 repromissionem
3434 1120 3542 1160 suo
3572 1103 3697 1161 loco

2042 1195 2316 1267 positam,
2349 1198 2409 1249 ut
2436 1197 2514 1251 sis
2548 1194 2831 1266 lonngus
2855 1210 3021 1266 super
3044 1202 3272 1261 terram,
3304 1209 3472 1265 quam
3496 1194 3696 1250 Domi-

2039 1302 2143 1341 nus
2174 1286 2313 1340 Deus
2344 1288 2470 1340 tuus
2517 1285 2670 1340 dabit
2704 1286 2827 1339 tibi.
2863 1284 2927 1339 In
2980 1283 3092 1339 hoc
3121 1299 3255 1339 vero
3304 1283 3604 1349 mandato,
3636 1283 3696 1339 id

2042 1379 2133 1430 est
2158 1392 2170 1429 :
2199 1376 2320 1430 Non
2345 1376 2519 1446 facies
2546 1374 2648 1430 tibi
2686 1373 2914 1443 idolum,
2964 1389 3138 1446 neque
3184 1388 3402 1429 omnem
3430 1374 3697 1429 similitu-

2043 1463 2252 1531 dinem,
2284 1480 2400 1519 non
2431 1480 2720 1532 seorsum,
2754 1464 2856 1519 sed
2889 1463 2999 1519 sub
3028 1478 3144 1518 uno
3174 1465 3337 1519 textu
3367 1466 3542 1534 atque
3578 1478 3697 1519 ser-

2045 1569 2239 1619 mone,
2271 1570 2388 1608 non
2422 1556 2541 1608 tam
2574 1551 3025 1625 promissionem
3071 1552 3290 1622 datam,
3341 1567 3519 1623 quam
3568 1567 3700 1607 sen-

2044 1642 2290 1698 tentiam
2321 1640 2381 1696 in
2412 1640 2616 1697 laudes
2646 1641 2746 1697 Dei
2777 1658 2905 1697 esse
2934 1640 3185 1707 ﬁnitam,
3226 1638 3488 1696 facientis
3523 1640 3701 1697 mise-

2044 1729 2354 1785 ricordiam
2385 1729 2445 1784 in
2477 1728 2665 1785 millia
2693 1730 2788 1785 his
2820 1730 2918 1800 qui
2972 1745 3109 1785 eum
3157 1728 3433 1802 diligunt,
3493 1734 3551 1784 et
3595 1745 3699 1784 cu-

2042 1820 2306 1876 stodiunt
2332 1820 2607 1875 mandata
2633 1821 2782 1891 ejus.
2816 1818 3075 1874 Rursum
3104 1817 3156 1873 is
3199 1817 3302 1889 qui
3345 1821 3469 1873 tota
3516 1822 3701 1874 Deca-

2040 1907 2158 1981 logi
2198 1908 2500 1975 mandata,
2532 1907 2790 1981 primum
2822 1907 3166 1963 mandatum
3198 1923 3329 1963 esse
3371 1907 3694 1979 contendit,

2040 1997 2557 2070 repromissionem
2590 1998 2648 2052 in
2677 2014 2795 2068 qua
2823 1996 3111 2069 scriptum
3135 2001 3252 2052 est:
3286 2004 3349 2052 ut
3381 1998 3462 2053 sis
3490 1997 3695 2067 longae—

2037 2104 2137 2142 vus
2156 2103 2319 2158 super
2348 2091 2576 2155 terram,
2611 2102 2777 2158 quam
2804 2087 3068 2143 Dominus
3086 2090 3232 2142 Deus
3251 2089 3378 2142 tuus
3401 2085 3552 2142 dabit
3573 2086 3695 2156 tibi,

2041 2193 2157 2231 non
2188 2175 2379 2232 solum
2411 2177 2482 2231 ad
2516 2193 2615 2232 eos
2646 2175 2934 2248 pertinere
2964 2174 3337 2241 monstrabit,
3364 2174 3465 2247 qui
3496 2192 3701 2247 paren-

2039 2264 2199 2319 tibus
2230 2265 2667 2336 obsequantur:
2700 2265 2804 2320 sed
2836 2262 3013 2320 etiam
3045 2264 3117 2319 ad
3150 2262 3265 2320 alia
3293 2263 3698 2320 innumerabi-

2039 2352 2119 2409 lia
2149 2358 2474 2426 prmcepta;
2506 2358 2564 2410 et
2602 2370 2841 2413 necesse
2887 2352 3129 2409 habebit
3157 2356 3370 2409 cuncta
3418 2353 3702 2425 replicare

2041 2443 2335 2514 mandata,
2368 2443 2426 2498 in
2455 2443 2671 2515 quibus
2703 2459 2925 2499 merces
2957 2443 3075 2498 hanc
3108 2446 3166 2499 ct
3204 2441 3512 2515 praemium
3562 2460 3703 2515 pro-

2041 2531 2370 2599 mittantur,
2404 2536 2471 2588 ut
2499 2533 2619 2588 sint
2648 2531 2895 2605 longaevi
2917 2549 3100 2604 super
3120 2536 3366 2600 terram,
3396 2549 3574 2604 quam
3598 2538 3702 2589 Do-

2040 2621 2241 2676 minus
2272 2624 2426 2677 Deus
2457 2638 2602 2677 suus
2632 2621 2860 2677 dederit
2902 2621 3009 2677 eis.
3058 2622 3106 2676 A
3135 2637 3250 2693 quo
3301 2621 3566 2677 diversus
3598 2620 3699 2678 ille

2039 2710 2265 2782 exigere
2295 2710 2529 2767 debebit
2558 2709 2868 2783 interpres,
2903 2715 2969 2765 ut
2997 2710 3199 2766 doceat
3229 2715 3367 2766 ante
3397 2710 3506 2767 hoc
3536 2728 3702 2767 man-

2039 2799 2268 2860 datum.
2303 2798 2403 2854 illa
2433 2817 2559 2872 quae
2590 2800 2662 2855 ab
2704 2816 2770 2856 eo
2820 2799 3043 2870 prolata
3095 2802 3255 2867 sunt,
3304 2799 3523 2873 scripta
3568 2817 3698 2857 esse

2039 2887 2337 2943 mandata.
2372 2889 2535 2955 Quod
2568 2888 2618 2944 si
2650 2905 2766 2945 non
2797 2889 3053 2961 potuerit
3082 2888 3428 2961 approbare,
3479 2889 3698 2947 frustra

2039 2980 2098 3032 et
2125 2978 2186 3032 in
2219 2976 2349 3033 aliis
2378 2977 2685 3050 praeceptis
2724 2977 2876 3034 hanc
2915 2977 3433 3050 repromissionem
3484 2978 3696 3049 adjun-

2039 3070 2193 3122 ctam
2224 3083 2352 3123 esse
2381 3067 2753 3123 memorabit.
2788 3066 2926 3123 Post
2954 3066 3076 3123 haec
3107 3066 3567 3135 retractandum,
3590 3084 3697 3140 pro

2038 3154 2258 3211 honera
2289 3156 2473 3227 patris
2503 3159 2560 3211 et
2588 3155 2819 3223 matris,
2850 3172 2967 3212 non
3004 3155 3320 3212 Judaicum
3374 3160 3432 3211 et
3461 3156 3697 3212 carnale

277 3261 433 3300 nunc
489 3224 721 3313 dixerit,
779 3248 921 3319 quod
948 3253 1030 3304 est
1087 3224 1411 3305 mandatum
1460 3252 1738 3323 primum:
1761 3224 1925 3306 -0um
1957 3224 2001 3291 ί)
2038 3261 2168 3301 esse
2199 3245 2580 3318 promissum,
2613 3247 2679 3300 ut
2709 3243 2949 3317 longaevi
2968 3245 3105 3313 sint,
3130 3242 3235 3300 ﬁlii
3257 3260 3434 3317 super
3453 3248 3693 3312 terram,

279 3332 536 3405 primum
557 3336 899 3392 mandatum
923 3337 1001 3393 sit
1023 3355 1036 3393 :
1068 3340 1192 3394 Non
1210 3343 1373 3394 erunt
1391 3341 1496 3395 tibi
1512 3339 1595 3395 dii
1609 3340 1715 3395 alii
1728 3343 1933 3411 praeter

275 3424 543 3495 me(Ibid.
578 3426 654 3493 3).
687 3427 1077 3492 Quamobrem
1110 3427 1379 3483 nonnulli
1411 3428 1494 3484 ita
1535 3427 1767 3501 legunt,‘
1790 3428 1931 3500 quod

276 3516 357 3566 est
384 3511 705 3568 mandatum
731 3516 987 3586 primum
1017 3515 1079 3570 in
1120 3517 1506 3588 promissione.
1558 3517 1735 3583 Quasi
1785 3534 1927 3589 qua-

277 3604 414 3655 tuor
442 3599 556 3655 alia
586 3602 883 3672 mandata,
916 3620 1044 3675 qua)
1075 3608 1209 3661 ante
1238 3604 1392 3661 dicta
1412 3608 1569 3672 sunt,
1605 3622 1722 3661 non
1753 3604 1929 3661 habe-

276 3688 422 3744 bant
452 3687 889 3759 promissiones,
922 3695 980 3748 et
1009 3693 1067 3748 in
1100 3694 1209 3749 hoc
1259 3693 1382 3749 solo
1422 3692 1762 3766 pollicitatio
1790 3694 1933 3751 fera-

277 3781 377 3831 tur
405 3777 701 3848 adjuncta,
731 3782 790 3833 ut
820 3779 952 3836 bene
979 3782 1054 3837 sit
1080 3782 1204 3849 tibi,
1235 3785 1284 3837 et
1324 3784 1403 3839 sis
1447 3784 1718 3855 longaevus
1769 3800 1933 3856 super

278 3868 488 3921 terram
511 3883 675 3939 quam
711 3870 979 3925 Dominus
1012 3875 1155 3926 Deus
1185 3880 1311 3927 tuus
1339 3871 1491 3928 dabit
1534 3874 1655 3927 tibi.
1707 3873 1818 3929 Sed
1847 3874 1929 3929 vi-

282 3955 499 4011 dentur
519 3956 664 4012 mihi
689 3975 803 4014 non
827 3959 1168 4016 observasse
1188 3960 1487 4032 subtilius,
1517 3967 1575 4017 et
1592 3961 1653 4017 in
1674 3962 1931 4019 secundo

284 4045 561 4102 mandato
591 4047 1105 4119 repromissionem
1138 4065 1267 4105 esse
1295 4051 1599 4106 sociatam.
1634 4051 1731 4107 Ait
1750 4051 1928 4119 enim:

278 4134 398 4190 Non
424 4133 601 4209 facies
624 4137 728 4192 tibi
756 4137 989 4205 idolum,
1020 4154 1196 4212 neque
1243 4155 1460 4195 omnem
1509 4139 1933 4196 similitudinem

280 4239 468 4279 eorum
497 4240 623 4297 quae
650 4228 711 4281 in
738 4227 868 4284 caelo
895 4244 1136 4297 sursum,
1167 4233 1218 4285 et
1237 4245 1356 4301 quae
1381 4230 1441 4284 in
1468 4232 1619 4289 terra
1647 4229 1929 4299 deorsum,

280 4320 334 4368 et
359 4328 485 4385 qua:
516 4315 577 4369 in
607 4317 768 4387 aquis
792 4318 981 4374 subtus
1009 4326 1215 4374 terram
1240 4337 1259 4373 :
1302 4334 1409 4374 non
1441 4318 1698 4374 adorabis
1748 4335 1833 4390 ea,
1881 4328 1932 4375 et

280 4417 393 4457 non
420 4403 737 4459 immolabis
769 4406 920 4461 illis:
959 4408 1069 4477 Ego
1113 4410 1262 4464 enim
1308 4425 1432 4463 sum
1474 4408 1737 4464 Dominus
1781 4413 1933 4467 Deus

283 4498 429 4558 tuus,
461 4492 603 4547 Deus
630 4493 845 4561 zelotes,
878 4495 974 4567 qui
1020 4495 1189 4554 reddo
1226 4501 1451 4569 peccata
1494 4501 1722 4570 patrum
1769 4499 1831 4553 in
1858 4498 1932 4567 ﬁ-

2042 3351 2219 3407 quam
2254 3332 2535 3390 Dominus
2558 3333 2712 3390 Deus
2742 3350 2890 3390 suus
2910 3334 3137 3389 dederit
3161 3334 3266 3389 eis.
3300 3332 3516 3389 Multos
3536 3334 3695 3390 enim

2041 3424 2225 3479 fuisse
2255 3422 2633 3490 credendum,
2667 3421 2769 3494 qui
2807 3426 2865 3478 et
2914 3422 3257 3495 parentibus
3305 3422 3695 3495 obsequentes

2042 3511 2155 3568 cito
2188 3511 2404 3567 mortui
2436 3510 2555 3566 sint
2583 3515 2641 3566 et
2671 3510 2731 3565 in
2761 3515 3031 3583 parentes
3060 3511 3226 3583 impii
3259 3527 3447 3583 usque
3492 3511 3565 3567 ad
3597 3528 3693 3568 ex-

2040 3605 2289 3657 tremam
2332 3599 2599 3656 venerint
2641 3603 3022 3656 senectutem.
3083 3599 3497 3672 Respondeant
3536 3601 3692 3657 enim

2040 3689 2229 3753 Judtai
2259 3693 2318 3745 et
2346 3688 2571 3745 similes
2599 3688 2962 3756 Judaeorum,
2994 3687 3044 3744 si
3072 3687 3202 3744 vitm
3233 3688 3405 3746 istius
3435 3688 3691 3763 longitu-

2042 3782 2115 3837 do
2156 3784 2245 3836 est
2274 3778 2333 3835 in
2363 3779 2757 3853 repromissis,
2790 3782 2847 3836 et
2875 3779 2976 3836 diu
2997 3780 3059 3836 in
3080 3796 3320 3854 corpore
3350 3798 3694 3854 permanere

2041 3868 2289 3926 felicitas
2318 3873 2426 3937 est,
2467 3868 2609 3940 quid
2639 3868 2754 3924 sibi
2782 3867 2907 3924 vult
2951 3868 3098 3925 illud
3148 3869 3208 3925 in
3254 3869 3547 3927 Psalmis:
3580 3872 3694 3927 Heu

2040 3960 2202 4027 mihi,
2235 3961 2366 4031 quia
2395 3959 2663 4015 incolatus
2689 3973 2840 4014 meus
2876 3960 3237 4030 prolongatus
3284 3964 3404 4016 est!
3450 3960 3695 4016 habitavi

2041 4064 2166 4104 eum
2213 4047 2590 4104 habitantibus
2640 4046 2820 4103 Cedar
2860 4048 3031 4117 (Psal.
3080 4064 3232 4113 cxxx,
3262 4050 3318 4118 5,
3352 4050 3430 4119 6).
3484 4049 3556 4106 Et
3585 4049 3693 4106 hoc

2042 4136 2372 4193 Salomonis
2425 4136 2487 4191 in
2545 4136 2926 4194 Ecclesiaste:
2989 4137 3236 4194 Laudavi
3285 4154 3379 4211 ego
3458 4140 3692 4196 omnes‘

2043 4233 2281 4282 mortuos
2310 4228 2407 4297 qui
2450 4226 2587 4282 olim
2627 4227 2833 4282 mortui
2887 4235 3035 4298 sunt,
3090 4242 3258 4300 super
3304 4229 3544 4285 viventes
3598 4230 3695 4302 qui

2042 4317 2233 4372 vivunt
2258 4330 2428 4386 usque
2459 4316 2515 4370 in
2539 4330 2788 4387 praesens
2825 4314 3014 4372 665:
3067 4323 3122 4371 et
3163 4316 3360 4373 melior
3402 4324 3483 4374 est
3536 4334 3695 4391 super

2043 4406 2137 4461 hos
2166 4404 2320 4476 duos,
2346 4406 2445 4477 qui
2470 4404 2700 4460 necdum
2745 4412 2909 4461 natus
2936 4408 3034 4477 est,
3083 4409 3137 4461 et
3180 4421 3293 4463 non
3338 4407 3491 4464 vidit
3528 4424 3693 4465 omne

2042 4510 2175 4567 opus
2203 4494 2415 4550 malum
2472 4494 2617 4566 quod
2668 4495 2880 4565 factum
2944 4498 3022 4551 est
3077 4495 3179 4551 sub
3233 4496 3344 4553 sole
3386 4496 3583 4568 (Eccle.
3613 4514 3685 4565 ιν,

284 4580 391 4637 lios
419 4596 591 4651 usque
618 4581 692 4637 ad
738 4586 962 4639 tertiam
993 4594 1043 4640 et
1089 4587 1343 4658 quartam
1387 4589 1814 4656 generationem,
1847 4588 1933 4641 his
1963 4599 2011 4665 Ι)
2040 4585 2098 4654 2,
2128 4584 2205 4656 3);
2239 4588 2295 4640 et
2323 4586 2457 4656 post
2488 4582 2798 4655 paululum
2824 4601 2836 4639 :
2869 4583 2936 4640 Si
2952 4586 3210 4654 genuerit
3232 4588 3319 4643 vir
3345 4592 3565 4643 centum
3582 4588 3687 4659 ’,ει

280 4669 379 4740 qui
406 4685 492 4725 me
520 4670 771 4739 oderunt,
798 4674 847 4728 et
884 4674 1030 4744 facio
1061 4674 1501 4731 misericordiam
1529 4677 1585 4730 in
1634 4676 1822 4731 millia
1848 4676 1934 4730 his

281 4759 380 4829 qui
401 4756 649 4831 diligunt
676 4776 781 4827 me,
814 4764 867 4817 et
903 4761 1216 4818 custodiunt
1268 4764 1539 4819 mandata
1592 4780 1713 4819 mea
1772 4764 1930 4835 (Ibid.

283 4848 314 4900 4
342 4847 419 4918 6).
453 4847 707 4905 Observa
734 4849 889 4906 enim
949 4852 1104 4922 quod
1151 4851 1324 4907 verba
1380 4852 1499 4908 sint
1555 4852 1928 4925 sponsionis:

281 4937 507 4991 Faciens
539 4940 972 4997 misericordiam
1004 4942 1065 4997 in
1092 4941 1275 4997 millia
1303 4942 1393 4997 his
1422 4942 1518 5014 qui
1554 4941 1797 5013 diligunt
1823 4958 1929 5009 me,

281 5028 332 5080 et
360 5025 669 5083 custodiunt
690 5029 955 5085 mandata
982 5047 1124 5087 mea.
1161 5029 1427 5087 Forsitan
1467 5046 1603 5101 ergo
1654 5030 1792 5103 quia
1822 5030 1929 5087 De-

283 5114 520 5187 calegus
551 5118 784 5179 exeunti
813 5119 883 5174 de
912 5122 1154 5193 ngypto
1187 5119 1418 5193 populo,
1444 5120 1635 5192 prima
1666 5120 1774 5176 Lex
1795 5121 1931 5177 data

356 5257 705 5340 ‘yoculam,
737 5261 1220 5340 omnes,_ip_semet
1250 5261 1638 5340 Hieronymus
1669 5262 1929 5340 _minime

278 5332 438 5386 novit
469 5332 528 5385 in
559 5332 1010 5389 Commentariis
1030 5332 1090 5388 in
1122 5333 1279 5390 hunc
1310 5332 1549 5401 librum,
1583 5333 1683 5389 ubi
1735 5350 1795 5390 se
1835 5339 1927 5390 ta-

277 5417 410 5458 men
443 5402 827 5477 Septuaginta
858 5404 1244 5476 Interpretum
1276 5405 1684 5463 consuetudini
1737 5406 1926 5477 magis

276 5477 593 5547 coaptavit.
617 5475 859 5547 Factum
891 5475 1123 5547 quoque
1143 5477 1378 5533 videtur
1406 5477 1735 5534 scribarum
1767 5475 1927 5533 erro-

278 5559 359 5621 re,
395 5547 550 5621 quod
582 5546 639 5601 in
671 5545 950 5621 Vaticano
979 5545 1124 5621 ejus
1156 5549 1439 5606 vereionis
1482 5547 1796 5621 exemplari
1827 5548 1923 5605 sit.

278 5614 487 5693 Eraudi
522 5622 716 5693 autem
750 5614 1177 5693 fueritAquilaa
1205 5621 1418 5693 versio,
1449 5620 1550 5693 qui
1598 5614 1732 5693 cum
1763 5639 1925 5693 καχρ-

280 5685 465 5760 ζήλως
497 5690 803 5750 Hebraeum
833 5685 1147 5751 articulum
1177 5702 1284 5765 na,
1307 5685 1502 5753 Graece
1531 5692 1797 5751 redderet
1831 5689 1922 5748 σὺν

2042 4688 2217 4729 annos
2242 4673 2429 4745 plures
2456 4674 2685 4744 vixerit,
2717 4680 2768 4729 et
2794 4673 2961 4729 multi
2993 4676 3209 4745 fuerint
3253 4674 3370 4732 dies
3410 4692 3689 4733 annormu

2041 4763 2180 4835 ejus,
2210 4765 2263 4819 et
2291 4763 2484 4818 anima
2524 4762 2679 4817 illius
2734 4763 3014 4835 repleatur
3068 4764 3243 4836 bonis,
3301 4769 3354 4822 et
3407 4766 3690 4839 sepultura

2039 4869 2157 4908 non
2184 4853 2257 4907 sit
2286 4853 2374 4907 ei:
2431 4850 2555 4907 dixi
2600 4850 2806 4908 melius
2855 4859 2939 4907 est
2977 4868 3143 4924 super
3187 4868 3313 4909 eum
3359 4854 3685 4928 abortivum,

2039 4943 2176 5016 quia
2204 4943 2266 4997 in
2298 4941 2541 4996 vanitate
2556 4941 2722 5009 venit,
2750 4944 2804 4996 et
2830 4942 2892 4996 in
2921 4941 3157 4998 tenebris
3184 4958 3383 5000 nomen
3429 4945 3546 5017 ejus
3573 4961 3691 5018 ope-

2040 5033 2219 5087 rietur
2237 5048 2255 5086 :
2277 5035 2332 5085 et
2374 5027 2591 5103 quidem
2639 5028 2807 5085 solem
2851 5045 2960 5086 non
2990 5030 3134 5087 vidit
3177 5031 3371 5103 (Ecele.
3412 5050 3489 5103 v1,
3520 5034 3576 5103 3,
3613 5033 3687 5105 4),

2040 5125 2098 5177 et
2126 5122 2348 5176 cmtera.
2379 5117 2438 5173 Si
2468 5117 2627 5175 enim
2654 5118 2972 5179 laudantur
3025 5136 3204 5195 super
3257 5122 3416 5180 vivos
3473 5123 3691 5180 mortui

2039 5263 2321 5336 adeoque,
2352 5258 2444 5314 σὺν
2478 5256 2981 5336 τοὺς-τεθνηῶτας,
3009 5262 3315 5336 refuderit,
3366 5268 3432 5321 ut
3460 5263 3521 5320 in
3569 5265 3695 5336 Ale-

2038 5331 2323 5409 xandrino
2354 5336 2445 5389 est
2490 5331 3042 5409 codice,__Vaticaniq
3068 5331 3386 5409 exscriptor
3432 5352 3539 5409 pro
3598 5335 3690 5391 σὺν

2036 5403 2186 5477 robe,
2223 5421 2369 5477 quas
2396 5421 2566 5477 voces
2596 5402 2742 5477 nihil
2791 5420 2919 5477 esse
2962 5402 3279 5464 arbitratus
3330 5402 3454 5474 est;
3491 5409 3694 5466 fecerit

2038 5474 2369 5549 aépmv'mc,
2399 5476 2650 5553 indeque
2679 5476 2948 5553 derivata;
2985 5479 3496 5553 interpretationes
3528 5480 3691 5538 Lati—

2036 5548 2147 5626 nis,
2180 5564 2389 5626 omnes.
2422 5548 2703 5626 Caeterum
2743 5565 2849 5606 nec
2900 5548 3197 5620 Hebraus,
3245 5568 3350 5609 nec
3396 5551 3688 5626 Vulgatus

2034 5624 2333 5695 interpres
2351 5619 2591 5695 habent.

2104 5696 2127 5731 ⁸
2154 5690 2400 5768 supplet
2423 5690 2735 5765 Victorius,
2764 5693 2929 5768 ﬁlios.
