  <div class='ocr_page' id='page_1' title='image "/cluster/home/n/w/nwhite01/storage/ocr_20150623/26/hvd.32044052772472/298.png"; bbox 0 0 4066 6190; ppageno 0'>
   <div class='ocr_carea' id='block_1_1' title="bbox 352 361 479 428">
    <p class='ocr_par' dir='ltr' id='par_1_1' title="bbox 352 361 479 428">
     <span class='ocr_line' id='line_1_1' title="bbox 352 361 479 428; baseline -0.024 0"><span class='ocrx_word' id='word_1_1' title='bbox 352 361 479 428; x_wconf 70' lang='lat'>5&#39;13</span> 
     </span>
    </p>
   </div>
   <div class='ocr_carea' id='block_1_2' title="bbox 1003 358 3130 436">
    <p class='ocr_par' dir='ltr' id='par_1_2' title="bbox 1003 358 3130 436">
     <span class='ocr_line' id='line_1_2' title="bbox 1003 358 3130 436; baseline -0.002 -11"><span class='ocrx_word' id='word_1_2' title='bbox 1003 359 1517 426; x_wconf 80' lang='lat' dir='ltr'>GOMMENTAR.</span> <span class='ocrx_word' id='word_1_3' title='bbox 1565 358 1645 424; x_wconf 87' lang='lat' dir='ltr'>IN</span> <span class='ocrx_word' id='word_1_4' title='bbox 1688 358 1937 425; x_wconf 84' lang='lat' dir='ltr'>EPIST.</span> <span class='ocrx_word' id='word_1_5' title='bbox 1985 360 2091 423; x_wconf 85' lang='lat' dir='ltr'>AD</span> <span class='ocrx_word' id='word_1_6' title='bbox 2133 358 2415 423; x_wconf 83' lang='lat' dir='ltr'>EPHES.</span> <span class='ocrx_word' id='word_1_7' title='bbox 2459 360 2612 423; x_wconf 90' lang='lat' dir='ltr'>LIB.</span> <span class='ocrx_word' id='word_1_8' title='bbox 2654 358 2765 436; x_wconf 88' lang='lat' dir='ltr'>Ill,</span> <span class='ocrx_word' id='word_1_9' title='bbox 2806 358 2982 423; x_wconf 86' lang='lat' dir='ltr'>CAP.</span> <span class='ocrx_word' id='word_1_10' title='bbox 3024 359 3130 423; x_wconf 81' lang='lat' dir='ltr'>VI.</span> 
     </span>
    </p>
   </div>
   <div class='ocr_carea' id='block_1_3' title="bbox 3651 358 3773 443">
    <p class='ocr_par' dir='ltr' id='par_1_3' title="bbox 3651 358 3773 443">
     <span class='ocr_line' id='line_1_3' title="bbox 3651 358 3773 443; baseline -0.025 -23"><span class='ocrx_word' id='word_1_11' title='bbox 3651 358 3773 443; x_wconf 63' lang='grc' dir='ltr'>δτι</span> 
     </span>
    </p>
   </div>
   <div class='ocr_carea' id='block_1_4' title="bbox 357 491 3768 570">
    <p class='ocr_par' dir='ltr' id='par_1_4' title="bbox 357 491 3768 570">
     <span class='ocr_line' id='line_1_4' title="bbox 357 491 3768 570; baseline -0.001 -17"><span class='ocrx_word' id='word_1_12' title='bbox 357 496 441 570; x_wconf 87' lang='lat' dir='ltr'>(et</span> <span class='ocrx_word' id='word_1_13' title='bbox 460 496 637 569; x_wconf 81' lang='lat' dir='ltr'>juxta</span> <span class='ocrx_word' id='word_1_14' title='bbox 663 495 952 568; x_wconf 88' lang='lat' dir='ltr'>quosdam</span> <span class='ocrx_word' id='word_1_15' title='bbox 994 495 1116 568; x_wconf 86' lang='lat' dir='ltr'>qui,</span> <span class='ocrx_word' id='word_1_16' title='bbox 1166 500 1479 569; x_wconf 83' lang='lat' dir='ltr'>antequam</span> <span class='ocrx_word' id='word_1_17' title='bbox 1525 499 1585 551; x_wconf 85' lang='lat' dir='ltr'>in</span> <span class='ocrx_word' id='word_1_18' title='bbox 1632 513 1875 569; x_wconf 90' lang='lat' dir='ltr'>corpora</span> <span class='ocrx_word' id='word_1_19' title='bbox 1903 495 2015 551; x_wconf 91' lang='lat' dir='ltr'>ista</span> <span class='ocrx_word' id='word_1_20' title='bbox 2040 495 2097 562; x_wconf 84' lang='grc' dir='ltr'><strong>Α</strong></span> <span class='ocrx_word' id='word_1_21' title='bbox 2126 497 2367 569; x_wconf 88' lang='lat' dir='ltr'>reptione</span> <span class='ocrx_word' id='word_1_22' title='bbox 2396 496 2636 551; x_wconf 78' lang='lat' dir='ltr'>Domini.</span> <span class='ocrx_word' id='word_1_23' title='bbox 2670 497 2854 562; x_wconf 81' lang='lat' dir='ltr'>Quam</span> <span class='ocrx_word' id='word_1_24' title='bbox 2884 494 3308 567; x_wconf 89' lang='lat' dir='ltr'>correptionem</span> <span class='ocrx_word' id='word_1_25' title='bbox 3357 510 3465 551; x_wconf 87' lang='lat' dir='ltr'>nos</span> <span class='ocrx_word' id='word_1_26' title='bbox 3492 491 3768 568; x_wconf 82' lang='lat' dir='ltr'>legimus,</span> 
     </span>
    </p>
   </div>
   <div class='ocr_carea' id='block_1_5' title="bbox 358 583 2014 656">
    <p class='ocr_par' dir='ltr' id='par_1_5' title="bbox 358 583 2014 656">
     <span class='ocr_line' id='line_1_5' title="bbox 358 583 2014 656; baseline -0.002 -14"><span class='ocrx_word' id='word_1_27' title='bbox 358 584 737 650; x_wconf 83' lang='lat' dir='ltr'>descendant,</span> <span class='ocrx_word' id='word_1_28' title='bbox 772 583 1002 639; x_wconf 89' lang='lat' dir='ltr'>animas</span> <span class='ocrx_word' id='word_1_29' title='bbox 1033 584 1241 656; x_wconf 81' lang='lat' dir='ltr'>degere</span> <span class='ocrx_word' id='word_1_30' title='bbox 1273 584 1333 640; x_wconf 93' lang='lat' dir='ltr'>in</span> <span class='ocrx_word' id='word_1_31' title='bbox 1364 584 1700 640; x_wconf 85' lang='lat' dir='ltr'>coelestibus</span> <span class='ocrx_word' id='word_1_32' title='bbox 1732 584 2014 640; x_wconf 88' lang='lat' dir='ltr'>arbitran-</span> 
     </span>
    </p>
   </div>
   <div class='ocr_carea' id='block_1_6' title="bbox 358 672 2014 746">
    <p class='ocr_par' dir='ltr' id='par_1_6' title="bbox 358 672 2014 746">
     <span class='ocr_line' id='line_1_6' title="bbox 358 672 2014 746; baseline 0 -17"><span class='ocrx_word' id='word_1_33' title='bbox 358 678 475 745; x_wconf 93' lang='lat' dir='ltr'>tur,</span> <span class='ocrx_word' id='word_1_34' title='bbox 509 672 716 729; x_wconf 81' lang='lat' dir='ltr'>melior</span> <span class='ocrx_word' id='word_1_35' title='bbox 746 689 875 728; x_wconf 89' lang='lat' dir='ltr'>esse</span> <span class='ocrx_word' id='word_1_36' title='bbox 923 672 1138 728; x_wconf 88' lang='lat' dir='ltr'>dicitur</span> <span class='ocrx_word' id='word_1_37' title='bbox 1184 674 1439 741; x_wconf 91' lang='lat' dir='ltr'>duobus,</span> <span class='ocrx_word' id='word_1_38' title='bbox 1481 672 1580 746; x_wconf 89' lang='lat' dir='ltr'>qui</span> <span class='ocrx_word' id='word_1_39' title='bbox 1630 673 1880 729; x_wconf 84' lang='lat' dir='ltr'>necdum</span> <span class='ocrx_word' id='word_1_40' title='bbox 1912 690 2014 729; x_wconf 89' lang='lat' dir='ltr'>na-</span> 
     </span>
    </p>
   </div>
   <div class='ocr_carea' id='block_1_7' title="bbox 358 761 2015 830">
    <p class='ocr_par' dir='ltr' id='par_1_7' title="bbox 358 761 2015 830">
     <span class='ocr_line' id='line_1_7' title="bbox 358 761 2015 830; baseline -0.001 -11"><span class='ocrx_word' id='word_1_41' title='bbox 358 767 458 819; x_wconf 89' lang='lat' dir='ltr'>tus</span> <span class='ocrx_word' id='word_1_42' title='bbox 489 766 597 830; x_wconf 88' lang='lat' dir='ltr'>est,</span> <span class='ocrx_word' id='word_1_43' title='bbox 630 767 689 817; x_wconf 89' lang='lat' dir='ltr'>et</span> <span class='ocrx_word' id='word_1_44' title='bbox 716 761 911 818; x_wconf 88' lang='lat' dir='ltr'>omnis</span> <span class='ocrx_word' id='word_1_45' title='bbox 942 762 1057 818; x_wconf 91' lang='lat' dir='ltr'>ista</span> <span class='ocrx_word' id='word_1_46' title='bbox 1084 762 1204 818; x_wconf 86' lang='lat' dir='ltr'>vita</span> <span class='ocrx_word' id='word_1_47' title='bbox 1232 763 1479 818; x_wconf 89' lang='lat' dir='ltr'>tentatio</span> <span class='ocrx_word' id='word_1_48' title='bbox 1510 767 1637 830; x_wconf 88' lang='lat' dir='ltr'>est;</span> <span class='ocrx_word' id='word_1_49' title='bbox 1673 767 1730 818; x_wconf 92' lang='lat' dir='ltr'>et</span> <span class='ocrx_word' id='word_1_50' title='bbox 1759 762 2015 818; x_wconf 89' lang='lat' dir='ltr'>secundo</span> 
     </span>
    </p>
   </div>
   <div class='ocr_carea' id='block_1_8' title="bbox 358 851 2018 925">
    <p class='ocr_par' dir='ltr' id='par_1_8' title="bbox 358 851 2018 925">
     <span class='ocr_line' id='line_1_8' title="bbox 358 851 2018 925; baseline -0.002 -16"><span class='ocrx_word' id='word_1_51' title='bbox 358 853 507 909; x_wconf 83' lang='lat' dir='ltr'>Job:</span> <span class='ocrx_word' id='word_1_52' title='bbox 543 855 701 907; x_wconf 84' lang='lat' dir='ltr'>Mors</span> <span class='ocrx_word' id='word_1_53' title='bbox 734 853 845 907; x_wconf 86' lang='lat' dir='ltr'>viri</span> <span class='ocrx_word' id='word_1_54' title='bbox 884 851 992 920; x_wconf 89' lang='grc' dir='ltr'>[ΑΙ.</span> <span class='ocrx_word' id='word_1_55' title='bbox 1045 853 1182 924; x_wconf 88' lang='lat' dir='ltr'>viro]</span> <span class='ocrx_word' id='word_1_56' title='bbox 1239 855 1453 925; x_wconf 79' lang='lat' dir='ltr'>requies</span> <span class='ocrx_word' id='word_1_57' title='bbox 1514 853 1649 925; x_wconf 83' lang='lat' dir='ltr'>(Job.</span> <span class='ocrx_word' id='word_1_58' title='bbox 1685 871 1769 925; x_wconf 85' lang='grc' dir='ltr'>ιιι,</span> <span class='ocrx_word' id='word_1_59' title='bbox 1800 853 1925 924; x_wconf 69' lang='grc' dir='ltr'>13)ξ</span> <span class='ocrx_word' id='word_1_60' title='bbox 1961 856 2018 907; x_wconf 90' lang='lat' dir='ltr'>et</span> 
     </span>
    </p>
   </div>
   <div class='ocr_carea' id='block_1_9' title="bbox 356 940 2019 1014">
    <p class='ocr_par' dir='ltr' id='par_1_9' title="bbox 356 940 2019 1014">
     <span class='ocr_line' id='line_1_9' title="bbox 356 940 2019 1014; baseline 0 -17"><span class='ocrx_word' id='word_1_61' title='bbox 356 942 526 1014; x_wconf 80' lang='lat' dir='ltr'>juxta</span> <span class='ocrx_word' id='word_1_62' title='bbox 555 940 830 998; x_wconf 89' lang='lat' dir='ltr'>eumdem</span> <span class='ocrx_word' id='word_1_63' title='bbox 864 940 1018 1011; x_wconf 89' lang='lat' dir='ltr'>(Ibid.</span> <span class='ocrx_word' id='word_1_64' title='bbox 1058 942 1112 1012; x_wconf 92' lang='lat'>3)</span> <span class='ocrx_word' id='word_1_65' title='bbox 1146 945 1203 998; x_wconf 90' lang='lat' dir='ltr'>et</span> <span class='ocrx_word' id='word_1_66' title='bbox 1232 941 1567 1010; x_wconf 86' lang='lat' dir='ltr'>Jeremiam,</span> <span class='ocrx_word' id='word_1_67' title='bbox 1600 941 1907 998; x_wconf 72' lang='lat' dir='ltr'>Maledicta</span> <span class='ocrx_word' id='word_1_68' title='bbox 1928 946 2019 997; x_wconf 91' lang='lat' dir='ltr'>est</span> 
     </span>
    </p>
   </div>
   <div class='ocr_carea' id='block_1_10' title="bbox 363 1030 2016 1103">
    <p class='ocr_par' dir='ltr' id='par_1_10' title="bbox 363 1030 2016 1103">
     <span class='ocr_line' id='line_1_10' title="bbox 363 1030 2016 1103; baseline -0.001 -15"><span class='ocrx_word' id='word_1_69' title='bbox 363 1033 489 1088; x_wconf 90' lang='lat' dir='ltr'>dies</span> <span class='ocrx_word' id='word_1_70' title='bbox 543 1030 603 1086; x_wconf 91' lang='lat' dir='ltr'>in</span> <span class='ocrx_word' id='word_1_71' title='bbox 664 1047 781 1102; x_wconf 90' lang='lat' dir='ltr'>qua</span> <span class='ocrx_word' id='word_1_72' title='bbox 837 1030 1140 1087; x_wconf 83' lang='lat' dir='ltr'>nascimur</span> <span class='ocrx_word' id='word_1_73' title='bbox 1189 1032 1408 1098; x_wconf 87' lang='lat' dir='ltr'>(Jerem.</span> <span class='ocrx_word' id='word_1_74' title='bbox 1455 1049 1548 1100; x_wconf 81' lang='lat' dir='ltr'>xx,</span> <span class='ocrx_word' id='word_1_75' title='bbox 1581 1032 1689 1099; x_wconf 78' lang='grc'>14),</span> <span class='ocrx_word' id='word_1_76' title='bbox 1723 1032 2016 1103; x_wconf 90' lang='lat' dir='ltr'>quomodo</span> 
     </span>
    </p>
   </div>
   <div class='ocr_carea' id='block_1_11' title="bbox 361 1119 2016 1194">
    <p class='ocr_par' dir='ltr' id='par_1_11' title="bbox 361 1119 2016 1194">
     <span class='ocr_line' id='line_1_11' title="bbox 361 1119 2016 1194; baseline -0.001 -16"><span class='ocrx_word' id='word_1_77' title='bbox 361 1136 519 1178; x_wconf 91' lang='lat' dir='ltr'>nunc</span> <span class='ocrx_word' id='word_1_78' title='bbox 563 1119 993 1193; x_wconf 87' lang='lat' dir='ltr'>repromittitur</span> <span class='ocrx_word' id='word_1_79' title='bbox 1038 1120 1466 1177; x_wconf 84' lang='lat' dir='ltr'>honorantibus</span> <span class='ocrx_word' id='word_1_80' title='bbox 1514 1126 1739 1194; x_wconf 83' lang='lat' dir='ltr'>patrem</span> <span class='ocrx_word' id='word_1_81' title='bbox 1790 1126 1846 1177; x_wconf 92' lang='lat' dir='ltr'>et</span> <span class='ocrx_word' id='word_1_82' title='bbox 1890 1137 2016 1177; x_wconf 89' lang='lat' dir='ltr'>ma-</span> 
     </span>
    </p>
   </div>
   <div class='ocr_carea' id='block_1_12' title="bbox 359 1208 2017 1283">
    <p class='ocr_par' dir='ltr' id='par_1_12' title="bbox 359 1208 2017 1283">
     <span class='ocr_line' id='line_1_12' title="bbox 359 1208 2017 1283; baseline -0.001 -16"><span class='ocrx_word' id='word_1_83' title='bbox 359 1214 512 1268; x_wconf 87' lang='lat' dir='ltr'>trem</span> <span class='ocrx_word' id='word_1_84' title='bbox 545 1210 698 1282; x_wconf 92' lang='lat' dir='ltr'>quod</span> <span class='ocrx_word' id='word_1_85' title='bbox 732 1208 977 1281; x_wconf 68' lang='lat' dir='ltr'>longaevi</span> <span class='ocrx_word' id='word_1_86' title='bbox 1025 1210 1146 1265; x_wconf 91' lang='lat' dir='ltr'>sint</span> <span class='ocrx_word' id='word_1_87' title='bbox 1199 1227 1377 1283; x_wconf 85' lang='lat' dir='ltr'>super</span> <span class='ocrx_word' id='word_1_88' title='bbox 1423 1215 1665 1279; x_wconf 89' lang='lat' dir='ltr'>terram,</span> <span class='ocrx_word' id='word_1_89' title='bbox 1696 1227 1874 1282; x_wconf 87' lang='lat' dir='ltr'>quam</span> <span class='ocrx_word' id='word_1_90' title='bbox 1905 1211 2017 1266; x_wconf 89' lang='lat' dir='ltr'>Do-</span> 
     </span>
    </p>
   </div>
   <div class='ocr_carea' id='block_1_13' title="bbox 361 1298 2018 1372">
    <p class='ocr_par' dir='ltr' id='par_1_13' title="bbox 361 1298 2018 1372">
     <span class='ocr_line' id='line_1_13' title="bbox 361 1298 2018 1372; baseline -0.001 -17"><span class='ocrx_word' id='word_1_91' title='bbox 361 1300 565 1355; x_wconf 85' lang='lat' dir='ltr'>minus</span> <span class='ocrx_word' id='word_1_92' title='bbox 597 1298 753 1354; x_wconf 92' lang='lat' dir='ltr'>Deus</span> <span class='ocrx_word' id='word_1_93' title='bbox 784 1315 930 1354; x_wconf 91' lang='lat' dir='ltr'>suus</span> <span class='ocrx_word' id='word_1_94' title='bbox 956 1299 1181 1355; x_wconf 87' lang='lat' dir='ltr'>dederit</span> <span class='ocrx_word' id='word_1_95' title='bbox 1206 1299 1290 1355; x_wconf 91' lang='lat' dir='ltr'>eis</span> <span class='ocrx_word' id='word_1_96' title='bbox 1315 1299 1343 1354; x_wconf 87' lang='lat'><strong>?</strong></span> <span class='ocrx_word' id='word_1_97' title='bbox 1394 1300 1715 1365; x_wconf 56' lang='lat' dir='ltr'>Quaerenda</span> <span class='ocrx_word' id='word_1_98' title='bbox 1765 1305 1853 1356; x_wconf 90' lang='lat' dir='ltr'>est</span> <span class='ocrx_word' id='word_1_99' title='bbox 1882 1316 2018 1372; x_wconf 90' lang='lat' dir='ltr'>ergo</span> 
     </span>
    </p>
   </div>
   <div class='ocr_carea' id='block_1_14' title="bbox 360 1387 2020 1461">
    <p class='ocr_par' dir='ltr' id='par_1_14' title="bbox 360 1387 2020 1461">
     <span class='ocr_line' id='line_1_14' title="bbox 360 1387 2020 1461; baseline 0.001 -17"><span class='ocrx_word' id='word_1_100' title='bbox 360 1391 539 1455; x_wconf 89' lang='lat' dir='ltr'>terra,</span> <span class='ocrx_word' id='word_1_101' title='bbox 574 1403 751 1459; x_wconf 90' lang='lat' dir='ltr'>quam</span> <span class='ocrx_word' id='word_1_102' title='bbox 783 1387 1069 1444; x_wconf 88' lang='lat' dir='ltr'>Dominus</span> <span class='ocrx_word' id='word_1_103' title='bbox 1100 1388 1452 1460; x_wconf 90' lang='lat' dir='ltr'>repromittit</span> <span class='ocrx_word' id='word_1_104' title='bbox 1482 1395 1538 1444; x_wconf 91' lang='lat' dir='ltr'>et</span> <span class='ocrx_word' id='word_1_105' title='bbox 1558 1389 1768 1445; x_wconf 85' lang='lat' dir='ltr'>tribuit</span> <span class='ocrx_word' id='word_1_106' title='bbox 1804 1388 1896 1444; x_wconf 90' lang='lat' dir='ltr'>his</span> <span class='ocrx_word' id='word_1_107' title='bbox 1918 1389 2020 1461; x_wconf 91' lang='lat' dir='ltr'>qui</span> 
     </span>
    </p>
   </div>
   <div class='ocr_carea' id='block_1_15' title="bbox 363 1476 2022 1551">
    <p class='ocr_par' dir='ltr' id='par_1_15' title="bbox 363 1476 2022 1551">
     <span class='ocr_line' id='line_1_15' title="bbox 363 1476 2022 1551; baseline -0.001 -16"><span class='ocrx_word' id='word_1_108' title='bbox 363 1476 736 1551; x_wconf 89' lang='lat' dir='ltr'>spiritualem</span> <span class='ocrx_word' id='word_1_109' title='bbox 767 1478 1080 1551; x_wconf 68' lang='lat' dir='ltr'>[Egyptum</span> <span class='ocrx_word' id='word_1_110' title='bbox 1111 1476 1474 1550; x_wconf 87' lang='lat' dir='ltr'>reliquerint,</span> <span class='ocrx_word' id='word_1_111' title='bbox 1508 1483 1563 1534; x_wconf 91' lang='lat' dir='ltr'>et</span> <span class='ocrx_word' id='word_1_112' title='bbox 1584 1496 1719 1534; x_wconf 88' lang='lat' dir='ltr'>cum</span> <span class='ocrx_word' id='word_1_113' title='bbox 1743 1478 1901 1534; x_wconf 91' lang='lat' dir='ltr'>omni</span> <span class='ocrx_word' id='word_1_114' title='bbox 1926 1496 2022 1551; x_wconf 88' lang='lat' dir='ltr'>pa-</span> 
     </span>
    </p>
   </div>
   <div class='ocr_carea' id='block_1_16' title="bbox 362 1566 2022 1638">
    <p class='ocr_par' dir='ltr' id='par_1_16' title="bbox 362 1566 2022 1638">
     <span class='ocr_line' id='line_1_16' title="bbox 362 1566 2022 1638; baseline 0.001 -15"><span class='ocrx_word' id='word_1_115' title='bbox 362 1566 594 1633; x_wconf 87' lang='lat' dir='ltr'>tientia,</span> <span class='ocrx_word' id='word_1_116' title='bbox 653 1582 867 1638; x_wconf 87' lang='lat' dir='ltr'>magna</span> <span class='ocrx_word' id='word_1_117' title='bbox 924 1571 983 1622; x_wconf 91' lang='lat' dir='ltr'>et</span> <span class='ocrx_word' id='word_1_118' title='bbox 1043 1566 1329 1623; x_wconf 84' lang='lat' dir='ltr'>terribilia</span> <span class='ocrx_word' id='word_1_119' title='bbox 1382 1568 1513 1622; x_wconf 64' lang='lat' dir='ltr'>vitae</span> <span class='ocrx_word' id='word_1_120' title='bbox 1574 1567 1747 1624; x_wconf 89' lang='lat' dir='ltr'>istius</span> <span class='ocrx_word' id='word_1_121' title='bbox 1792 1569 2022 1625; x_wconf 90' lang='lat' dir='ltr'>deserta</span> 
     </span>
    </p>
   </div>
   <div class='ocr_carea' id='block_1_17' title="bbox 364 1644 2020 1730">
    <p class='ocr_par' dir='ltr' id='par_1_17' title="bbox 364 1644 2020 1730">
     <span class='ocr_line' id='line_1_17' title="bbox 364 1644 2020 1730; baseline 0.001 -18"><span class='ocrx_word' id='word_1_122' title='bbox 364 1655 729 1722; x_wconf 85' lang='lat' dir='ltr'>transierint,</span> <span class='ocrx_word' id='word_1_123' title='bbox 762 1659 819 1711; x_wconf 91' lang='lat' dir='ltr'>et</span> <span class='ocrx_word' id='word_1_124' title='bbox 846 1655 1090 1711; x_wconf 88' lang='lat' dir='ltr'>vicerint</span> <span class='ocrx_word' id='word_1_125' title='bbox 1120 1644 1286 1729; x_wconf 87' lang='lat' dir='ltr'>reges</span> <span class='ocrx_word' id='word_1_126' title='bbox 1333 1673 1598 1729; x_wconf 86' lang='lat' dir='ltr'>magnos,</span> <span class='ocrx_word' id='word_1_127' title='bbox 1632 1675 1778 1729; x_wconf 90' lang='lat' dir='ltr'>quos</span> <span class='ocrx_word' id='word_1_128' title='bbox 1810 1675 2020 1730; x_wconf 92' lang='lat' dir='ltr'>percu-</span> 
     </span>
    </p>
   </div>
   <div class='ocr_carea' id='block_1_18' title="bbox 359 1743 2022 1819">
    <p class='ocr_par' dir='ltr' id='par_1_18' title="bbox 359 1743 2022 1819">
     <span class='ocr_line' id='line_1_18' title="bbox 359 1743 2022 1819; baseline 0.001 -17"><span class='ocrx_word' id='word_1_129' title='bbox 359 1744 434 1803; x_wconf 88' lang='lat' dir='ltr'>tit</span> <span class='ocrx_word' id='word_1_130' title='bbox 454 1743 740 1800; x_wconf 88' lang='lat' dir='ltr'>Dominus</span> <span class='ocrx_word' id='word_1_131' title='bbox 768 1762 780 1800; x_wconf 92' lang='lat'>:</span> <span class='ocrx_word' id='word_1_132' title='bbox 806 1749 862 1800; x_wconf 87' lang='lat' dir='ltr'>et</span> <span class='ocrx_word' id='word_1_133' title='bbox 882 1744 1220 1801; x_wconf 86' lang='lat' dir='ltr'>transierint</span> <span class='ocrx_word' id='word_1_134' title='bbox 1239 1746 1300 1801; x_wconf 90' lang='lat' dir='ltr'>in</span> <span class='ocrx_word' id='word_1_135' title='bbox 1329 1747 1593 1802; x_wconf 71' lang='lat' dir='ltr'>Judaaam</span> <span class='ocrx_word' id='word_1_136' title='bbox 1635 1764 1762 1819; x_wconf 67' lang='lat' dir='ltr'>quae</span> <span class='ocrx_word' id='word_1_137' title='bbox 1787 1746 1935 1803; x_wconf 90' lang='lat' dir='ltr'>lacte</span> <span class='ocrx_word' id='word_1_138' title='bbox 1964 1751 2022 1803; x_wconf 88' lang='lat' dir='ltr'>et</span> 
     </span>
    </p>
   </div>
   <div class='ocr_carea' id='block_1_19' title="bbox 2126 572 3871 656">
    <p class='ocr_par' dir='ltr' id='par_1_19' title="bbox 2126 572 3871 656">
     <span class='ocr_line' id='line_1_19' title="bbox 2126 572 3871 656; baseline -0.001 -15"><span class='ocrx_word' id='word_1_139' title='bbox 2126 585 2336 641; x_wconf 91' lang='lat' dir='ltr'>melius</span> <span class='ocrx_word' id='word_1_140' title='bbox 2366 586 2424 641; x_wconf 91' lang='lat' dir='ltr'>in</span> <span class='ocrx_word' id='word_1_141' title='bbox 2456 585 2653 641; x_wconf 85' lang='lat' dir='ltr'>Graeco</span> <span class='ocrx_word' id='word_1_142' title='bbox 2683 584 2897 640; x_wconf 89' lang='lat' dir='ltr'>dicitur</span> <span class='ocrx_word' id='word_1_143' title='bbox 2932 581 3196 653; x_wconf 78' lang='grc' dir='ltr'>νουθεσία,</span> <span class='ocrx_word' id='word_1_144' title='bbox 3255 600 3381 656; x_wconf 73' lang='lat' dir='ltr'>quae</span> <span class='ocrx_word' id='word_1_145' title='bbox 3439 584 3773 640; x_wconf 84' lang='lat' dir='ltr'>admonitio-</span> <span class='ocrx_word' id='word_1_146' title='bbox 3868 572 3871 581; x_wconf 60' lang='grc'><em>’</em></span> 
     </span>
    </p>
   </div>
   <div class='ocr_carea' id='block_1_20' title="bbox 2124 674 3768 747">
    <p class='ocr_par' dir='ltr' id='par_1_20' title="bbox 2124 674 3768 747">
     <span class='ocr_line' id='line_1_20' title="bbox 2124 674 3768 747; baseline -0.001 -16"><span class='ocrx_word' id='word_1_147' title='bbox 2124 692 2248 731; x_wconf 85' lang='lat' dir='ltr'>nem</span> <span class='ocrx_word' id='word_1_148' title='bbox 2280 674 2467 747; x_wconf 89' lang='lat' dir='ltr'>magis</span> <span class='ocrx_word' id='word_1_149' title='bbox 2498 679 2554 730; x_wconf 87' lang='lat' dir='ltr'>et</span> <span class='ocrx_word' id='word_1_150' title='bbox 2580 674 2944 730; x_wconf 79' lang='lat' dir='ltr'>eruditionem</span> <span class='ocrx_word' id='word_1_151' title='bbox 2974 689 3151 746; x_wconf 90' lang='lat' dir='ltr'>quam</span> <span class='ocrx_word' id='word_1_152' title='bbox 3182 676 3555 729; x_wconf 76' lang='lat' dir='ltr'>austeritatem</span> <span class='ocrx_word' id='word_1_153' title='bbox 3578 677 3768 731; x_wconf 89' lang='lat' dir='ltr'>sonat.</span> 
     </span>
    </p>
   </div>
   <div class='ocr_carea' id='block_1_21' title="bbox 2124 761 3775 837">
    <p class='ocr_par' dir='ltr' id='par_1_21' title="bbox 2124 761 3775 837">
     <span class='ocr_line' id='line_1_21' title="bbox 2124 761 3775 837; baseline -0.002 -16"><span class='ocrx_word' id='word_1_154' title='bbox 2124 764 2346 836; x_wconf 88' lang='lat' dir='ltr'>Legant</span> <span class='ocrx_word' id='word_1_155' title='bbox 2375 763 2630 837; x_wconf 89' lang='lat' dir='ltr'>episcopi</span> <span class='ocrx_word' id='word_1_156' title='bbox 2675 768 2851 835; x_wconf 89' lang='lat' dir='ltr'>atque</span> <span class='ocrx_word' id='word_1_157' title='bbox 2908 761 3253 835; x_wconf 83' lang='lat' dir='ltr'>presbyteri,</span> <span class='ocrx_word' id='word_1_158' title='bbox 3319 762 3422 833; x_wconf 92' lang='lat' dir='ltr'>qui</span> <span class='ocrx_word' id='word_1_159' title='bbox 3452 761 3603 817; x_wconf 90' lang='lat' dir='ltr'>ﬁlios</span> <span class='ocrx_word' id='word_1_160' title='bbox 3636 778 3775 819; x_wconf 90' lang='lat' dir='ltr'>suos</span> 
     </span>
    </p>
   </div>
   <div class='ocr_carea' id='block_1_22' title="bbox 2125 850 3776 920">
    <p class='ocr_par' dir='ltr' id='par_1_22' title="bbox 2125 850 3776 920">
     <span class='ocr_line' id='line_1_22' title="bbox 2125 850 3776 920; baseline -0.002 -10"><span class='ocrx_word' id='word_1_161' title='bbox 2125 852 2505 910; x_wconf 68' lang='lat' dir='ltr'>saecularibus</span> <span class='ocrx_word' id='word_1_162' title='bbox 2537 851 2749 908; x_wconf 85' lang='lat' dir='ltr'>litteris</span> <span class='ocrx_word' id='word_1_163' title='bbox 2777 852 3073 920; x_wconf 91' lang='lat' dir='ltr'>erudiunt,</span> <span class='ocrx_word' id='word_1_164' title='bbox 3108 855 3164 907; x_wconf 90' lang='lat' dir='ltr'>et</span> <span class='ocrx_word' id='word_1_165' title='bbox 3208 850 3433 906; x_wconf 86' lang='lat' dir='ltr'>faciunt</span> <span class='ocrx_word' id='word_1_166' title='bbox 3461 851 3776 907; x_wconf 72' lang='lat' dir='ltr'>commdias</span> 
     </span>
    </p>
   </div>
   <div class='ocr_carea' id='block_1_23' title="bbox 2123 940 3776 1014">
    <p class='ocr_par' dir='ltr' id='par_1_23' title="bbox 2123 940 3776 1014">
     <span class='ocr_line' id='line_1_23' title="bbox 2123 940 3776 1014; baseline -0.001 -17"><span class='ocrx_word' id='word_1_167' title='bbox 2123 941 2333 1014; x_wconf 87' lang='lat' dir='ltr'>legere,</span> <span class='ocrx_word' id='word_1_168' title='bbox 2367 946 2421 997; x_wconf 91' lang='lat' dir='ltr'>et</span> <span class='ocrx_word' id='word_1_169' title='bbox 2467 941 2783 997; x_wconf 91' lang='lat' dir='ltr'>mimorum</span> <span class='ocrx_word' id='word_1_170' title='bbox 2844 941 3041 1013; x_wconf 89' lang='lat' dir='ltr'>turpia</span> <span class='ocrx_word' id='word_1_171' title='bbox 3071 940 3291 1013; x_wconf 89' lang='lat' dir='ltr'>scripta</span> <span class='ocrx_word' id='word_1_172' title='bbox 3321 943 3337 976; x_wconf 85' lang='grc'>¹</span> <span class='ocrx_word' id='word_1_173' title='bbox 3401 943 3656 1008; x_wconf 90' lang='lat' dir='ltr'>cantare,</span> <span class='ocrx_word' id='word_1_174' title='bbox 3706 941 3776 996; x_wconf 92' lang='lat' dir='ltr'>de</span> 
     </span>
    </p>
   </div>
   <div class='ocr_carea' id='block_1_24' title="bbox 2125 1029 3772 1102">
    <p class='ocr_par' dir='ltr' id='par_1_24' title="bbox 2125 1029 3772 1102">
     <span class='ocr_line' id='line_1_24' title="bbox 2125 1029 3772 1102; baseline -0.002 -15"><span class='ocrx_word' id='word_1_175' title='bbox 2125 1030 2535 1087; x_wconf 87' lang='lat' dir='ltr'>ecclesiasticis</span> <span class='ocrx_word' id='word_1_176' title='bbox 2566 1031 2810 1086; x_wconf 90' lang='lat' dir='ltr'>forsitan</span> <span class='ocrx_word' id='word_1_177' title='bbox 2842 1031 3180 1102; x_wconf 89' lang='lat' dir='ltr'>sumptibus</span> <span class='ocrx_word' id='word_1_178' title='bbox 3209 1029 3471 1085; x_wconf 87' lang='lat' dir='ltr'>eruditos</span> <span class='ocrx_word' id='word_1_179' title='bbox 3496 1045 3510 1084; x_wconf 88' lang='lat'>:</span> <span class='ocrx_word' id='word_1_180' title='bbox 3534 1032 3591 1084; x_wconf 90' lang='lat' dir='ltr'>et</span> <span class='ocrx_word' id='word_1_181' title='bbox 3621 1029 3772 1101; x_wconf 91' lang='lat' dir='ltr'>quod</span> 
     </span>
    </p>
   </div>
   <div class='ocr_carea' id='block_1_25' title="bbox 2127 1115 3777 1192">
    <p class='ocr_par' dir='ltr' id='par_1_25' title="bbox 2127 1115 3777 1192">
     <span class='ocr_line' id='line_1_25' title="bbox 2127 1115 3777 1192; baseline -0.002 -16"><span class='ocrx_word' id='word_1_182' title='bbox 2127 1120 2186 1176; x_wconf 92' lang='lat' dir='ltr'>in</span> <span class='ocrx_word' id='word_1_183' title='bbox 2219 1121 2531 1176; x_wconf 87' lang='lat' dir='ltr'>corbonam</span> <span class='ocrx_word' id='word_1_184' title='bbox 2564 1136 2668 1192; x_wconf 89' lang='lat' dir='ltr'>pro</span> <span class='ocrx_word' id='word_1_185' title='bbox 2715 1124 2950 1192; x_wconf 87' lang='lat' dir='ltr'>peccato</span> <span class='ocrx_word' id='word_1_186' title='bbox 2999 1117 3159 1191; x_wconf 89' lang='lat' dir='ltr'>virgo</span> <span class='ocrx_word' id='word_1_187' title='bbox 3204 1117 3294 1174; x_wconf 88' lang='lat' dir='ltr'>vel</span> <span class='ocrx_word' id='word_1_188' title='bbox 3340 1118 3539 1189; x_wconf 90' lang='lat' dir='ltr'>vidua,</span> <span class='ocrx_word' id='word_1_189' title='bbox 3570 1115 3661 1173; x_wconf 89' lang='lat' dir='ltr'>vel</span> <span class='ocrx_word' id='word_1_190' title='bbox 3690 1120 3777 1172; x_wconf 87' lang='lat' dir='ltr'>to-</span> 
     </span>
    </p>
   </div>
   <div class='ocr_carea' id='block_1_26' title="bbox 2126 1206 3780 1279">
    <p class='ocr_par' dir='ltr' id='par_1_26' title="bbox 2126 1206 3780 1279">
     <span class='ocr_line' id='line_1_26' title="bbox 2126 1206 3780 1279; baseline -0.003 -13"><span class='ocrx_word' id='word_1_191' title='bbox 2126 1215 2247 1266; x_wconf 87' lang='lat' dir='ltr'>tam</span> <span class='ocrx_word' id='word_1_192' title='bbox 2279 1208 2671 1265; x_wconf 85' lang='lat' dir='ltr'>substantiam</span> <span class='ocrx_word' id='word_1_193' title='bbox 2707 1224 2881 1264; x_wconf 87' lang='lat' dir='ltr'>suam</span> <span class='ocrx_word' id='word_1_194' title='bbox 2914 1207 3223 1264; x_wconf 76' lang='lat' dir='ltr'>effundens</span> <span class='ocrx_word' id='word_1_195' title='bbox 3274 1206 3525 1279; x_wconf 86' lang='lat' dir='ltr'>quilibet</span> <span class='ocrx_word' id='word_1_196' title='bbox 3555 1221 3780 1279; x_wconf 90' lang='lat' dir='ltr'>pauper</span> 
     </span>
    </p>
   </div>
   <div class='ocr_carea' id='block_1_27' title="bbox 2129 1296 3776 1370">
    <p class='ocr_par' dir='ltr' id='par_1_27' title="bbox 2129 1296 3776 1370">
     <span class='ocr_line' id='line_1_27' title="bbox 2129 1296 3776 1370; baseline -0.002 -16"><span class='ocrx_word' id='word_1_197' title='bbox 2129 1298 2441 1370; x_wconf 87' lang='lat' dir='ltr'>obtulerat,</span> <span class='ocrx_word' id='word_1_198' title='bbox 2469 1298 2578 1353; x_wconf 90' lang='lat' dir='ltr'>hoc</span> <span class='ocrx_word' id='word_1_199' title='bbox 2601 1297 3010 1354; x_wconf 90' lang='lat' dir='ltr'>Kalendariam</span> <span class='ocrx_word' id='word_1_200' title='bbox 3050 1301 3306 1353; x_wconf 90' lang='lat' dir='ltr'>strenam</span> <span class='ocrx_word' id='word_1_201' title='bbox 3330 1298 3372 1365; x_wconf 83' lang='grc'><strong>²,</strong></span> <span class='ocrx_word' id='word_1_202' title='bbox 3410 1300 3468 1352; x_wconf 92' lang='lat' dir='ltr'>et</span> <span class='ocrx_word' id='word_1_203' title='bbox 3495 1296 3776 1351; x_wconf 88' lang='lat' dir='ltr'>Saturna-</span> 
     </span>
    </p>
   </div>
   <div class='ocr_carea' id='block_1_28' title="bbox 2128 1384 3775 1459">
    <p class='ocr_par' dir='ltr' id='par_1_28' title="bbox 2128 1384 3775 1459">
     <span class='ocr_line' id='line_1_28' title="bbox 2128 1384 3775 1459; baseline -0.003 -16"><span class='ocrx_word' id='word_1_204' title='bbox 2128 1387 2316 1444; x_wconf 88' lang='lat' dir='ltr'>litiam</span> <span class='ocrx_word' id='word_1_205' title='bbox 2335 1387 2661 1459; x_wconf 89' lang='lat' dir='ltr'>sportulam</span> <span class='ocrx_word' id='word_1_206' title='bbox 2685 1391 2742 1443; x_wconf 90' lang='lat' dir='ltr'>et</span> <span class='ocrx_word' id='word_1_207' title='bbox 2762 1387 3077 1443; x_wconf 87' lang='lat' dir='ltr'>Minervale</span> <span class='ocrx_word' id='word_1_208' title='bbox 3093 1403 3311 1442; x_wconf 88' lang='lat' dir='ltr'>munus</span> <span class='ocrx_word' id='word_1_209' title='bbox 3332 1384 3775 1458; x_wconf 87' lang='lat' dir='ltr'>grammaticus,</span> 
     </span>
    </p>
   </div>
   <div class='ocr_carea' id='block_1_29' title="bbox 2128 1473 3777 1549">
    <p class='ocr_par' dir='ltr' id='par_1_29' title="bbox 2128 1473 3777 1549">
     <span class='ocr_line' id='line_1_29' title="bbox 2128 1473 3777 1549; baseline -0.004 -14"><span class='ocrx_word' id='word_1_210' title='bbox 2128 1482 2185 1535; x_wconf 88' lang='lat' dir='ltr'>et</span> <span class='ocrx_word' id='word_1_211' title='bbox 2213 1482 2428 1547; x_wconf 89' lang='lat' dir='ltr'>orator,</span> <span class='ocrx_word' id='word_1_212' title='bbox 2461 1481 2563 1533; x_wconf 90' lang='lat' dir='ltr'>aut</span> <span class='ocrx_word' id='word_1_213' title='bbox 2592 1477 2650 1531; x_wconf 89' lang='lat' dir='ltr'>in</span> <span class='ocrx_word' id='word_1_214' title='bbox 2681 1481 2955 1549; x_wconf 88' lang='lat' dir='ltr'>sumptus</span> <span class='ocrx_word' id='word_1_215' title='bbox 2995 1473 3365 1544; x_wconf 89' lang='lat' dir='ltr'>domesticos,</span> <span class='ocrx_word' id='word_1_216' title='bbox 3406 1479 3509 1530; x_wconf 89' lang='lat' dir='ltr'>aut</span> <span class='ocrx_word' id='word_1_217' title='bbox 3538 1474 3598 1529; x_wconf 92' lang='lat' dir='ltr'>in</span> <span class='ocrx_word' id='word_1_218' title='bbox 3628 1477 3777 1528; x_wconf 91' lang='lat' dir='ltr'>tem-</span> 
     </span>
    </p>
   </div>
   <div class='ocr_carea' id='block_1_30' title="bbox 2129 1561 3776 1640">
    <p class='ocr_par' dir='ltr' id='par_1_30' title="bbox 2129 1561 3776 1640">
     <span class='ocr_line' id='line_1_30' title="bbox 2129 1561 3776 1640; baseline -0.003 -18"><span class='ocrx_word' id='word_1_219' title='bbox 2129 1567 2210 1640; x_wconf 90' lang='lat' dir='ltr'>pli</span> <span class='ocrx_word' id='word_1_220' title='bbox 2251 1566 2452 1638; x_wconf 88' lang='lat' dir='ltr'>stipes,</span> <span class='ocrx_word' id='word_1_221' title='bbox 2484 1570 2586 1622; x_wconf 88' lang='lat' dir='ltr'>aut</span> <span class='ocrx_word' id='word_1_222' title='bbox 2611 1565 2671 1621; x_wconf 91' lang='lat' dir='ltr'>in</span> <span class='ocrx_word' id='word_1_223' title='bbox 2717 1566 2953 1622; x_wconf 90' lang='lat' dir='ltr'>sordida</span> <span class='ocrx_word' id='word_1_224' title='bbox 2996 1568 3187 1621; x_wconf 89' lang='lat' dir='ltr'>scorta</span> <span class='ocrx_word' id='word_1_225' title='bbox 3234 1563 3538 1620; x_wconf 89' lang='lat' dir='ltr'>convertit.</span> <span class='ocrx_word' id='word_1_226' title='bbox 3570 1561 3653 1617; x_wconf 85' lang='lat' dir='ltr'>Eli</span> <span class='ocrx_word' id='word_1_227' title='bbox 3683 1578 3776 1618; x_wconf 90' lang='lat' dir='ltr'>sa-</span> 
     </span>
    </p>
   </div>
   <div class='ocr_carea' id='block_1_31' title="bbox 2129 1652 3777 1728">
    <p class='ocr_par' dir='ltr' id='par_1_31' title="bbox 2129 1652 3777 1728">
     <span class='ocr_line' id='line_1_31' title="bbox 2129 1652 3777 1728; baseline -0.003 -17"><span class='ocrx_word' id='word_1_228' title='bbox 2129 1656 2332 1712; x_wconf 89' lang='lat' dir='ltr'>cerdos</span> <span class='ocrx_word' id='word_1_229' title='bbox 2361 1656 2488 1728; x_wconf 90' lang='lat' dir='ltr'>ipse</span> <span class='ocrx_word' id='word_1_230' title='bbox 2520 1660 2757 1711; x_wconf 91' lang='lat' dir='ltr'>sanctus</span> <span class='ocrx_word' id='word_1_231' title='bbox 2789 1653 2921 1723; x_wconf 82' lang='lat' dir='ltr'>fuit,</span> <span class='ocrx_word' id='word_1_232' title='bbox 2968 1655 3068 1711; x_wconf 87' lang='lat' dir='ltr'>sed</span> <span class='ocrx_word' id='word_1_233' title='bbox 3119 1653 3257 1725; x_wconf 89' lang='lat' dir='ltr'>quia</span> <span class='ocrx_word' id='word_1_234' title='bbox 3302 1652 3454 1710; x_wconf 88' lang='lat' dir='ltr'>ﬁlios</span> <span class='ocrx_word' id='word_1_235' title='bbox 3492 1668 3631 1707; x_wconf 91' lang='lat' dir='ltr'>suos</span> <span class='ocrx_word' id='word_1_236' title='bbox 3660 1667 3777 1707; x_wconf 89' lang='lat' dir='ltr'>non</span> 
     </span>
    </p>
   </div>
   <div class='ocr_carea' id='block_1_32' title="bbox 2131 1739 3780 1816">
    <p class='ocr_par' dir='ltr' id='par_1_32' title="bbox 2131 1739 3780 1816">
     <span class='ocr_line' id='line_1_32' title="bbox 2131 1739 3780 1816; baseline -0.003 -14"><span class='ocrx_word' id='word_1_237' title='bbox 2131 1746 2382 1802; x_wconf 89' lang='lat' dir='ltr'>erudivit</span> <span class='ocrx_word' id='word_1_238' title='bbox 2410 1746 2469 1800; x_wconf 90' lang='lat' dir='ltr'>in</span> <span class='ocrx_word' id='word_1_239' title='bbox 2503 1746 2664 1802; x_wconf 91' lang='lat' dir='ltr'>omni</span> <span class='ocrx_word' id='word_1_240' title='bbox 2696 1743 3008 1816; x_wconf 88' lang='lat' dir='ltr'>disciplina</span> <span class='ocrx_word' id='word_1_241' title='bbox 3039 1747 3095 1799; x_wconf 90' lang='lat' dir='ltr'>et</span> <span class='ocrx_word' id='word_1_242' title='bbox 3124 1741 3507 1815; x_wconf 88' lang='lat' dir='ltr'>correptione,</span> <span class='ocrx_word' id='word_1_243' title='bbox 3529 1739 3780 1813; x_wconf 91' lang='lat' dir='ltr'>supinus</span> 
     </span>
    </p>
   </div>
   <div class='ocr_carea' id='block_1_33' title="bbox 368 1828 3780 1935">
    <p class='ocr_par' dir='ltr' id='par_1_33' title="bbox 368 1828 3780 1935">
     <span class='ocr_line' id='line_1_33' title="bbox 368 1828 3780 1935; baseline -0.002 -45"><span class='ocrx_word' id='word_1_244' title='bbox 368 1832 540 1890; x_wconf 90' lang='lat' dir='ltr'>melle</span> <span class='ocrx_word' id='word_1_245' title='bbox 570 1832 721 1899; x_wconf 86' lang='lat' dir='ltr'>ﬁuit,</span> <span class='ocrx_word' id='word_1_246' title='bbox 754 1837 812 1888; x_wconf 91' lang='lat' dir='ltr'>et</span> <span class='ocrx_word' id='word_1_247' title='bbox 860 1834 970 1889; x_wconf 89' lang='lat' dir='ltr'>sub</span> <span class='ocrx_word' id='word_1_248' title='bbox 1026 1835 1167 1890; x_wconf 89' lang='lat' dir='ltr'>Jesu</span> <span class='ocrx_word' id='word_1_249' title='bbox 1226 1836 1396 1902; x_wconf 92' lang='lat' dir='ltr'>duce,</span> <span class='ocrx_word' id='word_1_250' title='bbox 1449 1834 1683 1891; x_wconf 88' lang='lat' dir='ltr'>Jericho</span> <span class='ocrx_word' id='word_1_251' title='bbox 1714 1839 2022 1892; x_wconf 90' lang='lat' dir='ltr'>corruente</span> <span class='ocrx_word' id='word_1_252' title='bbox 2054 1870 2102 1935; x_wconf 80' lang='grc' dir='ltr'>Β</span> <span class='ocrx_word' id='word_1_253' title='bbox 2132 1834 2359 1905; x_wconf 84' lang='lat' dir='ltr'>cecidit,</span> <span class='ocrx_word' id='word_1_254' title='bbox 2391 1839 2449 1890; x_wconf 91' lang='lat' dir='ltr'>et</span> <span class='ocrx_word' id='word_1_255' title='bbox 2478 1838 2748 1891; x_wconf 85' lang='lat' dir='ltr'>mortuus</span> <span class='ocrx_word' id='word_1_256' title='bbox 2778 1838 2869 1890; x_wconf 90' lang='lat' dir='ltr'>est</span> <span class='ocrx_word' id='word_1_257' title='bbox 2897 1834 2946 1904; x_wconf 85' lang='grc' dir='ltr'>(Ι</span> <span class='ocrx_word' id='word_1_258' title='bbox 2973 1835 3097 1905; x_wconf 87' lang='lat' dir='ltr'>Reg.</span> <span class='ocrx_word' id='word_1_259' title='bbox 3156 1850 3230 1903; x_wconf 83' lang='grc' dir='ltr'>ιν,</span> <span class='ocrx_word' id='word_1_260' title='bbox 3292 1832 3402 1903; x_wconf 90' lang='grc'>18),</span> <span class='ocrx_word' id='word_1_261' title='bbox 3450 1833 3582 1935; x_wconf 49' lang='lat' dir='ltr'>Eon</span> <span class='ocrx_word' id='word_1_262' title='bbox 3623 1828 3780 1935; x_wconf 72' lang='lat' dir='ltr'>enim</span> 
     </span>
    </p>
   </div>
   <div class='ocr_carea' id='block_1_34' title="bbox 362 1923 2021 1997">
    <p class='ocr_par' dir='ltr' id='par_1_34' title="bbox 362 1923 2021 1997">
     <span class='ocr_line' id='line_1_34' title="bbox 362 1923 2021 1997; baseline -0.001 -17"><span class='ocrx_word' id='word_1_263' title='bbox 362 1925 546 1993; x_wconf 84' lang='lat' dir='ltr'>(Josue</span> <span class='ocrx_word' id='word_1_264' title='bbox 575 1939 652 1993; x_wconf 80' lang='lat' dir='ltr'>v1,</span> <span class='ocrx_word' id='word_1_265' title='bbox 695 1924 729 1978; x_wconf 91' lang='lat'>8</span> <span class='ocrx_word' id='word_1_266' title='bbox 784 1924 953 1995; x_wconf 88' lang='lat' dir='ltr'>seqq).</span> <span class='ocrx_word' id='word_1_267' title='bbox 987 1926 1162 1995; x_wconf 88' lang='lat' dir='ltr'>atque</span> <span class='ocrx_word' id='word_1_268' title='bbox 1215 1928 1442 1980; x_wconf 89' lang='lat' dir='ltr'>vastata</span> <span class='ocrx_word' id='word_1_269' title='bbox 1498 1923 1626 1991; x_wconf 86' lang='lat' dir='ltr'>Hai,</span> <span class='ocrx_word' id='word_1_270' title='bbox 1687 1942 1814 1997; x_wconf 85' lang='lat' dir='ltr'>quae</span> <span class='ocrx_word' id='word_1_271' title='bbox 1844 1926 2021 1981; x_wconf 92' lang='lat' dir='ltr'>inter-</span> 
     </span>
    </p>
   </div>
   <div class='ocr_carea' id='block_1_35' title="bbox 367 2012 2024 2085">
    <p class='ocr_par' dir='ltr' id='par_1_35' title="bbox 367 2012 2024 2085">
     <span class='ocr_line' id='line_1_35' title="bbox 367 2012 2024 2085; baseline 0.001 -17"><span class='ocrx_word' id='word_1_272' title='bbox 367 2015 656 2085; x_wconf 89' lang='lat' dir='ltr'>pretatur,</span> <span class='ocrx_word' id='word_1_273' title='bbox 702 2012 1015 2083; x_wconf 89' lang='lat' dir='ltr'>abruptum,</span> <span class='ocrx_word' id='word_1_274' title='bbox 1068 2012 1394 2068; x_wconf 89' lang='lat' dir='ltr'>Jerusalem</span> <span class='ocrx_word' id='word_1_275' title='bbox 1445 2014 1729 2081; x_wconf 88' lang='lat' dir='ltr'>venerint,</span> <span class='ocrx_word' id='word_1_276' title='bbox 1761 2019 1817 2069; x_wconf 89' lang='lat' dir='ltr'>et</span> <span class='ocrx_word' id='word_1_277' title='bbox 1845 2015 2024 2070; x_wconf 73' lang='lat' dir='ltr'>aediﬁ-</span> 
     </span>
    </p>
   </div>
   <div class='ocr_carea' id='block_1_36' title="bbox 375 2100 2027 2176">
    <p class='ocr_par' dir='ltr' id='par_1_36' title="bbox 375 2100 2027 2176">
     <span class='ocr_line' id='line_1_36' title="bbox 375 2100 2027 2176; baseline 0.002 -19"><span class='ocrx_word' id='word_1_278' title='bbox 375 2105 545 2157; x_wconf 87' lang='lat' dir='ltr'>cetur</span> <span class='ocrx_word' id='word_1_279' title='bbox 574 2100 658 2156; x_wconf 93' lang='lat' dir='ltr'>eis</span> <span class='ocrx_word' id='word_1_280' title='bbox 687 2101 975 2174; x_wconf 85' lang='lat' dir='ltr'>templum</span> <span class='ocrx_word' id='word_1_281' title='bbox 1014 2102 1125 2158; x_wconf 91' lang='lat' dir='ltr'>sub</span> <span class='ocrx_word' id='word_1_282' title='bbox 1156 2102 1464 2158; x_wconf 90' lang='lat' dir='ltr'>Salomone</span> <span class='ocrx_word' id='word_1_283' title='bbox 1494 2119 1629 2176; x_wconf 89' lang='lat' dir='ltr'>rege</span> <span class='ocrx_word' id='word_1_284' title='bbox 1678 2104 1939 2176; x_wconf 80' lang='lat' dir='ltr'>paciﬁca,</span> <span class='ocrx_word' id='word_1_285' title='bbox 1970 2109 2027 2160; x_wconf 91' lang='lat' dir='ltr'>et</span> 
     </span>
    </p>
   </div>
   <div class='ocr_carea' id='block_1_37' title="bbox 373 2189 2022 2266">
    <p class='ocr_par' dir='ltr' id='par_1_37' title="bbox 373 2189 2022 2266">
     <span class='ocr_line' id='line_1_37' title="bbox 373 2189 2022 2266; baseline 0.002 -19"><span class='ocrx_word' id='word_1_286' title='bbox 373 2189 721 2264; x_wconf 87' lang='lat' dir='ltr'>possideant</span> <span class='ocrx_word' id='word_1_287' title='bbox 748 2195 988 2262; x_wconf 85' lang='lat' dir='ltr'>terram,</span> <span class='ocrx_word' id='word_1_288' title='bbox 1020 2208 1147 2263; x_wconf 70' lang='lat' dir='ltr'>quae</span> <span class='ocrx_word' id='word_1_289' title='bbox 1193 2193 1518 2248; x_wconf 87' lang='lat' dir='ltr'>mansuetis</span> <span class='ocrx_word' id='word_1_290' title='bbox 1547 2196 1635 2248; x_wconf 90' lang='lat' dir='ltr'>est</span> <span class='ocrx_word' id='word_1_291' title='bbox 1664 2198 2022 2266; x_wconf 73' lang='lat' dir='ltr'>praeparata:</span> 
     </span>
    </p>
   </div>
   <div class='ocr_carea' id='block_1_38' title="bbox 370 2280 2025 2354">
    <p class='ocr_par' dir='ltr' id='par_1_38' title="bbox 370 2280 2025 2354">
     <span class='ocr_line' id='line_1_38' title="bbox 370 2280 2025 2354; baseline 0.001 -19"><span class='ocrx_word' id='word_1_292' title='bbox 370 2281 530 2337; x_wconf 80' lang='lat' dir='ltr'>Beati</span> <span class='ocrx_word' id='word_1_293' title='bbox 588 2280 809 2352; x_wconf 88' lang='lat' dir='ltr'>quippe</span> <span class='ocrx_word' id='word_1_294' title='bbox 853 2282 1035 2351; x_wconf 79' lang='lat' dir='ltr'>mites,</span> <span class='ocrx_word' id='word_1_295' title='bbox 1093 2283 1355 2352; x_wconf 86' lang='lat' dir='ltr'>quoniam</span> <span class='ocrx_word' id='word_1_296' title='bbox 1411 2282 1519 2354; x_wconf 85' lang='lat' dir='ltr'>ipsi</span> <span class='ocrx_word' id='word_1_297' title='bbox 1539 2283 1888 2354; x_wconf 82' lang='lat' dir='ltr'>possidebunt</span> <span class='ocrx_word' id='word_1_298' title='bbox 1916 2287 2025 2339; x_wconf 87' lang='lat' dir='ltr'>ter-</span> 
     </span>
    </p>
   </div>
   <div class='ocr_carea' id='block_1_39' title="bbox 368 2368 2033 2457">
    <p class='ocr_par' dir='ltr' id='par_1_39' title="bbox 368 2368 2033 2457">
     <span class='ocr_line' id='line_1_39' title="bbox 368 2368 2033 2457; baseline 0.001 -33"><span class='ocrx_word' id='word_1_299' title='bbox 368 2386 489 2425; x_wconf 89' lang='lat' dir='ltr'>ram</span> <span class='ocrx_word' id='word_1_300' title='bbox 519 2368 755 2442; x_wconf 68' lang='lat' dir='ltr'>(Matt/1.,</span> <span class='ocrx_word' id='word_1_301' title='bbox 788 2386 844 2438; x_wconf 88' lang='lat' dir='ltr'>v,</span> <span class='ocrx_word' id='word_1_302' title='bbox 884 2369 959 2441; x_wconf 86' lang='grc'>4),</span> <span class='ocrx_word' id='word_1_303' title='bbox 1011 2386 1138 2443; x_wconf 69' lang='lat' dir='ltr'>qua:</span> <span class='ocrx_word' id='word_1_304' title='bbox 1168 2386 1300 2426; x_wconf 91' lang='lat' dir='ltr'>vere</span> <span class='ocrx_word' id='word_1_305' title='bbox 1357 2375 1447 2426; x_wconf 88' lang='lat' dir='ltr'>est</span> <span class='ocrx_word' id='word_1_306' title='bbox 1501 2371 2033 2457; x_wconf 50' lang='lat' dir='ltr'>terra\viventium,</span> 
     </span>
    </p>
   </div>
   <div class='ocr_carea' id='block_1_40' title="bbox 371 2457 2026 2530">
    <p class='ocr_par' dir='ltr' id='par_1_40' title="bbox 371 2457 2026 2530">
     <span class='ocr_line' id='line_1_40' title="bbox 371 2457 2026 2530; baseline 0.001 -17"><span class='ocrx_word' id='word_1_307' title='bbox 371 2457 692 2514; x_wconf 87' lang='lat' dir='ltr'>Psalmista</span> <span class='ocrx_word' id='word_1_308' title='bbox 739 2475 973 2530; x_wconf 89' lang='lat' dir='ltr'>quoque</span> <span class='ocrx_word' id='word_1_309' title='bbox 1004 2458 1269 2515; x_wconf 88' lang='lat' dir='ltr'>dicente:</span> <span class='ocrx_word' id='word_1_310' title='bbox 1307 2459 1473 2516; x_wconf 81' lang='lat' dir='ltr'>Credo</span> <span class='ocrx_word' id='word_1_311' title='bbox 1521 2461 1703 2516; x_wconf 89' lang='lat' dir='ltr'>videre</span> <span class='ocrx_word' id='word_1_312' title='bbox 1758 2460 1897 2515; x_wconf 87' lang='lat' dir='ltr'>bona</span> <span class='ocrx_word' id='word_1_313' title='bbox 1924 2462 2026 2516; x_wconf 90' lang='lat' dir='ltr'>Do-</span> 
     </span>
    </p>
   </div>
   <div class='ocr_carea' id='block_1_41' title="bbox 375 2549 2028 2621">
    <p class='ocr_par' dir='ltr' id='par_1_41' title="bbox 375 2549 2028 2621">
     <span class='ocr_line' id='line_1_41' title="bbox 375 2549 2028 2621; baseline 0.001 -18"><span class='ocrx_word' id='word_1_314' title='bbox 375 2550 522 2603; x_wconf 86' lang='lat' dir='ltr'>mini</span> <span class='ocrx_word' id='word_1_315' title='bbox 541 2550 601 2603; x_wconf 87' lang='lat' dir='ltr'>in</span> <span class='ocrx_word' id='word_1_316' title='bbox 622 2549 845 2619; x_wconf 82' lang='lat' dir='ltr'>regione</span> <span class='ocrx_word' id='word_1_317' title='bbox 875 2550 1177 2605; x_wconf 79' lang='lat' dir='ltr'>viventium</span> <span class='ocrx_word' id='word_1_318' title='bbox 1206 2550 1377 2620; x_wconf 88' lang='lat' dir='ltr'>(Psal.</span> <span class='ocrx_word' id='word_1_319' title='bbox 1409 2567 1562 2620; x_wconf 76' lang='lat' dir='ltr'>xxvr,</span> <span class='ocrx_word' id='word_1_320' title='bbox 1597 2550 1702 2621; x_wconf 91' lang='grc'>13).</span> <span class='ocrx_word' id='word_1_321' title='bbox 1739 2550 1928 2621; x_wconf 90' lang='lat' dir='ltr'>Hujus</span> <span class='ocrx_word' id='word_1_322' title='bbox 1946 2549 2028 2605; x_wconf 91' lang='lat' dir='ltr'>vi-</span> 
     </span>
    </p>
   </div>
   <div class='ocr_carea' id='block_1_42' title="bbox 371 2636 2027 2709">
    <p class='ocr_par' dir='ltr' id='par_1_42' title="bbox 371 2636 2027 2709">
     <span class='ocr_line' id='line_1_42' title="bbox 371 2636 2027 2709; baseline 0.001 -18"><span class='ocrx_word' id='word_1_323' title='bbox 371 2640 445 2692; x_wconf 69' lang='lat' dir='ltr'>tm</span> <span class='ocrx_word' id='word_1_324' title='bbox 475 2636 903 2709; x_wconf 83' lang='lat' dir='ltr'>longitudinem</span> <span class='ocrx_word' id='word_1_325' title='bbox 943 2641 1001 2692; x_wconf 90' lang='lat' dir='ltr'>et</span> <span class='ocrx_word' id='word_1_326' title='bbox 1039 2637 1327 2709; x_wconf 89' lang='lat' dir='ltr'>sapientia</span> <span class='ocrx_word' id='word_1_327' title='bbox 1370 2638 1546 2694; x_wconf 88' lang='lat' dir='ltr'>habet</span> <span class='ocrx_word' id='word_1_328' title='bbox 1591 2638 1652 2694; x_wconf 91' lang='lat' dir='ltr'>in</span> <span class='ocrx_word' id='word_1_329' title='bbox 1683 2655 1863 2695; x_wconf 90' lang='lat' dir='ltr'>manu</span> <span class='ocrx_word' id='word_1_330' title='bbox 1890 2639 2027 2695; x_wconf 87' lang='lat' dir='ltr'>dex-</span> 
     </span>
    </p>
   </div>
   <div class='ocr_carea' id='block_1_43' title="bbox 376 2726 1784 2801">
    <p class='ocr_par' dir='ltr' id='par_1_43' title="bbox 376 2726 1784 2801">
     <span class='ocr_line' id='line_1_43' title="bbox 376 2726 1784 2801; baseline 0.003 -21"><span class='ocrx_word' id='word_1_331' title='bbox 376 2729 521 2792; x_wconf 91' lang='lat' dir='ltr'>tera,</span> <span class='ocrx_word' id='word_1_332' title='bbox 554 2726 613 2780; x_wconf 91' lang='lat' dir='ltr'>in</span> <span class='ocrx_word' id='word_1_333' title='bbox 647 2726 890 2781; x_wconf 87' lang='lat' dir='ltr'>sinistra</span> <span class='ocrx_word' id='word_1_334' title='bbox 918 2729 1125 2782; x_wconf 86' lang='lat' dir='ltr'>tenens</span> <span class='ocrx_word' id='word_1_335' title='bbox 1168 2726 1400 2782; x_wconf 88' lang='lat' dir='ltr'>divitias</span> <span class='ocrx_word' id='word_1_336' title='bbox 1429 2732 1488 2783; x_wconf 91' lang='lat' dir='ltr'>et</span> <span class='ocrx_word' id='word_1_337' title='bbox 1516 2727 1784 2801; x_wconf 85' lang='lat' dir='ltr'>gloriam.</span> 
     </span>
    </p>
   </div>
   <div class='ocr_carea' id='block_1_44' title="bbox 441 2814 2026 2890">
    <p class='ocr_par' dir='ltr' id='par_1_44' title="bbox 441 2814 2026 2890">
     <span class='ocr_line' id='line_1_44' title="bbox 441 2814 2026 2890; baseline 0.004 -23"><span class='ocrx_word' id='word_1_338' title='bbox 441 2814 626 2885; x_wconf 89' lang='lat' dir='ltr'>(Vers.</span> <span class='ocrx_word' id='word_1_339' title='bbox 660 2816 738 2887; x_wconf 83' lang='grc'>4.)</span> <span class='ocrx_word' id='word_1_340' title='bbox 770 2837 798 2865; x_wconf 87' lang='grc'>‹‹</span> <span class='ocrx_word' id='word_1_341' title='bbox 831 2815 901 2870; x_wconf 88' lang='lat' dir='ltr'>Et</span> <span class='ocrx_word' id='word_1_342' title='bbox 934 2819 1127 2884; x_wconf 86' lang='lat' dir='ltr'>patres</span> <span class='ocrx_word' id='word_1_343' title='bbox 1160 2815 1338 2872; x_wconf 90' lang='lat' dir='ltr'>nolite</span> <span class='ocrx_word' id='word_1_344' title='bbox 1367 2817 1439 2872; x_wconf 89' lang='lat' dir='ltr'>ad</span> <span class='ocrx_word' id='word_1_345' title='bbox 1495 2816 1862 2873; x_wconf 88' lang='lat' dir='ltr'>iracundiam</span> <span class='ocrx_word' id='word_1_346' title='bbox 1895 2834 2026 2890; x_wconf 87' lang='lat' dir='ltr'>pro-</span> 
     </span>
    </p>
   </div>
   <div class='ocr_carea' id='block_1_45' title="bbox 372 2903 2028 2961">
    <p class='ocr_par' dir='ltr' id='par_1_45' title="bbox 372 2903 2028 2961">
     <span class='ocr_line' id='line_1_45' title="bbox 372 2903 2028 2961; baseline -0.001 -1"><span class='ocrx_word' id='word_1_347' title='bbox 372 2920 578 2960; x_wconf 86' lang='lat' dir='ltr'>vocare</span> <span class='ocrx_word' id='word_1_348' title='bbox 620 2903 772 2959; x_wconf 86' lang='lat' dir='ltr'>ﬁlios</span> <span class='ocrx_word' id='word_1_349' title='bbox 822 2906 1090 2959; x_wconf 86' lang='lat' dir='ltr'>vestros:</span> <span class='ocrx_word' id='word_1_350' title='bbox 1144 2903 1244 2958; x_wconf 89' lang='lat' dir='ltr'>sed</span> <span class='ocrx_word' id='word_1_351' title='bbox 1302 2904 1544 2960; x_wconf 90' lang='lat' dir='ltr'>educate</span> <span class='ocrx_word' id='word_1_352' title='bbox 1600 2903 1732 2961; x_wconf 90' lang='lat' dir='ltr'>illos</span> <span class='ocrx_word' id='word_1_353' title='bbox 1762 2905 1821 2959; x_wconf 92' lang='lat' dir='ltr'>in</span> <span class='ocrx_word' id='word_1_354' title='bbox 1853 2905 2028 2960; x_wconf 57' lang='lat' dir='ltr'>disici-</span> 
     </span>
    </p>
   </div>
   <div class='ocr_carea' id='block_1_46' title="bbox 372 2992 2028 3066">
    <p class='ocr_par' dir='ltr' id='par_1_46' title="bbox 372 2992 2028 3066">
     <span class='ocr_line' id='line_1_46' title="bbox 372 2992 2028 3066; baseline 0.001 -19"><span class='ocrx_word' id='word_1_355' title='bbox 372 2992 536 3066; x_wconf 91' lang='lat' dir='ltr'>plina</span> <span class='ocrx_word' id='word_1_356' title='bbox 565 2996 622 3047; x_wconf 85' lang='lat' dir='ltr'>et</span> <span class='ocrx_word' id='word_1_357' title='bbox 652 2992 1091 3048; x_wconf 88' lang='lat' dir='ltr'>conversatione</span> <span class='ocrx_word' id='word_1_358' title='bbox 1111 2992 1366 3048; x_wconf 89' lang='lat' dir='ltr'>Domini.</span> <span class='ocrx_word' id='word_1_359' title='bbox 1389 3016 1417 3043; x_wconf 86' lang='lat'><strong>«</strong></span> <span class='ocrx_word' id='word_1_360' title='bbox 1443 2993 1747 3049; x_wconf 90' lang='lat' dir='ltr'>Peccatum</span> <span class='ocrx_word' id='word_1_361' title='bbox 1773 2993 2028 3049; x_wconf 89' lang='lat' dir='ltr'>ﬁliorum</span> 
     </span>
    </p>
   </div>
   <div class='ocr_carea' id='block_1_47' title="bbox 376 3081 2028 3154">
    <p class='ocr_par' dir='ltr' id='par_1_47' title="bbox 376 3081 2028 3154">
     <span class='ocr_line' id='line_1_47' title="bbox 376 3081 2028 3154; baseline 0.001 -18"><span class='ocrx_word' id='word_1_362' title='bbox 376 3086 466 3147; x_wconf 86' lang='lat' dir='ltr'>est</span> <span class='ocrx_word' id='word_1_363' title='bbox 497 3098 613 3137; x_wconf 92' lang='lat' dir='ltr'>non</span> <span class='ocrx_word' id='word_1_364' title='bbox 644 3081 882 3137; x_wconf 89' lang='lat' dir='ltr'>obedire</span> <span class='ocrx_word' id='word_1_365' title='bbox 914 3081 1278 3153; x_wconf 88' lang='lat' dir='ltr'>parentibus,</span> <span class='ocrx_word' id='word_1_366' title='bbox 1332 3086 1388 3136; x_wconf 90' lang='lat' dir='ltr'>et</span> <span class='ocrx_word' id='word_1_367' title='bbox 1448 3082 1587 3154; x_wconf 91' lang='lat' dir='ltr'>quia</span> <span class='ocrx_word' id='word_1_368' title='bbox 1631 3085 1899 3153; x_wconf 88' lang='lat' dir='ltr'>poterant</span> <span class='ocrx_word' id='word_1_369' title='bbox 1928 3100 2028 3154; x_wconf 90' lang='lat' dir='ltr'>pa-</span> 
     </span>
    </p>
   </div>
   <div class='ocr_carea' id='block_1_48' title="bbox 375 3169 2032 3242">
    <p class='ocr_par' dir='ltr' id='par_1_48' title="bbox 375 3169 2032 3242">
     <span class='ocr_line' id='line_1_48' title="bbox 375 3169 2032 3242; baseline 0 -17"><span class='ocrx_word' id='word_1_370' title='bbox 375 3175 573 3226; x_wconf 89' lang='lat' dir='ltr'>rentes</span> <span class='ocrx_word' id='word_1_371' title='bbox 624 3169 848 3241; x_wconf 88' lang='lat' dir='ltr'>aliquid</span> <span class='ocrx_word' id='word_1_372' title='bbox 879 3170 1170 3242; x_wconf 85' lang='lat' dir='ltr'>imperare</span> <span class='ocrx_word' id='word_1_373' title='bbox 1229 3187 1587 3242; x_wconf 87' lang='lat' dir='ltr'>perversum,</span> <span class='ocrx_word' id='word_1_374' title='bbox 1650 3171 1936 3242; x_wconf 84' lang='lat' dir='ltr'>adjunxit,</span> <span class='ocrx_word' id='word_1_375' title='bbox 1970 3173 2032 3226; x_wconf 91' lang='lat' dir='ltr'>in</span> 
     </span>
    </p>
   </div>
   <div class='ocr_carea' id='block_1_49' title="bbox 2135 1919 3780 1997">
    <p class='ocr_par' dir='ltr' id='par_1_49' title="bbox 2135 1919 3780 1997">
     <span class='ocr_line' id='line_1_49' title="bbox 2135 1919 3780 1997; baseline -0.004 -17"><span class='ocrx_word' id='word_1_376' title='bbox 2135 1928 2362 1997; x_wconf 87' lang='lat' dir='ltr'>poterat</span> <span class='ocrx_word' id='word_1_377' title='bbox 2390 1925 2462 1980; x_wconf 91' lang='lat' dir='ltr'>ad</span> <span class='ocrx_word' id='word_1_378' title='bbox 2495 1924 2689 1996; x_wconf 89' lang='lat' dir='ltr'>priora</span> <span class='ocrx_word' id='word_1_379' title='bbox 2718 1923 2947 1979; x_wconf 86' lang='lat' dir='ltr'>extendi</span> <span class='ocrx_word' id='word_1_380' title='bbox 2978 1922 3244 1994; x_wconf 83' lang='lat' dir='ltr'>(Philipp.</span> <span class='ocrx_word' id='word_1_381' title='bbox 3296 1938 3382 1985; x_wconf 87' lang='grc' dir='ltr'>ιιι,</span> <span class='ocrx_word' id='word_1_382' title='bbox 3416 1920 3525 1989; x_wconf 87' lang='grc'>13),</span> <span class='ocrx_word' id='word_1_383' title='bbox 3557 1919 3658 1975; x_wconf 90' lang='lat' dir='ltr'>sed</span> <span class='ocrx_word' id='word_1_384' title='bbox 3691 1933 3780 1974; x_wconf 90' lang='lat' dir='ltr'>re-</span> 
     </span>
    </p>
   </div>
   <div class='ocr_carea' id='block_1_50' title="bbox 2135 2006 3782 2084">
    <p class='ocr_par' dir='ltr' id='par_1_50' title="bbox 2135 2006 3782 2084">
     <span class='ocr_line' id='line_1_50' title="bbox 2135 2006 3782 2084; baseline -0.004 -16"><span class='ocrx_word' id='word_1_385' title='bbox 2135 2018 2390 2069; x_wconf 88' lang='lat' dir='ltr'>trorsum</span> <span class='ocrx_word' id='word_1_386' title='bbox 2425 2013 2560 2077; x_wconf 88' lang='lat' dir='ltr'>ruit,</span> <span class='ocrx_word' id='word_1_387' title='bbox 2595 2016 2651 2067; x_wconf 90' lang='lat' dir='ltr'>et</span> <span class='ocrx_word' id='word_1_388' title='bbox 2679 2011 3053 2084; x_wconf 89' lang='lat' dir='ltr'>opistbotono</span> <span class='ocrx_word' id='word_1_389' title='bbox 3081 2011 3104 2046; x_wconf 80' lang='grc'><strong>⁸</strong></span> <span class='ocrx_word' id='word_1_390' title='bbox 3132 2007 3453 2065; x_wconf 89' lang='lat' dir='ltr'>insunabili</span> <span class='ocrx_word' id='word_1_391' title='bbox 3491 2008 3693 2080; x_wconf 87' lang='lat' dir='ltr'>lapsus</span> <span class='ocrx_word' id='word_1_392' title='bbox 3722 2006 3782 2062; x_wconf 91' lang='lat' dir='ltr'>in</span> 
     </span>
    </p>
   </div>
   <div class='ocr_carea' id='block_1_51' title="bbox 2134 2095 3785 2175">
    <p class='ocr_par' dir='ltr' id='par_1_51' title="bbox 2134 2095 3785 2175">
     <span class='ocr_line' id='line_1_51' title="bbox 2134 2095 3785 2175; baseline -0.004 -18"><span class='ocrx_word' id='word_1_393' title='bbox 2134 2107 2386 2175; x_wconf 87' lang='lat' dir='ltr'>tergum,</span> <span class='ocrx_word' id='word_1_394' title='bbox 2420 2101 2489 2157; x_wconf 88' lang='lat' dir='ltr'>ad</span> <span class='ocrx_word' id='word_1_395' title='bbox 2521 2101 2835 2156; x_wconf 89' lang='lat' dir='ltr'>Sodomam</span> <span class='ocrx_word' id='word_1_396' title='bbox 2866 2116 2999 2155; x_wconf 90' lang='lat' dir='ltr'>cum</span> <span class='ocrx_word' id='word_1_397' title='bbox 3033 2100 3157 2155; x_wconf 23' lang='lat' dir='ltr'>Lotr</span> <span class='ocrx_word' id='word_1_398' title='bbox 3184 2113 3359 2153; x_wconf 82' lang='lat' dir='ltr'>uxore</span> <span class='ocrx_word' id='word_1_399' title='bbox 3407 2095 3682 2169; x_wconf 87' lang='lat' dir='ltr'>respexit.</span> <span class='ocrx_word' id='word_1_400' title='bbox 3714 2096 3785 2150; x_wconf 88' lang='lat' dir='ltr'>Et</span> 
     </span>
    </p>
   </div>
   <div class='ocr_carea' id='block_1_52' title="bbox 2136 2186 3783 2263">
    <p class='ocr_par' dir='ltr' id='par_1_52' title="bbox 2136 2186 3783 2263">
     <span class='ocr_line' id='line_1_52' title="bbox 2136 2186 3783 2263; baseline -0.004 -16"><span class='ocrx_word' id='word_1_401' title='bbox 2136 2194 2289 2247; x_wconf 90' lang='lat' dir='ltr'>certe</span> <span class='ocrx_word' id='word_1_402' title='bbox 2326 2190 2689 2263; x_wconf 86' lang='lat' dir='ltr'>corripuerat</span> <span class='ocrx_word' id='word_1_403' title='bbox 2725 2189 2877 2245; x_wconf 87' lang='lat' dir='ltr'>ﬁlios</span> <span class='ocrx_word' id='word_1_404' title='bbox 2910 2205 3070 2259; x_wconf 90' lang='lat' dir='ltr'>suos,</span> <span class='ocrx_word' id='word_1_405' title='bbox 3121 2187 3357 2243; x_wconf 90' lang='lat' dir='ltr'>dicens:</span> <span class='ocrx_word' id='word_1_406' title='bbox 3394 2188 3572 2255; x_wconf 82' lang='lat' dir='ltr'>Quare</span> <span class='ocrx_word' id='word_1_407' title='bbox 3599 2186 3783 2256; x_wconf 75' lang='lat' dir='ltr'>facitis</span> 
     </span>
    </p>
   </div>
   <div class='ocr_carea' id='block_1_53' title="bbox 2133 2275 3781 2351">
    <p class='ocr_par' dir='ltr' id='par_1_53' title="bbox 2133 2275 3781 2351">
     <span class='ocr_line' id='line_1_53' title="bbox 2133 2275 3781 2351; baseline -0.005 -13"><span class='ocrx_word' id='word_1_408' title='bbox 2133 2281 2298 2338; x_wconf 88' lang='lat' dir='ltr'>verba</span> <span class='ocrx_word' id='word_1_409' title='bbox 2322 2281 2440 2337; x_wconf 71' lang='lat' dir='ltr'>haec</span> <span class='ocrx_word' id='word_1_410' title='bbox 2467 2296 2587 2351; x_wconf 68' lang='lat' dir='ltr'>quae</span> <span class='ocrx_word' id='word_1_411' title='bbox 2616 2294 2711 2350; x_wconf 89' lang='lat' dir='ltr'>ego</span> <span class='ocrx_word' id='word_1_412' title='bbox 2740 2278 2906 2334; x_wconf 88' lang='lat' dir='ltr'>audio</span> <span class='ocrx_word' id='word_1_413' title='bbox 2935 2278 3001 2333; x_wconf 90' lang='lat' dir='ltr'>de</span> <span class='ocrx_word' id='word_1_414' title='bbox 3028 2277 3175 2334; x_wconf 86' lang='lat' dir='ltr'>vobis</span> <span class='ocrx_word' id='word_1_415' title='bbox 3218 2277 3369 2332; x_wconf 89' lang='lat' dir='ltr'>mala</span> <span class='ocrx_word' id='word_1_416' title='bbox 3411 2275 3478 2331; x_wconf 90' lang='lat' dir='ltr'>ab</span> <span class='ocrx_word' id='word_1_417' title='bbox 3508 2276 3662 2330; x_wconf 86' lang='lat' dir='ltr'>omni</span> <span class='ocrx_word' id='word_1_418' title='bbox 3685 2290 3781 2346; x_wconf 86' lang='lat' dir='ltr'>po-</span> 
     </span>
    </p>
   </div>
   <div class='ocr_carea' id='block_1_54' title="bbox 2129 2365 3782 2442">
    <p class='ocr_par' dir='ltr' id='par_1_54' title="bbox 2129 2365 3782 2442">
     <span class='ocr_line' id='line_1_54' title="bbox 2129 2365 3782 2442; baseline -0.004 -18"><span class='ocrx_word' id='word_1_419' title='bbox 2129 2370 2263 2442; x_wconf 87' lang='lat' dir='ltr'>puto</span> <span class='ocrx_word' id='word_1_420' title='bbox 2284 2370 2312 2424; x_wconf 87' lang='lat'><strong>?</strong></span> <span class='ocrx_word' id='word_1_421' title='bbox 2335 2370 2534 2435; x_wconf 87' lang='lat' dir='ltr'>Nolite,</span> <span class='ocrx_word' id='word_1_422' title='bbox 2559 2368 2680 2440; x_wconf 80' lang='lat' dir='ltr'>ﬁlii</span> <span class='ocrx_word' id='word_1_423' title='bbox 2704 2372 2851 2423; x_wconf 89' lang='lat' dir='ltr'>mei:</span> <span class='ocrx_word' id='word_1_424' title='bbox 2885 2369 3147 2440; x_wconf 86' lang='lat' dir='ltr'>quoniam</span> <span class='ocrx_word' id='word_1_425' title='bbox 3184 2382 3295 2422; x_wconf 84' lang='lat' dir='ltr'>non</span> <span class='ocrx_word' id='word_1_426' title='bbox 3332 2373 3412 2421; x_wconf 89' lang='lat' dir='ltr'>est</span> <span class='ocrx_word' id='word_1_427' title='bbox 3442 2365 3579 2420; x_wconf 85' lang='lat' dir='ltr'>bona</span> <span class='ocrx_word' id='word_1_428' title='bbox 3607 2365 3782 2433; x_wconf 80' lang='lat' dir='ltr'>fama,</span> 
     </span>
    </p>
   </div>
   <div class='ocr_carea' id='block_1_55' title="bbox 2136 2451 3784 2531">
    <p class='ocr_par' dir='ltr' id='par_1_55' title="bbox 2136 2451 3784 2531">
     <span class='ocr_line' id='line_1_55' title="bbox 2136 2451 3784 2531; baseline -0.005 -17"><span class='ocrx_word' id='word_1_429' title='bbox 2136 2475 2300 2531; x_wconf 89' lang='lat' dir='ltr'>quam</span> <span class='ocrx_word' id='word_1_430' title='bbox 2331 2474 2429 2530; x_wconf 87' lang='lat' dir='ltr'>ego</span> <span class='ocrx_word' id='word_1_431' title='bbox 2459 2457 2624 2514; x_wconf 86' lang='lat' dir='ltr'>audio</span> <span class='ocrx_word' id='word_1_432' title='bbox 2652 2456 2719 2512; x_wconf 90' lang='lat' dir='ltr'>de</span> <span class='ocrx_word' id='word_1_433' title='bbox 2745 2457 2895 2513; x_wconf 87' lang='lat' dir='ltr'>vobis</span> <span class='ocrx_word' id='word_1_434' title='bbox 2928 2458 2978 2529; x_wconf 96' lang='lat' dir='ltr'>(I</span> <span class='ocrx_word' id='word_1_435' title='bbox 3001 2459 3129 2527; x_wconf 82' lang='lat' dir='ltr'>Reg.</span> <span class='ocrx_word' id='word_1_436' title='bbox 3180 2472 3241 2524; x_wconf 87' lang='grc' dir='ltr'>ιι,</span> <span class='ocrx_word' id='word_1_437' title='bbox 3294 2454 3385 2520; x_wconf 90' lang='lat'>23,</span> <span class='ocrx_word' id='word_1_438' title='bbox 3445 2454 3562 2522; x_wconf 84' lang='grc'>24).</span> <span class='ocrx_word' id='word_1_439' title='bbox 3595 2452 3676 2508; x_wconf 91' lang='lat' dir='ltr'>De</span> <span class='ocrx_word' id='word_1_440' title='bbox 3705 2451 3784 2506; x_wconf 87' lang='lat' dir='ltr'>is-</span> 
     </span>
    </p>
   </div>
   <div class='ocr_carea' id='block_1_56' title="bbox 2134 2543 3785 2620">
    <p class='ocr_par' dir='ltr' id='par_1_56' title="bbox 2134 2543 3785 2620">
     <span class='ocr_line' id='line_1_56' title="bbox 2134 2543 3785 2620; baseline -0.004 -18"><span class='ocrx_word' id='word_1_441' title='bbox 2134 2547 2414 2604; x_wconf 89' lang='lat' dir='ltr'>tiusmodi</span> <span class='ocrx_word' id='word_1_442' title='bbox 2446 2547 2710 2620; x_wconf 87' lang='lat' dir='ltr'>patribus</span> <span class='ocrx_word' id='word_1_443' title='bbox 2740 2550 2797 2601; x_wconf 89' lang='lat' dir='ltr'>et</span> <span class='ocrx_word' id='word_1_444' title='bbox 2827 2544 3008 2601; x_wconf 91' lang='lat' dir='ltr'>Isaias</span> <span class='ocrx_word' id='word_1_445' title='bbox 3027 2543 3390 2618; x_wconf 81' lang='lat' dir='ltr'>lacrymabili</span> <span class='ocrx_word' id='word_1_446' title='bbox 3415 2559 3550 2599; x_wconf 89' lang='lat' dir='ltr'>voce</span> <span class='ocrx_word' id='word_1_447' title='bbox 3580 2557 3785 2597; x_wconf 83' lang='lat' dir='ltr'>causa-</span> 
     </span>
    </p>
   </div>
   <div class='ocr_carea' id='block_1_57' title="bbox 2134 2631 3787 2707">
    <p class='ocr_par' dir='ltr' id='par_1_57' title="bbox 2134 2631 3787 2707">
     <span class='ocr_line' id='line_1_57' title="bbox 2134 2631 3787 2707; baseline -0.005 -14"><span class='ocrx_word' id='word_1_448' title='bbox 2134 2637 2523 2703; x_wconf 85' lang='lat' dir='ltr'>tur,dicens:</span> <span class='ocrx_word' id='word_1_449' title='bbox 2581 2638 2649 2691; x_wconf 87' lang='lat' dir='ltr'>Et</span> <span class='ocrx_word' id='word_1_450' title='bbox 2704 2637 2814 2707; x_wconf 87' lang='lat' dir='ltr'>ﬁlii</span> <span class='ocrx_word' id='word_1_451' title='bbox 2872 2636 3321 2705; x_wconf 82' lang='lat' dir='ltr'>alienigenarum</span> <span class='ocrx_word' id='word_1_452' title='bbox 3375 2634 3504 2688; x_wconf 84' lang='lat' dir='ltr'>nati</span> <span class='ocrx_word' id='word_1_453' title='bbox 3546 2635 3677 2687; x_wconf 87' lang='lat' dir='ltr'>sunt</span> <span class='ocrx_word' id='word_1_454' title='bbox 3703 2631 3787 2687; x_wconf 89' lang='lat' dir='ltr'>eis</span> 
     </span>
    </p>
   </div>
   <div class='ocr_carea' id='block_1_58' title="bbox 2138 2718 3786 2799">
    <p class='ocr_par' dir='ltr' id='par_1_58' title="bbox 2138 2718 3786 2799">
     <span class='ocr_line' id='line_1_58' title="bbox 2138 2718 3786 2799; baseline -0.005 -16"><span class='ocrx_word' id='word_1_455' title='bbox 2138 2729 2263 2799; x_wconf 88' lang='lat' dir='ltr'>(Isa.</span> <span class='ocrx_word' id='word_1_456' title='bbox 2298 2744 2337 2794; x_wconf 89' lang='grc' dir='ltr'>ι,</span> <span class='ocrx_word' id='word_1_457' title='bbox 2367 2727 2447 2794; x_wconf 89' lang='lat'>2).</span> <span class='ocrx_word' id='word_1_458' title='bbox 2480 2726 2639 2791; x_wconf 88' lang='lat' dir='ltr'>Quod</span> <span class='ocrx_word' id='word_1_459' title='bbox 2677 2725 2725 2781; x_wconf 91' lang='lat' dir='ltr'>si</span> <span class='ocrx_word' id='word_1_460' title='bbox 2783 2725 2894 2780; x_wconf 91' lang='lat' dir='ltr'>hoc</span> <span class='ocrx_word' id='word_1_461' title='bbox 2950 2724 3218 2797; x_wconf 90' lang='lat' dir='ltr'>Ephesiis</span> <span class='ocrx_word' id='word_1_462' title='bbox 3273 2721 3461 2789; x_wconf 89' lang='lat' dir='ltr'>laicis,</span> <span class='ocrx_word' id='word_1_463' title='bbox 3494 2726 3550 2776; x_wconf 89' lang='lat' dir='ltr'>et</span> <span class='ocrx_word' id='word_1_464' title='bbox 3580 2718 3786 2793; x_wconf 89' lang='lat' dir='ltr'>pleris-</span> 
     </span>
    </p>
   </div>
   <div class='ocr_carea' id='block_1_59' title="bbox 2137 2809 3788 2889">
    <p class='ocr_par' dir='ltr' id='par_1_59' title="bbox 2137 2809 3788 2889">
     <span class='ocr_line' id='line_1_59' title="bbox 2137 2809 3788 2889; baseline -0.005 -17"><span class='ocrx_word' id='word_1_465' title='bbox 2137 2831 2274 2888; x_wconf 89' lang='lat' dir='ltr'>que,</span> <span class='ocrx_word' id='word_1_466' title='bbox 2303 2818 2369 2870; x_wconf 90' lang='lat' dir='ltr'>ut</span> <span class='ocrx_word' id='word_1_467' title='bbox 2397 2814 2457 2869; x_wconf 91' lang='lat' dir='ltr'>in</span> <span class='ocrx_word' id='word_1_468' title='bbox 2488 2813 2702 2887; x_wconf 91' lang='lat' dir='ltr'>populo</span> <span class='ocrx_word' id='word_1_469' title='bbox 2734 2811 2900 2881; x_wconf 89' lang='lat' dir='ltr'>solet,</span> <span class='ocrx_word' id='word_1_470' title='bbox 2933 2812 3062 2868; x_wconf 68' lang='lat' dir='ltr'>vitae</span> <span class='ocrx_word' id='word_1_471' title='bbox 3108 2813 3286 2883; x_wconf 85' lang='lat' dir='ltr'>hujus</span> <span class='ocrx_word' id='word_1_472' title='bbox 3336 2809 3584 2889; x_wconf 90' lang='lat' dir='ltr'>negotiis</span> <span class='ocrx_word' id='word_1_473' title='bbox 3613 2825 3788 2865; x_wconf 90' lang='lat' dir='ltr'>occu-</span> 
     </span>
    </p>
   </div>
   <div class='ocr_carea' id='block_1_60' title="bbox 2137 2890 3789 2977">
    <p class='ocr_par' dir='ltr' id='par_1_60' title="bbox 2137 2890 3789 2977">
     <span class='ocr_line' id='line_1_60' title="bbox 2137 2890 3789 2977; baseline -0.006 -17"><span class='ocrx_word' id='word_1_474' title='bbox 2137 2904 2310 2977; x_wconf 90' lang='lat' dir='ltr'>patis,</span> <span class='ocrx_word' id='word_1_475' title='bbox 2341 2890 2633 2976; x_wconf 64' lang='lat' dir='ltr'>praecepit,</span> <span class='ocrx_word' id='word_1_476' title='bbox 2666 2907 2731 2958; x_wconf 92' lang='lat' dir='ltr'>ut</span> <span class='ocrx_word' id='word_1_477' title='bbox 2760 2902 2911 2959; x_wconf 91' lang='lat' dir='ltr'>ﬁlios</span> <span class='ocrx_word' id='word_1_478' title='bbox 2940 2918 3080 2958; x_wconf 90' lang='lat' dir='ltr'>suos</span> <span class='ocrx_word' id='word_1_479' title='bbox 3125 2900 3395 2956; x_wconf 88' lang='lat' dir='ltr'>erudiant</span> <span class='ocrx_word' id='word_1_480' title='bbox 3424 2899 3483 2954; x_wconf 92' lang='lat' dir='ltr'>in</span> <span class='ocrx_word' id='word_1_481' title='bbox 3515 2896 3675 2955; x_wconf 89' lang='lat' dir='ltr'>omni</span> <span class='ocrx_word' id='word_1_482' title='bbox 3705 2895 3789 2951; x_wconf 83' lang='lat' dir='ltr'>di-</span> 
     </span>
    </p>
   </div>
   <div class='ocr_carea' id='block_1_61' title="bbox 2138 2987 3787 3064">
    <p class='ocr_par' dir='ltr' id='par_1_61' title="bbox 2138 2987 3787 3064">
     <span class='ocr_line' id='line_1_61' title="bbox 2138 2987 3787 3064; baseline -0.005 -15"><span class='ocrx_word' id='word_1_483' title='bbox 2138 2993 2407 3064; x_wconf 90' lang='lat' dir='ltr'>sciplina,</span> <span class='ocrx_word' id='word_1_484' title='bbox 2440 2996 2497 3048; x_wconf 91' lang='lat' dir='ltr'>et</span> <span class='ocrx_word' id='word_1_485' title='bbox 2544 2991 2940 3047; x_wconf 90' lang='lat' dir='ltr'>admonitione</span> <span class='ocrx_word' id='word_1_486' title='bbox 2990 2990 3261 3046; x_wconf 88' lang='lat' dir='ltr'>Domini:</span> <span class='ocrx_word' id='word_1_487' title='bbox 3309 2988 3448 3060; x_wconf 91' lang='lat' dir='ltr'>quid</span> <span class='ocrx_word' id='word_1_488' title='bbox 3498 2987 3568 3042; x_wconf 90' lang='lat' dir='ltr'>de</span> <span class='ocrx_word' id='word_1_489' title='bbox 3599 3002 3787 3042; x_wconf 87' lang='lat' dir='ltr'>sacer-</span> 
     </span>
    </p>
   </div>
   <div class='ocr_carea' id='block_1_62' title="bbox 2139 3073 3790 3150">
    <p class='ocr_par' dir='ltr' id='par_1_62' title="bbox 2139 3073 3790 3150">
     <span class='ocr_line' id='line_1_62' title="bbox 2139 3073 3790 3150; baseline -0.006 -12"><span class='ocrx_word' id='word_1_490' title='bbox 2139 3082 2374 3139; x_wconf 90' lang='lat' dir='ltr'>dotibus</span> <span class='ocrx_word' id='word_1_491' title='bbox 2397 3080 2811 3137; x_wconf 73' lang='lat' dir='ltr'>aastimandum</span> <span class='ocrx_word' id='word_1_492' title='bbox 2842 3083 2950 3145; x_wconf 91' lang='lat' dir='ltr'>est,</span> <span class='ocrx_word' id='word_1_493' title='bbox 2983 3080 3053 3134; x_wconf 92' lang='lat' dir='ltr'>de</span> <span class='ocrx_word' id='word_1_494' title='bbox 3085 3094 3338 3150; x_wconf 88' lang='lat' dir='ltr'>quorum</span> <span class='ocrx_word' id='word_1_495' title='bbox 3368 3075 3571 3133; x_wconf 90' lang='lat' dir='ltr'>ordine</span> <span class='ocrx_word' id='word_1_496' title='bbox 3601 3075 3674 3131; x_wconf 91' lang='lat' dir='ltr'>ad</span> <span class='ocrx_word' id='word_1_497' title='bbox 3695 3073 3790 3129; x_wconf 92' lang='lat' dir='ltr'>Ti-</span> 
     </span>
    </p>
   </div>
   <div class='ocr_carea' id='block_1_63' title="bbox 2141 3164 3790 3233">
    <p class='ocr_par' dir='ltr' id='par_1_63' title="bbox 2141 3164 3790 3233">
     <span class='ocr_line' id='line_1_63' title="bbox 2141 3164 3790 3233; baseline -0.005 -7"><span class='ocrx_word' id='word_1_498' title='bbox 2141 3170 2441 3227; x_wconf 92' lang='lat' dir='ltr'>motheum</span> <span class='ocrx_word' id='word_1_499' title='bbox 2474 3169 2699 3233; x_wconf 85' lang='lat' dir='ltr'>scribit,</span> <span class='ocrx_word' id='word_1_500' title='bbox 2733 3168 2970 3224; x_wconf 89' lang='lat' dir='ltr'>dicens:</span> <span class='ocrx_word' id='word_1_501' title='bbox 3006 3168 3155 3223; x_wconf 75' lang='lat'>667</span> <span class='ocrx_word' id='word_1_502' title='bbox 3198 3166 3373 3223; x_wconf 85' lang='lat' dir='ltr'>Filios</span> <span class='ocrx_word' id='word_1_503' title='bbox 3416 3164 3698 3221; x_wconf 87' lang='lat' dir='ltr'>habentem</span> <span class='ocrx_word' id='word_1_504' title='bbox 3728 3164 3790 3218; x_wconf 89' lang='lat' dir='ltr'>in</span> 
     </span>
    </p>
   </div>
   <div class='ocr_carea' id='block_1_64' title="bbox 372 3245 3789 3332">
    <p class='ocr_par' dir='ltr' id='par_1_64' title="bbox 372 3245 3789 3332">
     <span class='ocr_line' id='line_1_64' title="bbox 372 3245 3789 3332; baseline -0.002 -18"><span class='ocrx_word' id='word_1_505' title='bbox 372 3260 625 3315; x_wconf 86' lang='lat' dir='ltr'>Domino.</span> <span class='ocrx_word' id='word_1_506' title='bbox 658 3262 967 3314; x_wconf 88' lang='lat' dir='ltr'>Peccatum</span> <span class='ocrx_word' id='word_1_507' title='bbox 1006 3275 1141 3315; x_wconf 90' lang='lat' dir='ltr'>vero</span> <span class='ocrx_word' id='word_1_508' title='bbox 1191 3263 1523 3331; x_wconf 89' lang='lat' dir='ltr'>parentum,</span> <span class='ocrx_word' id='word_1_509' title='bbox 1574 3261 1729 3315; x_wconf 88' lang='lat'>666</span> <span class='ocrx_word' id='word_1_510' title='bbox 1760 3260 2030 3332; x_wconf 91' lang='lat' dir='ltr'>parvulos</span> <span class='ocrx_word' id='word_1_511' title='bbox 2061 3245 2103 3312; x_wconf 85' lang='lat' dir='ltr'>C</span> <span class='ocrx_word' id='word_1_512' title='bbox 2142 3260 2416 3331; x_wconf 87' lang='lat' dir='ltr'>obsequio,</span> <span class='ocrx_word' id='word_1_513' title='bbox 2446 3276 2571 3314; x_wconf 87' lang='lat' dir='ltr'>cum</span> <span class='ocrx_word' id='word_1_514' title='bbox 2609 3259 2764 3314; x_wconf 87' lang='lat' dir='ltr'>omni</span> <span class='ocrx_word' id='word_1_515' title='bbox 2809 3258 3082 3314; x_wconf 86' lang='lat' dir='ltr'>honestate</span> <span class='ocrx_word' id='word_1_516' title='bbox 3131 3257 3185 3329; x_wconf 89' lang='grc' dir='ltr'>(Ι</span> <span class='ocrx_word' id='word_1_517' title='bbox 3210 3256 3342 3310; x_wconf 92' lang='lat' dir='ltr'>Tim.</span> <span class='ocrx_word' id='word_1_518' title='bbox 3376 3272 3458 3321; x_wconf 89' lang='grc' dir='ltr'>ιιι,</span> <span class='ocrx_word' id='word_1_519' title='bbox 3492 3254 3569 3325; x_wconf 89' lang='grc'>4).</span> <span class='ocrx_word' id='word_1_520' title='bbox 3600 3253 3667 3307; x_wconf 89' lang='lat' dir='ltr'>Et</span> <span class='ocrx_word' id='word_1_521' title='bbox 3696 3252 3789 3307; x_wconf 86' lang='lat' dir='ltr'>id-</span> 
     </span>
    </p>
   </div>
   <div class='ocr_carea' id='block_1_65' title="bbox 372 3346 2031 3421">
    <p class='ocr_par' dir='ltr' id='par_1_65' title="bbox 372 3346 2031 3421">
     <span class='ocr_line' id='line_1_65' title="bbox 372 3346 2031 3421; baseline 0.001 -18"><span class='ocrx_word' id='word_1_522' title='bbox 372 3346 526 3403; x_wconf 88' lang='lat' dir='ltr'>ﬁlios</span> <span class='ocrx_word' id='word_1_523' title='bbox 558 3353 731 3420; x_wconf 91' lang='lat' dir='ltr'>atque</span> <span class='ocrx_word' id='word_1_524' title='bbox 765 3346 1046 3404; x_wconf 89' lang='lat' dir='ltr'>lactentes</span> <span class='ocrx_word' id='word_1_525' title='bbox 1078 3350 1149 3404; x_wconf 91' lang='lat' dir='ltr'>ad</span> <span class='ocrx_word' id='word_1_526' title='bbox 1182 3348 1549 3404; x_wconf 90' lang='lat' dir='ltr'>iracundiam</span> <span class='ocrx_word' id='word_1_527' title='bbox 1575 3366 1904 3421; x_wconf 88' lang='lat' dir='ltr'>provocare,</span> <span class='ocrx_word' id='word_1_528' title='bbox 1927 3354 2031 3405; x_wconf 87' lang='lat' dir='ltr'>aut</span> 
     </span>
    </p>
   </div>
   <div class='ocr_carea' id='block_1_66' title="bbox 373 3435 2031 3509">
    <p class='ocr_par' dir='ltr' id='par_1_66' title="bbox 373 3435 2031 3509">
     <span class='ocr_line' id='line_1_66' title="bbox 373 3435 2031 3509; baseline 0.002 -17"><span class='ocrx_word' id='word_1_529' title='bbox 373 3441 530 3492; x_wconf 89' lang='lat' dir='ltr'>certe</span> <span class='ocrx_word' id='word_1_530' title='bbox 550 3437 678 3509; x_wconf 88' lang='lat' dir='ltr'>jam</span> <span class='ocrx_word' id='word_1_531' title='bbox 710 3435 1183 3493; x_wconf 90' lang='lat' dir='ltr'>adolescentibus</span> <span class='ocrx_word' id='word_1_532' title='bbox 1225 3441 1283 3492; x_wconf 91' lang='lat' dir='ltr'>et</span> <span class='ocrx_word' id='word_1_533' title='bbox 1335 3437 1674 3493; x_wconf 90' lang='lat' dir='ltr'>maturioris</span> <span class='ocrx_word' id='word_1_534' title='bbox 1722 3438 1931 3505; x_wconf 82' lang='lat' dir='ltr'>aetatis,</span> <span class='ocrx_word' id='word_1_535' title='bbox 1963 3455 2031 3495; x_wconf 90' lang='lat' dir='ltr'>ea</span> 
     </span>
    </p>
   </div>
   <div class='ocr_carea' id='block_1_67' title="bbox 375 3525 2028 3599">
    <p class='ocr_par' dir='ltr' id='par_1_67' title="bbox 375 3525 2028 3599">
     <span class='ocr_line' id='line_1_67' title="bbox 375 3525 2028 3599; baseline 0.001 -17"><span class='ocrx_word' id='word_1_536' title='bbox 375 3526 667 3598; x_wconf 89' lang='lat' dir='ltr'>imperare</span> <span class='ocrx_word' id='word_1_537' title='bbox 698 3542 827 3597; x_wconf 71' lang='lat' dir='ltr'>qua:</span> <span class='ocrx_word' id='word_1_538' title='bbox 858 3525 1057 3598; x_wconf 87' lang='lat' dir='ltr'>gravia</span> <span class='ocrx_word' id='word_1_539' title='bbox 1081 3530 1240 3581; x_wconf 91' lang='lat' dir='ltr'>sunt.</span> <span class='ocrx_word' id='word_1_540' title='bbox 1273 3526 1436 3582; x_wconf 90' lang='lat' dir='ltr'>Sicut</span> <span class='ocrx_word' id='word_1_541' title='bbox 1464 3526 1645 3599; x_wconf 88' lang='lat' dir='ltr'>igitur</span> <span class='ocrx_word' id='word_1_542' title='bbox 1680 3526 1741 3582; x_wconf 90' lang='lat' dir='ltr'>in</span> <span class='ocrx_word' id='word_1_543' title='bbox 1770 3527 1906 3584; x_wconf 89' lang='lat' dir='ltr'>ﬁliis</span> <span class='ocrx_word' id='word_1_544' title='bbox 1927 3528 2028 3585; x_wconf 90' lang='lat' dir='ltr'>ob-</span> 
     </span>
    </p>
   </div>
   <div class='ocr_carea' id='block_1_68' title="bbox 374 3614 2027 3687">
    <p class='ocr_par' dir='ltr' id='par_1_68' title="bbox 374 3614 2027 3687">
     <span class='ocr_line' id='line_1_68' title="bbox 374 3614 2027 3687; baseline 0.001 -16"><span class='ocrx_word' id='word_1_545' title='bbox 374 3615 673 3687; x_wconf 85' lang='lat' dir='ltr'>sequium,</span> <span class='ocrx_word' id='word_1_546' title='bbox 706 3620 765 3671; x_wconf 91' lang='lat' dir='ltr'>et</span> <span class='ocrx_word' id='word_1_547' title='bbox 795 3614 1177 3685; x_wconf 89' lang='lat' dir='ltr'>subjectionis</span> <span class='ocrx_word' id='word_1_548' title='bbox 1210 3631 1434 3672; x_wconf 91' lang='lat' dir='ltr'>merces</span> <span class='ocrx_word' id='word_1_549' title='bbox 1462 3620 1551 3672; x_wconf 89' lang='lat' dir='ltr'>est</span> <span class='ocrx_word' id='word_1_550' title='bbox 1584 3616 1986 3673; x_wconf 83' lang='lat' dir='ltr'>demonstrata</span> <span class='ocrx_word' id='word_1_551' title='bbox 2014 3634 2027 3673; x_wconf 88' lang='lat'>:</span> 
     </span>
    </p>
   </div>
   <div class='ocr_carea' id='block_1_69' title="bbox 370 3702 2032 3777">
    <p class='ocr_par' dir='ltr' id='par_1_69' title="bbox 370 3702 2032 3777">
     <span class='ocr_line' id='line_1_69' title="bbox 370 3702 2032 3777; baseline 0.002 -18"><span class='ocrx_word' id='word_1_552' title='bbox 370 3704 457 3760; x_wconf 89' lang='lat' dir='ltr'>ita</span> <span class='ocrx_word' id='word_1_553' title='bbox 487 3702 830 3777; x_wconf 89' lang='lat' dir='ltr'>parentibus</span> <span class='ocrx_word' id='word_1_554' title='bbox 877 3704 1246 3760; x_wconf 89' lang='lat' dir='ltr'>moderatum</span> <span class='ocrx_word' id='word_1_555' title='bbox 1296 3705 1542 3776; x_wconf 88' lang='lat' dir='ltr'>jubetur</span> <span class='ocrx_word' id='word_1_556' title='bbox 1594 3705 1931 3777; x_wconf 90' lang='lat' dir='ltr'>imperium,</span> <span class='ocrx_word' id='word_1_557' title='bbox 1965 3710 2032 3762; x_wconf 89' lang='lat' dir='ltr'>ut</span> 
     </span>
    </p>
   </div>
   <div class='ocr_carea' id='block_1_70' title="bbox 373 3792 2027 3866">
    <p class='ocr_par' dir='ltr' id='par_1_70' title="bbox 373 3792 2027 3866">
     <span class='ocr_line' id='line_1_70' title="bbox 373 3792 2027 3866; baseline 0.002 -18"><span class='ocrx_word' id='word_1_558' title='bbox 373 3809 493 3849; x_wconf 89' lang='lat' dir='ltr'>non</span> <span class='ocrx_word' id='word_1_559' title='bbox 522 3793 692 3865; x_wconf 91' lang='lat' dir='ltr'>quasi</span> <span class='ocrx_word' id='word_1_560' title='bbox 726 3793 931 3864; x_wconf 89' lang='lat' dir='ltr'>servis,</span> <span class='ocrx_word' id='word_1_561' title='bbox 965 3793 1067 3850; x_wconf 91' lang='lat' dir='ltr'>sed</span> <span class='ocrx_word' id='word_1_562' title='bbox 1101 3792 1271 3865; x_wconf 89' lang='lat' dir='ltr'>quasi</span> <span class='ocrx_word' id='word_1_563' title='bbox 1317 3792 1452 3849; x_wconf 88' lang='lat' dir='ltr'>ﬁliis</span> <span class='ocrx_word' id='word_1_564' title='bbox 1492 3810 1741 3866; x_wconf 79' lang='lat' dir='ltr'>praeesse</span> <span class='ocrx_word' id='word_1_565' title='bbox 1770 3811 1833 3850; x_wconf 91' lang='lat' dir='ltr'>se</span> <span class='ocrx_word' id='word_1_566' title='bbox 1857 3811 2027 3851; x_wconf 91' lang='lat' dir='ltr'>nove-</span> 
     </span>
    </p>
   </div>
   <div class='ocr_carea' id='block_1_71' title="bbox 374 3880 2032 3955">
    <p class='ocr_par' dir='ltr' id='par_1_71' title="bbox 374 3880 2032 3955">
     <span class='ocr_line' id='line_1_71' title="bbox 374 3880 2032 3955; baseline 0.001 -17"><span class='ocrx_word' id='word_1_567' title='bbox 374 3882 514 3938; x_wconf 89' lang='lat' dir='ltr'>rint.</span> <span class='ocrx_word' id='word_1_568' title='bbox 544 3880 659 3938; x_wconf 93' lang='lat' dir='ltr'>Nec</span> <span class='ocrx_word' id='word_1_569' title='bbox 689 3881 799 3938; x_wconf 93' lang='lat' dir='ltr'>hoc</span> <span class='ocrx_word' id='word_1_570' title='bbox 844 3883 1114 3955; x_wconf 65' lang='lat' dir='ltr'>pracepti</span> <span class='ocrx_word' id='word_1_571' title='bbox 1158 3883 1271 3937; x_wconf 89' lang='lat' dir='ltr'>ﬁne</span> <span class='ocrx_word' id='word_1_572' title='bbox 1330 3886 1642 3938; x_wconf 90' lang='lat' dir='ltr'>contentus</span> <span class='ocrx_word' id='word_1_573' title='bbox 1698 3887 1808 3953; x_wconf 88' lang='lat' dir='ltr'>est,</span> <span class='ocrx_word' id='word_1_574' title='bbox 1842 3885 1943 3940; x_wconf 91' lang='lat' dir='ltr'>sed</span> <span class='ocrx_word' id='word_1_575' title='bbox 1975 3888 2032 3940; x_wconf 91' lang='lat' dir='ltr'>et</span> 
     </span>
    </p>
   </div>
   <div class='ocr_carea' id='block_1_72' title="bbox 374 3969 2031 4043">
    <p class='ocr_par' dir='ltr' id='par_1_72' title="bbox 374 3969 2031 4043">
     <span class='ocr_line' id='line_1_72' title="bbox 374 3969 2031 4043; baseline 0 -16"><span class='ocrx_word' id='word_1_576' title='bbox 374 3969 521 4027; x_wconf 86' lang='lat' dir='ltr'>illud</span> <span class='ocrx_word' id='word_1_577' title='bbox 554 3970 860 4042; x_wconf 83' lang='lat' dir='ltr'>adjunxit:</span> <span class='ocrx_word' id='word_1_578' title='bbox 896 3971 1132 4028; x_wconf 87' lang='lat' dir='ltr'>Educate</span> <span class='ocrx_word' id='word_1_579' title='bbox 1170 3970 1300 4027; x_wconf 82' lang='lat' dir='ltr'>illos</span> <span class='ocrx_word' id='word_1_580' title='bbox 1352 3973 1412 4026; x_wconf 89' lang='lat' dir='ltr'>in</span> <span class='ocrx_word' id='word_1_581' title='bbox 1467 3971 1772 4043; x_wconf 81' lang='lat' dir='ltr'>disciplina</span> <span class='ocrx_word' id='word_1_582' title='bbox 1827 3980 1879 4027; x_wconf 92' lang='lat' dir='ltr'>et</span> <span class='ocrx_word' id='word_1_583' title='bbox 1906 3989 2031 4028; x_wconf 84' lang='lat' dir='ltr'>cor-</span> 
     </span>
    </p>
   </div>
   <div class='ocr_carea' id='block_1_73' title="bbox 445 4076 2028 4150">
    <p class='ocr_par' dir='ltr' id='par_1_73' title="bbox 445 4076 2028 4150">
     <span class='ocr_line' id='line_1_73' title="bbox 445 4076 2028 4150; baseline 0.002 -19"><span class='ocrx_word' id='word_1_584' title='bbox 445 4079 462 4113; x_wconf 83' lang='grc'>¹</span> <span class='ocrx_word' id='word_1_585' title='bbox 494 4076 677 4150; x_wconf 79' lang='lat' dir='ltr'>Aliter</span> <span class='ocrx_word' id='word_1_586' title='bbox 707 4076 850 4150; x_wconf 85' lang='lat' dir='ltr'>legit</span> <span class='ocrx_word' id='word_1_587' title='bbox 877 4077 1018 4134; x_wconf 91' lang='lat' dir='ltr'>olim</span> <span class='ocrx_word' id='word_1_588' title='bbox 1050 4077 1390 4134; x_wconf 72' lang='lat' dir='ltr'>Abaelardus</span> <span class='ocrx_word' id='word_1_589' title='bbox 1415 4078 1473 4132; x_wconf 90' lang='lat' dir='ltr'>in</span> <span class='ocrx_word' id='word_1_590' title='bbox 1506 4078 1831 4150; x_wconf 67' lang='lat' dir='ltr'>Theologiaa</span> <span class='ocrx_word' id='word_1_591' title='bbox 1863 4079 2028 4134; x_wconf 89' lang='lat' dir='ltr'>Chri-</span> 
     </span>
    </p>
   </div>
   <div class='ocr_carea' id='block_1_74' title="bbox 370 4147 2031 4222">
    <p class='ocr_par' dir='ltr' id='par_1_74' title="bbox 370 4147 2031 4222">
     <span class='ocr_line' id='line_1_74' title="bbox 370 4147 2031 4222; baseline 0.002 -18"><span class='ocrx_word' id='word_1_592' title='bbox 370 4147 576 4205; x_wconf 75' lang='lat' dir='ltr'>stianae</span> <span class='ocrx_word' id='word_1_593' title='bbox 607 4147 798 4214; x_wconf 76' lang='lat' dir='ltr'>libris,</span> <span class='ocrx_word' id='word_1_594' title='bbox 830 4154 882 4205; x_wconf 89' lang='lat' dir='ltr'>et</span> <span class='ocrx_word' id='word_1_595' title='bbox 910 4165 1164 4205; x_wconf 87' lang='lat' dir='ltr'>amorum</span> <span class='ocrx_word' id='word_1_596' title='bbox 1189 4152 1373 4221; x_wconf 88' lang='lat' dir='ltr'>turpia</span> <span class='ocrx_word' id='word_1_597' title='bbox 1408 4151 1645 4222; x_wconf 84' lang='lat' dir='ltr'>scripta,</span> <span class='ocrx_word' id='word_1_598' title='bbox 1679 4147 1813 4217; x_wconf 63' lang='lat' dir='ltr'>etc,</span> <span class='ocrx_word' id='word_1_599' title='bbox 1847 4168 1950 4222; x_wconf 90' lang='lat' dir='ltr'>pro</span> <span class='ocrx_word' id='word_1_600' title='bbox 1980 4155 2031 4207; x_wconf 88' lang='lat' dir='ltr'>et</span> 
     </span>
    </p>
   </div>
   <div class='ocr_carea' id='block_1_75' title="bbox 368 4223 834 4288">
    <p class='ocr_par' dir='ltr' id='par_1_75' title="bbox 368 4223 834 4288">
     <span class='ocr_line' id='line_1_75' title="bbox 368 4223 834 4288; baseline -0.002 -11"><span class='ocrx_word' id='word_1_601' title='bbox 368 4223 690 4288; x_wconf 87' lang='lat' dir='ltr'>mimorum,</span> <span class='ocrx_word' id='word_1_602' title='bbox 725 4226 834 4276; x_wconf 90' lang='lat' dir='ltr'>etc.</span> 
     </span>
    </p>
   </div>
   <div class='ocr_carea' id='block_1_76' title="bbox 442 4291 2032 4385">
    <p class='ocr_par' dir='ltr' id='par_1_76' title="bbox 442 4291 2032 4385">
     <span class='ocr_line' id='line_1_76' title="bbox 442 4291 2032 4385; baseline 0.001 -39"><span class='ocrx_word' id='word_1_603' title='bbox 442 4292 464 4325; x_wconf 84' lang='grc'>²</span> <span class='ocrx_word' id='word_1_604' title='bbox 494 4295 664 4374; x_wconf 54' lang='lat' dir='ltr'>iiuna</span> <span class='ocrx_word' id='word_1_605' title='bbox 696 4291 890 4385; x_wconf 47' lang='lat' dir='ltr'>lacum</span> <span class='ocrx_word' id='word_1_606' title='bbox 922 4308 1039 4385; x_wconf 59' lang='lat' dir='ltr'>non</span> <span class='ocrx_word' id='word_1_607' title='bbox 1070 4291 1216 4347; x_wconf 78' lang='lat' dir='ltr'>satis</span> <span class='ocrx_word' id='word_1_608' title='bbox 1248 4291 1643 4385; x_wconf 35' lang='lat' dir='ltr'>in‘telli‘gentes</span> <span class='ocrx_word' id='word_1_609' title='bbox 1669 4292 1945 4385; x_wconf 54' lang='lat' dir='ltr'>Erasmus</span> <span class='ocrx_word' id='word_1_610' title='bbox 1964 4297 2032 4385; x_wconf 44' lang='lat' dir='ltr'>Jet</span> 
     </span>
    </p>
   </div>
   <div class='ocr_carea' id='block_1_77' title="bbox 370 4362 2029 4435">
    <p class='ocr_par' dir='ltr' id='par_1_77' title="bbox 370 4362 2029 4435">
     <span class='ocr_line' id='line_1_77' title="bbox 370 4362 2029 4435; baseline 0.001 -17"><span class='ocrx_word' id='word_1_611' title='bbox 370 4362 675 4435; x_wconf 83' lang='lat' dir='ltr'>Marianus</span> <span class='ocrx_word' id='word_1_612' title='bbox 728 4364 958 4419; x_wconf 87' lang='lat' dir='ltr'>diverse</span> <span class='ocrx_word' id='word_1_613' title='bbox 1006 4364 1362 4435; x_wconf 87' lang='lat' dir='ltr'>depravant;</span> <span class='ocrx_word' id='word_1_614' title='bbox 1418 4362 1704 4435; x_wconf 85' lang='lat' dir='ltr'>Erasmus</span> <span class='ocrx_word' id='word_1_615' title='bbox 1762 4365 2029 4420; x_wconf 87' lang='lat' dir='ltr'>addendo</span> 
     </span>
    </p>
   </div>
   <div class='ocr_carea' id='block_1_78' title="bbox 373 4434 2033 4562">
    <p class='ocr_par' dir='ltr' id='par_1_78' title="bbox 373 4434 2033 4562">
     <span class='ocr_line' id='line_1_78' title="bbox 417 4434 2033 4504; baseline 0.002 -16"><span class='ocrx_word' id='word_1_616' title='bbox 417 4434 853 4504; x_wconf 61' lang='lat' dir='ltr'>repositionem</span> <span class='ocrx_word' id='word_1_617' title='bbox 909 4437 971 4490; x_wconf 86' lang='lat' dir='ltr'>in</span> <span class='ocrx_word' id='word_1_618' title='bbox 1027 4434 1163 4490; x_wconf 86' lang='lat' dir='ltr'>ante</span> <span class='ocrx_word' id='word_1_619' title='bbox 1218 4434 1615 4490; x_wconf 82' lang='lat' dir='ltr'>Kalendarium</span> <span class='ocrx_word' id='word_1_620' title='bbox 1669 4439 1934 4500; x_wconf 84' lang='lat' dir='ltr'>strenam,</span> <span class='ocrx_word' id='word_1_621' title='bbox 1974 4442 2033 4492; x_wconf 90' lang='lat' dir='ltr'>et</span> 
     </span>
     <span class='ocr_line' id='line_1_79' title="bbox 373 4451 2029 4562; baseline 0 0"><span class='ocrx_word' id='word_1_622' title='bbox 373 4451 676 4562; x_wconf 59' lang='lat' dir='ltr'>Kiarianus</span> <span class='ocrx_word' id='word_1_623' title='bbox 710 4506 1014 4562; x_wconf 89' lang='lat' dir='ltr'>mutando.</span> <span class='ocrx_word' id='word_1_624' title='bbox 1046 4509 1143 4561; x_wconf 87' lang='lat' dir='ltr'>aut</span> <span class='ocrx_word' id='word_1_625' title='bbox 1172 4507 1233 4560; x_wconf 87' lang='lat' dir='ltr'>in</span> <span class='ocrx_word' id='word_1_626' title='bbox 1262 4506 1451 4562; x_wconf 80' lang='lat' dir='ltr'>temrli</span> <span class='ocrx_word' id='word_1_627' title='bbox 1478 4508 1639 4562; x_wconf 78' lang='lat' dir='ltr'>stipes</span> <span class='ocrx_word' id='word_1_628' title='bbox 1662 4525 1681 4561; x_wconf 91' lang='lat'>:</span> <span class='ocrx_word' id='word_1_629' title='bbox 1708 4507 1848 4562; x_wconf 72' lang='lat' dir='ltr'>lenit</span> <span class='ocrx_word' id='word_1_630' title='bbox 1871 4507 2029 4562; x_wconf 90' lang='lat' dir='ltr'>enim</span> 
     </span>
    </p>
   </div>
   <div class='ocr_carea' id='block_1_79' title="bbox 438 4506 2029 4579">
    <p class='ocr_par' dir='ltr' id='par_1_79' title="bbox 438 4506 2029 4579">
     <span class='ocr_line' id='line_1_80' title="bbox 438 4506 2029 4579; baseline 0.001 -18"><span class='ocrx_word' id='word_1_631' title='bbox 438 4506 676 4562; x_wconf 87' lang='lat' dir='ltr'>arianus</span> <span class='ocrx_word' id='word_1_632' title='bbox 710 4506 1014 4579; x_wconf 85' lang='lat' dir='ltr'>mutando,</span> <span class='ocrx_word' id='word_1_633' title='bbox 1046 4509 1143 4561; x_wconf 87' lang='lat' dir='ltr'>aut</span> <span class='ocrx_word' id='word_1_634' title='bbox 1172 4507 1233 4560; x_wconf 87' lang='lat' dir='ltr'>in</span> <span class='ocrx_word' id='word_1_635' title='bbox 1262 4506 1451 4579; x_wconf 72' lang='lat' dir='ltr'>templi</span> <span class='ocrx_word' id='word_1_636' title='bbox 1478 4508 1639 4576; x_wconf 88' lang='lat' dir='ltr'>stipes</span> <span class='ocrx_word' id='word_1_637' title='bbox 1662 4525 1681 4561; x_wconf 91' lang='lat'>:</span> <span class='ocrx_word' id='word_1_638' title='bbox 1708 4507 1848 4579; x_wconf 88' lang='lat' dir='ltr'>legit</span> <span class='ocrx_word' id='word_1_639' title='bbox 1871 4507 2029 4563; x_wconf 90' lang='lat' dir='ltr'>enim</span> 
     </span>
    </p>
   </div>
   <div class='ocr_carea' id='block_1_80' title="bbox 375 4578 2029 4649">
    <p class='ocr_par' dir='ltr' id='par_1_80' title="bbox 375 4578 2029 4649">
     <span class='ocr_line' id='line_1_81' title="bbox 375 4578 2029 4649; baseline -0.001 -16"><span class='ocrx_word' id='word_1_640' title='bbox 375 4581 483 4633; x_wconf 87' lang='lat' dir='ltr'>aut</span> <span class='ocrx_word' id='word_1_641' title='bbox 518 4580 580 4633; x_wconf 86' lang='lat' dir='ltr'>in</span> <span class='ocrx_word' id='word_1_642' title='bbox 602 4586 851 4649; x_wconf 84' lang='lat' dir='ltr'>sumptus</span> <span class='ocrx_word' id='word_1_643' title='bbox 881 4578 1214 4649; x_wconf 87' lang='lat' dir='ltr'>domesticos,</span> <span class='ocrx_word' id='word_1_644' title='bbox 1247 4578 1438 4648; x_wconf 86' lang='lat' dir='ltr'>templi</span> <span class='ocrx_word' id='word_1_645' title='bbox 1480 4580 1666 4649; x_wconf 87' lang='lat' dir='ltr'>stipes.</span> <span class='ocrx_word' id='word_1_646' title='bbox 1704 4579 1839 4634; x_wconf 85' lang='lat' dir='ltr'>Mss.</span> <span class='ocrx_word' id='word_1_647' title='bbox 1874 4579 2029 4634; x_wconf 85' lang='lat' dir='ltr'>codi-</span> 
     </span>
    </p>
   </div>
   <div class='ocr_carea' id='block_1_81' title="bbox 378 4648 2026 4733">
    <p class='ocr_par' dir='ltr' id='par_1_81' title="bbox 378 4648 2026 4733">
     <span class='ocr_line' id='line_1_82' title="bbox 378 4648 2026 4733; baseline 0.001 -29"><span class='ocrx_word' id='word_1_648' title='bbox 378 4664 474 4733; x_wconf 78' lang='lat' dir='ltr'>ces</span> <span class='ocrx_word' id='word_1_649' title='bbox 504 4648 997 4733; x_wconf 40' lang='lat' dir='ltr'>retinent‘puram</span> <span class='ocrx_word' id='word_1_650' title='bbox 1031 4648 1337 4733; x_wconf 68' lang='lat' dir='ltr'>lectionem</span> <span class='ocrx_word' id='word_1_651' title='bbox 1372 4648 1690 4733; x_wconf 30' lang='lat' dir='ltr'>quam’nos</span> <span class='ocrx_word' id='word_1_652' title='bbox 1710 4649 2026 4733; x_wconf 81' lang='lat' dir='ltr'>edidimus,</span> 
     </span>
    </p>
   </div>
   <div class='ocr_carea' id='block_1_82' title="bbox 378 4719 2028 4864">
    <p class='ocr_par' dir='ltr' id='par_1_82' title="bbox 378 4719 2028 4864">
     <span class='ocr_line' id='line_1_83' title="bbox 378 4719 2028 4805; baseline 0.001 -31"><span class='ocrx_word' id='word_1_653' title='bbox 378 4722 548 4791; x_wconf 89' lang='lat' dir='ltr'>cujus</span> <span class='ocrx_word' id='word_1_654' title='bbox 582 4719 677 4802; x_wconf 79' lang='lat' dir='ltr'>hic</span> <span class='ocrx_word' id='word_1_655' title='bbox 706 4719 807 4803; x_wconf 77' lang='lat' dir='ltr'>est</span> <span class='ocrx_word' id='word_1_656' title='bbox 825 4737 1035 4803; x_wconf 79' lang='lat' dir='ltr'>sensus</span> <span class='ocrx_word' id='word_1_657' title='bbox 1064 4737 1078 4775; x_wconf 89' lang='lat'>:</span> <span class='ocrx_word' id='word_1_658' title='bbox 1113 4720 1333 4792; x_wconf 88' lang='lat' dir='ltr'>Legant</span> <span class='ocrx_word' id='word_1_659' title='bbox 1381 4719 1495 4801; x_wconf 80' lang='lat' dir='ltr'>ista</span> <span class='ocrx_word' id='word_1_660' title='bbox 1524 4719 1781 4803; x_wconf 80' lang='lat' dir='ltr'>episcopi</span> <span class='ocrx_word' id='word_1_661' title='bbox 1814 4726 1870 4776; x_wconf 90' lang='lat' dir='ltr'>et</span> <span class='ocrx_word' id='word_1_662' title='bbox 1898 4739 2028 4805; x_wconf 85' lang='lat' dir='ltr'>pre-</span> 
     </span>
     <span class='ocr_line' id='line_1_84' title="bbox 379 4789 2028 4864; baseline 0.001 -18"><span class='ocrx_word' id='word_1_663' title='bbox 379 4791 597 4864; x_wconf 75' lang='lat' dir='ltr'>sbyteri</span> <span class='ocrx_word' id='word_1_664' title='bbox 627 4808 725 4863; x_wconf 88' lang='lat' dir='ltr'>qu1</span> <span class='ocrx_word' id='word_1_665' title='bbox 757 4791 909 4848; x_wconf 79' lang='lat' dir='ltr'>ﬁlios</span> <span class='ocrx_word' id='word_1_666' title='bbox 941 4808 1081 4864; x_wconf 88' lang='lat' dir='ltr'>suos</span> <span class='ocrx_word' id='word_1_667' title='bbox 1109 4792 1182 4846; x_wconf 93' lang='lat' dir='ltr'>de</span> <span class='ocrx_word' id='word_1_668' title='bbox 1233 4789 1646 4864; x_wconf 76' lang='lat' dir='ltr'>eccleSIastlcis</span> <span class='ocrx_word' id='word_1_669' title='bbox 1689 4794 2028 4864; x_wconf 79' lang='lat' dir='ltr'>sumptibus</span> 
     </span>
    </p>
   </div>
   <div class='ocr_carea' id='block_1_83' title="bbox 377 4862 2032 4945">
    <p class='ocr_par' dir='ltr' id='par_1_83' title="bbox 377 4862 2032 4945">
     <span class='ocr_line' id='line_1_85' title="bbox 377 4862 2032 4945; baseline 0.001 -28"><span class='ocrx_word' id='word_1_670' title='bbox 377 4862 623 4945; x_wconf 63' lang='lat' dir='ltr'>forsitan</span> <span class='ocrx_word' id='word_1_671' title='bbox 642 4863 904 4945; x_wconf 77' lang='lat' dir='ltr'>eruditos</span> <span class='ocrx_word' id='word_1_672' title='bbox 920 4863 1159 4945; x_wconf 76' lang='lat' dir='ltr'>tradunt</span> <span class='ocrx_word' id='word_1_673' title='bbox 1179 4862 1581 4945; x_wconf 52' lang='lat' dir='ltr'>grammaticis</span> <span class='ocrx_word' id='word_1_674' title='bbox 1597 4862 1916 4945; x_wconf 66' lang='lat' dir='ltr'>gentilibus</span> <span class='ocrx_word' id='word_1_675' title='bbox 1936 4882 1953 4945; x_wconf 61' lang='grc' dir='ltr'>ξ</span> <span class='ocrx_word' id='word_1_676' title='bbox 1964 4869 2032 4945; x_wconf 53' lang='grc' dir='ltr'>εἰ</span> 
     </span>
    </p>
   </div>
   <div class='ocr_carea' id='block_1_84' title="bbox 376 4934 2026 5007">
    <p class='ocr_par' dir='ltr' id='par_1_84' title="bbox 376 4934 2026 5007">
     <span class='ocr_line' id='line_1_86' title="bbox 376 4934 2026 5007; baseline 0.001 -19"><span class='ocrx_word' id='word_1_677' title='bbox 376 4934 614 5007; x_wconf 79' lang='lat' dir='ltr'>videant</span> <span class='ocrx_word' id='word_1_678' title='bbox 642 4951 714 4990; x_wconf 90' lang='lat' dir='ltr'>ne</span> <span class='ocrx_word' id='word_1_679' title='bbox 742 4936 895 5005; x_wconf 92' lang='lat' dir='ltr'>quod</span> <span class='ocrx_word' id='word_1_680' title='bbox 927 4934 1087 5007; x_wconf 86' lang='lat' dir='ltr'>virgo</span> <span class='ocrx_word' id='word_1_681' title='bbox 1142 4934 1339 5000; x_wconf 88' lang='lat' dir='ltr'>vidua,</span> <span class='ocrx_word' id='word_1_682' title='bbox 1392 4934 1488 5007; x_wconf 84' lang='lat' dir='ltr'>vel</span> <span class='ocrx_word' id='word_1_683' title='bbox 1546 4934 2026 5007; x_wconf 17' lang='lat' dir='ltr'>paupergobtulit,</span> 
     </span>
    </p>
   </div>
   <div class='ocr_carea' id='block_1_85' title="bbox 376 5004 2028 5079">
    <p class='ocr_par' dir='ltr' id='par_1_85' title="bbox 376 5004 2028 5079">
     <span class='ocr_line' id='line_1_87' title="bbox 376 5004 2028 5079; baseline -0.001 -18"><span class='ocrx_word' id='word_1_684' title='bbox 376 5004 487 5079; x_wconf 89' lang='lat' dir='ltr'>hoc</span> <span class='ocrx_word' id='word_1_685' title='bbox 517 5004 940 5079; x_wconf 84' lang='lat' dir='ltr'>grammaticus</span> <span class='ocrx_word' id='word_1_686' title='bbox 972 5004 1043 5062; x_wconf 64' lang='grc' dir='ltr'>δι’</span> <span class='ocrx_word' id='word_1_687' title='bbox 1059 5010 1256 5079; x_wconf 88' lang='lat' dir='ltr'>orator</span> <span class='ocrx_word' id='word_1_688' title='bbox 1285 5004 1579 5079; x_wconf 80' lang='lat' dir='ltr'>accipiens</span> <span class='ocrx_word' id='word_1_689' title='bbox 1609 5004 1712 5079; x_wconf 75' lang='lat' dir='ltr'>pro</span> <span class='ocrx_word' id='word_1_690' title='bbox 1744 5006 2028 5062; x_wconf 87' lang='lat' dir='ltr'>Kalenda-</span> 
     </span>
    </p>
   </div>
   <div class='ocr_carea' id='block_1_86' title="bbox 377 5075 2030 5150">
    <p class='ocr_par' dir='ltr' id='par_1_86' title="bbox 377 5075 2030 5150">
     <span class='ocr_line' id='line_1_88' title="bbox 377 5075 2030 5150; baseline 0.001 -19"><span class='ocrx_word' id='word_1_691' title='bbox 377 5078 465 5132; x_wconf 89' lang='lat' dir='ltr'>ria</span> <span class='ocrx_word' id='word_1_692' title='bbox 493 5075 714 5144; x_wconf 85' lang='lat' dir='ltr'>strena,</span> <span class='ocrx_word' id='word_1_693' title='bbox 749 5078 1130 5134; x_wconf 85' lang='lat' dir='ltr'>Saturnalitia</span> <span class='ocrx_word' id='word_1_694' title='bbox 1159 5075 1445 5150; x_wconf 75' lang='lat' dir='ltr'>sportula,</span> <span class='ocrx_word' id='word_1_695' title='bbox 1478 5075 1627 5146; x_wconf 50' lang='lat' dir='ltr'>etc.,&#39;</span> <span class='ocrx_word' id='word_1_696' title='bbox 1646 5084 1937 5134; x_wconf 83' lang='lat' dir='ltr'>convertat</span> <span class='ocrx_word' id='word_1_697' title='bbox 1974 5079 2030 5132; x_wconf 89' lang='lat' dir='ltr'>in</span> 
     </span>
    </p>
   </div>
   <div class='ocr_carea' id='block_1_87' title="bbox 376 5149 2030 5220">
    <p class='ocr_par' dir='ltr' id='par_1_87' title="bbox 376 5149 2030 5220">
     <span class='ocr_line' id='line_1_89' title="bbox 376 5149 2030 5220; baseline -0.001 -15"><span class='ocrx_word' id='word_1_698' title='bbox 376 5152 654 5220; x_wconf 85' lang='lat' dir='ltr'>sumptus</span> <span class='ocrx_word' id='word_1_699' title='bbox 685 5150 1038 5207; x_wconf 88' lang='lat' dir='ltr'>domesticos</span> <span class='ocrx_word' id='word_1_700' title='bbox 1070 5149 1269 5206; x_wconf 86' lang='lat' dir='ltr'>aut&#39;in</span> <span class='ocrx_word' id='word_1_701' title='bbox 1320 5150 1563 5220; x_wconf 89' lang='lat' dir='ltr'>deorum</span> <span class='ocrx_word' id='word_1_702' title='bbox 1612 5166 1854 5207; x_wconf 91' lang='lat' dir='ltr'>suorum</span> <span class='ocrx_word' id='word_1_703' title='bbox 1884 5156 2030 5205; x_wconf 90' lang='lat' dir='ltr'>tem-</span> 
     </span>
    </p>
   </div>
   <div class='ocr_carea' id='block_1_88' title="bbox 376 5219 2032 5294">
    <p class='ocr_par' dir='ltr' id='par_1_88' title="bbox 376 5219 2032 5294">
     <span class='ocr_line' id='line_1_90' title="bbox 376 5219 2032 5294; baseline 0.001 -19"><span class='ocrx_word' id='word_1_704' title='bbox 376 5219 457 5294; x_wconf 81' lang='lat' dir='ltr'>pli</span> <span class='ocrx_word' id='word_1_705' title='bbox 489 5219 694 5290; x_wconf 85' lang='lat' dir='ltr'>stipes,</span> <span class='ocrx_word' id='word_1_706' title='bbox 728 5224 787 5276; x_wconf 88' lang='lat' dir='ltr'>et</span> <span class='ocrx_word' id='word_1_707' title='bbox 815 5222 1067 5294; x_wconf 90' lang='lat' dir='ltr'>denique</span> <span class='ocrx_word' id='word_1_708' title='bbox 1106 5220 1167 5294; x_wconf 85' lang='lat' dir='ltr'>in</span> <span class='ocrx_word' id='word_1_709' title='bbox 1219 5219 1462 5294; x_wconf 78' lang='lat' dir='ltr'>sordida</span> <span class='ocrx_word' id='word_1_710' title='bbox 1502 5226 1712 5277; x_wconf 89' lang='lat' dir='ltr'>scorta.</span> <span class='ocrx_word' id='word_1_711' title='bbox 1746 5221 2032 5294; x_wconf 88' lang='lat' dir='ltr'>Kalenda-</span> 
     </span>
    </p>
   </div>
   <div class='ocr_carea' id='block_1_89' title="bbox 375 5290 2035 5365">
    <p class='ocr_par' dir='ltr' id='par_1_89' title="bbox 375 5290 2035 5365">
     <span class='ocr_line' id='line_1_91' title="bbox 375 5290 2035 5365; baseline 0 -18"><span class='ocrx_word' id='word_1_712' title='bbox 375 5290 666 5365; x_wconf 18' lang='lat' dir='ltr'>i&#39;iagporro</span> <span class='ocrx_word' id='word_1_713' title='bbox 697 5296 917 5365; x_wconf 82' lang='lat' dir='ltr'>strena,</span> <span class='ocrx_word' id='word_1_714' title='bbox 963 5290 1067 5349; x_wconf 72' lang='lat' dir='ltr'>aut</span> <span class='ocrx_word' id='word_1_715' title='bbox 1120 5290 1506 5365; x_wconf 82' lang='lat' dir='ltr'>saturnalitia</span> <span class='ocrx_word' id='word_1_716' title='bbox 1563 5296 1848 5365; x_wconf 74' lang='lat' dir='ltr'>sportula,</span> <span class='ocrx_word' id='word_1_717' title='bbox 1880 5293 2035 5350; x_wconf 88' lang='lat' dir='ltr'>sicut</span> 
     </span>
    </p>
   </div>
   <div class='ocr_carea' id='block_1_90' title="bbox 376 5363 2034 5446">
    <p class='ocr_par' dir='ltr' id='par_1_90' title="bbox 376 5363 2034 5446">
     <span class='ocr_line' id='line_1_92' title="bbox 376 5363 2034 5446; baseline 0.001 -28"><span class='ocrx_word' id='word_1_718' title='bbox 376 5367 436 5418; x_wconf 86' lang='lat' dir='ltr'>et</span> <span class='ocrx_word' id='word_1_719' title='bbox 465 5363 781 5446; x_wconf 76' lang='lat' dir='ltr'>Minervale</span> <span class='ocrx_word' id='word_1_720' title='bbox 814 5381 1051 5446; x_wconf 66' lang='lat' dir='ltr'>munus,</span> <span class='ocrx_word' id='word_1_721' title='bbox 1085 5364 1412 5446; x_wconf 65' lang='lat' dir='ltr'>antiquitus</span> <span class='ocrx_word' id='word_1_722' title='bbox 1442 5363 2034 5446; x_wconf 35' lang='lat' dir='ltr'>muneraer&#39;antnda‘ta</span> 
     </span>
    </p>
   </div>
   <div class='ocr_carea' id='block_1_91' title="bbox 376 5434 2033 5508">
    <p class='ocr_par' dir='ltr' id='par_1_91' title="bbox 376 5434 2033 5508">
     <span class='ocr_line' id='line_1_93' title="bbox 376 5434 2033 5508; baseline -0.001 -17"><span class='ocrx_word' id='word_1_723' title='bbox 376 5436 946 5508; x_wconf 47' lang='lat' dir='ltr'>praeceptoribusﬂn</span> <span class='ocrx_word' id='word_1_724' title='bbox 997 5434 1273 5508; x_wconf 84' lang='lat' dir='ltr'>Kalendis</span> <span class='ocrx_word' id='word_1_725' title='bbox 1321 5434 1607 5508; x_wconf 88' lang='lat' dir='ltr'>Januarii,</span> <span class='ocrx_word' id='word_1_726' title='bbox 1658 5441 1731 5508; x_wconf 18' lang='lat' dir='ltr'>et,</span> <span class='ocrx_word' id='word_1_727' title='bbox 1761 5436 1819 5490; x_wconf 92' lang='lat' dir='ltr'>in</span> <span class='ocrx_word' id='word_1_728' title='bbox 1867 5436 2033 5491; x_wconf 81' lang='lat' dir='ltr'>festis</span> 
     </span>
    </p>
   </div>
   <div class='ocr_carea' id='block_1_92' title="bbox 378 5505 2035 5577">
    <p class='ocr_par' dir='ltr' id='par_1_92' title="bbox 378 5505 2035 5577">
     <span class='ocr_line' id='line_1_94' title="bbox 378 5505 2035 5577; baseline -0.001 -16"><span class='ocrx_word' id='word_1_729' title='bbox 378 5505 588 5562; x_wconf 85' lang='lat' dir='ltr'>diebus</span> <span class='ocrx_word' id='word_1_730' title='bbox 638 5507 876 5564; x_wconf 88' lang='lat' dir='ltr'>Saturni</span> <span class='ocrx_word' id='word_1_731' title='bbox 937 5512 994 5563; x_wconf 89' lang='lat' dir='ltr'>et</span> <span class='ocrx_word' id='word_1_732' title='bbox 1048 5506 1335 5565; x_wconf 83' lang='lat' dir='ltr'>Minervae.</span> <span class='ocrx_word' id='word_1_733' title='bbox 1392 5507 1661 5563; x_wconf 89' lang='lat' dir='ltr'>Tiberius</span> <span class='ocrx_word' id='word_1_734' title='bbox 1716 5505 2035 5577; x_wconf 89' lang='lat' dir='ltr'>imperator</span> 
     </span>
    </p>
   </div>
   <div class='ocr_carea' id='block_1_93' title="bbox 421 5578 2035 5708">
    <p class='ocr_par' dir='ltr' id='par_1_93' title="bbox 421 5578 2035 5708">
     <span class='ocr_line' id='line_1_95' title="bbox 421 5578 2035 5643; baseline -0.001 -9"><span class='ocrx_word' id='word_1_735' title='bbox 421 5578 683 5636; x_wconf 87' lang='lat' dir='ltr'>rohibuit</span> <span class='ocrx_word' id='word_1_736' title='bbox 709 5579 899 5636; x_wconf 88' lang='lat' dir='ltr'>edicto</span> <span class='ocrx_word' id='word_1_737' title='bbox 930 5583 1261 5636; x_wconf 88' lang='lat' dir='ltr'>strenarum</span> <span class='ocrx_word' id='word_1_738' title='bbox 1310 5579 1752 5643; x_wconf 88' lang='lat' dir='ltr'>commercium,</span> <span class='ocrx_word' id='word_1_739' title='bbox 1784 5595 1855 5634; x_wconf 91' lang='lat' dir='ltr'>ne</span> <span class='ocrx_word' id='word_1_740' title='bbox 1880 5578 2035 5634; x_wconf 89' lang='lat' dir='ltr'>ultra</span> 
     </span>
     <span class='ocr_line' id='line_1_96' title="bbox 421 5648 2033 5708; baseline 0.001 -3"><span class='ocrx_word' id='word_1_741' title='bbox 421 5648 671 5707; x_wconf 72' lang='lat' dir='ltr'>Ialendas</span> <span class='ocrx_word' id='word_1_742' title='bbox 699 5650 1012 5708; x_wconf 89' lang='lat' dir='ltr'>Januarias</span> <span class='ocrx_word' id='word_1_743' title='bbox 1050 5654 1476 5707; x_wconf 83' lang='lat' dir='ltr'>exercerentur.</span> <span class='ocrx_word' id='word_1_744' title='bbox 1529 5649 1673 5707; x_wconf 90' lang='lat' dir='ltr'>Vide</span> <span class='ocrx_word' id='word_1_745' title='bbox 1702 5649 1938 5708; x_wconf 89' lang='lat' dir='ltr'>Sueton.</span> <span class='ocrx_word' id='word_1_746' title='bbox 1973 5649 2033 5707; x_wconf 92' lang='lat' dir='ltr'>in</span> 
     </span>
    </p>
   </div>
   <div class='ocr_carea' id='block_1_94' title="bbox 382 5665 2033 5782">
    <p class='ocr_par' dir='ltr' id='par_1_94' title="bbox 382 5665 2033 5782">
     <span class='ocr_line' id='line_1_97' title="bbox 382 5665 2033 5708; baseline 0.002 -4"><span class='ocrx_word' id='word_1_747' title='bbox 382 5665 671 5707; x_wconf 73' lang='lat' dir='ltr'>naienoas</span> <span class='ocrx_word' id='word_1_748' title='bbox 699 5665 1012 5708; x_wconf 78' lang='lat' dir='ltr'>Januarias</span> <span class='ocrx_word' id='word_1_749' title='bbox 1050 5665 1476 5707; x_wconf 81' lang='lat' dir='ltr'>exercerentur.</span> <span class='ocrx_word' id='word_1_750' title='bbox 1539 5665 1673 5707; x_wconf 77' lang='lat' dir='ltr'>Viae</span> <span class='ocrx_word' id='word_1_751' title='bbox 1702 5665 1938 5708; x_wconf 68' lang='lat' dir='ltr'>bueton.</span> <span class='ocrx_word' id='word_1_752' title='bbox 1973 5666 2033 5707; x_wconf 88' lang='grc' dir='ltr'>ιιι</span> 
     </span>
     <span class='ocr_line' id='line_1_98' title="bbox 382 5720 850 5782; baseline 0.009 -7"><span class='ocrx_word' id='word_1_753' title='bbox 382 5720 642 5780; x_wconf 86' lang='lat' dir='ltr'>Tiberio.</span> <span class='ocrx_word' id='word_1_754' title='bbox 666 5725 850 5782; x_wconf 66' lang='lat' dir='ltr'>Mam.</span> 
     </span>
    </p>
   </div>
   <div class='ocr_carea' id='block_1_95' title="bbox 2060 4620 2109 4685">
    <p class='ocr_par' dir='ltr' id='par_1_95' title="bbox 2060 4620 2109 4685">
     <span class='ocr_line' id='line_1_99' title="bbox 2060 4620 2109 4685; baseline 0 0"><span class='ocrx_word' id='word_1_755' title='bbox 2060 4620 2109 4685; x_wconf 93' lang='lat' dir='ltr'>D</span> 
     </span>
    </p>
   </div>
   <div class='ocr_carea' id='block_1_96' title="bbox 2139 3342 3787 3422">
    <p class='ocr_par' dir='ltr' id='par_1_96' title="bbox 2139 3342 3787 3422">
     <span class='ocr_line' id='line_1_100' title="bbox 2139 3342 3787 3422; baseline -0.005 -18"><span class='ocrx_word' id='word_1_756' title='bbox 2139 3349 2334 3422; x_wconf 89' lang='lat' dir='ltr'>ipsum</span> <span class='ocrx_word' id='word_1_757' title='bbox 2365 3349 2436 3404; x_wconf 92' lang='lat' dir='ltr'>ad</span> <span class='ocrx_word' id='word_1_758' title='bbox 2468 3348 2663 3403; x_wconf 91' lang='lat' dir='ltr'>Titum</span> <span class='ocrx_word' id='word_1_759' title='bbox 2697 3345 2955 3403; x_wconf 89' lang='lat' dir='ltr'>inculcat</span> <span class='ocrx_word' id='word_1_760' title='bbox 2988 3350 3045 3402; x_wconf 93' lang='lat' dir='ltr'>et</span> <span class='ocrx_word' id='word_1_761' title='bbox 3090 3345 3337 3417; x_wconf 88' lang='lat' dir='ltr'>repetit:</span> <span class='ocrx_word' id='word_1_762' title='bbox 3389 3344 3556 3399; x_wconf 84' lang='lat' dir='ltr'>Filios</span> <span class='ocrx_word' id='word_1_763' title='bbox 3584 3342 3787 3398; x_wconf 81' lang='lat' dir='ltr'>haben-</span> 
     </span>
    </p>
   </div>
   <div class='ocr_carea' id='block_1_97' title="bbox 2139 3432 3791 3508">
    <p class='ocr_par' dir='ltr' id='par_1_97' title="bbox 2139 3432 3791 3508">
     <span class='ocr_line' id='line_1_101' title="bbox 2139 3432 3791 3508; baseline -0.007 -13"><span class='ocrx_word' id='word_1_764' title='bbox 2139 3446 2249 3495; x_wconf 83' lang='lat' dir='ltr'>tem</span> <span class='ocrx_word' id='word_1_765' title='bbox 2298 3438 2521 3508; x_wconf 83' lang='lat' dir='ltr'>ﬁdeles:</span> <span class='ocrx_word' id='word_1_766' title='bbox 2584 3451 2696 3493; x_wconf 83' lang='lat' dir='ltr'>non</span> <span class='ocrx_word' id='word_1_767' title='bbox 2735 3438 2797 3491; x_wconf 85' lang='lat' dir='ltr'>in</span> <span class='ocrx_word' id='word_1_768' title='bbox 2841 3437 3187 3491; x_wconf 87' lang='lat' dir='ltr'>accusatione</span> <span class='ocrx_word' id='word_1_769' title='bbox 3250 3432 3511 3503; x_wconf 72' lang='lat' dir='ltr'>luxuriae,</span> <span class='ocrx_word' id='word_1_770' title='bbox 3553 3435 3651 3487; x_wconf 87' lang='lat' dir='ltr'>aut</span> <span class='ocrx_word' id='word_1_771' title='bbox 3679 3446 3791 3487; x_wconf 86' lang='lat' dir='ltr'>non</span> 
     </span>
    </p>
   </div>
   <div class='ocr_carea' id='block_1_98' title="bbox 2137 3520 3790 3598">
    <p class='ocr_par' dir='ltr' id='par_1_98' title="bbox 2137 3520 3790 3598">
     <span class='ocr_line' id='line_1_102' title="bbox 2137 3520 3790 3598; baseline -0.005 -15"><span class='ocrx_word' id='word_1_772' title='bbox 2137 3526 2380 3583; x_wconf 86' lang='lat' dir='ltr'>subditos</span> <span class='ocrx_word' id='word_1_773' title='bbox 2406 3527 2530 3598; x_wconf 87' lang='lat' dir='ltr'>(Tit.</span> <span class='ocrx_word' id='word_1_774' title='bbox 2571 3526 2616 3594; x_wconf 88' lang='grc' dir='ltr'>Ι,</span> <span class='ocrx_word' id='word_1_775' title='bbox 2648 3526 2705 3594; x_wconf 89' lang='grc'><strong>6)</strong></span> <span class='ocrx_word' id='word_1_776' title='bbox 2737 3542 2749 3579; x_wconf 89' lang='lat'>:</span> <span class='ocrx_word' id='word_1_777' title='bbox 2784 3529 2840 3581; x_wconf 92' lang='lat' dir='ltr'>et</span> <span class='ocrx_word' id='word_1_778' title='bbox 2867 3524 3036 3596; x_wconf 90' lang='lat' dir='ltr'>quasi</span> <span class='ocrx_word' id='word_1_779' title='bbox 3065 3523 3207 3580; x_wconf 91' lang='lat' dir='ltr'>vitia</span> <span class='ocrx_word' id='word_1_780' title='bbox 3248 3521 3504 3578; x_wconf 88' lang='lat' dir='ltr'>ﬁliorum</span> <span class='ocrx_word' id='word_1_781' title='bbox 3535 3520 3790 3594; x_wconf 90' lang='lat' dir='ltr'>parenti-</span> 
     </span>
    </p>
   </div>
   <div class='ocr_carea' id='block_1_99' title="bbox 2139 3610 3791 3688">
    <p class='ocr_par' dir='ltr' id='par_1_99' title="bbox 2139 3610 3791 3688">
     <span class='ocr_line' id='line_1_103' title="bbox 2139 3610 3791 3688; baseline -0.004 -16"><span class='ocrx_word' id='word_1_782' title='bbox 2139 3617 2250 3672; x_wconf 90' lang='lat' dir='ltr'>bus</span> <span class='ocrx_word' id='word_1_783' title='bbox 2280 3616 2669 3688; x_wconf 88' lang='lat' dir='ltr'>imputentur,</span> <span class='ocrx_word' id='word_1_784' title='bbox 2701 3614 3172 3685; x_wconf 89' lang='lat' dir='ltr'>conjunctionem</span> <span class='ocrx_word' id='word_1_785' title='bbox 3220 3610 3516 3669; x_wconf 89' lang='lat' dir='ltr'>caus‘alem</span> <span class='ocrx_word' id='word_1_786' title='bbox 3548 3610 3791 3666; x_wconf 88' lang='lat' dir='ltr'>interse-</span> 
     </span>
    </p>
   </div>
   <div class='ocr_carea' id='block_1_100' title="bbox 2139 3700 3790 3776">
    <p class='ocr_par' dir='ltr' id='par_1_100' title="bbox 2139 3700 3790 3776">
     <span class='ocr_line' id='line_1_104' title="bbox 2139 3700 3790 3776; baseline -0.004 -16"><span class='ocrx_word' id='word_1_787' title='bbox 2139 3721 2294 3771; x_wconf 88' lang='lat' dir='ltr'>rens,</span> <span class='ocrx_word' id='word_1_788' title='bbox 2327 3704 2444 3760; x_wconf 89' lang='lat' dir='ltr'>ait:</span> <span class='ocrx_word' id='word_1_789' title='bbox 2481 3704 2699 3776; x_wconf 89' lang='lat' dir='ltr'>Oportet</span> <span class='ocrx_word' id='word_1_790' title='bbox 2725 3705 2875 3759; x_wconf 86' lang='lat' dir='ltr'>enim</span> <span class='ocrx_word' id='word_1_791' title='bbox 2903 3705 3214 3775; x_wconf 87' lang='lat' dir='ltr'>episcopum</span> <span class='ocrx_word' id='word_1_792' title='bbox 3241 3703 3362 3758; x_wconf 89' lang='lat' dir='ltr'>sine</span> <span class='ocrx_word' id='word_1_793' title='bbox 3401 3700 3633 3756; x_wconf 85' lang='lat' dir='ltr'>crimine</span> <span class='ocrx_word' id='word_1_794' title='bbox 3658 3715 3790 3765; x_wconf 86' lang='lat' dir='ltr'>esse,</span> 
     </span>
    </p>
   </div>
   <div class='ocr_carea' id='block_1_101' title="bbox 2138 3790 3792 3866">
    <p class='ocr_par' dir='ltr' id='par_1_101' title="bbox 2138 3790 3792 3866">
     <span class='ocr_line' id='line_1_105' title="bbox 2138 3790 3792 3866; baseline -0.004 -16"><span class='ocrx_word' id='word_1_795' title='bbox 2138 3799 2403 3866; x_wconf 86' lang='lat' dir='ltr'>tanquam</span> <span class='ocrx_word' id='word_1_796' title='bbox 2432 3794 2534 3849; x_wconf 88' lang='lat' dir='ltr'>Dei</span> <span class='ocrx_word' id='word_1_797' title='bbox 2573 3792 3004 3865; x_wconf 87' lang='lat' dir='ltr'>dispensatorem</span> <span class='ocrx_word' id='word_1_798' title='bbox 3055 3792 3212 3863; x_wconf 82' lang='lat' dir='ltr'>(Ibid.</span> <span class='ocrx_word' id='word_1_799' title='bbox 3252 3794 3330 3859; x_wconf 89' lang='lat'>7).</span> <span class='ocrx_word' id='word_1_800' title='bbox 3380 3790 3506 3846; x_wconf 91' lang='lat' dir='ltr'>Non</span> <span class='ocrx_word' id='word_1_801' title='bbox 3536 3791 3626 3845; x_wconf 89' lang='lat' dir='ltr'>est</span> <span class='ocrx_word' id='word_1_802' title='bbox 3654 3804 3792 3860; x_wconf 89' lang='lat' dir='ltr'>ergo</span> 
     </span>
    </p>
   </div>
   <div class='ocr_carea' id='block_1_102' title="bbox 2140 3877 3789 3954">
    <p class='ocr_par' dir='ltr' id='par_1_102' title="bbox 2140 3877 3789 3954">
     <span class='ocr_line' id='line_1_106' title="bbox 2140 3877 3789 3954; baseline -0.004 -15"><span class='ocrx_word' id='word_1_803' title='bbox 2140 3882 2264 3939; x_wconf 90' lang='lat' dir='ltr'>sine</span> <span class='ocrx_word' id='word_1_804' title='bbox 2294 3882 2539 3938; x_wconf 89' lang='lat' dir='ltr'>crimine</span> <span class='ocrx_word' id='word_1_805' title='bbox 2570 3881 2902 3954; x_wconf 86' lang='lat' dir='ltr'>episcopus,</span> <span class='ocrx_word' id='word_1_806' title='bbox 2934 3881 3105 3953; x_wconf 90' lang='lat' dir='ltr'>cujus</span> <span class='ocrx_word' id='word_1_807' title='bbox 3126 3879 3285 3936; x_wconf 88' lang='lat' dir='ltr'>ﬁlius</span> <span class='ocrx_word' id='word_1_808' title='bbox 3306 3896 3423 3936; x_wconf 90' lang='lat' dir='ltr'>non</span> <span class='ocrx_word' id='word_1_809' title='bbox 3449 3878 3624 3934; x_wconf 89' lang='lat' dir='ltr'>fuerit</span> <span class='ocrx_word' id='word_1_810' title='bbox 3648 3877 3789 3933; x_wconf 87' lang='lat' dir='ltr'>sub-</span> 
     </span>
    </p>
   </div>
   <div class='ocr_carea' id='block_1_103' title="bbox 2139 3970 3199 4037">
    <p class='ocr_par' dir='ltr' id='par_1_103' title="bbox 2139 3970 3199 4037">
     <span class='ocr_line' id='line_1_107' title="bbox 2139 3970 3199 4037; baseline -0.003 -10"><span class='ocrx_word' id='word_1_811' title='bbox 2139 3971 2321 4037; x_wconf 87' lang='lat' dir='ltr'>ditus,</span> <span class='ocrx_word' id='word_1_812' title='bbox 2351 3977 2409 4027; x_wconf 89' lang='lat' dir='ltr'>et</span> <span class='ocrx_word' id='word_1_813' title='bbox 2440 3972 2497 4026; x_wconf 89' lang='lat' dir='ltr'>in</span> <span class='ocrx_word' id='word_1_814' title='bbox 2533 3971 2905 4027; x_wconf 88' lang='lat' dir='ltr'>accusatione</span> <span class='ocrx_word' id='word_1_815' title='bbox 2934 3970 3199 4026; x_wconf 73' lang='lat' dir='ltr'>luxuriae.</span> 
     </span>
    </p>
   </div>
   <div class='ocr_carea' id='block_1_104' title="bbox 2211 4074 3790 4153">
    <p class='ocr_par' dir='ltr' id='par_1_104' title="bbox 2211 4074 3790 4153">
     <span class='ocr_line' id='line_1_108' title="bbox 2211 4074 3790 4153; baseline -0.005 -20"><span class='ocrx_word' id='word_1_816' title='bbox 2211 4078 2460 4153; x_wconf 74' lang='lat' dir='ltr'>Notum,</span> <span class='ocrx_word' id='word_1_817' title='bbox 2483 4076 2897 4153; x_wconf 78' lang='lat' dir='ltr'>Kalendarium</span> <span class='ocrx_word' id='word_1_818' title='bbox 2932 4074 3357 4153; x_wconf 76' lang='lat' dir='ltr'>strenamjllud</span> <span class='ocrx_word' id='word_1_819' title='bbox 3389 4088 3518 4128; x_wconf 90' lang='lat' dir='ltr'>esse</span> <span class='ocrx_word' id='word_1_820' title='bbox 3548 4088 3790 4153; x_wconf 73' lang='lat' dir='ltr'>munus,</span> 
     </span>
    </p>
   </div>
   <div class='ocr_carea' id='block_1_105' title="bbox 2140 4146 3793 4220">
    <p class='ocr_par' dir='ltr' id='par_1_105' title="bbox 2140 4146 3793 4220">
     <span class='ocr_line' id='line_1_109' title="bbox 2140 4146 3793 4220; baseline -0.005 -15"><span class='ocrx_word' id='word_1_821' title='bbox 2140 4150 2295 4220; x_wconf 91' lang='lat' dir='ltr'>quod</span> <span class='ocrx_word' id='word_1_822' title='bbox 2328 4150 2465 4204; x_wconf 89' lang='lat' dir='ltr'>boni</span> <span class='ocrx_word' id='word_1_823' title='bbox 2496 4147 2710 4204; x_wconf 90' lang='lat' dir='ltr'>ominis</span> <span class='ocrx_word' id='word_1_824' title='bbox 2742 4148 2932 4220; x_wconf 88' lang='lat' dir='ltr'>gratia</span> <span class='ocrx_word' id='word_1_825' title='bbox 2971 4147 3157 4220; x_wconf 64' lang='lat' dir='ltr'>initio</span> <span class='ocrx_word' id='word_1_826' title='bbox 3185 4146 3437 4220; x_wconf 88' lang='lat' dir='ltr'>dabatur</span> <span class='ocrx_word' id='word_1_827' title='bbox 3466 4146 3624 4220; x_wconf 83' lang='lat' dir='ltr'>anni.</span> <span class='ocrx_word' id='word_1_828' title='bbox 3656 4146 3793 4220; x_wconf 84' lang='lat' dir='ltr'>Sue-</span> 
     </span>
    </p>
   </div>
   <div class='ocr_carea' id='block_1_106' title="bbox 2140 4214 3793 4290">
    <p class='ocr_par' dir='ltr' id='par_1_106' title="bbox 2140 4214 3793 4290">
     <span class='ocr_line' id='line_1_110' title="bbox 2140 4214 3793 4290; baseline -0.004 -14"><span class='ocrx_word' id='word_1_829' title='bbox 2140 4214 2339 4276; x_wconf 74' lang='lat' dir='ltr'>tonius</span> <span class='ocrx_word' id='word_1_830' title='bbox 2370 4221 2429 4276; x_wconf 91' lang='lat' dir='ltr'>in</span> <span class='ocrx_word' id='word_1_831' title='bbox 2469 4220 2626 4285; x_wconf 89' lang='lat' dir='ltr'>Caio,</span> <span class='ocrx_word' id='word_1_832' title='bbox 2660 4214 2787 4290; x_wconf 70' lang='lat' dir='ltr'>cap.</span> <span class='ocrx_word' id='word_1_833' title='bbox 2838 4220 2943 4285; x_wconf 72' lang='lat'>42;</span> <span class='ocrx_word' id='word_1_834' title='bbox 2995 4240 3023 4268; x_wconf 76' lang='grc' dir='ltr'>α</span> <span class='ocrx_word' id='word_1_835' title='bbox 3055 4217 3248 4290; x_wconf 82' lang='lat' dir='ltr'>Edixit</span> <span class='ocrx_word' id='word_1_836' title='bbox 3296 4220 3525 4290; x_wconf 75' lang='lat' dir='ltr'>strenas</span> <span class='ocrx_word' id='word_1_837' title='bbox 3553 4214 3793 4290; x_wconf 79' lang='lat' dir='ltr'>ineunte</span> 
     </span>
    </p>
   </div>
   <div class='ocr_carea' id='block_1_107' title="bbox 2141 4285 3791 4362">
    <p class='ocr_par' dir='ltr' id='par_1_107' title="bbox 2141 4285 3791 4362">
     <span class='ocr_line' id='line_1_111' title="bbox 2141 4285 3791 4362; baseline -0.004 -15"><span class='ocrx_word' id='word_1_838' title='bbox 2141 4309 2293 4347; x_wconf 87' lang='lat' dir='ltr'>anno</span> <span class='ocrx_word' id='word_1_839' title='bbox 2327 4308 2387 4348; x_wconf 92' lang='lat' dir='ltr'>se</span> <span class='ocrx_word' id='word_1_840' title='bbox 2417 4285 3210 4362; x_wconf 74' lang='lat' dir='ltr'>recepturum,stetitque_in</span> <span class='ocrx_word' id='word_1_841' title='bbox 3261 4286 3547 4362; x_wconf 87' lang='lat' dir='ltr'>vestibulo</span> <span class='ocrx_word' id='word_1_842' title='bbox 3577 4285 3791 4362; x_wconf 69' lang='lat' dir='ltr'>aedium</span> 
     </span>
    </p>
   </div>
   <div class='ocr_carea' id='block_1_108' title="bbox 2141 4359 3791 4433">
    <p class='ocr_par' dir='ltr' id='par_1_108' title="bbox 2141 4359 3791 4433">
     <span class='ocr_line' id='line_1_112' title="bbox 2141 4359 3791 4433; baseline -0.004 -15"><span class='ocrx_word' id='word_1_843' title='bbox 2141 4362 2415 4419; x_wconf 88' lang='lat' dir='ltr'>Kalendis</span> <span class='ocrx_word' id='word_1_844' title='bbox 2445 4359 2843 4433; x_wconf 15' lang='lat' dir='ltr'>Jan&#39;uarii,rad</span> <span class='ocrx_word' id='word_1_845' title='bbox 2890 4359 3212 4433; x_wconf 81' lang='lat' dir='ltr'>captandas</span> <span class='ocrx_word' id='word_1_846' title='bbox 3262 4360 3466 4431; x_wconf 89' lang='lat' dir='ltr'>stipes.</span> <span class='ocrx_word' id='word_1_847' title='bbox 3514 4381 3534 4406; x_wconf 78' lang='grc' dir='ltr'>ιι</span> <span class='ocrx_word' id='word_1_848' title='bbox 3570 4359 3791 4433; x_wconf 56' lang='lat' dir='ltr'>Hujus:</span> 
     </span>
    </p>
   </div>
   <div class='ocr_carea' id='block_1_109' title="bbox 2142 4429 3790 4505">
    <p class='ocr_par' dir='ltr' id='par_1_109' title="bbox 2142 4429 3790 4505">
     <span class='ocr_line' id='line_1_113' title="bbox 2142 4429 3790 4505; baseline -0.003 -17"><span class='ocrx_word' id='word_1_849' title='bbox 2142 4433 2300 4489; x_wconf 91' lang='lat' dir='ltr'>modi</span> <span class='ocrx_word' id='word_1_850' title='bbox 2329 4439 2387 4489; x_wconf 88' lang='lat' dir='ltr'>et</span> <span class='ocrx_word' id='word_1_851' title='bbox 2416 4430 2800 4488; x_wconf 89' lang='lat' dir='ltr'>Saturnalitia</span> <span class='ocrx_word' id='word_1_852' title='bbox 2833 4429 3273 4505; x_wconf 43' lang='lat' dir='ltr'>erat—sportula,</span> <span class='ocrx_word' id='word_1_853' title='bbox 3293 4429 3448 4505; x_wconf 62' lang='lat' dir='ltr'>qua</span> <span class='ocrx_word' id='word_1_854' title='bbox 3491 4434 3686 4505; x_wconf 77' lang='lat' dir='ltr'>tamen</span> <span class='ocrx_word' id='word_1_855' title='bbox 3716 4429 3790 4484; x_wconf 89' lang='lat' dir='ltr'>ad</span> 
     </span>
    </p>
   </div>
   <div class='ocr_carea' id='block_1_110' title="bbox 2140 4501 3791 4575">
    <p class='ocr_par' dir='ltr' id='par_1_110' title="bbox 2140 4501 3791 4575">
     <span class='ocr_line' id='line_1_114' title="bbox 2140 4501 3791 4575; baseline -0.004 -14"><span class='ocrx_word' id='word_1_856' title='bbox 2140 4505 2519 4561; x_wconf 90' lang='lat' dir='ltr'>Decembrem</span> <span class='ocrx_word' id='word_1_857' title='bbox 2551 4520 2812 4559; x_wconf 90' lang='lat' dir='ltr'>mensem</span> <span class='ocrx_word' id='word_1_858' title='bbox 2845 4501 3208 4575; x_wconf 76' lang='lat' dir='ltr'>pertinebat:</span> <span class='ocrx_word' id='word_1_859' title='bbox 3256 4501 3570 4575; x_wconf 78' lang='lat' dir='ltr'>Minervale</span> <span class='ocrx_word' id='word_1_860' title='bbox 3594 4504 3791 4575; x_wconf 76' lang='lat' dir='ltr'>autem</span> 
     </span>
    </p>
   </div>
   <div class='ocr_carea' id='block_1_111' title="bbox 2141 4570 3792 4700">
    <p class='ocr_par' dir='ltr' id='par_1_111' title="bbox 2141 4570 3792 4700">
     <span class='ocr_line' id='line_1_115' title="bbox 2141 4570 3792 4700; baseline -0.004 -68"><span class='ocrx_word' id='word_1_861' title='bbox 2141 4576 2371 4649; x_wconf 90' lang='lat' dir='ltr'>proprie</span> <span class='ocrx_word' id='word_1_862' title='bbox 2402 4574 2544 4630; x_wconf 90' lang='lat' dir='ltr'>illud</span> <span class='ocrx_word' id='word_1_863' title='bbox 2576 4578 2700 4629; x_wconf 89' lang='lat' dir='ltr'>erat</span> <span class='ocrx_word' id='word_1_864' title='bbox 2726 4570 2967 4643; x_wconf 80' lang='lat' dir='ltr'>munus,</span> <span class='ocrx_word' id='word_1_865' title='bbox 2999 4575 3154 4700; x_wconf 53' lang='lat' dir='ltr'>quod</span> <span class='ocrx_word' id='word_1_866' title='bbox 3187 4573 3486 4646; x_wconf 89' lang='lat' dir='ltr'>magistris</span> <span class='ocrx_word' id='word_1_867' title='bbox 3517 4570 3792 4643; x_wconf 89' lang='lat' dir='ltr'>discipuli</span> 
     </span>
     <span class='ocr_line' id='line_1_116' title="bbox 2141 4644 3792 4700; baseline -0.002 0"><span class='ocrx_word' id='word_1_868' title='bbox 2141 4646 2568 4700; x_wconf 87' lang='lat' dir='ltr'>nersolvebant.</span> <span class='ocrx_word' id='word_1_869' title='bbox 2604 4650 2713 4700; x_wconf 86' lang='lat' dir='ltr'>Pro</span> <span class='ocrx_word' id='word_1_870' title='bbox 2754 4662 2821 4700; x_wconf 92' lang='lat' dir='ltr'>eo</span> <span class='ocrx_word' id='word_1_871' title='bbox 2879 4662 2993 4700; x_wconf 82' lang='lat' dir='ltr'>auo</span> <span class='ocrx_word' id='word_1_872' title='bbox 3094 4662 3228 4700; x_wconf 82' lang='lat' dir='ltr'>mox</span> <span class='ocrx_word' id='word_1_873' title='bbox 3285 4644 3571 4700; x_wconf 89' lang='lat' dir='ltr'>seouitur.</span> <span class='ocrx_word' id='word_1_874' title='bbox 3603 4650 3701 4698; x_wconf 86' lang='lat' dir='ltr'>aut</span> <span class='ocrx_word' id='word_1_875' title='bbox 3731 4644 3792 4697; x_wconf 87' lang='lat' dir='ltr'>in</span> 
     </span>
    </p>
   </div>
   <div class='ocr_carea' id='block_1_112' title="bbox 2140 4644 3792 4720">
    <p class='ocr_par' dir='ltr' id='par_1_112' title="bbox 2140 4644 3792 4720">
     <span class='ocr_line' id='line_1_117' title="bbox 2140 4644 3792 4720; baseline -0.005 -16"><span class='ocrx_word' id='word_1_876' title='bbox 2140 4644 2568 4720; x_wconf 76' lang='lat' dir='ltr'>persolvebant.</span> <span class='ocrx_word' id='word_1_877' title='bbox 2604 4650 2727 4720; x_wconf 86' lang='lat' dir='ltr'>Pr_o_</span> <span class='ocrx_word' id='word_1_878' title='bbox 2754 4662 2838 4720; x_wconf 85' lang='lat' dir='ltr'>eo</span> <span class='ocrx_word' id='word_1_879' title='bbox 2879 4644 3034 4719; x_wconf 86' lang='lat' dir='ltr'>quod</span> <span class='ocrx_word' id='word_1_880' title='bbox 3094 4662 3246 4720; x_wconf 84' lang='lat' dir='ltr'>mox_</span> <span class='ocrx_word' id='word_1_881' title='bbox 3273 4644 3571 4720; x_wconf 68' lang='lat' dir='ltr'>sequitur,</span> <span class='ocrx_word' id='word_1_882' title='bbox 3603 4650 3701 4698; x_wconf 87' lang='lat' dir='ltr'>aut</span> <span class='ocrx_word' id='word_1_883' title='bbox 3720 4644 3792 4720; x_wconf 66' lang='lat' dir='ltr'>in</span> 
     </span>
    </p>
   </div>
   <div class='ocr_carea' id='block_1_113' title="bbox 2140 4713 3791 4790">
    <p class='ocr_par' dir='ltr' id='par_1_113' title="bbox 2140 4713 3791 4790">
     <span class='ocr_line' id='line_1_118' title="bbox 2140 4713 3791 4790; baseline -0.004 -15"><span class='ocrx_word' id='word_1_884' title='bbox 2140 4713 2328 4788; x_wconf 73' lang='lat' dir='ltr'>templi</span> <span class='ocrx_word' id='word_1_885' title='bbox 2353 4720 2540 4790; x_wconf 86' lang='lat' dir='ltr'>stipes.</span> <span class='ocrx_word' id='word_1_886' title='bbox 2574 4713 3046 4790; x_wconf 22' lang='lat' dir='ltr'>et‘Martianaeus</span> <span class='ocrx_word' id='word_1_887' title='bbox 3103 4718 3175 4772; x_wconf 91' lang='lat' dir='ltr'>de</span> <span class='ocrx_word' id='word_1_888' title='bbox 3232 4713 3791 4790; x_wconf 66' lang='lat' dir='ltr'>idolorum_temp_lis</span> 
     </span>
    </p>
   </div>
   <div class='ocr_carea' id='block_1_114' title="bbox 2138 4785 3789 4863">
    <p class='ocr_par' dir='ltr' id='par_1_114' title="bbox 2138 4785 3789 4863">
     <span class='ocr_line' id='line_1_119' title="bbox 2138 4785 3789 4863; baseline -0.006 -15"><span class='ocrx_word' id='word_1_889' title='bbox 2138 4785 2406 4863; x_wconf 87' lang='lat' dir='ltr'>explicat.</span> <span class='ocrx_word' id='word_1_890' title='bbox 2423 4785 2736 4863; x_wconf 47' lang='lat' dir='ltr'>&quot;Victorius</span> <span class='ocrx_word' id='word_1_891' title='bbox 2766 4796 2932 4845; x_wconf 90' lang='lat' dir='ltr'>ratus</span> <span class='ocrx_word' id='word_1_892' title='bbox 2957 4790 3029 4863; x_wconf 81' lang='lat' dir='ltr'>de</span> <span class='ocrx_word' id='word_1_893' title='bbox 3049 4786 3314 4863; x_wconf 84' lang='lat' dir='ltr'>_temp1is</span> <span class='ocrx_word' id='word_1_894' title='bbox 3361 4786 3476 4841; x_wconf 86' lang='lat' dir='ltr'>dici</span> <span class='ocrx_word' id='word_1_895' title='bbox 3502 4785 3789 4863; x_wconf 85' lang='lat' dir='ltr'>_Christia-</span> 
     </span>
    </p>
   </div>
   <div class='ocr_carea' id='block_1_115' title="bbox 2139 4857 3786 4931">
    <p class='ocr_par' dir='ltr' id='par_1_115' title="bbox 2139 4857 3786 4931">
     <span class='ocr_line' id='line_1_120' title="bbox 2139 4857 3786 4931; baseline -0.004 -12"><span class='ocrx_word' id='word_1_896' title='bbox 2139 4857 2369 4931; x_wconf 75' lang='lat' dir='ltr'>norum,</span> <span class='ocrx_word' id='word_1_897' title='bbox 2404 4861 2626 4918; x_wconf 85' lang='lat' dir='ltr'>voculis</span> <span class='ocrx_word' id='word_1_898' title='bbox 2664 4868 2760 4917; x_wconf 90' lang='lat' dir='ltr'>aut</span> <span class='ocrx_word' id='word_1_899' title='bbox 2802 4863 2883 4930; x_wconf 83' lang='lat' dir='ltr'>in,</span> <span class='ocrx_word' id='word_1_900' title='bbox 2932 4857 3218 4924; x_wconf 52' lang='lat' dir='ltr'>sublatis,</span> <span class='ocrx_word' id='word_1_901' title='bbox 3251 4857 3596 4931; x_wconf 91' lang='lat' dir='ltr'>commodus</span> <span class='ocrx_word' id='word_1_902' title='bbox 3625 4873 3786 4924; x_wconf 88' lang='lat' dir='ltr'>sane,</span> 
     </span>
    </p>
   </div>
   <div class='ocr_carea' id='block_1_116' title="bbox 2138 4930 3788 5005">
    <p class='ocr_par' dir='ltr' id='par_1_116' title="bbox 2138 4930 3788 5005">
     <span class='ocr_line' id='line_1_121' title="bbox 2138 4930 3788 5005; baseline -0.005 -14"><span class='ocrx_word' id='word_1_903' title='bbox 2138 4935 2187 4991; x_wconf 92' lang='lat' dir='ltr'>si</span> <span class='ocrx_word' id='word_1_904' title='bbox 2221 4951 2363 4991; x_wconf 91' lang='lat' dir='ltr'>mss.</span> <span class='ocrx_word' id='word_1_905' title='bbox 2396 4934 2877 5005; x_wconf 82' lang='lat' dir='ltr'>suﬁ‘ragarentur,</span> <span class='ocrx_word' id='word_1_906' title='bbox 2902 4931 3118 5005; x_wconf 73' lang='lat' dir='ltr'>locum</span> <span class='ocrx_word' id='word_1_907' title='bbox 3170 4930 3445 5005; x_wconf 82' lang='lat' dir='ltr'>restituit,</span> <span class='ocrx_word' id='word_1_908' title='bbox 3483 4932 3546 4983; x_wconf 90' lang='lat' dir='ltr'>ut</span> <span class='ocrx_word' id='word_1_909' title='bbox 3578 4944 3788 5005; x_wconf 80' lang='lat' dir='ltr'>sensus</span> 
     </span>
    </p>
   </div>
   <div class='ocr_carea' id='block_1_117' title="bbox 2139 5000 3791 5085">
    <p class='ocr_par' dir='ltr' id='par_1_117' title="bbox 2139 5000 3791 5085">
     <span class='ocr_line' id='line_1_122' title="bbox 2139 5000 3791 5085; baseline -0.003 -25"><span class='ocrx_word' id='word_1_910' title='bbox 2139 5010 2313 5085; x_wconf 76' lang='lat' dir='ltr'>esset,</span> <span class='ocrx_word' id='word_1_911' title='bbox 2337 5000 2701 5085; x_wconf 42' lang='lat' dir='ltr'>.presbytéris</span> <span class='ocrx_word' id='word_1_912' title='bbox 2740 5002 2941 5085; x_wconf 81' lang='lat' dir='ltr'>templi</span> <span class='ocrx_word' id='word_1_913' title='bbox 2988 5002 3167 5085; x_wconf 79' lang='lat' dir='ltr'>stipes</span> <span class='ocrx_word' id='word_1_914' title='bbox 3210 5003 3354 5085; x_wconf 77' lang='lat' dir='ltr'>dare</span> <span class='ocrx_word' id='word_1_915' title='bbox 3386 5000 3791 5085; x_wconf 73' lang='lat' dir='ltr'>grammaticis</span> 
     </span>
    </p>
   </div>
   <div class='ocr_carea' id='block_1_118' title="bbox 2138 5072 3788 5147">
    <p class='ocr_par' dir='ltr' id='par_1_118' title="bbox 2138 5072 3788 5147">
     <span class='ocr_line' id='line_1_123' title="bbox 2138 5072 3788 5147; baseline -0.004 -15"><span class='ocrx_word' id='word_1_916' title='bbox 2138 5072 2406 5147; x_wconf 77' lang='lat' dir='ltr'>ethnicis,</span> <span class='ocrx_word' id='word_1_917' title='bbox 2440 5072 2544 5147; x_wconf 89' lang='lat' dir='ltr'>qui</span> <span class='ocrx_word' id='word_1_918' title='bbox 2583 5080 2683 5131; x_wconf 87' lang='lat' dir='ltr'>aut</span> <span class='ocrx_word' id='word_1_919' title='bbox 2743 5075 2802 5131; x_wconf 89' lang='lat' dir='ltr'>in</span> <span class='ocrx_word' id='word_1_920' title='bbox 2861 5072 3136 5144; x_wconf 81' lang='lat' dir='ltr'>sumptus</span> <span class='ocrx_word' id='word_1_921' title='bbox 3193 5072 3565 5139; x_wconf 84' lang='lat' dir='ltr'>domesticos,</span> <span class='ocrx_word' id='word_1_922' title='bbox 3600 5077 3700 5128; x_wconf 88' lang='lat' dir='ltr'>aut</span> <span class='ocrx_word' id='word_1_923' title='bbox 3729 5072 3788 5126; x_wconf 87' lang='lat' dir='ltr'>in</span> 
     </span>
    </p>
   </div>
   <div class='ocr_carea' id='block_1_119' title="bbox 2140 5148 3645 5205">
    <p class='ocr_par' dir='ltr' id='par_1_119' title="bbox 2140 5148 3645 5205">
     <span class='ocr_line' id='line_1_124' title="bbox 2140 5148 3645 5205; baseline -0.005 -1"><span class='ocrx_word' id='word_1_924' title='bbox 2140 5148 2378 5205; x_wconf 90' lang='lat' dir='ltr'>sordida</span> <span class='ocrx_word' id='word_1_925' title='bbox 2408 5152 2601 5203; x_wconf 89' lang='lat' dir='ltr'>scorta</span> <span class='ocrx_word' id='word_1_926' title='bbox 2640 5150 3058 5204; x_wconf 89' lang='lat' dir='ltr'>converterent.</span> <span class='ocrx_word' id='word_1_927' title='bbox 3636 5174 3645 5179; x_wconf 91' lang='lat'><strong><em>-</em></strong></span> 
     </span>
    </p>
   </div>
   <div class='ocr_carea' id='block_1_120' title="bbox 2208 5214 3787 5290">
    <p class='ocr_par' dir='ltr' id='par_1_120' title="bbox 2208 5214 3787 5290">
     <span class='ocr_line' id='line_1_125' title="bbox 2208 5214 3787 5290; baseline -0.002 -16"><span class='ocrx_word' id='word_1_928' title='bbox 2208 5218 2230 5253; x_wconf 85' lang='grc'><strong>³</strong></span> <span class='ocrx_word' id='word_1_929' title='bbox 2262 5219 2326 5274; x_wconf 90' lang='lat' dir='ltr'>In</span> <span class='ocrx_word' id='word_1_930' title='bbox 2360 5219 2531 5290; x_wconf 90' lang='lat' dir='ltr'>epist.</span> <span class='ocrx_word' id='word_1_931' title='bbox 2567 5218 2666 5275; x_wconf 76' lang='grc'>147</span> <span class='ocrx_word' id='word_1_932' title='bbox 2687 5218 2783 5290; x_wconf 85' lang='lat' dir='ltr'>ad</span> <span class='ocrx_word' id='word_1_933' title='bbox 2810 5218 3210 5290; x_wconf 72' lang='lat' dir='ltr'>Sabinianum,</span> <span class='ocrx_word' id='word_1_934' title='bbox 3250 5214 3357 5290; x_wconf 75' lang='lat' dir='ltr'>ubi</span> <span class='ocrx_word' id='word_1_935' title='bbox 3409 5215 3559 5290; x_wconf 79' lang='lat' dir='ltr'>hanc</span> <span class='ocrx_word' id='word_1_936' title='bbox 3588 5230 3787 5290; x_wconf 84' lang='lat' dir='ltr'>vocem</span> 
     </span>
    </p>
   </div>
   <div class='ocr_carea' id='block_1_121' title="bbox 2141 5286 3791 5362">
    <p class='ocr_par' dir='ltr' id='par_1_121' title="bbox 2141 5286 3791 5362">
     <span class='ocr_line' id='line_1_126' title="bbox 2141 5286 3791 5362; baseline -0.002 -17"><span class='ocrx_word' id='word_1_937' title='bbox 2141 5306 2247 5362; x_wconf 82' lang='lat' dir='ltr'>nos</span> <span class='ocrx_word' id='word_1_938' title='bbox 2275 5286 2531 5362; x_wconf 82' lang='lat' dir='ltr'>primum</span> <span class='ocrx_word' id='word_1_939' title='bbox 2562 5289 2964 5362; x_wconf 74' lang='lat' dir='ltr'>restituimus:</span> <span class='ocrx_word' id='word_1_940' title='bbox 2998 5310 3026 5339; x_wconf 78' lang='grc' dir='ltr'>ι(</span> <span class='ocrx_word' id='word_1_941' title='bbox 3060 5287 3184 5345; x_wconf 88' lang='lat' dir='ltr'>Heli</span> <span class='ocrx_word' id='word_1_942' title='bbox 3233 5287 3375 5344; x_wconf 91' lang='lat' dir='ltr'>dum</span> <span class='ocrx_word' id='word_1_943' title='bbox 3419 5286 3668 5362; x_wconf 82' lang='lat' dir='ltr'>nimium</span> <span class='ocrx_word' id='word_1_944' title='bbox 3700 5289 3791 5342; x_wconf 91' lang='lat' dir='ltr'>est</span> 
     </span>
    </p>
   </div>
   <div class='ocr_carea' id='block_1_122' title="bbox 2140 5359 3792 5431">
    <p class='ocr_par' dir='ltr' id='par_1_122' title="bbox 2140 5359 3792 5431">
     <span class='ocr_line' id='line_1_127' title="bbox 2140 5359 3792 5431; baseline -0.002 -15"><span class='ocrx_word' id='word_1_945' title='bbox 2140 5359 2292 5417; x_wconf 82' lang='lat' dir='ltr'>lenis</span> <span class='ocrx_word' id='word_1_946' title='bbox 2320 5361 2381 5417; x_wconf 86' lang='lat' dir='ltr'>in</span> <span class='ocrx_word' id='word_1_947' title='bbox 2414 5361 2584 5429; x_wconf 87' lang='lat' dir='ltr'>ﬁlios,</span> <span class='ocrx_word' id='word_1_948' title='bbox 2619 5360 2860 5418; x_wconf 80' lang='lat' dir='ltr'>offendit</span> <span class='ocrx_word' id='word_1_949' title='bbox 2888 5361 3071 5417; x_wconf 90' lang='lat' dir='ltr'>Deum</span> <span class='ocrx_word' id='word_1_950' title='bbox 3097 5377 3110 5425; x_wconf 83' lang='grc'>;</span> <span class='ocrx_word' id='word_1_951' title='bbox 3148 5359 3701 5431; x_wconf 80' lang='lat' dir='ltr'>tantumqueabest,</span> <span class='ocrx_word' id='word_1_952' title='bbox 3727 5363 3792 5412; x_wconf 88' lang='lat' dir='ltr'>ut</span> 
     </span>
    </p>
   </div>
   <div class='ocr_carea' id='block_1_123' title="bbox 2140 5430 3789 5505">
    <p class='ocr_par' dir='ltr' id='par_1_123' title="bbox 2140 5430 3789 5505">
     <span class='ocr_line' id='line_1_128' title="bbox 2140 5430 3789 5505; baseline -0.003 -17"><span class='ocrx_word' id='word_1_953' title='bbox 2140 5437 2197 5488; x_wconf 90' lang='lat' dir='ltr'>te</span> <span class='ocrx_word' id='word_1_954' title='bbox 2226 5432 2415 5489; x_wconf 85' lang='lat' dir='ltr'>valeat</span> <span class='ocrx_word' id='word_1_955' title='bbox 2443 5433 2699 5505; x_wconf 90' lang='lat' dir='ltr'>episcopi</span> <span class='ocrx_word' id='word_1_956' title='bbox 2724 5432 2809 5505; x_wconf 87' lang='lat' dir='ltr'>tui</span> <span class='ocrx_word' id='word_1_957' title='bbox 2828 5431 3061 5503; x_wconf 88' lang='lat' dir='ltr'>justitia</span> <span class='ocrx_word' id='word_1_958' title='bbox 3088 5431 3355 5498; x_wconf 90' lang='lat' dir='ltr'>liberare,</span> <span class='ocrx_word' id='word_1_959' title='bbox 3380 5430 3451 5505; x_wconf 75' lang='lat' dir='ltr'>ut</span> <span class='ocrx_word' id='word_1_960' title='bbox 3463 5430 3789 5505; x_wconf 81' lang='lat' dir='ltr'>timendum</span> 
     </span>
    </p>
   </div>
   <div class='ocr_carea' id='block_1_124' title="bbox 2142 5498 3787 5577">
    <p class='ocr_par' dir='ltr' id='par_1_124' title="bbox 2142 5498 3787 5577">
     <span class='ocr_line' id='line_1_129' title="bbox 2142 5498 3787 5577; baseline -0.005 -17"><span class='ocrx_word' id='word_1_961' title='bbox 2142 5505 2240 5570; x_wconf 89' lang='lat' dir='ltr'>sit,</span> <span class='ocrx_word' id='word_1_962' title='bbox 2262 5522 2333 5560; x_wconf 92' lang='lat' dir='ltr'>ne</span> <span class='ocrx_word' id='word_1_963' title='bbox 2364 5498 2598 5577; x_wconf 79' lang='lat' dir='ltr'>propter</span> <span class='ocrx_word' id='word_1_964' title='bbox 2612 5498 2684 5577; x_wconf 73' lang='lat' dir='ltr'>te</span> <span class='ocrx_word' id='word_1_965' title='bbox 2700 5504 2775 5577; x_wconf 88' lang='lat' dir='ltr'>de</span> <span class='ocrx_word' id='word_1_966' title='bbox 2794 5498 2938 5577; x_wconf 78' lang='lat' dir='ltr'>solio</span> <span class='ocrx_word' id='word_1_967' title='bbox 2971 5521 3078 5560; x_wconf 87' lang='lat' dir='ltr'>suo</span> <span class='ocrx_word' id='word_1_968' title='bbox 3101 5498 3787 5577; x_wconf 41' lang='grc' dir='ltr'>εοιτιιθιιξηόπιᾳθοτόνῳ,</span> 
     </span>
    </p>
   </div>
   <div class='ocr_carea' id='block_1_125' title="bbox 2143 5572 3789 5648">
    <p class='ocr_par' dir='ltr' id='par_1_125' title="bbox 2143 5572 3789 5648">
     <span class='ocr_line' id='line_1_130' title="bbox 2143 5572 3789 5648; baseline -0.004 -17"><span class='ocrx_word' id='word_1_969' title='bbox 2143 5572 2734 5647; x_wconf 69' lang='grc' dir='ltr'>ρθιιθιιι“ἱιιέειιια1)ἱὶὶ.</span> <span class='ocrx_word' id='word_1_970' title='bbox 2771 5576 2932 5632; x_wconf 74' lang='lat' dir='ltr'>Vidze</span> <span class='ocrx_word' id='word_1_971' title='bbox 2989 5592 3117 5648; x_wconf 67' lang='lat' dir='ltr'>quae</span> <span class='ocrx_word' id='word_1_972' title='bbox 3180 5592 3287 5630; x_wconf 91' lang='lat' dir='ltr'>nos</span> <span class='ocrx_word' id='word_1_973' title='bbox 3345 5572 3424 5629; x_wconf 90' lang='lat' dir='ltr'>ibi</span> <span class='ocrx_word' id='word_1_974' title='bbox 3484 5572 3789 5630; x_wconf 88' lang='lat' dir='ltr'>adnotavi-</span> 
     </span>
    </p>
   </div>
   <div class='ocr_carea' id='block_1_126' title="bbox 2145 5664 2297 5704">
    <p class='ocr_par' dir='ltr' id='par_1_126' title="bbox 2145 5664 2297 5704">
     <span class='ocr_line' id='line_1_131' title="bbox 2145 5664 2297 5704; baseline -0.007 0"><span class='ocrx_word' id='word_1_975' title='bbox 2145 5664 2297 5704; x_wconf 88' lang='lat' dir='ltr'>mus.</span> 
     </span>
    </p>
   </div>
  </div>
