4066 6190
248 334 367 401 878

1503 349 1568 411 S.
1615 347 1923 412 EUSEBII
1968 348 2415 413 HIERONYMI

3542 355 3661 420 576

319 480 504 550 (Vere.
530 482 584 536 5.
614 481 694 554 8.)
738 505 760 533 α
785 482 966 556 Servi,
994 485 1222 544 obedite
1262 486 1515 544 dominis
1540 489 1893 546 carnalibuS.
1925 484 1978 550 Α
2009 482 2165 539 enim
2198 483 2369 540 dicit:
2414 485 2635 543 Obedite
2687 487 3010 559 parentibus
3066 490 3259 546 vestris
3311 489 3374 545 in
3427 490 3656 548 Domino

249 587 382 626 cum
407 570 614 628 timore
636 577 692 628 et
713 577 983 640 tremore,
1013 580 1070 630 et
1091 576 1464 649 simplicitate
1485 580 1674 637 cordis
1696 581 1893 636 vestri.

248 658 402 714 sicut
419 660 667 731 Christo,
689 679 804 718 non
825 664 893 718 ad
919 664 1152 720 oculum
1173 668 1510 735 servientes,
1527 669 1692 740 quasi
1714 671 1896 725 omni-

248 749 361 804 bus
379 748 694 820 placentes,
709 754 809 808 sed
825 754 1046 810 utservi
1075 756 1310 819 Christi.
1335 759 1611 815 facientes
1629 762 1892 818 volunta-

245 841 365 893 tem
398 838 498 894 Dei
529 855 596 895 ex
627 841 822 897 animo
849 861 860 898 :
893 861 1025 899 cum
1077 845 1356 922 fidelitate
1388 848 1702 906 servientes
1741 851 1895 906 sicut

247 927 516 994 Domino,
542 937 599 985 et
618 947 731 985 non
750 931 1086 989 hominibus
1108 952 1120 990 :
1139 936 1388 992 scientes
1406 939 1559 1010 quod
1579 941 1895 1013 unusquis-

250 1033 362 1088 que
383 1020 540 1086 quod
567 1020 764 1074 fecerit
785 1021 942 1089 boni,
993 1022 1100 1079 hoc
1143 1025 1379 1098 recipiet
1400 1044 1433 1082 a
1476 1028 1742 1097 Domino,
1773 1031 1894 1087 sive

248 1122 470 1174 servus,
489 1109 610 1165 sive
627 1108 791 1165 liber.
815 1133 839 1160 >:
860 1112 1146 1182 Propheta
1159 1113 1430 1185 loquente
1447 1119 1517 1172 ad
1534 1119 1890 1177 Jerusalem:

246 1197 442 1264 Qualis
471 1202 530 1253 tu
569 1201 809 1256 timuisti
836 1202 902 1257 ab
931 1205 1152 1258 homine
1177 1208 1421 1273 mortali,
1454 1217 1509 1262 et
1536 1225 1570 1262 a
1589 1210 1705 1278 filio
1726 1211 1890 1266 homi-

242 1287 330 1340 nis
348 1288 476 1352 (Isa.
514 1305 588 1352 LI,
619 1289 706 1359 l2)
729 1289 756 1343 ?
786 1294 841 1344 et
870 1291 1037 1347 Petro
1070 1292 1126 1346 in
1159 1294 1421 1366 Epistola
1451 1313 1594 1352 sua:
1621 1299 1890 1354 Timorem

242 1391 434 1430 eorum
460 1394 528 1432 ne
583 1381 860 1435 timentis:
909 1381 999 1436 sed
1054 1385 1346 1439 Dominum
1402 1388 1588 1452 Iesum
1618 1387 1928 1444 Christum-

242 1465 582 1534 sanctiﬁcate
613 1469 672 1521 in
701 1469 950 1524 cordibus
1004 1475 1199 1528 vestris
1259 1474 1304 1544 (ι
1331 1476 1478 1530 Petr.
1542 1494 1625 1539 III,
1660 1479 1885 1547 lli-15):

248 1558 304 1608 et
331 1553 619 1610 Salvatore
642 1557 845 1612 eadem
863 1560 1240 1618 concinente:
1277 1586 1305 1612 «
1338 1563 1525 1619 Nolite
1555 1565 1760 1622 timere
1790 1583 1889 1622 eos

241 1641 339 1720 qui
375 1649 620 1715 possunt
649 1646 909 1704 occidere
937 1666 1170 1721 corpus,
1230 1655 1287 1708 et
1343 1652 1476 1724 plus
1527 1672 1640 1710 non
1673 1656 1890 1712 habent

245 1733 398 1802 quod
431 1733 597 1789 vobis
627 1735 863 1806 faciant,
896 1739 996 1792 sed
1027 1740 1228 1796 timete
1279 1759 1412 1797 eum
1456 1743 1556 1814 qui
1614 1749 1805 1816 potest
1832 1750 1889 1800 et

243 1821 502 1876 animam
536 1826 591 1878 et
622 1841 833 1896 corpus
866 1827 1124 1884 occidere
1153 1829 1211 1885 in
1233 1831 1559 1903 gehennam
1583 1833 1804 1904 (Matth.
1828 1853 1885 1901 x,
1919 1857 1968 1922 Β

239 1910 372 1986 28):
426 1910 732 1986 Salomone
791 1931 1023 1990 quoque
1076 1918 1240 1990 paria
1293 1924 1582 1978 testante:
1643 1925 1752 1978 Fili
1793 1925 1888 1980 ho-

242 2015 381 2056 nora
407 2002 720 2075 Dominum,
753 2009 804 2060 et
844 2007 1242 2078 confortaberis
1262 2029 1280 2063 :
1336 2015 1536 2082 praeter
1593 2014 1757 2068 illum
1785 2030 1885 2068 au-

241 2095 352 2144 tem
407 2107 478 2145 ne
529 2093 728 2148 timeas
786 2095 962 2150 alium
1017 2097 1201 2167 (Prov.
1265 2116 1350 2168 III,
1403 2101 1604 2169 7-9).»
1646 2102 1890 2158 Videtur

241 2178 554 2248 Apostolus
586 2181 815 2238 diversa
845 2185 1154 2256 praecipere
1191 2191 1257 2243 ut
1314 2188 1463 2244 servi
1521 2203 1652 2246 cum
1679 2192 1888 2248 timore

237 2269 294 2320 et
321 2270 573 2324 tremore
629 2271 903 2327 obediant
959 2274 1215 2330 dominis
1272 2278 1627 2346 carnalibus,
1661 2285 1718 2336 et
1745 2299 1889 2337 uxor

238 2356 344 2427 [Αι.
378 2357 568 2430 uxori]
596 2363 660 2414 ut
707 2359 911 2416 timeat
956 2362 1165 2418 virum.
1199 2369 1390 2437 Atque
1419 2367 1520 2438 qui
1553 2369 1886 2441 simplicius

233 2445 628 2514 respondebit.
660 2447 782 2503 haec
813 2449 1002 2505 dicet:
1037 2468 1152 2506 non
1193 2455 1463 2520 perlectis
1507 2458 1689 2513 servis
1721 2462 1776 2514 et
1801 2459 1886 2515 eis

235 2530 335 2604 qui
369 2533 665 2605 sapientiae
725 2541 946 2594 secreta
1002 2543 1376 2612 cognoverint
1441 2545 1562 2599 haec
1601 2552 1888 2619 praecepta

239 2621 568 2688 constituit,
599 2625 699 2680 sed
733 2625 825 2681 his
856 2627 956 2699 qui
989 2629 1275 2702 principia
1319 2632 1613 2689 habebant
1641 2636 1796 2707 fidei,
1831 2641 1888 2692 et

243 2711 525 2768 doctrinis
556 2711 971 2773 humilioribus
1001 2717 1360 2791 indigebant.
1392 2721 1555 2778 Alius
1575 2741 1710 2780 vero
1733 2742 1888 2781 asse-

2006 575 2174 643 (Vers.
2211 575 2300 646 1):
2335 576 2403 630 ad
2439 593 2634 632 servos
2690 593 2845 644 vero,
2909 577 3134 634 Obedite
3187 579 3422 638 dominis
3451 596 3652 636 carna-

2006 660 2150 716 libus
2173 678 2299 716 cum
2330 665 2522 719 timore
2551 669 2604 720 et
2641 668 2900 722 tremore.
2936 666 3008 722 Ut
3053 667 3208 722 sicut
3241 667 3392 724 inter
3422 685 3656 725 servum

2006 754 2062 804 et
2095 768 2330 807 uxorem
2363 752 2538 808 habet
2583 758 2775 810 metus
2825 755 3258 812 diversitatem:
3308 756 3392 813 ita
3421 763 3477 812 et
3506 758 3659 814 inter

2005 837 2155 896 filios
2185 845 2242 895 et
2271 857 2471 898 servos
2516 843 2844 900 obedientia
2892 844 3265 917 discreparet.
3319 847 3388 901 Et
3414 846 3656 918 pulchre

2005 927 2302 1000 imperans
2335 932 2516 987 servis
2549 937 2613 987 ut
2643 933 2917 989 obediant
2936 934 3215 1006 dominis,
3240 935 3477 1006 adjecit,
3499 940 3658 1007 quasi

2005 1017 2253 1075 Christo:
2312 1025 2370 1076 et
2426 1022 2662 1090 iterum,
2729 1027 2790 1077 ut
2845 1025 2992 1078 servi
3020 1023 3241 1095 Christi,
3281 1027 3544 1097 [acientes
3575 1042 3657 1082 vo-

2003 1107 2269 1164 luntatem
2300 1111 2439 1166 Dei:
2472 1115 2536 1166 ut
2565 1111 2786 1168 scilicet
2815 1129 2930 1168 non
2964 1112 3167 1168 audiat
3209 1130 3416 1170 servus
3447 1132 3655 1170 carna-

2000 1196 2114 1252 lem
2149 1197 2477 1270 dominum,
2511 1198 2558 1256 si
2593 1202 2883 1257 contraria
2912 1202 3028 1258 Deo
3071 1203 3377 1276 praeceptis
3405 1203 3656 1261 voluerit

2002 1285 2309 1358 imperare.
2344 1291 2645 1354 Quomodo
2663 1297 2858 1347 autem
2883 1292 2953 1347 ad
2974 1291 3303 1349 Corinthios
3324 1295 3653 1350 secundum

2000 1378 2234 1448 tempus
2263 1378 2644 1451 rescripserat
2668 1380 2720 1451 (1
2775 1382 2904 1436 Cor.
2965 1399 3065 1450 vn,
3130 1383 3196 1436 12
3222 1383 3417 1454 seqq.),
3452 1399 3523 1438 ne
3554 1401 3654 1455 per

1999 1466 2363 1522 occasionem
2425 1467 2560 1523 fidei
2617 1468 2677 1523 in
2735 1469 3035 1526 Christum
3093 1470 3248 1526 inter
3299 1471 3564 1538 maritos,
3599 1476 3655 1527 et

1999 1570 2207 1609 uxores
2237 1555 2486 1611 divortia
2517 1557 2742 1627 ﬁerent,
2775 1558 2826 1614 si
2867 1575 2898 1613 e
2954 1559 3186 1615 duobus
3235 1575 3389 1615 unus
3421 1561 3654 1616 credere

1997 1641 2278 1699 voluisset
2307 1660 2318 1698 :
2354 1645 2436 1700 ita
2466 1645 2537 1700 ad
2571 1645 2854 1718 Ephesios
2881 1651 2937 1703 et
2985 1649 3056 1703 ad
3089 1647 3484 1718 Colossenses,
3518 1649 3656 1720 quia

1999 1729 2236 1802 plurimi
2270 1731 2420 1788 inter
2445 1732 2616 1789 initia
2636 1734 2769 1790 fidei
2799 1736 3086 1807 putabant
3115 1735 3361 1808 gentiles
3382 1736 3653 1792 dominos

1999 1823 2477 1889 contemnendos,
2520 1840 2677 1878 nunc
2721 1824 3124 1880 conditionum
3175 1824 3472 1880 moderate
3505 1841 3652 1896 pra:-

1997 1914 2165 1980 cepta
2195 1911 2536 1966 constituit:
2572 1916 2636 1967 ut
2667 1916 2723 1968 et
2753 1913 2987 1969 servitia
3019 1931 3134 1969 non
3166 1913 3430 1969 videatur
3450 1918 3653 1969 contra

1997 1999 2266 2055 dominos
2298 2000 2608 2070 concitare,
2658 2006 2715 2057 et
2760 2018 2998 2057 rursum
3053 2018 3424 2074 nequaquam
3459 2003 3647 2057 domi-

1997 2103 2104 2143 nos
2131 2089 2336 2144 doceat
2364 2090 2705 2162 audiendos,
2740 2091 2790 2146 si
2817 2091 3027 2147 vitiosa
3075 2095 3133 2147 et
3164 2091 3416 2147 nefanda
3448 2091 3648 2163 praeci-

1995 2175 2178 2248 piant.

2067 2266 2253 2336 (Vers.
2285 2266 2364 2338 9.)
2400 2289 2427 2318 «
2459 2268 2530 2323 Et
2559 2267 2804 2339 domini,
2836 2269 3038 2324 eadem
3072 2269 3241 2324 facite
3273 2269 3344 2324 ad
3377 2269 3533 2333 illos,
3559 2286 3645 2325 re-

1997 2355 2296 2412 mittentes
2328 2356 2542 2423 minas,
2571 2356 2820 2414 scientes
2841 2358 2981 2429 quia
3001 2362 3056 2412 et
3077 2357 3364 2430 ipsorum,
3385 2363 3441 2414 et
3462 2363 3650 2414 vester

1995 2444 2277 2500 Dominus
2308 2449 2398 2501 est
2428 2446 2487 2500 in
2527 2445 2709 2511 caelis,
2743 2452 2800 2501 et
2854 2463 3239 2518 personarum
3284 2464 3396 2502 non
3433 2451 3518 2502 est
3551 2463 3644 2502 ac-

1995 2531 2179 2603 ceptio
2209 2533 2363 2603 apud
2396 2550 2551 2588 eum.
2588 2556 2615 2582 »
2648 2535 2921 2598 Quanam
2956 2537 3095 2589 sunt
3137 2533 3260 2589 haec
3306 2550 3433 2606 qua
3465 2533 3646 2589 servis

1995 2621 2267 2693 superius
2296 2621 2621 2693 imperavit,
2657 2628 2722 2678 ut
2762 2622 2979 2678 diceret
3021 2622 3278 2678 dominis
3325 2624 3528 2678 eadem
3562 2625 3644 2678 la-

1995 2707 2201 2764 cienda
2229 2727 2357 2782 quae
2385 2710 2567 2766 servis
2586 2711 2614 2765 ?
2655 2716 2804 2767 Puto
2852 2711 2955 2767 illa
2984 2729 3114 2785 quae
3143 2712 3389 2777 dixerat,
3421 2713 3483 2768 in
3511 2717 3645 2768 sim-

240 2804 330 2855 rat
360 2815 494 2856 eum
527 2802 626 2874 qui
659 2819 775 2858 non
806 2803 1021 2862 habeat
1052 2807 1326 2879 spiritum
1361 2811 1885 2870 servitutisiterum

2002 2799 2237 2868 plicitate
2283 2799 2482 2866 cordis,
2533 2805 2608 2865 et,
2639 2801 2902 2871 facientes
2940 2802 3269 2858 voluntatem
3299 2803 3437 2857 Dei:
3467 2807 3547 2869 et,
3579 2818 3648 2857 ex

239 2887 297 2943 in
329 2889 558 2957 timore,
602 2908 975 2968 nequaquam
1034 2895 1172 2952 huic
1229 2898 1530 2970 subjacere
1562 2903 1882 2971 sententiae,

237 2982 302 3032 ut
332 2995 465 3033 cum
497 2980 705 3036 timore
735 2985 793 3036 et
820 2985 1072 3040 tremore
1112 2985 1346 3041 obediat
1394 2988 1651 3046 dominis
1681 3007 1884 3047 carna-

239 3065 416 3134 libus,
449 3067 558 3125 hoc
587 3068 741 3126 idem
774 3073 831 3127 et
861 3072 932 3127 de
962 3090 1140 3130 uxore
1169 3074 1455 3144 dicturus,
1490 3093 1617 3149 quas
1647 3079 1887 3150 jubetur

241 3160 306 3212 ut
334 3156 540 3213 timeat
569 3157 780 3214 virum.
814 3160 990 3217 Porro
1020 3163 1230 3218 tertius
1258 3163 1319 3219 in
1350 3165 1458 3221 hoc
1479 3183 1714 3239 quoque
1735 3167 1881 3238 loco,

1994 2887 2180 2944 animo
2207 2905 2219 2956 ;
2251 2892 2326 2956 et,
2357 2904 2488 2945 cum
2519 2889 2784 2960 ﬁdelitate
2802 2890 2922 2946 sive
2944 2890 3346 2947 benevolentia
3367 2891 3428 2945 in
3450 2906 3647 2947 servos

1994 2977 2168 3044 (Vers.
2201 2977 2338 3045 5-8),
2381 2977 2523 3049 quia
2581 2975 2760 3031 silvam!
2818 2982 3137 3050 utrumque
3197 2996 3405 3036 sonare
3437 2983 3644 3050 potest.

1994 3065 2146 3120 669
2175 3065 2590 3139 Unusquisque
2617 3067 2772 3123 enim
2804 3068 2959 3140 quod
2999 3068 3198 3124 fecerit
3230 3069 3385 3136 boni,
3419 3068 3527 3124 hoc
3557 3083 3646 3123 re-

1992 3153 2167 3225 cipiet
2195 3172 2229 3210 a
2259 3155 2524 3225 Domino,
2559 3155 2681 3212 sive
2740 3155 2998 3212 famulus
3058 3157 3342 3225 servierit,
3376 3156 3528 3213 sicut
3558 3155 3646 3211 di-

242 3244 395 3300 sicut
423 3245 482 3301 in
515 3246 777 3316 muliere,
819 3249 1092 3306 timorem
1150 3269 1252 3323 pro
1312 3221 1633 3312 reverentia:
1661 3221 1886 3314 dictum
1920 3221 1962 3288 α
2001 3247 2160 3298 Otum
2191 3248 2300 3311 est,
2333 3244 2455 3300 είνθ
2485 3244 2634 3301 liber
2665 3244 3004 3301 dominatus
3054 3245 3248 3316 fuerit,
3282 3249 3348 3301 Ut
3378 3248 3646 3318 oportet:

247 3335 507 3403 putabit:
543 3337 644 3392 sed
679 3338 1000 3394 arctabitur
1029 3356 1098 3395 ex
1141 3357 1206 3397 eo
1255 3344 1409 3414 quod
1443 3345 1677 3400 additus
1702 3349 1802 3401 est
1818 3346 1890 3402 ti-

243 3425 391 3480 mori
421 3428 661 3482 tremor.
693 3426 888 3482 Potest
916 3427 1072 3484 enim
1122 3429 1286 3486 uxori
1337 3433 1658 3488 reverentia
1685 3451 1891 3492 conve-

243 3511 388 3580 nire,
431 3518 498 3568 ut
528 3530 792 3571 reverens
823 3516 1027 3572 timeat
1053 3518 1264 3574 virum.
1308 3520 1415 3576 Ubi
1448 3527 1641 3577 autem
1672 3525 1893 3579 tremor

248 3604 356 3664 est,
391 3606 583 3656 metus
612 3619 725 3657 non
759 3605 992 3661 sonabit
1021 3608 1425 3676 reverentiam,
1458 3611 1557 3665 sed
1593 3611 1886 3667 timorem.

240 3689 580 3746 Necessario
612 3691 807 3763 itaque
848 3692 909 3748 in
949 3696 1143 3770 [servis
1199 3697 1462 3753 additum
1522 3703 1630 3767 est,
1665 3704 1730 3755 ut
1759 3705 1892 3773 post

242 3778 512 3834 timorem
572 3779 801 3835 Domini
869 3781 1123 3838 habeant
1189 3789 1246 3840 et
1315 3793 1643 3854 tremorem,
1707 3793 1762 3844 et
1815 3790 1888 3844 ad

243 3867 679 3925 distinctionem
736 3869 968 3926 Domini
1027 3871 1372 3945 spiritualis,
1432 3893 1587 3932 nunc
1637 3879 1888 3936 carnalis

243 3956 396 4013 568
431 3956 704 4014 dominus
735 3958 1099 4031 appellatur:
1133 3961 1214 4016 ita
1256 3967 1321 4017 ut
1358 3979 1521 4021 servo
1553 3965 1889 4038 quicunque

242 4045 551 4103 crediderit
580 4046 639 4103 in
671 4052 875 4119 Deum,
907 4053 965 4104 et
1022 4051 1271 4105 necdum
1331 4053 1402 4108 ad
1443 4053 1696 4110 scientiae
1725 4071 1888 4111 sum-

245 4151 401 4190 mam
435 4137 780 4208 pervenerit,
815 4154 930 4194 non
960 4138 1236 4196 indecens
1283 4141 1359 4196 sit
1407 4142 1645 4198 domino
1676 4143 1890 4202 servire

245 4223 464 4279 carnali
496 4242 629 4280 cum
660 4227 870 4283 timore
900 4233 954 4284 et
983 4232 1256 4300 tremore,
1283 4229 1343 4284 in
1365 4231 1744 4302 simplicitate
1762 4250 1888 4291 cor-

243 4310 334 4368 dis
359 4312 474 4378 sui,
507 4317 563 4368 et
591 4313 674 4370 sic
704 4316 754 4370 ei
786 4317 1002 4374 servire
1049 4317 1300 4375 ﬁdeliter
1355 4324 1420 4376 ut
1476 4319 1727 4377 Christo.
1761 4323 1886 4380 Non

245 4401 319 4456 ad
354 4399 587 4456 oculum
620 4403 898 4472 serviens,
951 4410 1016 4461 ut
1043 4406 1102 4461 bi
1146 4407 1368 4463 faciunt
1415 4411 1514 4481 qui
1546 4409 1888 4468 hominibus

241 4489 470 4562 placere
502 4491 857 4560 desiderant,
891 4495 992 4550 sed
1027 4500 1091 4550 ut
1139 4497 1547 4554 necessitatem
1596 4499 1653 4555 in
1683 4499 1888 4556 volun-

2001 3335 2064 3387 ut
2096 3349 2211 3389 non
2243 3333 2320 3389 sit
2347 3333 2645 3402 terribilis,
2683 3351 2799 3389 non
2849 3338 3160 3406 promptus
3211 3335 3284 3391 ad
3314 3334 3556 3390 verbera
3589 3336 3603 3369 ¹
3631 3349 3646 3389 :

2001 3420 2190 3476 sciens
2219 3423 2359 3494 quia
2386 3426 2442 3478 et
2472 3423 2596 3495 ipse
2625 3423 2840 3479 habeat
2868 3423 3182 3478 Dominum
3204 3423 3264 3478 in
3287 3423 3466 3490 caelis,
3490 3423 3646 3494 apud

1999 3525 2176 3582 quem
2208 3527 2324 3566 non
2361 3515 2451 3566 est
2491 3513 2744 3584 acceptio
2800 3528 3204 3584 personarum,
3266 3517 3324 3568 et
3352 3512 3452 3585 qui
3483 3514 3647 3568 solus

1998 3603 2227 3655 tantum
2249 3600 2476 3670 judicet
2512 3600 2863 3668 voluntates,
2922 3607 2980 3657 et
3029 3603 3198 3674 juxta
3245 3617 3342 3658 eas
3374 3600 3646 3657 deteriori

1999 3688 2269 3759 praeferat
2297 3688 2617 3761 meliorem,
2650 3689 2871 3762 eligens
2903 3691 3073 3758 facta,
3107 3707 3224 3746 non
3256 3689 3544 3747 homines.

2070 3777 2257 3847 (Vers.
2292 3778 2405 3847 10.)
2437 3801 2465 3828 ››
2497 3778 2578 3835 De
2608 3785 2812 3835 caetero
2842 3780 3253 3836 confartamini
3285 3779 3345 3834 in
3376 3779 3644 3847 Domino,

1997 3875 2055 3922 et
2084 3867 2142 3920 in
2175 3868 2437 3940 potentia
2465 3868 2700 3924 virtutis
2731 3868 2880 3940 ejus.
2908 3890 2936 3919 ››
2959 3868 3090 3926 Scio
3109 3869 3170 3924 in
3188 3868 3383 3925 Graeco
3408 3885 3512 3942 pro
3533 3868 3647 3923 vir-

1996 3958 2140 4022 tute,
2175 3955 2574 4014 fortitudinem
2606 3957 2880 4029 positam,
2913 3957 2973 4013 id
3005 3961 3114 4026 est,
3151 3954 3345 4030 ἰσχύνε
3381 3957 3521 4029 quia
3539 3956 3646 4011 vir-

1997 4046 2094 4100 tus
2123 4046 2278 4100 auud
2307 4061 2406 4101 eos
2437 4045 2597 4119 ἀρετὴ
2633 4045 2980 4119 appellatur.
3020 4047 3126 4102 Sed
3175 4046 3298 4102 haec
3342 4045 3499 4119 apud
3539 4062 3645 4102 nos

1997 4135 2358 4190 consuetudo
2389 4139 2478 4190 est
2505 4135 2962 4207 Scripturarum,
2985 4139 3050 4192 ut
3068 4135 3466 4192 inditi'erenter
3487 4132 3642 4209 ἰσχύν

1997 4226 2054 4278 et
2085 4222 2300 4294 ἀρετὴν,
2329 4225 2596 4280 virtutem
2629 4223 2932 4282 nominent
2956 4242 2970 4282 :
3023 4223 3276 4281 maxime
3305 4225 3446 4300 quia
3475 4223 3640 4282 forti-

1997 4312 2139 4367 tudo
2165 4313 2425 4384 corporis
2453 4313 2640 4370 virtus
2669 4313 2851 4370 animi
2882 4312 3270 4371 existimatur.
3297 4313 3646 4384 Quanquam

1997 4405 2054 4455 et
2076 4400 2234 4473 apud
2253 4401 2637 4474 philosophos
2659 4401 2813 4458 inter
2828 4407 3081 4474 quatuor
3099 4402 3346 4458 virtutes
3366 4399 3646 4457 fortitudo

1999 4489 2076 4543 sit
2108 4490 2298 4562 posita
2322 4515 2336 4558 ;
2358 4507 2536 4562 quam
2561 4491 2764 4563 utique
2787 4491 2990 4562 animi,
3013 4494 3070 4548 et
3090 4507 3207 4547 non
3227 4489 3487 4564 corporis
3514 4506 3642 4550 esse

241 4585 422 4650 tatem
475 4585 678 4648 vertat,
738 4586 794 4638 et
851 4583 1026 4640 faciat
1077 4586 1148 4641 de
1205 4587 1484 4643 servitute
1537 4590 1883 4661 mercedem,
1914 4594 1963 4660 1)
1997 4579 2371 4638 manifestum
2401 4585 2508 4636 68t-
2543 4581 2707 4646 QllOd
2751 4580 2932 4654 igitur
2978 4581 3099 4640 ait:
3147 4581 3558 4653 σοηΐονεαηιίηί
3585 4582 3644 4636 in

243 4670 496 4727 maxime
526 4687 662 4726 cum
702 4671 978 4728 dominus
1033 4673 1226 4730 carnis
1283 4692 1318 4730 a
1377 4676 1617 4732 Domino
1647 4677 1891 4749 spiritus

245 4757 472 4814 diversa
501 4775 617 4815 non
648 4759 914 4832 imperet.
947 4761 1066 4816 Hoc
1097 4765 1186 4818 est
1233 4762 1387 4817 enim
1438 4765 1590 4836 quod
1625 4765 1740 4820 ait:
1773 4767 1890 4822 Non

243 4845 312 4900 ad
341 4847 558 4902 oculum
586 4849 901 4919 servientes,
932 4853 992 4904 ut
1019 4849 1334 4906 hominibus
1381 4852 1674 4922 placentes,
1706 4855 1802 4910 sed
1830 4864 1891 4911 ut

240 4937 386 4990 servi
417 4935 641 5008 Christi,
671 4938 937 5008 facientes
961 4939 1296 4997 voluntatem
1331 4942 1447 4997 Dei.
1481 4943 1594 4998 Sed
1626 4947 1682 4998 et
1700 4941 1888 5014 ipsam

241 5021 581 5079 fidelitatem
608 5042 722 5081 non
747 5031 1006 5084 coactam
1032 5046 1235 5084 servus
1265 5029 1496 5098 habeat,
1537 5031 1639 5087 sed
1657 5037 1890 5104 sponta-

243 5127 409 5166 neam
442 5115 497 5166 et
526 5128 594 5168 ex
623 5113 817 5169 animo
843 5133 854 5170 :
900 5115 981 5171 sic
1033 5118 1290 5173 serviens
1331 5118 1570 5175 domino
1600 5136 1706 5176 suo
1737 5120 1890 5177 sicut

241 5199 492 5267 Christo,
528 5218 560 5255 a
592 5219 706 5274 quo
749 5209 1089 5278 recepturus
1122 5211 1210 5262 est
1230 5205 1418 5263 fidelis
1439 5208 1742 5280 praemium
1768 5227 1886 5266 ser-

242 5288 465 5358 vitatis,
499 5307 612 5345 non
647 5291 841 5348 minus
875 5309 1050 5365 quam
1084 5295 1132 5350 si
1163 5295 1310 5353 liber
1350 5297 1648 5355 voluntate
1677 5300 1887 5356 servis-

243 5382 349 5435 set.
385 5379 571 5435 Simul
603 5384 660 5435 et
689 5381 796 5436 hoc
827 5383 1171 5448 notandum,
1204 5385 1360 5455 quod
1383 5385 1725 5446 obedientia
1746 5387 1889 5444 Illio-

242 5482 372 5524 rum
404 5469 579 5540 atque
608 5483 905 5525 servorum
935 5468 1166 5527 diversa
1201 5471 1590 5543 subjunxerit.
1623 5473 1702 5530 Ad
1734 5472 1885 5530 ﬁlios

311 5685 327 5720 ¹
359 5682 575 5743 Vitiose
605 5698 784 5758 penes
832 5683 1224 5755 Martianaaus,
1274 5689 1557 5760 promptus
1595 5687 1666 5744 ad
1695 5687 1882 5746 verba.

2007 4671 2265 4738 Domino,
2289 4677 2342 4726 et
2363 4671 2423 4726 in
2451 4671 2692 4742 potentia
2722 4671 2946 4728 virtutis
2984 4671 3125 4741 ejus,
3168 4673 3356 4730 totum
3395 4669 3649 4729 sentitur

1998 4759 2058 4814 in
2089 4758 2342 4827 Christo,
2374 4762 2441 4815 ut
2466 4759 2526 4814 in
2558 4759 2834 4816 omnibus
2869 4759 3186 4816 virtutibus
3214 4775 3342 4832 qum
3371 4775 3552 4832 super
3577 4771 3644 4814 eo

1997 4846 2425 4925 intelliguntur,
2459 4846 2558 4921 qui
2589 4847 2942 4904 crediderint
2968 4848 3389 4918 confortentur,
3425 4851 3483 4906 et
3511 4865 3644 4922 pru-

1999 4937 2205 4994 denter
2228 4942 2361 5011 post
2390 4936 2668 5011 specialia
2697 4937 2994 5008 mandata,
3019 4937 3160 5010 quid
3192 4937 3332 4994 viris
3358 4942 3418 4995 et
3447 4936 3641 4996 uxori-

1997 5025 2130 5093 bus,
2159 5027 2426 5100 patribus
2456 5030 2511 5083 et
2541 5025 2699 5098 ﬁliis,
2731 5025 2988 5085 dominis
3016 5031 3076 5085 et
3121 5026 3303 5086 servis
3329 5026 3644 5087 observan-

1997 5115 2140 5171 dum
2172 5115 2268 5186 sit,
2302 5133 2459 5172 nunc
2511 5115 2859 5189 generaliter
2914 5117 3190 5174 omnibus
3240 5116 3300 5173 in
3331 5129 3649 5174 commune

1998 5205 2276 5277 praecipit,
2311 5210 2376 5261 ut
2403 5205 2465 5262 in
2496 5205 2743 5264 Domino
2781 5208 2839 5262 et
2866 5205 2925 5262 in
2975 5207 3103 5279 ejus
3130 5205 3386 5279 potentia
3413 5205 3642 5262 confero

1995 5294 2125 5366 tati,
2157 5299 2482 5368 praeparent
2510 5311 2572 5354 se
2612 5297 2925 5360 adversum
2972 5296 3297 5366 diabolum,
3331 5295 3414 5354 de
3434 5311 3550 5368 quo
3582 5294 3644 5350 in

1997 5386 2490 5455 consequentibus
2522 5385 2748 5443 scribit.

2066 5472 2252 5542 (Vera.
2285 5475 2376 5544 41)
2409 5496 2439 5525 «
2471 5475 2704 5532 lnduite
2750 5473 2946 5533 omnia
2991 5491 3158 5533 arma
3205 5474 3327 5546 Dei,
3360 5479 3426 5531 ut
3455 5473 3646 5548 possi-
