4066 6190
343 321 461 380 577
989 312 1504 378 COMMENTAB.
1552 316 1631 376 IN
1677 313 2076 376 EPISTuAD
2121 315 2397 376 EPHES.
2447 317 2591 376 LIB.
2639 319 2742 393 III,
2791 319 2959 381 CAP.
3008 322 3110 386 Vl.
3634 327 3755 390 51a
3805 365 3810 368 .

351 452 428 507 tis
456 453 614 506 stare
643 450 845 504 contra
875 447 1163 502 versutias
1194 447 1479 503 diaboli.»
1511 448 1593 503 Ex
1622 447 1715 504 his
1745 465 1872 520 quae
1903 447 1991 502 in-
2023 447 2080 514 Α
2110 447 2530 520 interpretatur
2575 453 2899 508 criminator
2917 454 2958 508 ².
2989 454 3162 510 Juxta
3191 455 3410 512 Hebraei
3443 473 3578 514 vero
3626 474 3755 514 ser-

355 542 442 596 fra
474 537 749 611 legimus,
782 541 840 591 et
873 535 965 591 his
996 554 1120 607 quae
1168 537 1227 591 in
1279 536 1598 609 Scriptnris
1629 538 1903 592 omnibus
1933 538 2002 594 de
2116 537 2306 591 monis
2337 538 2771 609 proprietatem,
2800 542 2938 612 quia
2966 547 3024 598 et
3051 543 3238 599 tribus
3267 545 3522 602 Zabulon
3555 564 3763 619 quam-

355 628 600 684 Domino
648 625 944 682 Salvatore
991 625 1286 694 dicuntur,
1322 627 1799 684 manifestissime
1848 643 2003 682 com-
2115 625 2248 679 dam
2274 625 2719 684 similitudinem
2743 629 2922 700 hujus
2942 631 3205 686 vocabuli
3235 633 3428 700 habet,
3452 635 3756 710 καταρόων,

359 719 664 792 probatur,
688 713 886 770 omnia
915 731 1080 770 arma
1104 714 1205 769 Dei
1228 715 1444 787 quibus
1476 732 1629 771 nunc
1652 716 1818 771 indui
1852 717 2008 784 iube-

360 824 495 863 mur
524 805 631 878 [ΑΙ.
671 803 960 875 jubetur],
990 801 1237 875 intelligi
1287 803 1672 874 Salvatorem;
1709 811 1772 860 ut
1821 820 2007 860 unum

363 901 538 968 atque
581 893 738 948 idem
791 891 868 948 sit
914 890 1148 960 dixisse,
1184 893 1410 949 induite
1455 910 1557 950 vos
1602 894 1799 949 omnia
1847 910 2011 949 arma

363 984 495 1052 Dei;
529 982 702 1055 quasi
750 980 958 1036 dixerit
991 999 1002 1036 :
1036 981 1255 1036 lnduite
1300 984 1599 1038 Dominum
1626 985 1811 1038 Jesum
1856 982 2011 1037 Chri-

366 1083 516 1130 stum
544 1072 718 1144 (Rom.
751 1087 874 1139 xm,
909 1070 1017 1140 14).
1052 1071 1111 1126 Si
1142 1070 1297 1126 enim
1331 1071 1633 1144 cingulum
1661 1071 1872 1127 veritas
1897 1076 2010 1142 ’est,

366 1169 422 1220 et
470 1161 652 1218 lorica
689 1158 924 1231 justitia
968 1163 1101 1215 est:
1146 1159 1408 1216 Salvator
1453 1167 1647 1216 autem
1700 1165 1758 1216 et
1803 1161 2015 1217 veritas

367 1255 545 1326 (Joavn.
579 1267 693 1320 xiv,
723 1250 800 1320 6),
843 1253 900 1304 et
939 1247 1173 1318 justitia
1214 1249 1552 1306 nominatur
1593 1251 1642 1321 (I
1683 1250 1801 1306 Cor.
1837 1269 1874 1321 ι,
1902 1251 2013 1322 30),

366 1340 514 1396 nulli
546 1338 792 1394 dubium
825 1336 969 1408 quin
1017 1337 1142 1408 ipse
1171 1341 1228 1393 et
1258 1338 1559 1410 cingulum
1591 1339 1668 1394 sit
1714 1345 1770 1395 et
1816 1339 2014 1395 lorica.

369 1431 573 1501 Itaque
593 1429 766 1501 juxta
794 1425 937 1497 hac,
970 1426 1096 1498 ipse
1125 1426 1234 1482 erit
1263 1431 1318 1482 et
1349 1428 1692 1499 praeparatio
1723 1427 2018 1500 Evangelii

372 1520 558 1593 pacis,
571 1522 627 1573 et
657 1521 894 1573 scutum
925 1515 1080 1587 ﬁdei,
1114 1521 1171 1571 et
1201 1516 1366 1588 galea
1394 1516 1691 1588 salutaris,
1712 1523 1768 1572 et
1787 1517 2019 1590 gladius

375 1609 642 1681 spiritus,
674 1606 829 1678 quod
863 1609 953 1662 est
990 1605 1233 1661 verbum
1269 1606 1368 1663 Dei
1401 1608 1568 1676 (Vers.
1606 1608 1816 1678 14-17),
1850 1612 1907 1663 et
1935 1608 2020 1662 vi-

374 1713 515 1754 vens
545 1712 738 1752 sermo
769 1699 827 1750 et
857 1695 1082 1764 efﬁcax,
1113 1699 1168 1750 et
1200 1700 1407 1750 acutus
1435 1712 1612 1767 super
1639 1712 1872 1752 omnem
1903 1696 2023 1769 gla-

376 1787 539 1842 dium
564 1803 631 1841 ex
662 1789 912 1856 utraque
945 1789 1110 1856 parte
1149 1788 1387 1840 acutum
1421 1785 1602 1846 (Hebr.
1637 1803 1710 1856 Iv,
1749 1786 1854 1858 13).
1888 1786 2023 1850 Qum

376 1880 572 1931 autem
604 1872 718 1928 alia
746 1889 912 1928 arma
935 1873 1037 1928 Dei
1069 1889 1387 1944 possumus
1419 1873 1772 1942 existimare,
1808 1875 2024 1947 quibus

374 1963 711 2020 induendus
741 1966 830 2018 est
850 1961 952 2034 qui
977 1961 1154 2017 habet
1174 1962 1484 2018 adversum
1507 1963 1724 2020 diaboli
1747 1964 2026 2020 dimicare

377 2053 668 2109 versutias
720 2055 958 2123 excepta
1002 2051 1236 2118 virtute,
1269 2068 1396 2124 quas
1425 2052 1691 2109 Christus
1735 2058 1844 2109 est.
1873 2055 2028 2109 670

380 2142 546 2198 Hunc
573 2141 732 2196 enim
760 2143 775 2176 ί
808 2139 908 2211 qui
946 2140 1118 2210 juxta
1146 2141 1346 2196 omnia
1384 2157 1510 2212 quas
1556 2158 1734 2214 super
1762 2159 1827 2198 eo
1860 2142 2028 2198 intel-

378 2231 664 2304 liguntur,
699 2228 872 2285 fuerit
921 2227 1186 2295 indutus,
1239 2233 1444 2300 potens
1496 2230 1606 2285 erit
1656 2236 1860 2286 contra
1900 2231 2028 2286 uni-

381 2336 578 2377 versas
610 2316 854 2374 insidias
886 2315 1102 2372 diaboli
1147 2332 1494 2389 repugnare,
1526 2322 1584 2374 et
1615 2321 1940 2376 secundum
1973 2320 2030 2375 id

388 2409 624 2481 quidem
657 2407 810 2479 quod
843 2405 1086 2461 veritate
1117 2405 1464 2478 praecinctus
1493 2411 1601 2479 est,
1626 2425 1740 2464 non
1775 2409 1939 2464 facile
1961 2410 2031 2464 ad

384 2496 661 2554 falsitatis
688 2496 967 2568 dogmata
996 2495 1339 2553 deducetur.
1371 2495 1549 2551 Juxta
1577 2496 1686 2552 hoc
1716 2513 1849 2552 vero
1881 2497 2035 2569 quod

385 2586 628 2642 loricam
657 2585 902 2640 indutus
925 2584 1298 2656 estjustitiaa,
1323 2584 1650 2656 iniquitatis
1673 2586 1888 2658 jaculis
1920 2604 2036 2642 non

391 2674 606 2748 poterit
633 2673 933 2746 perforari.
958 2672 1072 2728 Nec
1105 2689 1220 2728 non
1253 2690 1383 2729 cum
1417 2674 1693 2731 calciatus
1728 2675 1900 2731 fuerit
1926 2675 2038 2732 cal-

389 2763 696 2821 ciamentis
743 2761 1154 2836 pulcherrimis
1185 2761 1243 2817 in
1275 2763 1696 2836 prmparatione
1746 2764 2038 2838 Evangelii

389 2852 574 2927 pacis,
607 2850 774 2924 quasi
802 2850 854 2908 is
885 2851 984 2922 qui
1016 2854 1358 2923 praeparavit
1385 2853 1445 2908 in
1476 2855 1592 2910 fine
1621 2871 1796 2927 opera
1825 2871 1953 2925 sua,
1983 2859 2040 2910 et

389 2943 606 2998 idcirco
637 2941 797 3014 pacis
828 2940 1002 2996 homo
1025 2941 1214 2996 factus
1244 2945 1354 3012 est,
1375 2959 1478 2998 nec
1508 2942 1784 3000 bellicum
1816 2944 2038 3016 aliquid

393 3037 450 3086 et
479 3029 912 3085 tumultuosum
946 3028 1084 3102 agit,
1109 3045 1215 3084 nec
1245 3046 1377 3086 cum
1407 3030 1499 3086 his
1521 3031 1622 3103 qui
1645 3033 2039 3104 impraeparati

394 3125 555 3187 sunt,
571 3118 1077 3175 condemnabitur.
1094 3119 1410 3175 Intidelitas
1433 3137 1827 3193 quoque,quae
1849 3122 2042 3178 inimi-

395 3227 462 3266 ca
487 3181 577 3265 est
602 3208 758 3274 fidei,
773 3207 872 3263 ubi
894 3211 1128 3263 scutum
1150 3212 1239 3264 est
1260 3209 1415 3278 ﬁdei,
1436 3181 1586 3264 nihil
1604 3181 1837 3266 valebit.
1857 3213 2042 3284 Caput
2069 3181 2113 3250 α

393 3299 570 3355 etiam
593 3303 648 3354 et
669 3296 986 3369 principale
1025 3298 1237 3364 cordis,
1260 3303 1315 3353 et
1345 3299 1554 3354 animae
1585 3299 1645 3354 in
1685 3317 1800 3372 quo
1832 3318 2043 3357 sensus

396 3404 602 3444 omnes
643 3386 814 3443 locati
849 3391 1009 3453 sunt,
1035 3386 1242 3442 salutis
1271 3387 1436 3459 galea
1465 3389 1894 3445 circumdatum
1927 3408 2043 3446 non

397 3477 793 3550 quassahitur.
817 3475 902 3530 Ad
935 3479 1258 3531 extremum
1281 3479 1450 3547 quasi
1471 3477 1558 3532 vir
1583 3477 1828 3534 bellator
1855 3484 1912 3535 et
1933 3479 2042 3535 for-

395 3567 493 3632 tis,
510 3581 712 3621 omnes
735 3569 924 3620 sectas
944 3564 1265 3620 contrarias
1283 3566 1508 3621 veritati
1527 3569 1812 3635 concidet,
1831 3566 2046 3624 interli-

395 3651 857 3726 ciet,jugulabit,
883 3651 1147 3726 gladium
1167 3653 1435 3725 spiritus,
1455 3654 1512 3709 id
1536 3657 1899 3722 est,verbum
1920 3658 2041 3728 Dei,

395 3759 575 3799 manu
593 3747 819 3798 tenens.
834 3740 1050 3797 Volens
1070 3758 1204 3814 ergo
1225 3743 1538 3814 Apostolus
1562 3744 1909 3801 multimoda
1926 3747 2047 3802 dia-

396 3831 512 3888 boli
548 3832 782 3904 ingenia
819 3832 1146 3900 ostendere,
1175 3832 1392 3902 quibus
1435 3848 1541 3888 nos
1585 3849 1788 3905 capere
1828 3835 2049 3890 nitatur

397 3921 504 3992 [ΑΙ.
539 3921 792 3990 nititur],
818 3936 921 3992 per
944 3937 1012 3976 ea
1043 3918 1247 3974 locain
1271 3920 1487 3991 quibus
1519 3938 1632 3976 non
1664 3924 1822 3977 omni
1855 3930 2047 3980 custo-

398 4009 496 4068 dia
527 4023 828 4064 servemus
875 4025 974 4064 cor
1006 4011 1296 4077 nostrum,
1333 4005 1614 4080 μεθοδείας
1658 4011 1806 4082 ejus,
1841 4012 1899 4067 id
1937 4017 2047 4082 cst,

397 4098 838 4154 adinventiones
858 4096 945 4153 vel
975 4098 1264 4154 versutias
1290 4099 1702 4154 nominavit.Si
1733 4101 1889 4156 enim
1915 4102 2049 4158 abs-

399 4187 751 4244 tinuerimus
784 4203 891 4243 nos
922 4203 956 4243 a
985 4202 1295 4259 corporum
1326 4187 1642 4260 voluptate,
1668 4205 1876 4261 parum
1910 4207 2047 4247 cau-

396 4282 487 4332 tos
515 4277 574 4332 in
605 4277 849 4332 avaritia
879 4276 1054 4348 capit.
1088 4277 1252 4340 Quod
1283 4276 1333 4332 si
1362 4281 1419 4332 et
1452 4278 1755 4334 avaritiam
1789 4297 1923 4335 cum
1955 4298 2051 4336 vo-

394 4366 617 4438 luptate
647 4365 1101 4432 contemnimus,
1126 4383 1227 4438 per
1252 4365 1546 4423 luxuriam
1578 4368 1802 4440 irrepit,
1825 4374 1880 4424 et
1913 4370 2050 4426 facit

397 4454 567 4509 nobis
596 4460 858 4510 ventrem
904 4470 1031 4510 esse
1079 4455 1275 4524 deum,
1309 4461 1366 4510 et
1397 4472 1499 4526 per
1547 4456 1696 4512 hanc
1745 4458 1920 4513 etiam
1952 4459 2050 4514 illa

2117 713 2173 766 id
2206 718 2294 768 est
2321 714 2583 770 deorsum
2613 718 2788 786 ﬂuens
2810 719 2923 773 dici
2955 724 3166 791 potest,
3190 722 3343 792 quod
3368 723 3591 779 scilicet
3619 742 3764 796 pau-

2119 801 2279 856 latim
2314 803 2385 858 de
2418 804 2631 860 virtute
2681 807 2752 860 ad
2800 806 3008 863 vitium
3043 808 3295 875 ﬂuxerit,
3327 815 3383 865 et
3414 812 3484 866 de
3515 813 3758 870 crelesti-

2118 890 2231 945 bus
2263 892 2332 945 ad
2364 897 2594 948 terrena
2621 895 2924 951 corruerit.

2194 979 2377 1050 (Vers.
2415 983 2520 1048 l2).
2551 1006 2577 1031 ‹‹
2612 983 2896 1046 Quoniam
2949 1002 3063 1040 non
3094 990 3182 1041 est
3225 988 3396 1044 nobis
3444 988 3772 1046 colluctatio

2124 1068 2402 1124 adversus
2433 1070 2579 1124 671
2621 1073 2968 1143 sanguinem
2999 1079 3056 1128 et
3077 1091 3341 1145 carnem;
3373 1078 3473 1132 sed
3495 1079 3777 1134 adversus

2125 1156 2510 1228 principatus,
2542 1159 2822 1216 adversus
2871 1168 3187 1232 potestates
3237 1165 3515 1222 adversus
3566 1167 3774 1223 mundi

2128 1251 2378 1302 rectores
2431 1249 2804 1304 tenebrarum
2857 1251 3086 1320 harum,
3118 1253 3397 1310 adversus
3447 1255 3778 1328 spiritualia

2129 1334 2400 1406 nequitiae
2431 1336 2488 1391 in
2512 1337 2866 1394 coelestibus.
2886 1361 2906 1390 ι
2937 1340 3061 1395 Non
3087 1346 3227 1411 puto
3255 1343 3502 1399 Paulum
3525 1345 3784 1402 scriben-

2129 1429 2246 1479 tem
2280 1426 2351 1479 ad
2383 1426 2714 1482 Corinthios
2763 1428 2953 1484 dicere
2985 1431 3244 1501 potuisse
3279 1448 3291 1486 :
3326 1432 3450 1487 Non
3501 1439 3591 1489 est
3619 1434 3786 1490 vobis

2131 1511 2460 1568 colluctatio
2492 1515 2771 1572 adversus
2808 1533 3044 1572 carnem
3074 1524 3131 1573 et
3161 1521 3533 1592 sanguinem,
3568 1523 3786 1594 quibus

2131 1601 2212 1656 ait
2245 1619 2257 1656 :
2296 1603 2539 1660 Tentatio
2570 1621 2658 1660 vos
2698 1622 2806 1661 non
2849 1607 3221 1678 apprehendat
3248 1611 3364 1664 nisi
3390 1611 3654 1666 humana.
3687 1613 3780 1666 Fi-

2129 1689 2266 1745 delis
2303 1696 2486 1746 autem
2531 1693 2690 1761 Deus,
2725 1697 2821 1765 qui
2868 1711 2978 1750 non
3018 1698 3297 1766 permittet
3328 1698 3440 1768 [AL
3482 1702 3777 1770 permittit]

2133 1795 2222 1834 vos
2279 1783 2485 1836 tentari
2527 1797 2700 1854 supra
2758 1784 2814 1838 id
2869 1785 3011 1856 quod
3059 1789 3284 1855 potestis
3331 1789 3373 1858 (l
3423 1787 3542 1844 Cor.
3575 1807 3631 1855 x,
3666 1790 3773 1860 13).

2137 1869 2416 1925 Existimo
2447 1871 2662 1944 quippe
2710 1873 2989 1929 adversus
3040 1892 3273 1931 carnem
3321 1882 3380 1931 et
3426 1879 3777 1950 sanguinem

2135 1973 2264 2013 esse
2311 1959 2654 2027 certamina,
2704 1977 2830 2031 quae
2888 1961 2969 2016 ibi
3019 1963 3370 2020 tentationes
3415 1965 3786 2037 appellantur

2139 2046 2431 2118 humanae,
2464 2049 2698 2120 quando
2745 2066 2876 2104 caro
2908 2052 3268 2123 concupiscit
3298 2055 3580 2110 adversus
3612 2055 3788 2126 spiri-

2139 2140 2288 2205 tum,
2317 2141 2373 2191 et
2401 2143 2675 2209 provocat
2704 2154 2811 2194 nos
2856 2139 3043 2196 facere
3072 2157 3248 2213 opera
3292 2159 3420 2209 sua,
3455 2144 3787 2200 fornicatio-

2141 2242 2299 2295 nem,
2331 2225 2792 2296 immunditiam,
2817 2227 3133 2298 luxuriam,
3155 2229 3566 2300 idololatriam,
3598 2233 3794 2288 inimi-

2143 2314 2330 2381 citias,
2367 2316 2786 2385 contentiones,
2819 2318 3240 2390 aemulationes,
3288 2320 3426 2387 iras,
3461 2323 3634 2391 rixas,
3668 2323 3789 2378 dis-

2144 2404 2470 2469 sensiones,
2503 2405 2773 2473 haereses,-
2805 2406 3073 2478 insidias,
3118 2409 3447 2476 ebrietates,
3494 2427 3790 2468 comessa-

2145 2493 2331 2548 tiones
2391 2492 2592 2563 (Galat.
2643 2511 2694 2561 v,
2755 2495 2948 2565 17—21)
3007 2501 3065 2550 et
3119 2497 3345 2568 reliqua
3401 2499 3493 2555 his
3553 2499 3790 2556 similia.

2146 2582 2320 2637 Porro
2353 2599 2467 2637 non
2498 2587 2587 2638 est
2616 2583 2876 2640 humana
2909 2585 3169 2652 tentatio,
3202 2603 3308 2642 nec
3346 2587 3627 2644 adversus
3665 2605 3792 2644 car-

2149 2687 2280 2725 nem
2314 2674 2370 2725 et
2390 2671 2739 2743 sanguinem
2769 2689 2985 2744 pugna,
3013 2677 3246 2745 quando
3273 2681 3373 2731 aut
3404 2678 3530 2748 ipse
3549 2678 3796 2733 Satanas

2148 2760 2616 2832 transfiguratus,
2651 2761 2708 2816 in
2757 2762 3031 2835 angelum
3079 2763 3230 2819 lucis
3281 2766 3352 2836 (II
3398 2765 3517 2821 Cor.
3559 2783 3637 2834 XI,
3687 2767 3793 2837 1-4).

2151 2850 2496 2920 persuadere
2527 2850 2754 2916 nititur,
2787 2857 2852 2905 ut
2889 2868 3023 2907 eum
3068 2852 3341 2925 angelum
3371 2853 3520 2910 lucis
3550 2853 3794 2911 arbitre-

2151 2955 2304 3003 mur,
2338 2944 2439 2993 aut
2467 2937 2688 3010 aliquid
2715 2938 2924 2995 horum
2969 2941 3163 2998 simile
3206 2943 3364 3011 facit,
3396 2944 3453 2997 in
3487 2943 3645 2998 omni
3676 2944 3791 2998 vir-

2149 3033 2291 3093 tute,
2325 3027 2509 3101 signis
2539 3033 2596 3083 et
2638 3029 2923 3100 portentis
2955 3031 3358 3098 mendacibus,
3392 3032 3448 3086 in
3499 3032 3658 3088 omni
3691 3035 3791 3089 de-

2151 3117 2413 3188 ceptione
2461 3117 2791 3188 iniquitatis
2838 3118 2908 3186 (ll
2951 3119 3124 3174 Thess.
3160 3137 3220 3190 ιι,
3250 3122 3426 3189 9-10).
3460 3121 3606 3177 Nam
3656 3139 3792 3178 cum

2151 3207 2416 3278 aliquem
2432 3204 2762 3277 illaquearit
2780 3207 3058 3264 inimicus
3075 3213 3140 3264 ut
3159 3209 3400 3281 recipiat
3420 3227 3501 3280 se,
3516 3218 3574 3267 et
3594 3211 3796 3283 loqua-

2153 3301 2249 3351 tur
2278 3295 2336 3349 in
2371 3312 2457 3365 eo,
2481 3297 2600 3352 haec
2623 3297 2756 3352 dicit
2776 3297 3058 3368 Dominus,
3082 3315 3198 3354 non
3225 3299 3392 3370 quasi
3423 3317 3555 3356 caro
3586 3305 3644 3356 et
3664 3318 3798 3357 san-

2154 3385 2284 3458 guis
2313 3401 2448 3440 eum
2481 3385 2717 3456 decipit,
2741 3392 2842 3442 aut
2889 3388 3057 3458 quasi
3114 3388 3374 3444 humana
3401 3390 3666 3458 tentatio,
3699 3393 3801 3447 sed

2156 3474 2323 3546 quasi
2356 3474 2719 3546 principatus
2741 3481 2796 3530 et
2827 3481 3104 3548 potestas,
3131 3483 3318 3533 rector
3349 3479 3723 3534 tenebrarum
3746 3484 3802 3535 et

2157 3564 2420 3635 nequitia
2450 3563 2792 3634 spiritualis.
2817 3567 3209 3630 Quamobrem
3233 3585 3346 3623 non
3370 3569 3576 3624 demus
3606 3568 3800 3624 locum

2155 3650 2385 3706 diabolo
2413 3652 2629 3723 (Ep/tes.
2657 3669 2726 3721 iv,
2749 3655 2864 3725 27),
2887 3656 2987 3710 sed
3015 3662 3071 3711 et
3101 3657 3148 3712 si
3180 3657 3423 3728 spiritus
3452 3663 3800 3730 potestatem

2156 3740 2428 3796 habentis
2450 3743 2777 3798 ascenderit
2798 3758 2975 3816 super
2995 3761 3120 3815 nos,
3136 3746 3307 3816 juxta
3326 3748 3482 3820 quod
3517 3748 3628 3803 scri
3635 3753 3801 3821 ptum

2157 3834 2267 3897 est,
2290 3831 2478 3885 locum
2503 3847 2618 3886 non
2641 3833 2850 3888 demus
2872 3833 2922 3888 ei
2944 3835 3137 3907 (Eccte.
3157 3852 3212 3903 κ,
3229 3837 3303 3907 4).
3320 3837 3483 3892 Dicat
3506 3838 3802 3910 quispiam

2159 3918 2268 3975 hoc
2291 3921 2444 3990 quod
2468 3920 2547 3976 ait
2572 3937 2584 3974 :
2609 3923 2725 3976 Non
2755 3927 2833 3978 est
2861 3926 3015 3978 nobis
3045 3925 3366 3981 colluctatio
3394 3925 3652 3980 adversus
3681 3943 3809 3981 san-

2158 4011 2384 4077 guinem
2413 4018 2462 4065 et
2489 4027 2732 4078 carnem,
2753 4012 2845 4068 sed
2874 4012 3160 4068 adversum
3182 4016 3532 4085 principatus
3560 4024 3612 4070 et
3634 4025 3806 4086 potes-

2160 4102 2315 4166 tates,
2340 4104 2396 4154 et
2425 4105 2629 4156 caetera
2659 4118 2789 4172 quae
2818 4109 3170 4173 sequuntur,
3200 4103 3328 4158 ideo
3349 4103 3484 4170 dici,
3511 4109 3576 4158 ut
3598 4105 3805 4159 docea-

2162 4203 2313 4258 mur,
2338 4205 2410 4243 ne
2440 4206 2508 4244 ea
2530 4190 2768 4261 quidem
2802 4207 2927 4261 quae
2952 4191 3119 4246 nobis
3140 4189 3458 4246 ministrari
3478 4192 3618 4248 vitia
3643 4197 3808 4265 puta-

2164 4293 2296 4332 mus
2327 4293 2395 4332 ex
2426 4293 2617 4345 carne,
2643 4279 2836 4333 carnis
2868 4295 2995 4334 esse
3026 4278 3110 4334 vel
3144 4279 3468 4352 sanguinis,
3494 4281 3595 4337 sed
3619 4299 3652 4336 a
3673 4280 3802 4354 qui-

2159 4366 2411 4421 busdam
2433 4366 2843 4438 spiritualibus
2873 4368 3150 4439 nequitiis
3181 4371 3435 4443 suggeri.
3464 4371 3614 4426 Sunt
3643 4371 3804 4426 enim

2162 4455 2402 4527 quidam
2435 4456 2727 4510 daemones
2759 4457 3061 4512 amoribus
3108 4465 3165 4514 et
3209 4460 3511 4515 amatoriis
3558 4459 3805 4516 canticis

396 4559 523 4615 quin
555 4543 728 4600 fortia
756 4559 887 4600 esse
917 4543 1288 4610 videbantur,
1319 4551 1633 4617 expugnat.
1656 4547 1727 4601 Et
1755 4549 2049 4619 quomodo
2078 4547 2128 4614 D
2160 4543 2496 4613 servientes,
2542 4549 2604 4598 ut
2653 4545 2936 4616 propheta
2980 4563 3214 4620 quoque
3261 4553 3686 4603 commemorat
3715 4549 3803 4602 di-

396 4632 588 4688 solent
616 4633 912 4705 sapientes
937 4633 1299 4688 exercituum
1325 4634 1640 4706 principes,
1663 4652 1730 4691 ea
1751 4636 1838 4692 vel
1871 4637 2065 4708 maxi-l

399 4737 494 4778 me
521 4738 863 4794 oppugnare
911 4721 1147 4778 urbium
1197 4721 1324 4778 loca
1375 4740 1500 4794 quin
1557 4740 1766 4795 parum
1828 4727 2054 4782 munita

398 4815 557 4881 sunt,
591 4816 648 4866 et
678 4828 814 4868 cum
848 4827 952 4884 per
987 4811 1089 4867 illa
1126 4811 1463 4884 irruperint,
1498 4813 1665 4869 facile
1695 4815 1922 4870 munita
1953 4832 2051 4870 ca-

398 4899 666 4970 piantur;
701 4901 783 4956 ita
816 4905 874 4956 et
919 4900 1190 4957 diabolus
1221 4917 1324 4972 per
1353 4917 1421 4957 ea
1449 4919 1577 4974 quas
1625 4908 1826 4974 patere
1874 4904 2050 4976 videt,

398 4993 500 5044 aut
529 4994 684 5044 certe
715 5006 831 5045 non
863 4989 1114 5046 ﬁrmiter
1141 4989 1361 5057 clausa,
1388 4991 1597 5062 quaerit
1625 4992 1971 5065 irrumpere,
1995 4999 2054 5048 et.

397 5078 469 5132 ad
501 5079 693 5150 ipsam
721 5094 915 5134 arcem
944 5078 1135 5136 cordis
1157 5083 1214 5134 et
1235 5080 1443 5135 animae
1473 5081 1794 5152 pervenire.
1820 5082 1888 5136 Et
1910 5082 2050 5153 quid

397 5181 490 5222 me
519 5182 758 5223 necesse
780 5171 870 5223 est
889 5168 962 5223 de
991 5167 1260 5240 pluribus
1281 5169 1408 5238 ejus
1433 5169 1663 5224 insidiis
1689 5171 2050 5238 dicere,cum

394 5270 464 5310 ex
493 5255 586 5311 his
617 5261 674 5312 et
703 5261 921 5312 ceterae
943 5256 1336 5314 versutiarum
1368 5259 1498 5328 ejus
1530 5259 1755 5330 species
1803 5275 2049 5332 cognos-

395 5345 642 5398 cantur?
672 5343 953 5401 Diabolus
982 5349 1200 5410 autem,
1227 5363 1438 5402 nomen
1472 5346 1735 5403 Graecum
1767 5353 1874 5416 est,
1895 5349 2049 5421 quod

474 5541 490 5574 ¹
523 5539 740 5623 Iterum
790 5545 1061 5623 corrupte
1103 5543 1257 5623 apud
1292 5543 1720 5623 Martianaium,
1753 5546 1851 5600 Hic
1879 5549 2047 5616 enim,

399 5611 730 5686 pro,__I_Iunc,
762 5616 930 5686 enim,
965 5611 1022 5669 id
1055 5611 1162 5685 est,
1197 5614 1487 5686 Christum.

471 5683 494 5718 ³
522 5681 665 5741 Vide
695 5681 825 5758 qua:
855 5685 962 5745 hoc
991 5687 1060 5744 de
1105 5681 1342 5746 nomine
1389 5687 1766 5747 observamus
1807 5688 1914 5748 col.
1946 5690 2051 5752 629

2162 4649 2299 4688 cens
2323 4649 2336 4687 :
2362 4632 2577 4703 Spiritu
2605 4635 2987 4703 fornicationis
3008 4637 3160 4693 θη
3183 4637 3390 4692 seducti
3408 4639 3533 4692 sunt
3555 4638 3708 4709 (Osee
3731 4653 3808 4708 1v,

2164 4722 2273 4790 12).
2292 4719 2438 4776 Nam
2459 4725 2516 4775 et
2537 4721 2784 4776 barbara
2806 4722 3069 4794 quaedam
3096 4723 3336 4778 nomina
3354 4739 3556 4778 eorum
3581 4739 3708 4778 esse
3729 4723 3812 4778 di-

2163 4814 2396 4881 cuntur,
2429 4815 2495 4865 ut
2523 4825 2674 4882 saepe
2705 4811 2955 4866 confessi
2993 4817 3135 4867 sunt
3170 4811 3228 4865 hi
3261 4828 3410 4883 quos
3438 4828 3570 4867 vere
3599 4811 3810 4884 vulgus

2164 4899 2460 4956 maleficos
2489 4905 2674 4968 vocat,
2709 4907 2767 4955 et
2806 4899 3253 4968 incantationes,
3287 4907 3344 4956 et
3375 4917 3594 4972 preces,
3629 4907 3685 4956 et
3714 4918 3808 4956 co-
3889 4963 3893 4968 ἱ

2162 4987 2312 5044 lores
2361 4989 2524 5058 varii,
2557 4994 2613 5044 et
2659 4989 2889 5044 diversa
2918 4989 3005 5044 vel
3055 4988 3424 5045 metallorum
3456 5007 3690 5062 genera,
3719 4990 3808 5046 vel

2162 5077 2449 5146 ciboruni',
2483 5079 2554 5133 ad
2605 5095 2731 5149 quae
2782 5078 3028 5134 invocati
3077 5079 3355 5136 assistere
3404 5081 3720 5148 daemones,
3752 5085 3810 5136 et

2163 5165 2422 5221 infelices
2481 5167 2712 5222 animas
2766 5184 2971 5239 capere
3035 5173 3454 5224 memorantur.
3505 5169 3617 5224 Alii
3676 5184 3810 5224 vero

2162 5255 2516 5324 iracundias,
2560 5262 2618 5311 et
2667 5258 2911 5323 furores,
2962 5263 3018 5312 et
3065 5257 3218 5313 bella
3265 5259 3676 5314 committere:
3712 5257 3811 5314 alii

2163 5361 2410 5418 praeesse
2436 5345 2784 5417 inimicitiis,
2808 5352 2865 5401 et
2888 5346 3040 5402 inter
3061 5347 3330 5404 homines
3347 5347 3478 5403 odia
3500 5347 3807 5404 concitare.

2160 5546 2282 5625 not,
2317 5543 2366 5597 ὁ.
2400 5542 2663 5625 Diximus
2713 5547 2771 5598 et
2817 5541 3512 5625 alibi,juxta_{1'l_(ilicam_
3547 5560 3809 5625 pronun-

2159 5615 2459 5674 tiationem
2488 5615 2759 5673 Zabulum
2790 5631 2823 5670 a
2853 5615 3144 5673 veteribus
3175 5615 3289 5674 dici
3325 5634 3426 5693 pro
3458 5615 3710 5679 diabolo.
