4066 6190
176 330 292 392 5'79

1416 324 1482 391 S.
1526 322 1837 392 EUSEBII
1882 320 2329 394 HIERONYMI

3465 320 3581 399 580

175 464 323 530 Quia
349 461 475 519 vult
503 477 661 536 ergo,
698 460 884 530 aiunt,
915 461 1231 534 Apostolus
1275 478 1380 518 nos
1426 462 1629 519 docere
1656 480 1669 519 :
1708 480 1818 520 non
1938 464 2154 536 scripta
2184 468 2324 520 sunt
2369 464 2427 520 in
2454 463 2600 538 lege,
2633 469 2690 521 et
2718 465 2882 529 Jesu,
2912 469 2970 522 et
3005 464 3154 522 libro
3196 466 3493 538 Judicum,
3525 472 3585 526 et

175 570 244 609 ex
272 556 482 607 natura
512 550 791 623 corporis,
816 556 874 607 et
902 551 973 607 de
1005 550 1250 607 materia
1281 550 1474 608 carnis
1507 556 1564 607 et
1592 553 1826 625 sangui-

175 641 289 709 nis,
321 641 442 697 haec
472 640 748 697 vitiorum
797 656 1010 713 genera
1049 641 1361 712 procreari,
1395 642 1496 697 sed
1540 641 1822 697 instinctu

175 731 540 798 daemonum;
592 732 895 802 propterea
946 730 1027 785 ait
1070 745 1084 784 :
1133 733 1252 785 Non
1304 738 1382 785 est
1433 731 1590 786 nobis
1645 732 1821 786 collu-

164 822 326 876 ctatio
369 818 627 875 adversus
669 820 998 890 sanguinem
1038 827 1089 873 et
1134 835 1374 885 comem,
1422 819 1519 874 sed
1565 819 1821 875 adversus

160 911 506 981 principatus
552 912 605 963 et
648 911 967 980 potestates,
1017 911 1074 963 et
1131 907 1375 980 reliqua.
1429 909 1560 964 Ideo
1619 914 1817 965 autem

163 1014 322 1053 nunc
350 1013 552 1053 eorum
576 997 675 1069 qui
709 996 954 1068 magicis
985 995 1250 1052 infelices
1274 995 1499 1052 artibus
1530 998 1813 1067 serviunt,

161 1092 218 1142 et
248 1087 434 1144 facere
459 1087 571 1143 ista
600 1085 1000 1157 perhibentur,
1024 1084 1085 1139 in
1110 1084 1369 1140 medium
1391 1084 1658 1156 exempla
1681 1102 1813 1158 pro-

158 1177 427 1244 tulimus,
457 1180 522 1231 ut
554 1175 939 1231 retundamus
969 1190 1168 1229 eorum
1195 1173 1553 1245 opinionem,
1579 1174 1681 1245 qui
1711 1192 1814 1247 pu-

154 1269 284 1320 tant
302 1264 500 1320 omnia
518 1263 658 1319 vitia
688 1279 815 1319 esse
845 1261 1039 1318 carnis
1066 1266 1123 1317 et
1147 1262 1474 1334 sanguinis,
1500 1268 1557 1317 et
1587 1262 1808 1319 nullam

154 1353 368 1410 habere
394 1353 688 1409 daemones
709 1356 1076 1425 potestatem,
1096 1355 1161 1406 ut
1183 1368 1289 1407 nos
1311 1351 1560 1408 incitent
1590 1353 1660 1407 ad
1686 1369 1812 1425 pec-

153 1441 577 1498 catum.Talem
596 1440 972 1497 luctationem
992 1444 1049 1495 et
1066 1439 1274 1497 Jacob‘
1301 1444 1580 1512 putamus
1604 1440 1806 1511 fuisse,

153 1532 308 1603 quod
343 1530 567 1587 scilicet
587 1546 702 1585 non
735 1530 1051 1585 adversum
1080 1545 1319 1585 carnem
1360 1534 1416 1584 et
1458 1528 1806 1600 sanguinem

152 1621 516 1677 contenderit
537 1619 690 1687 (Gen.
712 1635 888 1686 xxxu,
912 1619 1002 1672 24-
1018 1618 1131 1690 25),
1152 1619 1388 1690 quando
1410 1618 1693 1675 remansit
1722 1635 1809 1674 so-

150 1708 267 1775 lus,
294 1714 351 1764 et
381 1709 718 1764 luctabatur
747 1724 881 1763 cum
914 1723 979 1763 eo
1010 1707 1208 1775 homo,
1243 1708 1529 1779 adjuvans
1561 1724 1720 1778 eum,
1751 1710 1808 1763 et

152 1799 535 1855 corroborans
565 1797 877 1852 adversum
909 1795 1113 1863 alium,
1148 1797 1363 1852 sudore
1412 1797 1595 1852 nimio
1625 1797 1802 1852 dimi-

1931 557 2286 627 Regnorum,
2341 557 2398 609 et
2443 553 2949 627 Paralipomenon,
3001 554 3176 612 altius
3226 556 3582 615 intellexisse

1930 642 2294 715 Apostolum,
2328 648 2385 698 et
2417 643 2722 715 spirituale
2765 643 2984 700 bellum
3030 644 3288 701 sensisse
3335 646 3407 701 de
3452 662 3580 703 car-

1930 748 2057 802 neo,
2090 749 2205 804 quo
2246 737 2576 804 pugnantes
2618 732 2753 788 victi
2795 733 2934 800 sint,
2970 733 3090 789 sive
3137 734 3492 807 superarint,
3522 740 3581 792 et

1930 826 2193 893 satrapas
2225 822 2462 893 quidem
2509 821 2978 895 uniuscujusque
3021 823 3153 891 loci,
3185 840 3576 895 supernarum

1927 909 2110 966 fuisse
2159 910 2374 966 indicia
2403 911 2509 979 [Αἰ.
2537 910 2784 981 judicia]
2818 915 3170 984 potestatum
3208 929 3220 968 :
3254 929 3420 984 reges
3468 930 3576 969 au-

1925 1002 2043 1053 tem
2060 998 2323 1071 gentium
2349 999 2742 1071 singularum,
2766 1000 3055 1073 imagines
3076 1017 3279 1057 eorum
3298 1002 3394 1073 qui
3418 1018 3574 1058 nunc

1925 1091 2176 1143 rectores
2224 1087 2451 1159 mundi,
2497 1088 2992 1160 tenebrarumque
3031 1087 3351 1145 dicuntur:
3386 1090 3572 1147 malos

1921 1192 2054 1231 vero
2085 1175 2355 1231 homines
2405 1176 2741 1248 spirituales
2785 1177 3078 1249 nequitias
3127 1177 3209 1232 in‘
3236 1177 3572 1235 caelestibus

1921 1266 2377 1322 demonstrasse.
2401 1266 2470 1320 Et
2497 1265 2726 1322 videtur
2745 1266 2915 1323 nobis
2943 1266 3258 1339 Apostolus
3288 1266 3418 1324 aliis
3446 1285 3572 1325 ver-

1919 1353 2011 1409 bis
2040 1354 2162 1409 hazc
2193 1354 2384 1410 dicere
2414 1372 2426 1409 :
2455 1353 2499 1409 Ο
2530 1355 2787 1426 Ephesii,
2811 1371 2937 1426 quae
2977 1355 3048 1411 de
3092 1355 3306 1427 praeliis
3339 1357 3570 1414 Israelis

1919 1443 2229 1498 adversum
2254 1443 2521 1498 nationes
2546 1443 3053 1515 Iegitis,videntur
3072 1444 3309 1515 quidem
3332 1461 3567 1501 carnem

1917 1548 2124 1588 sonare
2158 1531 2241 1587 vel
2275 1531 2645 1604 sanguinem,
2678 1532 2839 1588 verbi
2887 1535 3098 1605 gratia,
3143 1533 3567 1606 Egyptiarum,

1914 1621 2330 1689 Idumaeorum,
2362 1620 2854 1688 Ammonitarum,
2885 1621 3292 1678 Moabitarum.
3328 1626 3384 1678 et
3419 1638 3569 1696 gen-

1916 1708 2061 1764 tium
2094 1714 2434 1765 caaterarum
2470 1726 2482 1763 :
2521 1710 2621 1765 sed
2654 1709 2704 1766 si
2734 1727 2865 1767 vere
2894 1709 3093 1766 vultis—
3113 1712 3282 1779 scire,
3320 1727 3566 1784 cognos-

1913 1797 2026 1852 cite
2055 1797 2193 1870 quia
2212 1796 2314 1853 illa
2335 1798 2609 1853 universa
2635 1797 2960 1871 figuraliter
2981 1799 3399 1873 contingebant
3419 1800 3560 1857 illis.

155 1847 533 1855 ---η----η-
567 1847 877 1852 _-.--__-_-
912 1847 1113 1863 μην-Μ,
1149 1847 1359 1852 ηπ--
1412 1847 1589 1852 ππ--
1631 1847 1769 1852 _-_-
1917 1847 2024 1852 μ--
2059 1847 2313 1870 πων-η
2340 1847 2609 1853 __-----_
2635 1847 2946 1871 --ο----ην
2984 1847 3560 1873 ------..ο--....----.-.

151 1891 404 1943 cantem.
436 1887 507 1941 Et
553 1885 732 1941 simul
760 1885 926 1954 vide;
961 1901 1033 1941 ne
1075 1885 1223 1942 forte
1254 1885 1484 1941 ridiculi
1535 1885 1655 1941 sint
1701 1886 1801 1958 qui
1834 1847 1881 1912 B
1912 1885 2140 1958 Scripta
2166 1892 2306 1943 sunt
2326 1891 2523 1943 autem
2553 1892 2792 1959 propter
2810 1904 2938 1957 nos,
2960 1887 3018 1943 in
3044 1905 3191 1960 quos
3214 1889 3359 1944 ﬁnes
3379 1905 3562 1945 saecu-

150 1976 514 2031 arbitrantur
542 1973 602 2030 in
636 1974 812 2029 ritum
860 1973 1236 2045 luctantium,
1269 1978 1395 2030 tota
1423 1974 1600 2030 Jacob
1634 1979 1801 2031 nocte

149 2065 458 2120 lactatum.
492 2063 657 2130 Quid'
693 2063 850 2119 enim
885 2064 1126 2137 grande,
1158 2063 1207 2119 si
1238 2067 1305 2119 ut
1352 2063 1436 2118 illi
1486 2064 1672 2131 aiunt,
1705 2063 1799 2120 lu-

150 2160 317 2211 ctans
346 2158 449 2210 aut
478 2155 788 2225 superarit,
811 2157 913 2208 aut
935 2153 1122 2208 victus
1148 2152 1262 2208 sit?
1293 2154 1402 2209 Sed
1432 2154 1604 2224 juxta
1634 2153 1802 2210 ratio-

148 2244 405 2301 nabilem
437 2248 494 2299 et
523 2243 963 2299 convenientem
990 2242 1331 2314 patriarchae
1362 2241 1798 2314 luotam,talem

146 2333 230 2388 illi
263 2332 732 2389 colluctationem
783 2330 966 2387 fuisse
1016 2332 1371 2386 credendum
1420 2335 1528 2401 est,
1562 2331 1794 2403 qualern

145 2421 205 2476 hi
238 2422 455 2476 habent
483 2420 582 2491 qui
615 2424 852 2491 possent
883 2419 1073 2474 dicere
1105 2435 1118 2472 :
1153 2423 1270 2474 Non
1299 2427 1376 2475 est
1405 2422 1564 2475 nobis
1594 2422 1795 2475 colluc-

144 2512 281 2566 tatio
322 2509 581 2565 adversus
625 2523 850 2563 carnem
895 2516 946 2563 et
994 2509 1343 2577 sanguinem.
1380 2509 1505 2564 Non
1560 2525 1797 2565 necesse

144 2603 234 2655 est
262 2602 450 2653 totum
483 2613 639 2652 nunc
687 2595 798 2653 loci
827 2595 987 2652 illius
1017 2602 1285 2652 excutere
1332 2601 1792 2666 sacramentum,

146 2704 279 2743 cum
311 2688 371 2742 in
421 2703 528 2742 suo
576 2687 723 2742 loco.
756 2684 803 2741 si
852 2685 1068 2751 vixero,
1102 2684 1335 2757 plenius
1383 2685 1793 2742 disserendum

146 2777 241 2832 sit.
276 2776 602 2841 Quaerimus
633 2778 825 2832 autem
858 2773 1117 2845 (Consule
1147 2776 1465 2846 quaestiones
1495 2775 1795 2831 llebraicas

144 2868 206 2920 in
236 2865 501 2933 Genesim)
534 2863 634 2919 ubi
682 2862 743 2918 in
776 2863 962 2919 Veteri
1001 2862 1374 2918 Testamento
1425 2862 1642 2919 Paulus
1672 2863 1792 2919 haec

145 2953 368 3027 legerit,
411 2957 515 3010 aut
560 2969 677 3025 qua
716 2951 1060 3007 auctoritate
1106 2968 1232 3023 quae
1283 2951 1523 3007 minime
1574 2953 1793 3025 scripta

145 3047 303 3111 sunt,
355 3042 687 3115 publicarit.
734 3042 805 3097 Et
860 3040 1207 3112 conjicimus
1262 3057 1330 3096 ex
1390 3041 1477 3097 his
1537 3057 1663 3113 quae
1720 3042 1791 3098 de

145 3132 362 3205 przeliis
391 3136 448 3187 et
486 3130 771 3205 singulari
818 3130 1157 3198 certamine,
1190 3131 1349 3186 verbi
1400 3131 1554 3186 878
1587 3148 1786 3199 causa,

1910 1974 2101 2030 lorum
2157 1977 2541 2032 decurrerunt
2583 1977 2628 2048 (Ι
2660 1975 2781 2032 Cor.
2813 1993 2870 2043 x,
2911 1977 2995 2049 ιι),
3048 1981 3113 2033 ut
3162 1976 3562 2051 intelligamus

1911 2079 1979 2118 cx
2004 2062 2140 2135 illis,
2176 2081 2290 2121 non
2335 2081 2463 2121 esse
2494 2064 2664 2120 nobis
2694 2082 2954 2139 pugnam
2985 2066 3296 2123 adversum
3325 2084 3563 2125 carnem

1909 2156 1965 2206 et
2014 2152 2384 2226 sanguinem,
2418 2154 2519 2210 sed
2561 2154 2840 2211 adversus
2886 2154 3223 2227 spirituales
3270 2158 3561 2230 quasdam

1911 2246 1967 2296 et
1998 2241 2320 2298 invisibiles
2368 2246 2708 2316 potestates,
2742 2245 3024 2300 adversus
3072 2250 3324 2303 rectores
3354 2264 3558 2304 earum

1906 2331 2308 2400 tenebrarum,
2330 2348 2457 2403 quae
2478 2331 2616 2387 huic
2645 2333 2867 2389 mundo
2893 2333 3200 2403 incubant,
3217 2339 3273 2389 et
3303 2350 3558 2407 errorem

1906 2417 2248 2475 hominibus
2294 2421 2724 2478 incredulitatis
2772 2422 3096 2490 offendunt,
3143 2429 3200 2479 et
3245 2425 3556 2481 adversum

1906 2508 2236 2579 spiritualia
2267 2509 2557 2581 nequitia,
2590 2526 2719 2581 quis
2761 2509 3032 2567 habitant
3060 2512 3122 2566 in
3169 2511 3507 2569 caelestibus
3540 2531 3553 2571 :

1906 2614 2021 2653 non
2053 2614 2167 2669 quo
2192 2599 2483 2654 daemones
2515 2598 2574 2653 in
2604 2599 2939 2656 cmlestibus
2971 2606 3426 2670 commorentur,
3451 2603 3555 2659 sed

1905 2701 2019 2757 quo
2051 2703 2231 2759 supra
2261 2704 2368 2742 nos
2411 2704 2526 2756 aer,
2561 2687 2670 2743 hoc
2714 2705 2928 2745 nomen
2959 2690 3265 2762 acceperit.
3304 2689 3467 2747 Unde
3498 2696 3555 2749 et

1904 2790 2036 2831 aves
2076 2792 2201 2847 quae
2245 2775 2489 2831 volitant
2537 2793 2640 2848 per
2687 2794 2902 2849 aerem,
2935 2778 3197 2835 volucres
3249 2779 3376 2836 coeli
3425 2795 3552 2838 esse

1902 2863 2198 2920 dicuntur.
2233 2865 2380 2920 Nam
2413 2870 2470 2920 et
2497 2864 2557 2919 in
2590 2865 2703 2921 alio
2738 2865 2863 2923 loco
2894 2868 2966 2923 de
2996 2868 3364 2926 daemonibus
3392 2870 3548 2941 quod

1902 2954 1962 3008 in
1995 2970 2126 3010 aere
2156 2954 2270 3009 isto
2313 2963 2616 3027 vagentur,
2648 2955 2961 3028 Apostolus
2992 2957 3074 3013 ait
3099 2959 3161 3013 In
3190 2958 3386 3030 quibus
3427 2976 3551 3015 am-

1902 3044 2133 3099 bulastis
2161 3043 2459 3114 aliquando
2495 3045 2663 3115 juxta
2702 3045 2964 3101 meatum
3010 3046 3208 3101 mundi
3250 3048 3430 3117 istius,
3463 3064 3547 3103 se-

1899 3132 2137 3188 cundum
2162 3134 2317 3188 674
2342 3134 2649 3204 principem
2673 3135 2949 3205 potestatis
2978 3136 3123 3190 aeris
3163 3137 3415 3207 spiritus,
3450 3138 3552 3208 qui

145 3220 323 3277 David
369 3221 679 3276 adversum
712 3215 938 3276 Goliam
988 3221 1035 3292 (Ι
1062 3222 1187 3291 Reg.
1219 3237 1357 3288 xvn,
1388 3220 1499 3291 49),
1532 3224 1589 3275 et
1636 3218 1789 3276 filio-
1821 3215 1863 3282 C
1901 3238 2049 3277 nunc
2103 3226 2363 3294 operatur
2416 3224 2473 3276 in
2537 3223 2682 3293 ﬁlios
2736 3223 3064 3294 difﬁdentiae
3122 3225 3338 3298 (Ephes.
3374 3242 3435 3296 ιι,
3468 3228 3545 3295 2).

143 3327 274 3366 rum
312 3308 487 3365 Israel
535 3313 737 3365 contra
782 3308 1159 3381 alienigenas,
1193 3314 1250 3364 et
1296 3314 1532 3365 caeteras
1562 3313 1787 3381 gentes,

215 3452 231 3485 ί
263 3453 407 3507 Cave
451 3466 524 3506 ne
571 3466 640 3504 ex
689 3450 797 3505 hoc
856 3448 979 3504 loco
1042 3465 1271 3505 asseras
1319 3466 1455 3505 cum
1514 3450 1786 3521 imperito

142 3521 677 3594 scriptorenupero
726 3520 1142 3594 Hieronymum
1181 3522 1438 3594 sensisse
1467 3520 1647 3594 Jaco’b
1697 3524 1784 3576 lu-

141 3592 364 3648 ctatum
418 3592 600 3647 fuisse
655 3608 789 3646 cum
844 3592 1126 3662 dmmone,
1169 3598 1226 3647 et
1272 3593 1397 3647 vide
1448 3593 1785 3659 anstiones

139 3664 432 3735 Hebraicas
460 3663 521 3717 in
553 3662 960 3730 Genesim,ubi
992 3668 1063 3718 de
1087 3664 1405 3719 luctatione
1434 3664 1533 3719 illa
1557 3663 1785 3735 plenius

140 3734 419 3790 disseruit
445 3738 687 3789 sanctus
722 3739 947 3789 Doctor.
982 3735 1168 3792 MART.
1191 3765 1260 3775 —-
1289 3739 1502 3790 Auctor
1529 3734 1617 3791 est
1648 3736 1784 3791 Pro-

138 3805 343 3876 copius
365 3806 436 3861 ad
462 3805 878 3878 huncGenesis
900 3804 1113 3874 locum,
1135 3822 1483 3878 persuasum
1506 3806 1785 3864 habuisse

139 3875 361 3934 veteres
410 3875 745 3943 nonnullos,
786 3875 1478 3949 ﬁdasmonem'exstitisse,
1527 3879 1625 3949 qui
1674 3880 1784 3934 sub

137 3950 289 4004 Esau
321 3950 510 4021 ﬁgura
556 3964 622 4021 ac
670 3948 874 4020 spoliis
922 3948 1313 4021 cumrJacobo
1359 3948 1641 4021 luctatus,
1672 3955 1780 4005 est.

139 4021 322 4093 Quam
370 4020 727 4093 sententiam
759 4036 897 4093 cum
924 4036 992 4075 ex
1023 4020 1366 4093 Hieronymo
1414 4020 1648 4092 probari
1692 4022 1785 4076 hic

139 4091 249 4147 loci
284 4108 544 4165 nuperos
576 4092 771 4147 nescio
786 4090 935 4218 Iauis
979 4090 1250 4163 scriptor'
1271 4090 1638 4158 existimarit,
1672 4094 1782 4148 im-

140 4164 363 4218 peritiae
393 4170 705 4218 accusatur
733 4180 765 4217 a
845 4161 1137 4218 artianzeo.
1164 4164 1235 4218 ab
1261 4180 1447 4218 eoaue
1476 4163 1610 4218 plus
1642 4165 1782 4218 satis

138 4161 705 4235 peritiaa'accusatur
733 4180 765 4217 a
786 4161 1137 4235 Martianaao,
1164 4164 1235 4219 ab
1261 4180 1447 4235 eoque
1476 4163 1610 4234 plus
1642 4165 1784 4220 satis

137 4234 401 4306 vapulat;
425 4235 799 4308 Etutamenisi
829 4235 1001 4308 modo
1043 4234 1377 4308 Hieronymi
1407 4235 1787 4308 expendenda

139 4305 308 4360 mens
337 4314 446 4375 est,
478 4305 645 4360 illum
685 4306 860 4361 alium
888 4306 1080 4361 sudare
1109 4305 1283 4361 nimio
1313 4305 1666 4362 dimicantem
1696 4313 1783 4363 to-

136 4381 236 4431 tus
267 4381 570 4450 contextus
602 4378 770 4450 quasi
811 4378 1133 4434 daemonem
1180 4383 1571 4450 repraesentat,
1606 4395 1784 4450 quem

139 4447 534 4522 contra/mmo
564 4447 830 4522 adjuvans
866 4465 991 4522 eum
1037 4452 1096 4522 et,
1135 4447 1506 4517 corroborans,
1528 4447 1785 4522 angelus

137 4519 664 4593 ex‘tot_o_orationis
694 4536 872 4593 sensu
916 4520 1281 4593 intelligitur,
1315 4522 1415 4592 qui
1459 4519 1658 4577 tulerit
1685 4522 1782 4577 Ja-

137 4591 281 4647 cobo
311 4590 599 4647 laboranti
633 4591 955 4662 suppetias.
982 4585 1408 4654 Quinetiam-si
1440 4609 1507 4647 ex
1539 4592 1785 4648 aliorum
1817 4585 1863 4651 D

138 4662 442 4735 sententiis
473 4664 733 4735 putanda
765 4679 855 4735 res
887 4663 982 4728 sit,
1010 4664 1272 4735 proxime
1303 4664 1373 4718 ad
1406 4680 1532 4719 eam
1564 4665 1787 4735 exposi-

136 4734 354 4807 tionem
385 4733 965 4807 ple'riqueiaccedunt
984 4759 997 4800 ;
1014 4733 1082 4789 'et
1111 4751 1243 4789 cum
1262 4733 1780 4807 rprimiszabbini,

136 4806 227 4878 qui
257 4803 531 4878 angelum
555 4803 875 4878 ipsiusmet
900 4807 1051 4861 Esau
1084 4803 1461 4878 cumJacobo
1496 4806 1782 4878 luctatum

136 4876 318 4932 fuisse
344 4876 552 4952 dicunt
582 4876 605 4931 ε’
632 4882 692 4952 et
717 4876 1017 4952 Origenes,
1047 4877 1151 4952 qui
1180 4877 1282 4952 lib.
1316 4895 1380 4932 ιιι
1410 4876 1533 4950 περί
1565 4878 1780 4952 Ἀρχῶν

138 4965 272 5003 cum
333 4948 536 5020 angelo
595 4947 838 5022 quidem
903 4947 1187 5022 Jacobum
1241 4947 1525 5004 luctatum
1557 5021 1561 5022 ί
1594 4947 1779 5022 putat,

138 5034 313 5091 quem
344 5024 706 5092 tamennon
755 5021 1153 5092 adversarium
1204 5026 1475 5092 expertus
1519 5021 1625 5089 sit;
1680 5022 1781 5077 sed

138 5091 462 5147 econtrario
501 5091 827 5162 adjutorem
872 5091 1145 5148 habuerit
1188 5091 1390 5147 contra
1434 5093 1783 5161 daemonem,

138 5179 176 5290 ἓ
201 5178 338 5289 qluot
365 5163 689 5235 petebatur.
722 5163 869 5219 Huic
902 5164 1163 5235 pressius
1193 5165 1493 5220 sententiae
1541 5165 1785 5222 inhaeret

184 5277 196 5288 .
279 5251 310 5288 a
341 5250 421 5289 er.

184 5277 196 5288 .
232 5238 421 5289 Pater.

212 5307 233 5339 ²
260 5304 552 5379 Victorius
579 5305 678 5379 ait,
702 5305 897 5379 vagari
921 5307 1215 5363 daemones
1246 5323 1349 5379 per
1378 5307 1536 5363 hunc
1566 5324 1784 5376 aerem,

139 5376 570 5451 adtentandos
618 5376 905 5451 homines,
953 5395 1131 5451 supra
1178 5376 1410 5451 quoque
1457 5395 1584 5451 cap.
1619 5396 1660 5434 Π
1691 5380 1783 5434 his

136 5448 326 5522 verbis
371 5449 586 5504 clarius
631 5450 817 5522 aperit
849 5465 875 5522 :_
900 5471 939 5522 ‹‹Δ
960 5448 1233 5522 Princeps
1264 5448 1480 5522 quippe
1528 5448 1786 5522 aeriset

138 5521 380 5593 spiritus
421 5520 746 5593 potestatis,
780 5520 879 5591 qui
927 5519 985 5574 in
1036 5519 1191 5593 aerei
1214 5519 1327 5576 isto
1356 5519 1484 5593 est,
1518 5521 1785 5577 diabolus

137 5591 484 5664 intelligitur
515 5608 528 5647 :
563 5591 663 5664 qui
693 5608 854 5664 pune
884 5597 1158 5664 operatur
1180 5592 1239 5647 in
1263 5591 1400 5649 ﬁliis
1422 5594 1780 5648 difﬁdentia}.

138 5662 201 5721 In
235 5662 535 5738 his—enim,
559 5662 659 5738 qui
690 5662 940 5738 Domino
953 5664 1250 5738 credunt,
1281 5680 1396 5721 non
1427 5669 1617 5738 potest
1647 5681 1784 5736 Ope-

135 5734 273 5798 rari.
298 5756 329 5789 »
357 5735 438 5795 De
468 5733 595 5809 quo'
632 5737 691 5796 et
730 5734 885 5796 intra
913 5733 995 5795 ait
1025 5752 1039 5797 :
1065 5758 1095 5790 «
1125 5736 1243 5797 Non
1267 5739 1351 5801 est
1394 5733 1548 5797 nobis
1590 5733 1787 5813 pugna

1898 3311 2025 3367 Haec
2062 3316 2258 3367 autem
2290 3313 2553 3367 omnium
2605 3312 2908 3368 doctorum
2959 3312 3155 3385 opinio
3203 3319 3294 3371 est
3312 3316 3355 3383 ³,
3389 3316 3544 3387 quod

1895 3455 2154 3509 adversus
2201 3468 2419 3509 carnem
2447 3456 2495 3509 et
2536 3456 2901 3528 sanguinem;
2940 3457 3034 3511 sed
3071 3456 3334 3513 adversus
3374 3459 3539 3528 prin-

1893 3528 2105 3606 cipatus
2153 3529 2204 3579 et
2245 3528 2562 3606 potestates,
2598 3527 2861 3606 adversus
2907 3532 3147 3606 uectores
3191 3527 3541 3606 tenebrarum

1894 3599 2155 3670 istarum,
2185 3598 2440 3670 adversus
2468 3598 2795 3670 ’spirituaiia
2824 3598 3091 3670 nequitiac
3120 3602 3175 3654 in
3208 3600 3536 3657 caelestibus.

1895 3668 2019 3753 lflon
2050 3684 2167 3753 quo
2201 3666 2476 3753 diabolus.
2500 3666 2556 3724 et
2595 3668 2877 3753 satellites
2906 3666 3335 3753 'ejushqui-per
3365 3689 3535 3753 mun-

1892 3740 2034 3820 dum
2065 3740 2244 3820 istum
2272 3744 2547 3820 vagantes
2579 3746 2816 3820 peccata
2843 3740 3182 3820 hominibus
3212 3740 3534 3820 insinuant.

1891 3810 1949 3866 in
1984 3809 2126 3865 coelo
2156 3809 2371 3866 versari

2446 3813 2764 3884 ueaotzide
2793 3829 2908 3884 quo
2935 3814 3008 3868 ob
3040 3830 3148 3869 sua
3177 3815 3389 3870 merita
3415 3831 3543 3871 cor-

1893 3886 2175 3958 ruerunt:
2203 3882 2303 3958 sed
2332 3882 2542 3958 coelum
2575 3883 2790 3958 dicitur
2811 3882 2917 3958 aer
2947 3885 3076 3958 iste,
3104 3886 3416 3958 quiisupra
3437 3903 3545 3941 nos

1893 3958 1999 4019 est,
2024 3954 2196 4024 juxta
2241 3953 2388 4008 illud
2436 3953 2750 4011 Salvatoris
2799 3953 3144 4026 eloquium}
3195 3953 3547 4015 Coniiderate

1892 4026 2138 4080 volatilia
2166 4026 2309 4091 cceti,
2341 4033 2394 4079 ct
2418 4028 2633 4081 caetera.
2657 4049 2684 4075 ››
2708 4027 2986 4092 Quamvis
3017 4033 3212 4084 autem
3247 4030 3545 4085 daemones

1893 4095 2194 4175 aliqui,_ex
2224 4097 2474 4175 inferno.
2503 4097 2577 4175 ad
2611 4098 2934 4175 tentandos
2984 4098 3254 4175 homines
3298 4101 3543 4175 egressi,

1891 4173 2199 4245 versentur
2226 4169 2284 4231 in
2306 4184 2437 4245 aere
2451 4168 2581 4245 _(qu_i
2604 4170 2951 4245 tenebrosus
2977 4176 3033 4226 et
3055 4171 3302 4245 caligine
3334 4168 3545 4244 plenus

1893 4241 1965 4294 ad
1998 4239 2104 4294 hoc
2154 4239 2348 4310 ipsum
2380 4239 2814 4309 illis'debetur),
2840 4240 3058 4296 habent
3087 4239 3283 4298 tamen
3316 4239 3545 4310 secum,

1893 4326 2243 4386 quocunque
2270 4311 2647 4386 perreiierint,
2668 4311 2878 4367 inferni
2903 4329 3101 4386 poenas
3126 4330 3139 4369 :
3166 4315 3385 4386 quippe
3408 4331 3544 4370 cum

1893 4382 2166 4455 infernus
2190 4381 2262 4436 ob
2286 4398 2403 4455 sua
2433 4382 2716 4455 demerita
2752 4381 3025 4455 proprius
3055 4381 3256 4441 eorum
3275 4381 3451 4441 locus
3484 4391 3544 4441 et

1893 4469 2089 4527 carcer
2121 4453 2198 4507 sit
2232 4470 2243 4508 :
2279 4452 2441 4508 Sicut
2470 4459 2527 4508 et
2554 4454 2725 4527 bonis
2753 4452 2987 4527 angelis
3027 4473 3141 4512 non
3192 4457 3547 4512 diminuitur

1894 4524 2099 4596 gloria,
2133 4530 2438 4595 propterea
2465 4525 2623 4596 quod
2655 4527 2713 4581 in
2744 4524 3137 4583 ministerium
3169 4534 3228 4583 et
3256 4528 3542 4584 auxilium

1894 4594 1927 4671 ἑ
1955 4594 2096 4671 coelo
2128 4594 2199 4650 ad
2232 4594 2339 4651 nos
2374 4594 2684 4671 mittantur
2716 4613 2731 4652 :
2764 4596 3057 4669 siquidem
3090 4600 3373 4671 scriptum
3404 4604 3495 4655 est
3526 4616 3541 4655 :

1892 4665 2333 4754 Angelieoruni'
2354 4684 2563 4754 semper
2591 4667 2776 4723 vident
2802 4665 3003 4754 [aciem
3047 4665 3239 4754 Patris
3283 4673 3413 4754 piei,
3447 4673 3545 4754 qui

1891 4740 1953 4813 in,
1983 4737 2139 4813 atatis
2163 4742 2402 4813 estiijoc
2433 4737 2627 4813 autem
2677 4737 2899 4795 eveniet
2940 4757 3129 4813 usque
3160 4743 3231 4797 ad
3264 4742 3418 4798 diem
3437 4737 3543 4813 ju-

1892 4809 2049 4886 dicii.
2085 4810 2220 4886 Post
2250 4809 2392 4865 illud
2426 4811 2582 4865 enim
2614 4809 3166 4886 tempustamboni
3198 4813 3389 4886 angeli
3419 4809 3541 4869 6m-

1892 4898 1996 4937 nes
2026 4884 2085 4936 in
2117 4881 2280 4948 coelo,
2304 4898 2483 4957 quam
2513 4882 2718 4957 cuncti
2738 4881 2875 4938 mali
2912 4884 2970 4938 in
3000 4884 3225 4957 inferno
3256 4881 3313 4940 in
3342 4901 3541 4957 perpe-

1892 4959 2063 5027 tuum
2093 4958 2282 5008 erunt.
2317 4952 2385 5008 Et
2432 4952 2542 5027 hoc
2588 4954 2759 5027 modo
2802 4956 3182 5027 exponendus
3228 4959 3319 5013 est
3344 4952 3537 5012 'divus

1894 5024 2299 5097 Hieronymus,
2324 5026 2557 5107 quando
2585 5023 2721 5079 alibi
2754 5023 3301 5107 sphjudiciidiem,
3320 5028 3534 5107 desino;

1894 5113 1997 5152 nes
2027 5096 2119 5177 ea
2145 5111 2275 5151 aere
2439 5096 2732 5179 infernum
2764 5096 2858 5168 (ad
2890 5096 3258 5179 perpetuam
3290 5096 3539 5179 scilicet

1894 5167 2282 5232 mansionem,
2318 5168 2711 5223 detrudendos
2747 5167 2958 5225 asserit
2991 5167 3191 5226 {sicut
3230 5171 3537 5227 verissime

1893 5238 2346 5314 doctissimeque
2378 5240 2481 5314 hoc
2510 5238 2701 5314 ipsum
2742 5239 2800 5294 in
2834 5244 3155 5314 Augustino
3188 5243 3537 5314 interpretas

1858 5312 1870 5321 ”
1892 5316 1990 5365 tur
2020 5309 2316 5365 catholicae
2347 5309 2605 5366 veritatis
2636 5309 3001 5379 assertorfet
3042 5309 3377 5370 orthodoxae
3409 5313 3547 5369 fidei

1893 5380 2213 5438 acerrimus
2274 5387 2671 5453 pr0pugnator
2726 5383 2893 5438 divus
2942 5384 3198 5441 Thomas
3246 5386 3306 5440 in
3353 5385 3547 5453 prima

1896 5459 2057 5525 parte
2086 5454 2347 5525 Summe,
2372 5471 2426 5525 q.
2451 5456 2541 5520 6's,
2568 5459 2678 5508 art.
2704 5455 2755 5519 4,
2780 5459 2836 5510 et
2876 5454 3011 5510 alibi
3051 5456 3255 5513 multis
3276 5456 3333 5511 in
3354 5454 3501 5512 locis
3526 5474 3541 5512 :

1895 5524 2105 5607 praeter
2136 5524 2290 5607 quod
2324 5524 2620 5597 receptum
2666 5542 2843 5597 penes
2884 5526 3186 5609 theologos
3216 5533 3325 5594 est,
3352 5544 3544 5600 usque

1895 5597 1965 5652 ad
1997 5596 2162 5651 illum
2193 5597 2370 5656 diem.
2405 5613 2849 5656 menumquam
2872 5599 3286 5656 accidentalem
3310 5603 3538 5656 vocant.

1894 5613 1965 5652 ao
1997 5613 2162 5651 nium
2193 5613 2370 5665 atem,
2404 5613 2849 5669 poenam,quam
2872 5613 3286 5656 accidentalem
3310 5613 3538 5667 vocant,

1894 5669 1966 5725 ob
1997 5668 2173 5750 mala,
2205 5668 2626 5750 quaequoiidie
2669 5673 3003 5750 Operantur,
3034 5672 3534 5750 daamonibusau-

1893 5739 2054 5816 geri:
2083 5746 2149 5797 ut
2179 5738 2323 5798 satis
2352 5738 2461 5798 hoc
2490 5740 2685 5815 ipsum
2706 5738 2996 5800 constare
3012 5747 3205 5819 potest
3232 5759 3300 5802 ex
3329 5741 3535 5803 eodem

4063 5322 4066 5519 Ι
