  <div class='ocr_page' id='page_1' title='image "/cluster/home/n/w/nwhite01/storage/ocr_20150623/26/hvd.32044052772472/302.png"; bbox 0 0 4066 6190; ppageno 0'>
   <div class='ocr_carea' id='block_1_1' title="bbox 362 299 475 363">
    <p class='ocr_par' dir='ltr' id='par_1_1' title="bbox 362 299 475 363">
     <span class='ocr_line' id='line_1_1' title="bbox 362 299 475 363; baseline -0.035 0"><span class='ocrx_word' id='word_1_1' title='bbox 362 299 475 363; x_wconf 69' lang='grc'><strong>581</strong></span> 
     </span>
    </p>
   </div>
   <div class='ocr_carea' id='block_1_2' title="bbox 1010 294 3136 373">
    <p class='ocr_par' dir='ltr' id='par_1_2' title="bbox 1010 294 3136 373">
     <span class='ocr_line' id='line_1_2' title="bbox 1010 294 3136 373; baseline 0.002 -13"><span class='ocrx_word' id='word_1_2' title='bbox 1010 297 1522 360; x_wconf 75' lang='lat' dir='ltr'><strong>COMMENTAB.</strong></span> <span class='ocrx_word' id='word_1_3' title='bbox 1570 296 1649 357; x_wconf 88' lang='lat' dir='ltr'><strong>IN</strong></span> <span class='ocrx_word' id='word_1_4' title='bbox 1695 296 1940 359; x_wconf 85' lang='lat' dir='ltr'><strong>EPIST.</strong></span> <span class='ocrx_word' id='word_1_5' title='bbox 1988 298 2093 357; x_wconf 85' lang='lat' dir='ltr'><strong>AD</strong></span> <span class='ocrx_word' id='word_1_6' title='bbox 2139 297 2415 359; x_wconf 85' lang='lat' dir='ltr'><strong>EPHES.</strong></span> <span class='ocrx_word' id='word_1_7' title='bbox 2460 294 2610 360; x_wconf 92' lang='lat' dir='ltr'><strong>LlB.</strong></span> <span class='ocrx_word' id='word_1_8' title='bbox 2655 300 2762 373; x_wconf 86' lang='lat' dir='ltr'><strong>IIl,</strong></span> <span class='ocrx_word' id='word_1_9' title='bbox 2814 302 2987 363; x_wconf 84' lang='lat' dir='ltr'><strong>CAP.</strong></span> <span class='ocrx_word' id='word_1_10' title='bbox 3033 302 3136 365; x_wconf 84' lang='lat' dir='ltr'><strong>Vl.</strong></span> 
     </span>
    </p>
   </div>
   <div class='ocr_carea' id='block_1_3' title="bbox 3661 308 3779 370">
    <p class='ocr_par' dir='ltr' id='par_1_3' title="bbox 3661 308 3779 370">
     <span class='ocr_line' id='line_1_3' title="bbox 3661 308 3779 370; baseline 0.017 -2"><span class='ocrx_word' id='word_1_11' title='bbox 3661 308 3779 370; x_wconf 79' lang='lat'><strong>582</strong></span> 
     </span>
    </p>
   </div>
   <div class='ocr_carea' id='block_1_4' title="bbox 364 429 3773 513">
    <p class='ocr_par' dir='ltr' id='par_1_4' title="bbox 364 429 3773 513">
     <span class='ocr_line' id='line_1_4' title="bbox 364 429 3773 513; baseline 0.002 -22"><span class='ocrx_word' id='word_1_12' title='bbox 364 450 464 491; x_wconf 88' lang='lat' dir='ltr'><strong>aer</strong></span> <span class='ocrx_word' id='word_1_13' title='bbox 490 433 602 490; x_wconf 87' lang='lat' dir='ltr'><strong>iste</strong></span> <span class='ocrx_word' id='word_1_14' title='bbox 644 431 743 506; x_wconf 85' lang='lat' dir='ltr'><strong>qui</strong></span> <span class='ocrx_word' id='word_1_15' title='bbox 794 430 1003 488; x_wconf 83' lang='lat' dir='ltr'><strong>ccslum</strong></span> <span class='ocrx_word' id='word_1_16' title='bbox 1056 435 1114 488; x_wconf 91' lang='lat' dir='ltr'><strong>et</strong></span> <span class='ocrx_word' id='word_1_17' title='bbox 1160 435 1377 488; x_wconf 90' lang='lat' dir='ltr'><strong>terram</strong></span> <span class='ocrx_word' id='word_1_18' title='bbox 1444 430 1678 486; x_wconf 89' lang='lat' dir='ltr'><strong>medius</strong></span> <span class='ocrx_word' id='word_1_19' title='bbox 1727 429 2012 501; x_wconf 86' lang='lat' dir='ltr'><strong>dividens,</strong></span> <span class='ocrx_word' id='word_1_20' title='bbox 2043 432 2099 498; x_wconf 84' lang='grc' dir='ltr'><strong>Α</strong></span> <span class='ocrx_word' id='word_1_21' title='bbox 2130 430 2398 487; x_wconf 70' lang='lat' dir='ltr'><strong>obcaecet.</strong></span> <span class='ocrx_word' id='word_1_22' title='bbox 2454 431 2723 488; x_wconf 86' lang='lat' dir='ltr'><strong>Sciamus</strong></span> <span class='ocrx_word' id='word_1_23' title='bbox 2772 438 2967 491; x_wconf 88' lang='lat' dir='ltr'><strong>autem</strong></span> <span class='ocrx_word' id='word_1_24' title='bbox 3014 438 3192 507; x_wconf 90' lang='lat' dir='ltr'><strong>quod,</strong></span> <span class='ocrx_word' id='word_1_25' title='bbox 3234 443 3469 513; x_wconf 89' lang='lat' dir='ltr'><strong>excepto</strong></span> <span class='ocrx_word' id='word_1_26' title='bbox 3500 443 3773 513; x_wconf 64' lang='lat' dir='ltr'><strong>praesenti</strong></span> 
     </span>
    </p>
   </div>
   <div class='ocr_carea' id='block_1_5' title="bbox 364 518 2015 599">
    <p class='ocr_par' dir='ltr' id='par_1_5' title="bbox 364 518 2015 599">
     <span class='ocr_line' id='line_1_5' title="bbox 364 518 2015 599; baseline -0.004 -20"><span class='ocrx_word' id='word_1_27' title='bbox 364 524 542 579; x_wconf 87' lang='lat' dir='ltr'><strong>inane</strong></span> <span class='ocrx_word' id='word_1_28' title='bbox 584 522 933 595; x_wconf 78' lang='lat' dir='ltr'><strong>appellatur,</strong></span> <span class='ocrx_word' id='word_1_29' title='bbox 985 519 1194 593; x_wconf 89' lang='lat' dir='ltr'><strong>plenus</strong></span> <span class='ocrx_word' id='word_1_30' title='bbox 1244 520 1320 576; x_wconf 91' lang='lat' dir='ltr'><strong>sit</strong></span> <span class='ocrx_word' id='word_1_31' title='bbox 1361 518 1669 599; x_wconf 84' lang='lat' dir='ltr'><strong>contrariis</strong></span> <span class='ocrx_word' id='word_1_32' title='bbox 1724 518 2015 574; x_wconf 85' lang='lat' dir='ltr'><strong>fortitudi-</strong></span> 
     </span>
    </p>
   </div>
   <div class='ocr_carea' id='block_1_6' title="bbox 368 608 2017 681">
    <p class='ocr_par' dir='ltr' id='par_1_6' title="bbox 368 608 2017 681">
     <span class='ocr_line' id='line_1_6' title="bbox 368 608 2017 681; baseline -0.004 -12"><span class='ocrx_word' id='word_1_33' title='bbox 368 612 566 669; x_wconf 89' lang='lat' dir='ltr'><strong>nibus.</strong></span> <span class='ocrx_word' id='word_1_34' title='bbox 599 612 739 668; x_wconf 90' lang='lat' dir='ltr'><strong>Post</strong></span> <span class='ocrx_word' id='word_1_35' title='bbox 768 611 889 666; x_wconf 82' lang='lat' dir='ltr'><strong>haec</strong></span> <span class='ocrx_word' id='word_1_36' title='bbox 938 608 1393 680; x_wconf 82' lang='lat' dir='ltr'><strong>retractandum,</strong></span> <span class='ocrx_word' id='word_1_37' title='bbox 1427 626 1461 664; x_wconf 90' lang='lat' dir='ltr'><strong>a</strong></span> <span class='ocrx_word' id='word_1_38' title='bbox 1505 626 1621 681; x_wconf 92' lang='lat' dir='ltr'><strong>quo</strong></span> <span class='ocrx_word' id='word_1_39' title='bbox 1652 608 2017 680; x_wconf 81' lang='lat' dir='ltr'><strong>principatus</strong></span> 
     </span>
    </p>
   </div>
   <div class='ocr_carea' id='block_1_7' title="bbox 372 697 2019 775">
    <p class='ocr_par' dir='ltr' id='par_1_7' title="bbox 372 697 2019 775">
     <span class='ocr_line' id='line_1_7' title="bbox 372 697 2019 775; baseline -0.004 -17"><span class='ocrx_word' id='word_1_40' title='bbox 372 707 430 758; x_wconf 88' lang='lat' dir='ltr'><strong>et</strong></span> <span class='ocrx_word' id='word_1_41' title='bbox 479 705 818 775; x_wconf 79' lang='lat' dir='ltr'><strong>potestates,</strong></span> <span class='ocrx_word' id='word_1_42' title='bbox 850 704 907 757; x_wconf 89' lang='lat' dir='ltr'><strong>et</strong></span> <span class='ocrx_word' id='word_1_43' title='bbox 936 702 1188 755; x_wconf 89' lang='lat' dir='ltr'><strong>rectores</strong></span> <span class='ocrx_word' id='word_1_44' title='bbox 1246 698 1621 754; x_wconf 82' lang='lat' dir='ltr'><strong>tenebrarum</strong></span> <span class='ocrx_word' id='word_1_45' title='bbox 1681 697 1908 767; x_wconf 84' lang='lat' dir='ltr'><strong>mundi,</strong></span> <span class='ocrx_word' id='word_1_46' title='bbox 1962 702 2019 752; x_wconf 91' lang='lat' dir='ltr'><strong>et</strong></span> 
     </span>
    </p>
   </div>
   <div class='ocr_carea' id='block_1_8' title="bbox 372 786 2016 864">
    <p class='ocr_par' dir='ltr' id='par_1_8' title="bbox 372 786 2016 864">
     <span class='ocr_line' id='line_1_8' title="bbox 372 786 2016 864; baseline -0.005 -16"><span class='ocrx_word' id='word_1_47' title='bbox 372 789 705 864; x_wconf 90' lang='lat' dir='ltr'><strong>spiritualia</strong></span> <span class='ocrx_word' id='word_1_48' title='bbox 755 788 1030 861; x_wconf 68' lang='lat' dir='ltr'><strong>nequitiae</strong></span> <span class='ocrx_word' id='word_1_49' title='bbox 1091 788 1151 842; x_wconf 89' lang='lat' dir='ltr'><strong>in</strong></span> <span class='ocrx_word' id='word_1_50' title='bbox 1205 786 1560 855; x_wconf 87' lang='lat' dir='ltr'><strong>ccelestibus,</strong></span> <span class='ocrx_word' id='word_1_51' title='bbox 1603 791 1666 842; x_wconf 91' lang='lat' dir='ltr'><strong>ut</strong></span> <span class='ocrx_word' id='word_1_52' title='bbox 1721 786 1829 842; x_wconf 92' lang='lat' dir='ltr'><strong>hoc</strong></span> <span class='ocrx_word' id='word_1_53' title='bbox 1878 786 2016 857; x_wconf 91' lang='lat' dir='ltr'><strong>sint,</strong></span> 
     </span>
    </p>
   </div>
   <div class='ocr_carea' id='block_1_9' title="bbox 371 875 2018 952">
    <p class='ocr_par' dir='ltr' id='par_1_9' title="bbox 371 875 2018 952">
     <span class='ocr_line' id='line_1_9' title="bbox 371 875 2018 952; baseline -0.005 -15"><span class='ocrx_word' id='word_1_54' title='bbox 371 878 701 952; x_wconf 88' lang='lat' dir='ltr'><strong>acceperint</strong></span> <span class='ocrx_word' id='word_1_55' title='bbox 722 881 1088 951; x_wconf 82' lang='lat' dir='ltr'><strong>potestatem.</strong></span> <span class='ocrx_word' id='word_1_56' title='bbox 1122 876 1192 930; x_wconf 88' lang='lat' dir='ltr'><strong>Et</strong></span> <span class='ocrx_word' id='word_1_57' title='bbox 1223 876 1461 947; x_wconf 87' lang='lat' dir='ltr'><strong>quidem</strong></span> <span class='ocrx_word' id='word_1_58' title='bbox 1490 875 1645 930; x_wconf 83' lang='lat' dir='ltr'><strong>dicat</strong></span> <span class='ocrx_word' id='word_1_59' title='bbox 1675 875 1846 943; x_wconf 83' lang='lat' dir='ltr'><strong>alius,</strong></span> <span class='ocrx_word' id='word_1_60' title='bbox 1880 892 2018 948; x_wconf 93' lang='lat' dir='ltr'><strong>apo-</strong></span> 
     </span>
    </p>
   </div>
   <div class='ocr_carea' id='block_1_10' title="bbox 375 963 2020 1033">
    <p class='ocr_par' dir='ltr' id='par_1_10' title="bbox 375 963 2020 1033">
     <span class='ocr_line' id='line_1_10' title="bbox 375 963 2020 1033; baseline -0.005 -7"><span class='ocrx_word' id='word_1_61' title='bbox 375 974 601 1033; x_wconf 57' lang='lat' dir='ltr'><strong>statam,</strong></span> <span class='ocrx_word' id='word_1_62' title='bbox 639 965 941 1024; x_wconf 89' lang='lat' dir='ltr'><strong>diabolum</strong></span> <span class='ocrx_word' id='word_1_63' title='bbox 985 963 1337 1022; x_wconf 83' lang='lat' dir='ltr'><strong>satellitibus</strong></span> <span class='ocrx_word' id='word_1_64' title='bbox 1385 964 1509 1021; x_wconf 89' lang='lat' dir='ltr'><strong>suis</strong></span> <span class='ocrx_word' id='word_1_65' title='bbox 1556 964 1784 1020; x_wconf 87' lang='lat' dir='ltr'><strong>diversa</strong></span> <span class='ocrx_word' id='word_1_66' title='bbox 1831 963 2020 1020; x_wconf 81' lang='lat' dir='ltr'><strong>ofﬁcia</strong></span> 
     </span>
    </p>
   </div>
   <div class='ocr_carea' id='block_1_11' title="bbox 378 1052 2020 1128">
    <p class='ocr_par' dir='ltr' id='par_1_11' title="bbox 378 1052 2020 1128">
     <span class='ocr_line' id='line_1_11' title="bbox 378 1052 2020 1128; baseline -0.005 -13"><span class='ocrx_word' id='word_1_67' title='bbox 378 1057 778 1128; x_wconf 85' lang='lat' dir='ltr'><strong>commisisse,</strong></span> <span class='ocrx_word' id='word_1_68' title='bbox 810 1060 867 1111; x_wconf 90' lang='lat' dir='ltr'><strong>et</strong></span> <span class='ocrx_word' id='word_1_69' title='bbox 922 1072 1039 1111; x_wconf 91' lang='lat' dir='ltr'><strong>non</strong></span> <span class='ocrx_word' id='word_1_70' title='bbox 1106 1069 1235 1110; x_wconf 91' lang='lat' dir='ltr'><strong>esse</strong></span> <span class='ocrx_word' id='word_1_71' title='bbox 1277 1054 1490 1109; x_wconf 90' lang='lat' dir='ltr'><strong>harum</strong></span> <span class='ocrx_word' id='word_1_72' title='bbox 1538 1052 2020 1109; x_wconf 89' lang='lat' dir='ltr'><strong>distributionum</strong></span> 
     </span>
    </p>
   </div>
   <div class='ocr_carea' id='block_1_12' title="bbox 374 1140 2021 1215">
    <p class='ocr_par' dir='ltr' id='par_1_12' title="bbox 374 1140 2021 1215">
     <span class='ocr_line' id='line_1_12' title="bbox 374 1140 2021 1215; baseline -0.003 -12"><span class='ocrx_word' id='word_1_73' title='bbox 374 1151 593 1203; x_wconf 89' lang='lat' dir='ltr'><strong>ctorem</strong></span> <span class='ocrx_word' id='word_1_74' title='bbox 627 1146 834 1201; x_wconf 91' lang='lat' dir='ltr'><strong>Deum.</strong></span> <span class='ocrx_word' id='word_1_75' title='bbox 867 1142 971 1199; x_wconf 91' lang='lat' dir='ltr'><strong>Cui</strong></span> <span class='ocrx_word' id='word_1_76' title='bbox 1013 1146 1203 1215; x_wconf 82' lang='lat' dir='ltr'><strong>potest</strong></span> <span class='ocrx_word' id='word_1_77' title='bbox 1244 1141 1391 1197; x_wconf 91' lang='lat' dir='ltr'><strong>illud</strong></span> <span class='ocrx_word' id='word_1_78' title='bbox 1422 1141 1677 1215; x_wconf 88' lang='lat' dir='ltr'><strong>diligens</strong></span> <span class='ocrx_word' id='word_1_79' title='bbox 1709 1140 1888 1197; x_wconf 81' lang='lat' dir='ltr'><strong>lector</strong></span> <span class='ocrx_word' id='word_1_80' title='bbox 1917 1159 2021 1214; x_wconf 91' lang='lat' dir='ltr'><strong>op-</strong></span> 
     </span>
    </p>
   </div>
   <div class='ocr_carea' id='block_1_13' title="bbox 372 1233 2022 1309">
    <p class='ocr_par' dir='ltr' id='par_1_13' title="bbox 372 1233 2022 1309">
     <span class='ocr_line' id='line_1_13' title="bbox 372 1233 2022 1309; baseline -0.004 -17"><span class='ocrx_word' id='word_1_81' title='bbox 372 1251 607 1309; x_wconf 85' lang='lat' dir='ltr'><strong>ponere,</strong></span> <span class='ocrx_word' id='word_1_82' title='bbox 642 1239 700 1290; x_wconf 88' lang='lat' dir='ltr'><strong>et</strong></span> <span class='ocrx_word' id='word_1_83' title='bbox 728 1233 1022 1307; x_wconf 90' lang='lat' dir='ltr'><strong>quomodo</strong></span> <span class='ocrx_word' id='word_1_84' title='bbox 1071 1233 1356 1304; x_wconf 89' lang='lat' dir='ltr'><strong>scriptum</strong></span> <span class='ocrx_word' id='word_1_85' title='bbox 1406 1235 1497 1288; x_wconf 91' lang='lat' dir='ltr'><strong>est</strong></span> <span class='ocrx_word' id='word_1_86' title='bbox 1529 1249 1541 1287; x_wconf 90' lang='lat'><strong>:</strong></span> <span class='ocrx_word' id='word_1_87' title='bbox 1578 1234 1697 1287; x_wconf 86' lang='lat' dir='ltr'><strong>Non</strong></span> <span class='ocrx_word' id='word_1_88' title='bbox 1749 1239 1829 1286; x_wconf 83' lang='lat' dir='ltr'><strong>est</strong></span> <span class='ocrx_word' id='word_1_89' title='bbox 1874 1234 2022 1287; x_wconf 86' lang='lat' dir='ltr'><strong>enim</strong></span> 
     </span>
    </p>
   </div>
   <div class='ocr_carea' id='block_1_14' title="bbox 367 1320 2022 1397">
    <p class='ocr_par' dir='ltr' id='par_1_14' title="bbox 367 1320 2022 1397">
     <span class='ocr_line' id='line_1_14' title="bbox 367 1320 2022 1397; baseline -0.003 -16"><span class='ocrx_word' id='word_1_90' title='bbox 367 1328 623 1397; x_wconf 84' lang='lat' dir='ltr'><strong>potestas,</strong></span> <span class='ocrx_word' id='word_1_91' title='bbox 679 1324 793 1378; x_wconf 87' lang='lat' dir='ltr'><strong>nisi</strong></span> <span class='ocrx_word' id='word_1_92' title='bbox 846 1340 881 1377; x_wconf 88' lang='lat' dir='ltr'><strong>a</strong></span> <span class='ocrx_word' id='word_1_93' title='bbox 927 1322 1036 1377; x_wconf 85' lang='lat' dir='ltr'><strong>Deo</strong></span> <span class='ocrx_word' id='word_1_94' title='bbox 1096 1322 1269 1392; x_wconf 86' lang='lat' dir='ltr'><strong>(Rom.</strong></span> <span class='ocrx_word' id='word_1_95' title='bbox 1327 1338 1449 1387; x_wconf 85' lang='lat' dir='ltr'><strong>xm,</strong></span> <span class='ocrx_word' id='word_1_96' title='bbox 1508 1320 1615 1393; x_wconf 75' lang='lat'><strong>1)?</strong></span> <span class='ocrx_word' id='word_1_97' title='bbox 1674 1320 1835 1384; x_wconf 90' lang='lat' dir='ltr'><strong>Quod</strong></span> <span class='ocrx_word' id='word_1_98' title='bbox 1870 1320 1918 1375; x_wconf 90' lang='lat' dir='ltr'><strong>si</strong></span> <span class='ocrx_word' id='word_1_99' title='bbox 1951 1321 2022 1376; x_wconf 93' lang='lat' dir='ltr'><strong>de</strong></span> 
     </span>
    </p>
   </div>
   <div class='ocr_carea' id='block_1_15' title="bbox 374 1408 2024 1482">
    <p class='ocr_par' dir='ltr' id='par_1_15' title="bbox 374 1408 2024 1482">
     <span class='ocr_line' id='line_1_15' title="bbox 374 1408 2024 1482; baseline -0.004 -13"><span class='ocrx_word' id='word_1_100' title='bbox 374 1412 718 1469; x_wconf 88' lang='lat' dir='ltr'><strong>hominibus</strong></span> <span class='ocrx_word' id='word_1_101' title='bbox 748 1411 984 1477; x_wconf 92' lang='lat' dir='ltr'><strong>dicitur,</strong></span> <span class='ocrx_word' id='word_1_102' title='bbox 1035 1414 1254 1482; x_wconf 88' lang='lat' dir='ltr'><strong>quanto</strong></span> <span class='ocrx_word' id='word_1_103' title='bbox 1302 1409 1492 1481; x_wconf 90' lang='lat' dir='ltr'><strong>magis</strong></span> <span class='ocrx_word' id='word_1_104' title='bbox 1524 1409 1594 1465; x_wconf 90' lang='lat' dir='ltr'><strong>de</strong></span> <span class='ocrx_word' id='word_1_105' title='bbox 1624 1408 1718 1464; x_wconf 90' lang='lat' dir='ltr'><strong>his</strong></span> <span class='ocrx_word' id='word_1_106' title='bbox 1748 1409 1847 1481; x_wconf 89' lang='lat' dir='ltr'><strong>qui</strong></span> <span class='ocrx_word' id='word_1_107' title='bbox 1876 1412 2024 1463; x_wconf 88' lang='lat' dir='ltr'><strong>Sunt</strong></span> 
     </span>
    </p>
   </div>
   <div class='ocr_carea' id='block_1_16' title="bbox 379 1497 2023 1571">
    <p class='ocr_par' dir='ltr' id='par_1_16' title="bbox 379 1497 2023 1571">
     <span class='ocr_line' id='line_1_16' title="bbox 379 1497 2023 1571; baseline -0.004 -12"><span class='ocrx_word' id='word_1_108' title='bbox 379 1501 705 1560; x_wconf 83' lang='lat' dir='ltr'><strong>subtilioris</strong></span> <span class='ocrx_word' id='word_1_109' title='bbox 735 1499 1115 1571; x_wconf 88' lang='lat' dir='ltr'><strong>meliorisque</strong></span> <span class='ocrx_word' id='word_1_110' title='bbox 1136 1504 1358 1553; x_wconf 67' lang='lat' dir='ltr'><strong>naturas</strong></span> <span class='ocrx_word' id='word_1_111' title='bbox 1377 1498 1405 1552; x_wconf 68' lang='grc' dir='ltr'><em>Ἰ</em></span> <span class='ocrx_word' id='word_1_112' title='bbox 1435 1503 1549 1553; x_wconf 89' lang='lat' dir='ltr'><strong>Nec</strong></span> <span class='ocrx_word' id='word_1_113' title='bbox 1571 1497 1769 1553; x_wconf 89' lang='lat' dir='ltr'><strong>statim</strong></span> <span class='ocrx_word' id='word_1_114' title='bbox 1793 1497 1890 1570; x_wconf 90' lang='lat' dir='ltr'><strong>qui</strong></span> <span class='ocrx_word' id='word_1_115' title='bbox 1914 1498 2023 1552; x_wconf 93' lang='lat' dir='ltr'><strong>hoc</strong></span> 
     </span>
    </p>
   </div>
   <div class='ocr_carea' id='block_1_17' title="bbox 379 1586 2024 1662">
    <p class='ocr_par' dir='ltr' id='par_1_17' title="bbox 379 1586 2024 1662">
     <span class='ocr_line' id='line_1_17' title="bbox 379 1586 2024 1662; baseline -0.004 -14"><span class='ocrx_word' id='word_1_116' title='bbox 379 1591 617 1657; x_wconf 90' lang='lat' dir='ltr'><strong>sentiat,</strong></span> <span class='ocrx_word' id='word_1_117' title='bbox 662 1588 1040 1662; x_wconf 68' lang='lat' dir='ltr'><strong>blasphemia:</strong></span> <span class='ocrx_word' id='word_1_118' title='bbox 1088 1605 1222 1643; x_wconf 89' lang='lat' dir='ltr'><strong>eum</strong></span> <span class='ocrx_word' id='word_1_119' title='bbox 1253 1587 1474 1643; x_wconf 89' lang='lat' dir='ltr'><strong>crimen</strong></span> <span class='ocrx_word' id='word_1_120' title='bbox 1508 1587 1802 1642; x_wconf 85' lang='lat' dir='ltr'><strong>incurrere</strong></span> <span class='ocrx_word' id='word_1_121' title='bbox 1834 1603 1847 1641; x_wconf 90' lang='lat'><strong>:</strong></span> <span class='ocrx_word' id='word_1_122' title='bbox 1884 1586 2024 1659; x_wconf 87' lang='lat' dir='ltr'><strong>quia</strong></span> 
     </span>
    </p>
   </div>
   <div class='ocr_carea' id='block_1_18' title="bbox 382 1675 2020 1752">
    <p class='ocr_par' dir='ltr' id='par_1_18' title="bbox 382 1675 2020 1752">
     <span class='ocr_line' id='line_1_18' title="bbox 382 1675 2020 1752; baseline -0.004 -15"><span class='ocrx_word' id='word_1_123' title='bbox 382 1680 796 1752; x_wconf 83' lang='lat' dir='ltr'><strong>unusquisque</strong></span> <span class='ocrx_word' id='word_1_124' title='bbox 848 1678 1021 1749; x_wconf 85' lang='lat' dir='ltr'><strong>juxta</strong></span> <span class='ocrx_word' id='word_1_125' title='bbox 1051 1693 1220 1732; x_wconf 89' lang='lat' dir='ltr'><strong>suam</strong></span> <span class='ocrx_word' id='word_1_126' title='bbox 1259 1676 1618 1732; x_wconf 85' lang='lat' dir='ltr'><strong>voluntatem</strong></span> <span class='ocrx_word' id='word_1_127' title='bbox 1650 1676 1880 1732; x_wconf 89' lang='lat' dir='ltr'><strong>diversa</strong></span> <span class='ocrx_word' id='word_1_128' title='bbox 1912 1675 2020 1731; x_wconf 89' lang='lat' dir='ltr'><strong>mi-</strong></span> 
     </span>
    </p>
   </div>
   <div class='ocr_carea' id='block_1_19' title="bbox 381 1764 2023 1832">
    <p class='ocr_par' dir='ltr' id='par_1_19' title="bbox 381 1764 2023 1832">
     <span class='ocr_line' id='line_1_19' title="bbox 381 1764 2023 1832; baseline -0.003 -7"><span class='ocrx_word' id='word_1_129' title='bbox 381 1768 627 1825; x_wconf 88' lang='lat' dir='ltr'><strong>nisteria</strong></span> <span class='ocrx_word' id='word_1_130' title='bbox 654 1767 903 1824; x_wconf 87' lang='lat' dir='ltr'><strong>sortitus</strong></span> <span class='ocrx_word' id='word_1_131' title='bbox 931 1765 1334 1832; x_wconf 89' lang='lat' dir='ltr'><strong>sit.Quomodo</strong></span> <span class='ocrx_word' id='word_1_132' title='bbox 1367 1764 1523 1821; x_wconf 91' lang='lat' dir='ltr'><strong>enim</strong></span> <span class='ocrx_word' id='word_1_133' title='bbox 1558 1766 1615 1819; x_wconf 92' lang='lat' dir='ltr'><strong>in</strong></span> <span class='ocrx_word' id='word_1_134' title='bbox 1647 1765 1894 1820; x_wconf 89' lang='lat' dir='ltr'><strong>urbibus</strong></span> <span class='ocrx_word' id='word_1_135' title='bbox 1924 1781 2023 1820; x_wconf 91' lang='lat' dir='ltr'><strong>eos</strong></span> 
     </span>
    </p>
   </div>
   <div class='ocr_carea' id='block_1_20' title="bbox 378 1853 2024 1931">
    <p class='ocr_par' dir='ltr' id='par_1_20' title="bbox 378 1853 2024 1931">
     <span class='ocr_line' id='line_1_20' title="bbox 378 1853 2024 1931; baseline -0.002 -19"><span class='ocrx_word' id='word_1_136' title='bbox 378 1859 480 1931; x_wconf 90' lang='lat' dir='ltr'><strong>qui</strong></span> <span class='ocrx_word' id='word_1_137' title='bbox 512 1855 734 1928; x_wconf 89' lang='lat' dir='ltr'><strong>aliquid</strong></span> <span class='ocrx_word' id='word_1_138' title='bbox 764 1854 1109 1912; x_wconf 90' lang='lat' dir='ltr'><strong>commisere</strong></span> <span class='ocrx_word' id='word_1_139' title='bbox 1140 1854 1365 1927; x_wconf 85' lang='lat' dir='ltr'><strong>ﬂagitii,</strong></span> <span class='ocrx_word' id='word_1_140' title='bbox 1388 1854 1659 1923; x_wconf 82' lang='lat' dir='ltr'><strong>videmus</strong></span> <span class='ocrx_word' id='word_1_141' title='bbox 1683 1854 1767 1909; x_wconf 86' lang='lat' dir='ltr'><strong>vel</strong></span> <span class='ocrx_word' id='word_1_142' title='bbox 1804 1853 2024 1910; x_wconf 84' lang='lat' dir='ltr'><strong>bestias</strong></span> 
     </span>
    </p>
   </div>
   <div class='ocr_carea' id='block_1_21' title="bbox 382 1942 2025 2015">
    <p class='ocr_par' dir='ltr' id='par_1_21' title="bbox 382 1942 2025 2015">
     <span class='ocr_line' id='line_1_21' title="bbox 382 1942 2025 2015; baseline -0.003 -12"><span class='ocrx_word' id='word_1_143' title='bbox 382 1946 559 2015; x_wconf 86' lang='lat' dir='ltr'><strong>alere,</strong></span> <span class='ocrx_word' id='word_1_144' title='bbox 588 1945 679 2002; x_wconf 90' lang='lat' dir='ltr'><strong>vel</strong></span> <span class='ocrx_word' id='word_1_145' title='bbox 703 1961 898 2001; x_wconf 89' lang='lat' dir='ltr'><strong>secare</strong></span> <span class='ocrx_word' id='word_1_146' title='bbox 930 1959 1246 2010; x_wconf 89' lang='lat' dir='ltr'><strong>marmora,</strong></span> <span class='ocrx_word' id='word_1_147' title='bbox 1278 1942 1366 1999; x_wconf 88' lang='lat' dir='ltr'><strong>vel</strong></span> <span class='ocrx_word' id='word_1_148' title='bbox 1400 1944 1685 1999; x_wconf 86' lang='lat' dir='ltr'><strong>mundare</strong></span> <span class='ocrx_word' id='word_1_149' title='bbox 1713 1942 2025 2015; x_wconf 76' lang='lat' dir='ltr'><strong>spurcitiae</strong></span> 
     </span>
    </p>
   </div>
   <div class='ocr_carea' id='block_1_22' title="bbox 377 2031 2025 2105">
    <p class='ocr_par' dir='ltr' id='par_1_22' title="bbox 377 2031 2025 2105">
     <span class='ocr_line' id='line_1_22' title="bbox 377 2031 2025 2105; baseline -0.003 -13"><span class='ocrx_word' id='word_1_150' title='bbox 377 2035 731 2102; x_wconf 83' lang='lat' dir='ltr'><strong>cloacarum,</strong></span> <span class='ocrx_word' id='word_1_151' title='bbox 762 2033 849 2090; x_wconf 91' lang='lat' dir='ltr'><strong>vel</strong></span> <span class='ocrx_word' id='word_1_152' title='bbox 880 2049 1127 2105; x_wconf 66' lang='lat' dir='ltr'><strong>praeesse</strong></span> <span class='ocrx_word' id='word_1_153' title='bbox 1156 2031 1602 2105; x_wconf 87' lang='lat' dir='ltr'><strong>gladiatoribus,</strong></span> <span class='ocrx_word' id='word_1_154' title='bbox 1634 2037 1691 2087; x_wconf 92' lang='lat' dir='ltr'><strong>et</strong></span> <span class='ocrx_word' id='word_1_155' title='bbox 1728 2031 2025 2087; x_wconf 86' lang='lat' dir='ltr'><strong>fundendo</strong></span> 
     </span>
    </p>
   </div>
   <div class='ocr_carea' id='block_1_23' title="bbox 376 2120 2026 2194">
    <p class='ocr_par' dir='ltr' id='par_1_23' title="bbox 376 2120 2026 2194">
     <span class='ocr_line' id='line_1_23' title="bbox 376 2120 2026 2194; baseline -0.004 -14"><span class='ocrx_word' id='word_1_156' title='bbox 376 2121 913 2194; x_wconf 84' lang='lat' dir='ltr'><strong>reorum,sanguini</strong></span> <span class='ocrx_word' id='word_1_157' title='bbox 944 2121 1224 2177; x_wconf 83' lang='lat' dir='ltr'><strong>destinari</strong></span> <span class='ocrx_word' id='word_1_158' title='bbox 1250 2136 1263 2175; x_wconf 75' lang='grc' dir='ltr'>ε</span> <span class='ocrx_word' id='word_1_159' title='bbox 1293 2120 1379 2175; x_wconf 89' lang='lat' dir='ltr'><strong>ita</strong></span> <span class='ocrx_word' id='word_1_160' title='bbox 1406 2121 1773 2176; x_wconf 74' lang='lat' dir='ltr'><strong>etdzsmones</strong></span> <span class='ocrx_word' id='word_1_161' title='bbox 1804 2138 1871 2175; x_wconf 89' lang='lat' dir='ltr'><strong>ex</strong></span> <span class='ocrx_word' id='word_1_162' title='bbox 1892 2136 2026 2192; x_wconf 92' lang='lat' dir='ltr'><strong>pro-</strong></span> 
     </span>
    </p>
   </div>
   <div class='ocr_carea' id='block_1_24' title="bbox 378 2209 2025 2287">
    <p class='ocr_par' dir='ltr' id='par_1_24' title="bbox 378 2209 2025 2287">
     <span class='ocr_line' id='line_1_24' title="bbox 378 2209 2025 2287; baseline -0.002 -18"><span class='ocrx_word' id='word_1_163' title='bbox 378 2213 490 2287; x_wconf 88' lang='lat' dir='ltr'><strong>prii</strong></span> <span class='ocrx_word' id='word_1_164' title='bbox 521 2211 749 2268; x_wconf 87' lang='lat' dir='ltr'><strong>arbitrii</strong></span> <span class='ocrx_word' id='word_1_165' title='bbox 781 2210 1066 2279; x_wconf 87' lang='lat' dir='ltr'><strong>libertate,</strong></span> <span class='ocrx_word' id='word_1_166' title='bbox 1098 2209 1468 2274; x_wconf 87' lang='lat' dir='ltr'><strong>insidiarum,</strong></span> <span class='ocrx_word' id='word_1_167' title='bbox 1515 2209 1811 2278; x_wconf 85' lang='lat' dir='ltr'><strong>fraudum,</strong></span> <span class='ocrx_word' id='word_1_168' title='bbox 1846 2209 2025 2266; x_wconf 83' lang='lat' dir='ltr'><strong>scele-</strong></span> 
     </span>
    </p>
   </div>
   <div class='ocr_carea' id='block_1_25' title="bbox 379 2297 2026 2373">
    <p class='ocr_par' dir='ltr' id='par_1_25' title="bbox 379 2297 2026 2373">
     <span class='ocr_line' id='line_1_25' title="bbox 379 2297 2026 2373; baseline -0.002 -16"><span class='ocrx_word' id='word_1_169' title='bbox 379 2318 534 2370; x_wconf 89' lang='lat' dir='ltr'><strong>rum,</strong></span> <span class='ocrx_word' id='word_1_170' title='bbox 566 2306 742 2373; x_wconf 88' lang='lat' dir='ltr'><strong>atque</strong></span> <span class='ocrx_word' id='word_1_171' title='bbox 781 2299 1046 2372; x_wconf 89' lang='lat' dir='ltr'><strong>perjurii,</strong></span> <span class='ocrx_word' id='word_1_172' title='bbox 1086 2303 1143 2354; x_wconf 91' lang='lat' dir='ltr'><strong>et</strong></span> <span class='ocrx_word' id='word_1_173' title='bbox 1171 2297 1460 2369; x_wconf 89' lang='lat' dir='ltr'><strong>reliquam</strong></span> <span class='ocrx_word' id='word_1_174' title='bbox 1489 2297 1764 2353; x_wconf 90' lang='lat' dir='ltr'><strong>vitiorum</strong></span> <span class='ocrx_word' id='word_1_175' title='bbox 1792 2299 2026 2370; x_wconf 90' lang='lat' dir='ltr'><strong>provin-</strong></span> 
     </span>
    </p>
   </div>
   <div class='ocr_carea' id='block_1_26' title="bbox 381 2388 2024 2457">
    <p class='ocr_par' dir='ltr' id='par_1_26' title="bbox 381 2388 2024 2457">
     <span class='ocr_line' id='line_1_26' title="bbox 381 2388 2024 2457; baseline -0.002 -11"><span class='ocrx_word' id='word_1_176' title='bbox 381 2392 532 2447; x_wconf 85' lang='lat' dir='ltr'><strong>ciam</strong></span> <span class='ocrx_word' id='word_1_177' title='bbox 597 2406 722 2446; x_wconf 89' lang='lat' dir='ltr'><strong>esse</strong></span> <span class='ocrx_word' id='word_1_178' title='bbox 761 2389 1018 2457; x_wconf 85' lang='lat' dir='ltr'><strong>sortitos,</strong></span> <span class='ocrx_word' id='word_1_179' title='bbox 1060 2392 1129 2444; x_wconf 86' lang='lat' dir='ltr'><strong>ut</strong></span> <span class='ocrx_word' id='word_1_180' title='bbox 1167 2388 1287 2444; x_wconf 90' lang='lat' dir='ltr'><strong>sint</strong></span> <span class='ocrx_word' id='word_1_181' title='bbox 1326 2391 1580 2443; x_wconf 89' lang='lat' dir='ltr'><strong>rectores</strong></span> <span class='ocrx_word' id='word_1_182' title='bbox 1629 2388 2024 2457; x_wconf 89' lang='lat' dir='ltr'><strong>tenebrarum,</strong></span> 
     </span>
    </p>
   </div>
   <div class='ocr_carea' id='block_1_27' title="bbox 381 2475 2030 2553">
    <p class='ocr_par' dir='ltr' id='par_1_27' title="bbox 381 2475 2030 2553">
     <span class='ocr_line' id='line_1_27' title="bbox 381 2475 2030 2553; baseline -0.002 -17"><span class='ocrx_word' id='word_1_183' title='bbox 381 2484 522 2553; x_wconf 89' lang='lat' dir='ltr'><strong>quia</strong></span> <span class='ocrx_word' id='word_1_184' title='bbox 553 2495 682 2535; x_wconf 91' lang='lat' dir='ltr'><strong>esse</strong></span> <span class='ocrx_word' id='word_1_185' title='bbox 712 2477 861 2535; x_wconf 91' lang='lat' dir='ltr'><strong>lucis</strong></span> <span class='ocrx_word' id='word_1_186' title='bbox 890 2477 1183 2550; x_wconf 89' lang='lat' dir='ltr'><strong>principes</strong></span> <span class='ocrx_word' id='word_1_187' title='bbox 1216 2475 1549 2532; x_wconf 91' lang='lat' dir='ltr'><strong>noluerunt.</strong></span> <span class='ocrx_word' id='word_1_188' title='bbox 1582 2476 1649 2531; x_wconf 91' lang='lat' dir='ltr'><strong>Hi</strong></span> <span class='ocrx_word' id='word_1_189' title='bbox 1682 2492 1817 2549; x_wconf 86' lang='lat' dir='ltr'><strong>ergo</strong></span> <span class='ocrx_word' id='word_1_190' title='bbox 1849 2482 2030 2533; x_wconf 89' lang='lat' dir='ltr'><strong>recto-</strong></span> 
     </span>
    </p>
   </div>
   <div class='ocr_carea' id='block_1_28' title="bbox 381 2565 2028 2639">
    <p class='ocr_par' dir='ltr' id='par_1_28' title="bbox 381 2565 2028 2639">
     <span class='ocr_line' id='line_1_28' title="bbox 381 2565 2028 2639; baseline -0.003 -14"><span class='ocrx_word' id='word_1_191' title='bbox 381 2586 475 2625; x_wconf 90' lang='lat' dir='ltr'><strong>res</strong></span> <span class='ocrx_word' id='word_1_192' title='bbox 527 2568 736 2625; x_wconf 92' lang='lat' dir='ltr'><strong>mundi</strong></span> <span class='ocrx_word' id='word_1_193' title='bbox 775 2572 951 2639; x_wconf 89' lang='lat' dir='ltr'><strong>atque</strong></span> <span class='ocrx_word' id='word_1_194' title='bbox 981 2566 1377 2631; x_wconf 84' lang='lat' dir='ltr'><strong>tenebrarum,</strong></span> <span class='ocrx_word' id='word_1_195' title='bbox 1410 2582 1543 2621; x_wconf 92' lang='lat' dir='ltr'><strong>cum</strong></span> <span class='ocrx_word' id='word_1_196' title='bbox 1577 2565 1890 2621; x_wconf 74' lang='lat' dir='ltr'><strong>adve’rsum</strong></span> <span class='ocrx_word' id='word_1_197' title='bbox 1924 2566 2028 2621; x_wconf 91' lang='lat' dir='ltr'><strong>ali-</strong></span> 
     </span>
    </p>
   </div>
   <div class='ocr_carea' id='block_1_29' title="bbox 383 2652 2029 2729">
    <p class='ocr_par' dir='ltr' id='par_1_29' title="bbox 383 2652 2029 2729">
     <span class='ocr_line' id='line_1_29' title="bbox 383 2652 2029 2729; baseline -0.004 -16"><span class='ocrx_word' id='word_1_198' title='bbox 383 2674 557 2729; x_wconf 89' lang='lat' dir='ltr'><strong>quem</strong></span> <span class='ocrx_word' id='word_1_199' title='bbox 589 2656 973 2711; x_wconf 89' lang='lat' dir='ltr'><strong>colluctantes</strong></span> <span class='ocrx_word' id='word_1_200' title='bbox 1013 2652 1521 2726; x_wconf 89' lang='lat' dir='ltr'><strong>supplantaverint</strong></span> <span class='ocrx_word' id='word_1_201' title='bbox 1550 2668 1708 2719; x_wconf 91' lang='lat' dir='ltr'><strong>eum,</strong></span> <span class='ocrx_word' id='word_1_202' title='bbox 1762 2652 2029 2708; x_wconf 87' lang='lat' dir='ltr'><strong>fecerint-</strong></span> 
     </span>
    </p>
   </div>
   <div class='ocr_carea' id='block_1_30' title="bbox 389 2741 2029 2818">
    <p class='ocr_par' dir='ltr' id='par_1_30' title="bbox 389 2741 2029 2818">
     <span class='ocr_line' id='line_1_30' title="bbox 389 2741 2029 2818; baseline -0.002 -18"><span class='ocrx_word' id='word_1_203' title='bbox 389 2762 503 2818; x_wconf 88' lang='lat' dir='ltr'><strong>que</strong></span> <span class='ocrx_word' id='word_1_204' title='bbox 535 2760 824 2814; x_wconf 90' lang='lat' dir='ltr'><strong>corruere,</strong></span> <span class='ocrx_word' id='word_1_205' title='bbox 866 2742 1065 2798; x_wconf 90' lang='lat' dir='ltr'><strong>statim</strong></span> <span class='ocrx_word' id='word_1_206' title='bbox 1091 2741 1260 2797; x_wconf 90' lang='lat' dir='ltr'><strong>illum</strong></span> <span class='ocrx_word' id='word_1_207' title='bbox 1293 2758 1399 2797; x_wconf 90' lang='lat' dir='ltr'><strong>suo</strong></span> <span class='ocrx_word' id='word_1_208' title='bbox 1430 2741 1650 2796; x_wconf 89' lang='lat' dir='ltr'><strong>mundo</strong></span> <span class='ocrx_word' id='word_1_209' title='bbox 1681 2746 1739 2796; x_wconf 87' lang='lat' dir='ltr'><strong>et</strong></span> <span class='ocrx_word' id='word_1_210' title='bbox 1770 2742 1895 2797; x_wconf 91' lang='lat' dir='ltr'><strong>suis</strong></span> <span class='ocrx_word' id='word_1_211' title='bbox 1945 2747 2029 2797; x_wconf 91' lang='lat' dir='ltr'><strong>te-</strong></span> 
     </span>
    </p>
   </div>
   <div class='ocr_carea' id='block_1_31' title="bbox 387 2831 2031 2907">
    <p class='ocr_par' dir='ltr' id='par_1_31' title="bbox 387 2831 2031 2907">
     <span class='ocr_line' id='line_1_31' title="bbox 387 2831 2031 2907; baseline -0.004 -15"><span class='ocrx_word' id='word_1_212' title='bbox 387 2835 590 2892; x_wconf 86' lang='lat' dir='ltr'><strong>nebris</strong></span> <span class='ocrx_word' id='word_1_213' title='bbox 630 2834 848 2907; x_wconf 89' lang='lat' dir='ltr'><strong>quibus</strong></span> <span class='ocrx_word' id='word_1_214' title='bbox 904 2831 1289 2905; x_wconf 88' lang='lat' dir='ltr'><strong>principatur,</strong></span> <span class='ocrx_word' id='word_1_215' title='bbox 1344 2834 1686 2886; x_wconf 87' lang='lat' dir='ltr'><strong>annectunt.</strong></span> <span class='ocrx_word' id='word_1_216' title='bbox 1736 2832 1820 2886; x_wconf 91' lang='lat' dir='ltr'><strong>Ob</strong></span> <span class='ocrx_word' id='word_1_217' title='bbox 1853 2848 2031 2903; x_wconf 91' lang='lat' dir='ltr'><strong>quam</strong></span> 
     </span>
    </p>
   </div>
   <div class='ocr_carea' id='block_1_32' title="bbox 383 2919 2029 2992">
    <p class='ocr_par' dir='ltr' id='par_1_32' title="bbox 383 2919 2029 2992">
     <span class='ocr_line' id='line_1_32' title="bbox 383 2919 2029 2992; baseline -0.004 -11"><span class='ocrx_word' id='word_1_218' title='bbox 383 2940 625 2981; x_wconf 84' lang='lat' dir='ltr'><strong>causam</strong></span> <span class='ocrx_word' id='word_1_219' title='bbox 647 2923 855 2979; x_wconf 86' lang='lat' dir='ltr'><strong>fortius</strong></span> <span class='ocrx_word' id='word_1_220' title='bbox 876 2921 1355 2988; x_wconf 87' lang='lat' dir='ltr'><strong>laborandum,ut</strong></span> <span class='ocrx_word' id='word_1_221' title='bbox 1372 2919 1471 2992; x_wconf 91' lang='lat' dir='ltr'><strong>qui</strong></span> <span class='ocrx_word' id='word_1_222' title='bbox 1484 2919 2029 2976; x_wconf 90' lang='lat' dir='ltr'><strong>semelaudivimus:</strong></span> 
     </span>
    </p>
   </div>
   <div class='ocr_carea' id='block_1_33' title="bbox 383 3008 2027 3085">
    <p class='ocr_par' dir='ltr' id='par_1_33' title="bbox 383 3008 2027 3085">
     <span class='ocr_line' id='line_1_33' title="bbox 383 3008 2027 3085; baseline -0.002 -15"><span class='ocrx_word' id='word_1_223' title='bbox 383 3015 492 3085; x_wconf 87' lang='lat' dir='ltr'><strong>Ego</strong></span> <span class='ocrx_word' id='word_1_224' title='bbox 519 3014 664 3084; x_wconf 84' lang='lat' dir='ltr'><strong>elegi</strong></span> <span class='ocrx_word' id='word_1_225' title='bbox 700 3027 794 3067; x_wconf 81' lang='lat' dir='ltr'><strong>vos</strong></span> <span class='ocrx_word' id='word_1_226' title='bbox 839 3010 905 3066; x_wconf 87' lang='lat' dir='ltr'><strong>de</strong></span> <span class='ocrx_word' id='word_1_227' title='bbox 930 3011 1034 3065; x_wconf 86' lang='lat' dir='ltr'><strong>isto</strong></span> <span class='ocrx_word' id='word_1_228' title='bbox 1073 3008 1277 3064; x_wconf 86' lang='lat' dir='ltr'><strong>mundo</strong></span> <span class='ocrx_word' id='word_1_229' title='bbox 1334 3026 1352 3064; x_wconf 89' lang='lat'><strong><em>:</em></strong></span> <span class='ocrx_word' id='word_1_230' title='bbox 1396 3008 1518 3079; x_wconf 85' lang='lat' dir='ltr'><strong>jam</strong></span> <span class='ocrx_word' id='word_1_231' title='bbox 1548 3025 1658 3064; x_wconf 78' lang='lat' dir='ltr'><strong>non</strong></span> <span class='ocrx_word' id='word_1_232' title='bbox 1711 3012 1839 3064; x_wconf 85' lang='lat' dir='ltr'><strong>estis</strong></span> <span class='ocrx_word' id='word_1_233' title='bbox 1878 3011 2027 3067; x_wconf 74' lang='lat'><strong>675</strong></span> 
     </span>
    </p>
   </div>
   <div class='ocr_carea' id='block_1_34' title="bbox 382 3097 2035 3169">
    <p class='ocr_par' dir='ltr' id='par_1_34' title="bbox 382 3097 2035 3169">
     <span class='ocr_line' id='line_1_34' title="bbox 382 3097 2035 3169; baseline -0.004 -9"><span class='ocrx_word' id='word_1_234' title='bbox 382 3104 453 3160; x_wconf 85' lang='lat' dir='ltr'><strong>de</strong></span> <span class='ocrx_word' id='word_1_235' title='bbox 482 3104 583 3158; x_wconf 87' lang='lat' dir='ltr'><strong>isto</strong></span> <span class='ocrx_word' id='word_1_236' title='bbox 612 3101 849 3157; x_wconf 86' lang='lat' dir='ltr'><strong>mundo:</strong></span> <span class='ocrx_word' id='word_1_237' title='bbox 866 3100 915 3155; x_wconf 90' lang='lat' dir='ltr'><strong>si</strong></span> <span class='ocrx_word' id='word_1_238' title='bbox 932 3100 1082 3155; x_wconf 88' lang='lat' dir='ltr'><strong>enim</strong></span> <span class='ocrx_word' id='word_1_239' title='bbox 1106 3098 1289 3154; x_wconf 77' lang='lat' dir='ltr'><strong>essetis</strong></span> <span class='ocrx_word' id='word_1_240' title='bbox 1311 3097 1376 3153; x_wconf 89' lang='lat' dir='ltr'><strong>de</strong></span> <span class='ocrx_word' id='word_1_241' title='bbox 1403 3097 1869 3162; x_wconf 83' lang='lat' dir='ltr'><strong>mundo,mundus</strong></span> <span class='ocrx_word' id='word_1_242' title='bbox 1896 3098 2035 3169; x_wconf 86' lang='lat' dir='ltr'><strong>quod</strong></span> 
     </span>
    </p>
   </div>
   <div class='ocr_carea' id='block_1_35' title="bbox 2125 518 3774 597">
    <p class='ocr_par' dir='ltr' id='par_1_35' title="bbox 2125 518 3774 597">
     <span class='ocr_line' id='line_1_35' title="bbox 2125 518 3774 597; baseline 0.006 -23"><span class='ocrx_word' id='word_1_243' title='bbox 2125 518 2273 587; x_wconf 89' lang='lat' dir='ltr'><strong>loco,</strong></span> <span class='ocrx_word' id='word_1_244' title='bbox 2304 537 2409 575; x_wconf 91' lang='lat' dir='ltr'><strong>nec</strong></span> <span class='ocrx_word' id='word_1_245' title='bbox 2438 521 2496 575; x_wconf 93' lang='lat' dir='ltr'><strong>in</strong></span> <span class='ocrx_word' id='word_1_246' title='bbox 2528 521 2739 592; x_wconf 90' lang='lat' dir='ltr'><strong>Veteri,</strong></span> <span class='ocrx_word' id='word_1_247' title='bbox 2774 538 2879 577; x_wconf 89' lang='lat' dir='ltr'><strong>nec</strong></span> <span class='ocrx_word' id='word_1_248' title='bbox 2926 524 2985 579; x_wconf 93' lang='lat' dir='ltr'><strong>in</strong></span> <span class='ocrx_word' id='word_1_249' title='bbox 3017 541 3163 579; x_wconf 92' lang='lat' dir='ltr'><strong>novo</strong></span> <span class='ocrx_word' id='word_1_250' title='bbox 3212 528 3607 597; x_wconf 83' lang='lat' dir='ltr'><strong>Testamento,</strong></span> <span class='ocrx_word' id='word_1_251' title='bbox 3641 550 3774 584; x_wconf 82' lang='grc' dir='ltr'><strong>κοσ-</strong></span> 
     </span>
    </p>
   </div>
   <div class='ocr_carea' id='block_1_36' title="bbox 2130 608 3770 692">
    <p class='ocr_par' dir='ltr' id='par_1_36' title="bbox 2130 608 3770 692">
     <span class='ocr_line' id='line_1_36' title="bbox 2130 608 3770 692; baseline 0.01 -33"><span class='ocrx_word' id='word_1_252' title='bbox 2130 608 2491 683; x_wconf 72' lang='grc' dir='ltr'><strong>μοκράτορας,</strong></span> <span class='ocrx_word' id='word_1_253' title='bbox 2542 608 2599 663; x_wconf 93' lang='lat' dir='ltr'><strong>id</strong></span> <span class='ocrx_word' id='word_1_254' title='bbox 2648 615 2739 666; x_wconf 89' lang='lat' dir='ltr'><strong>est</strong></span> <span class='ocrx_word' id='word_1_255' title='bbox 2766 611 2965 666; x_wconf 87' lang='lat' dir='ltr'><strong>mundi</strong></span> <span class='ocrx_word' id='word_1_256' title='bbox 2991 622 3237 682; x_wconf 84' lang='lat' dir='ltr'><strong>rectores,</strong></span> <span class='ocrx_word' id='word_1_257' title='bbox 3270 633 3532 688; x_wconf 90' lang='lat' dir='ltr'><strong>unquam</strong></span> <span class='ocrx_word' id='word_1_258' title='bbox 3564 618 3770 692; x_wconf 88' lang='lat' dir='ltr'><strong>legeri-</strong></span> 
     </span>
    </p>
   </div>
   <div class='ocr_carea' id='block_1_37' title="bbox 2128 698 3770 775">
    <p class='ocr_par' dir='ltr' id='par_1_37' title="bbox 2128 698 3770 775">
     <span class='ocr_line' id='line_1_37' title="bbox 2128 698 3770 775; baseline 0.007 -22"><span class='ocrx_word' id='word_1_259' title='bbox 2128 713 2257 753; x_wconf 88' lang='lat' dir='ltr'><strong>mus</strong></span> <span class='ocrx_word' id='word_1_260' title='bbox 2287 714 2299 751; x_wconf 91' lang='lat'><strong>:</strong></span> <span class='ocrx_word' id='word_1_261' title='bbox 2335 698 2490 768; x_wconf 89' lang='lat' dir='ltr'><strong>quod</strong></span> <span class='ocrx_word' id='word_1_262' title='bbox 2524 715 2734 754; x_wconf 90' lang='lat' dir='ltr'><strong>nomen</strong></span> <span class='ocrx_word' id='word_1_263' title='bbox 2768 700 2981 756; x_wconf 74' lang='lat' dir='ltr'><strong>idcirco</strong></span> <span class='ocrx_word' id='word_1_264' title='bbox 3012 702 3232 758; x_wconf 85' lang='lat' dir='ltr'><strong>Paulus</strong></span> <span class='ocrx_word' id='word_1_265' title='bbox 3254 706 3551 775; x_wconf 88' lang='lat' dir='ltr'><strong>apostolus</strong></span> <span class='ocrx_word' id='word_1_266' title='bbox 3583 709 3770 765; x_wconf 80' lang='lat' dir='ltr'><strong>finxit:</strong></span> 
     </span>
    </p>
   </div>
   <div class='ocr_carea' id='block_1_38' title="bbox 2128 786 3773 865">
    <p class='ocr_par' dir='ltr' id='par_1_38' title="bbox 2128 786 3773 865">
     <span class='ocr_line' id='line_1_38' title="bbox 2128 786 3773 865; baseline 0.008 -24"><span class='ocrx_word' id='word_1_267' title='bbox 2128 786 2267 857; x_wconf 91' lang='lat' dir='ltr'><strong>quia</strong></span> <span class='ocrx_word' id='word_1_268' title='bbox 2296 802 2530 842; x_wconf 91' lang='lat' dir='ltr'><strong>necesse</strong></span> <span class='ocrx_word' id='word_1_269' title='bbox 2560 787 2814 844; x_wconf 89' lang='lat' dir='ltr'><strong>habebat</strong></span> <span class='ocrx_word' id='word_1_270' title='bbox 2843 789 2914 844; x_wconf 91' lang='lat' dir='ltr'><strong>ad</strong></span> <span class='ocrx_word' id='word_1_271' title='bbox 2939 790 3218 861; x_wconf 86' lang='lat' dir='ltr'><strong>Ephesios</strong></span> <span class='ocrx_word' id='word_1_272' title='bbox 3240 792 3569 865; x_wconf 88' lang='lat' dir='ltr'><strong>disputans,</strong></span> <span class='ocrx_word' id='word_1_273' title='bbox 3596 798 3773 854; x_wconf 91' lang='lat' dir='ltr'><strong>rebus</strong></span> 
     </span>
    </p>
   </div>
   <div class='ocr_carea' id='block_1_39' title="bbox 2129 873 3777 953">
    <p class='ocr_par' dir='ltr' id='par_1_39' title="bbox 2129 873 3777 953">
     <span class='ocr_line' id='line_1_39' title="bbox 2129 873 3777 953; baseline 0.007 -23"><span class='ocrx_word' id='word_1_274' title='bbox 2129 873 2291 931; x_wconf 90' lang='lat' dir='ltr'><strong>novis</strong></span> <span class='ocrx_word' id='word_1_275' title='bbox 2318 878 2375 930; x_wconf 90' lang='lat' dir='ltr'><strong>et</strong></span> <span class='ocrx_word' id='word_1_276' title='bbox 2397 875 2789 932; x_wconf 88' lang='lat' dir='ltr'><strong>invisibilibus</strong></span> <span class='ocrx_word' id='word_1_277' title='bbox 2820 894 2968 933; x_wconf 88' lang='lat' dir='ltr'><strong>nova</strong></span> <span class='ocrx_word' id='word_1_278' title='bbox 2998 879 3236 935; x_wconf 90' lang='lat' dir='ltr'><strong>nomina</strong></span> <span class='ocrx_word' id='word_1_279' title='bbox 3260 887 3549 953; x_wconf 91' lang='lat' dir='ltr'><strong>coaptare.</strong></span> <span class='ocrx_word' id='word_1_280' title='bbox 3573 887 3777 942; x_wconf 90' lang='lat' dir='ltr'><strong>Adhuc</strong></span> 
     </span>
    </p>
   </div>
   <div class='ocr_carea' id='block_1_40' title="bbox 2128 964 3780 1042">
    <p class='ocr_par' dir='ltr' id='par_1_40' title="bbox 2128 964 3780 1042">
     <span class='ocr_line' id='line_1_40' title="bbox 2128 964 3780 1042; baseline 0.007 -23"><span class='ocrx_word' id='word_1_281' title='bbox 2128 968 2365 1036; x_wconf 88' lang='lat' dir='ltr'><strong>propter</strong></span> <span class='ocrx_word' id='word_1_282' title='bbox 2393 964 2501 1019; x_wconf 92' lang='lat' dir='ltr'><strong>hoc</strong></span> <span class='ocrx_word' id='word_1_283' title='bbox 2560 966 2712 1036; x_wconf 88' lang='lat' dir='ltr'><strong>quod</strong></span> <span class='ocrx_word' id='word_1_284' title='bbox 2760 966 2841 1019; x_wconf 90' lang='lat' dir='ltr'><strong>ait</strong></span> <span class='ocrx_word' id='word_1_285' title='bbox 2889 968 2949 1021; x_wconf 87' lang='lat' dir='ltr'><strong>in</strong></span> <span class='ocrx_word' id='word_1_286' title='bbox 2994 968 3317 1040; x_wconf 78' lang='lat' dir='ltr'><strong>cwlestibus,</strong></span> <span class='ocrx_word' id='word_1_287' title='bbox 3369 972 3507 1042; x_wconf 90' lang='lat' dir='ltr'><strong>quia</strong></span> <span class='ocrx_word' id='word_1_288' title='bbox 3549 973 3780 1031; x_wconf 88' lang='lat' dir='ltr'><strong>videtur</strong></span> 
     </span>
    </p>
   </div>
   <div class='ocr_carea' id='block_1_41' title="bbox 2130 1053 3774 1131">
    <p class='ocr_par' dir='ltr' id='par_1_41' title="bbox 2130 1053 3774 1131">
     <span class='ocr_line' id='line_1_41' title="bbox 2130 1053 3774 1131; baseline 0.007 -23"><span class='ocrx_word' id='word_1_289' title='bbox 2130 1053 2496 1125; x_wconf 89' lang='lat' dir='ltr'><strong>ambiguum,</strong></span> <span class='ocrx_word' id='word_1_290' title='bbox 2549 1054 2885 1121; x_wconf 88' lang='lat' dir='ltr'><strong>dicendum,</strong></span> <span class='ocrx_word' id='word_1_291' title='bbox 2936 1057 3238 1113; x_wconf 88' lang='lat' dir='ltr'><strong>subaudiri</strong></span> <span class='ocrx_word' id='word_1_292' title='bbox 3287 1077 3458 1131; x_wconf 90' lang='lat' dir='ltr'><strong>posse</strong></span> <span class='ocrx_word' id='word_1_293' title='bbox 3504 1060 3645 1118; x_wconf 91' lang='lat' dir='ltr'><strong>illud</strong></span> <span class='ocrx_word' id='word_1_294' title='bbox 3706 1065 3774 1120; x_wconf 90' lang='lat' dir='ltr'><strong>ad</strong></span> 
     </span>
    </p>
   </div>
   <div class='ocr_carea' id='block_1_42' title="bbox 2136 1142 3779 1210">
    <p class='ocr_par' dir='ltr' id='par_1_42' title="bbox 2136 1142 3779 1210">
     <span class='ocr_line' id='line_1_42' title="bbox 2136 1142 3779 1210; baseline 0.005 -12"><span class='ocrx_word' id='word_1_295' title='bbox 2136 1142 2355 1210; x_wconf 91' lang='lat' dir='ltr'><strong>omnia,</strong></span> <span class='ocrx_word' id='word_1_296' title='bbox 2389 1146 2453 1197; x_wconf 90' lang='lat' dir='ltr'><strong>ut</strong></span> <span class='ocrx_word' id='word_1_297' title='bbox 2482 1142 2561 1197; x_wconf 89' lang='lat' dir='ltr'><strong>sit</strong></span> <span class='ocrx_word' id='word_1_298' title='bbox 2590 1160 2830 1199; x_wconf 88' lang='lat' dir='ltr'><strong>sensus:</strong></span> <span class='ocrx_word' id='word_1_299' title='bbox 2865 1145 2987 1199; x_wconf 73' lang='lat' dir='ltr'><strong>Non</strong></span> <span class='ocrx_word' id='word_1_300' title='bbox 3008 1151 3095 1201; x_wconf 89' lang='lat' dir='ltr'><strong>est</strong></span> <span class='ocrx_word' id='word_1_301' title='bbox 3126 1147 3294 1203; x_wconf 90' lang='lat' dir='ltr'><strong>nobis</strong></span> <span class='ocrx_word' id='word_1_302' title='bbox 3324 1147 3656 1207; x_wconf 84' lang='lat' dir='ltr'><strong>colluctatio</strong></span> <span class='ocrx_word' id='word_1_303' title='bbox 3678 1153 3779 1207; x_wconf 86' lang='lat' dir='ltr'><strong>ad-</strong></span> 
     </span>
    </p>
   </div>
   <div class='ocr_carea' id='block_1_43' title="bbox 2128 1232 3781 1303">
    <p class='ocr_par' dir='ltr' id='par_1_43' title="bbox 2128 1232 3781 1303">
     <span class='ocr_line' id='line_1_43' title="bbox 2128 1232 3781 1303; baseline 0.007 -17"><span class='ocrx_word' id='word_1_304' title='bbox 2128 1248 2333 1287; x_wconf 86' lang='lat' dir='ltr'><strong>versus</strong></span> <span class='ocrx_word' id='word_1_305' title='bbox 2363 1236 2678 1303; x_wconf 88' lang='lat' dir='ltr'><strong>potestates</strong></span> <span class='ocrx_word' id='word_1_306' title='bbox 2707 1232 2766 1287; x_wconf 93' lang='lat' dir='ltr'><strong>in</strong></span> <span class='ocrx_word' id='word_1_307' title='bbox 2791 1232 3204 1302; x_wconf 78' lang='lat' dir='ltr'><strong>coelestibus,et</strong></span> <span class='ocrx_word' id='word_1_308' title='bbox 3234 1242 3486 1295; x_wconf 89' lang='lat' dir='ltr'><strong>rectores</strong></span> <span class='ocrx_word' id='word_1_309' title='bbox 3516 1241 3781 1298; x_wconf 89' lang='lat' dir='ltr'><strong>tenebra-</strong></span> 
     </span>
    </p>
   </div>
   <div class='ocr_carea' id='block_1_44' title="bbox 2132 1320 3776 1400">
    <p class='ocr_par' dir='ltr' id='par_1_44' title="bbox 2132 1320 3776 1400">
     <span class='ocr_line' id='line_1_44' title="bbox 2132 1320 3776 1400; baseline 0.007 -26"><span class='ocrx_word' id='word_1_310' title='bbox 2132 1337 2261 1375; x_wconf 88' lang='lat' dir='ltr'><strong>rum</strong></span> <span class='ocrx_word' id='word_1_311' title='bbox 2292 1320 2537 1375; x_wconf 89' lang='lat' dir='ltr'><strong>istarum</strong></span> <span class='ocrx_word' id='word_1_312' title='bbox 2572 1320 2630 1376; x_wconf 94' lang='lat' dir='ltr'><strong>in</strong></span> <span class='ocrx_word' id='word_1_313' title='bbox 2674 1321 3023 1391; x_wconf 71' lang='lat' dir='ltr'><strong>caelestibus,</strong></span> <span class='ocrx_word' id='word_1_314' title='bbox 3057 1328 3113 1379; x_wconf 90' lang='lat' dir='ltr'><strong>et</strong></span> <span class='ocrx_word' id='word_1_315' title='bbox 3142 1325 3470 1395; x_wconf 90' lang='lat' dir='ltr'><strong>spiritualia</strong></span> <span class='ocrx_word' id='word_1_316' title='bbox 3501 1329 3776 1400; x_wconf 71' lang='lat' dir='ltr'><strong>nequitiae</strong></span> 
     </span>
    </p>
   </div>
   <div class='ocr_carea' id='block_1_45' title="bbox 2130 1409 3778 1487">
    <p class='ocr_par' dir='ltr' id='par_1_45' title="bbox 2130 1409 3778 1487">
     <span class='ocr_line' id='line_1_45' title="bbox 2130 1409 3778 1487; baseline 0.007 -23"><span class='ocrx_word' id='word_1_317' title='bbox 2130 1409 2189 1464; x_wconf 91' lang='lat' dir='ltr'><strong>in</strong></span> <span class='ocrx_word' id='word_1_318' title='bbox 2223 1409 2555 1465; x_wconf 81' lang='lat' dir='ltr'><strong>cmlestibus</strong></span> <span class='ocrx_word' id='word_1_319' title='bbox 2580 1428 2593 1477; x_wconf 90' lang='lat'><strong>;</strong></span> <span class='ocrx_word' id='word_1_320' title='bbox 2618 1415 2675 1465; x_wconf 91' lang='lat' dir='ltr'><strong>et</strong></span> <span class='ocrx_word' id='word_1_321' title='bbox 2703 1427 2816 1468; x_wconf 92' lang='lat' dir='ltr'><strong>non</strong></span> <span class='ocrx_word' id='word_1_322' title='bbox 2849 1416 3102 1479; x_wconf 90' lang='lat' dir='ltr'><strong>tantum,</strong></span> <span class='ocrx_word' id='word_1_323' title='bbox 3136 1413 3425 1470; x_wconf 83' lang='lat' dir='ltr'><strong>adversum</strong></span> <span class='ocrx_word' id='word_1_324' title='bbox 3451 1418 3778 1487; x_wconf 79' lang='lat' dir='ltr'><strong>spiritualia</strong></span> 
     </span>
    </p>
   </div>
   <div class='ocr_carea' id='block_1_46' title="bbox 2129 1499 3779 1579">
    <p class='ocr_par' dir='ltr' id='par_1_46' title="bbox 2129 1499 3779 1579">
     <span class='ocr_line' id='line_1_46' title="bbox 2129 1499 3779 1579; baseline 0.006 -26"><span class='ocrx_word' id='word_1_325' title='bbox 2129 1499 2387 1569; x_wconf 67' lang='lat' dir='ltr'><strong>nequitiae</strong></span> <span class='ocrx_word' id='word_1_326' title='bbox 2425 1501 2486 1553; x_wconf 88' lang='lat' dir='ltr'><strong>in</strong></span> <span class='ocrx_word' id='word_1_327' title='bbox 2522 1500 2825 1555; x_wconf 72' lang='lat' dir='ltr'><strong>cwlestibus</strong></span> <span class='ocrx_word' id='word_1_328' title='bbox 2870 1502 2909 1555; x_wconf 92' lang='grc'><strong>¹.</strong></span> <span class='ocrx_word' id='word_1_329' title='bbox 2958 1502 3205 1558; x_wconf 81' lang='lat' dir='ltr'><strong>Maxime</strong></span> <span class='ocrx_word' id='word_1_330' title='bbox 3277 1504 3326 1559; x_wconf 89' lang='lat' dir='ltr'><strong>si</strong></span> <span class='ocrx_word' id='word_1_331' title='bbox 3392 1505 3779 1579; x_wconf 88' lang='lat' dir='ltr'><strong>intelligimus</strong></span> 
     </span>
    </p>
   </div>
   <div class='ocr_carea' id='block_1_47' title="bbox 2132 1589 3780 1663">
    <p class='ocr_par' dir='ltr' id='par_1_47' title="bbox 2132 1589 3780 1663">
     <span class='ocr_line' id='line_1_47' title="bbox 2132 1589 3780 1663; baseline 0.004 -20"><span class='ocrx_word' id='word_1_332' title='bbox 2132 1590 2218 1660; x_wconf 87' lang='lat' dir='ltr'><strong>(ut</strong></span> <span class='ocrx_word' id='word_1_333' title='bbox 2256 1589 2384 1661; x_wconf 85' lang='lat' dir='ltr'><strong>jam</strong></span> <span class='ocrx_word' id='word_1_334' title='bbox 2433 1605 2614 1660; x_wconf 87' lang='lat' dir='ltr'><strong>supra</strong></span> <span class='ocrx_word' id='word_1_335' title='bbox 2660 1589 2986 1661; x_wconf 83' lang='lat' dir='ltr'><strong>expositum</strong></span> <span class='ocrx_word' id='word_1_336' title='bbox 3040 1591 3148 1662; x_wconf 91' lang='lat' dir='ltr'><strong>est)</strong></span> <span class='ocrx_word' id='word_1_337' title='bbox 3180 1592 3472 1663; x_wconf 89' lang='lat' dir='ltr'><strong>quomodo</strong></span> <span class='ocrx_word' id='word_1_338' title='bbox 3521 1594 3780 1651; x_wconf 69' lang='lat' dir='ltr'><strong>coelestia</strong></span> 
     </span>
    </p>
   </div>
   <div class='ocr_carea' id='block_1_48' title="bbox 2133 1678 3778 1753">
    <p class='ocr_par' dir='ltr' id='par_1_48' title="bbox 2133 1678 3778 1753">
     <span class='ocr_line' id='line_1_48' title="bbox 2133 1678 3778 1753; baseline 0.004 -20"><span class='ocrx_word' id='word_1_339' title='bbox 2133 1678 2511 1734; x_wconf 90' lang='lat' dir='ltr'><strong>nominentur</strong></span> <span class='ocrx_word' id='word_1_340' title='bbox 2561 1683 2794 1750; x_wconf 82' lang='lat' dir='ltr'><strong>propter</strong></span> <span class='ocrx_word' id='word_1_341' title='bbox 2821 1678 3083 1735; x_wconf 89' lang='lat' dir='ltr'><strong>volucres</strong></span> <span class='ocrx_word' id='word_1_342' title='bbox 3113 1681 3261 1747; x_wconf 78' lang='lat' dir='ltr'><strong>cceli,</strong></span> <span class='ocrx_word' id='word_1_343' title='bbox 3295 1686 3353 1737; x_wconf 89' lang='lat' dir='ltr'><strong>et</strong></span> <span class='ocrx_word' id='word_1_344' title='bbox 3383 1684 3537 1753; x_wconf 89' lang='lat' dir='ltr'><strong>quod</strong></span> <span class='ocrx_word' id='word_1_345' title='bbox 3570 1684 3627 1737; x_wconf 90' lang='lat' dir='ltr'><strong>in</strong></span> <span class='ocrx_word' id='word_1_346' title='bbox 3667 1701 3778 1739; x_wconf 88' lang='lat' dir='ltr'><strong>usu</strong></span> 
     </span>
    </p>
   </div>
   <div class='ocr_carea' id='block_1_49' title="bbox 2053 1766 3777 1870">
    <p class='ocr_par' dir='ltr' id='par_1_49' title="bbox 2053 1766 3777 1870">
     <span class='ocr_line' id='line_1_49' title="bbox 2053 1766 3777 1870; baseline 0.003 -48"><span class='ocrx_word' id='word_1_347' title='bbox 2053 1805 2101 1870; x_wconf 84' lang='lat' dir='ltr'><strong>B</strong></span> <span class='ocrx_word' id='word_1_348' title='bbox 2133 1767 2367 1837; x_wconf 88' lang='lat' dir='ltr'><strong>dicitur,</strong></span> <span class='ocrx_word' id='word_1_349' title='bbox 2400 1766 2653 1838; x_wconf 89' lang='lat' dir='ltr'><strong>pluviam</strong></span> <span class='ocrx_word' id='word_1_350' title='bbox 2694 1766 2888 1823; x_wconf 87' lang='lat' dir='ltr'><strong>venire</strong></span> <span class='ocrx_word' id='word_1_351' title='bbox 2918 1767 2989 1823; x_wconf 91' lang='lat' dir='ltr'><strong>de</strong></span> <span class='ocrx_word' id='word_1_352' title='bbox 3020 1767 3158 1823; x_wconf 76' lang='lat' dir='ltr'><strong>cmlo</strong></span> <span class='ocrx_word' id='word_1_353' title='bbox 3188 1786 3201 1823; x_wconf 92' lang='lat'>:</span> <span class='ocrx_word' id='word_1_354' title='bbox 3236 1786 3350 1824; x_wconf 91' lang='lat' dir='ltr'><strong>non</strong></span> <span class='ocrx_word' id='word_1_355' title='bbox 3404 1786 3521 1842; x_wconf 90' lang='lat' dir='ltr'><strong>quo</strong></span> <span class='ocrx_word' id='word_1_356' title='bbox 3580 1771 3777 1843; x_wconf 89' lang='lat' dir='ltr'><strong>pluvia</strong></span> 
     </span>
    </p>
   </div>
   <div class='ocr_carea' id='block_1_50' title="bbox 2134 1855 3782 1929">
    <p class='ocr_par' dir='ltr' id='par_1_50' title="bbox 2134 1855 3782 1929">
     <span class='ocr_line' id='line_1_50' title="bbox 2134 1855 3782 1929; baseline 0.003 -18"><span class='ocrx_word' id='word_1_357' title='bbox 2134 1873 2163 1911; x_wconf 90' lang='lat' dir='ltr'><strong>e</strong></span> <span class='ocrx_word' id='word_1_358' title='bbox 2194 1856 2335 1912; x_wconf 77' lang='lat' dir='ltr'><strong>ccelo</strong></span> <span class='ocrx_word' id='word_1_359' title='bbox 2366 1857 2577 1910; x_wconf 90' lang='lat' dir='ltr'><strong>veniat.</strong></span> <span class='ocrx_word' id='word_1_360' title='bbox 2628 1855 2967 1927; x_wconf 90' lang='lat' dir='ltr'><strong>Philosophi</strong></span> <span class='ocrx_word' id='word_1_361' title='bbox 3012 1857 3228 1929; x_wconf 91' lang='lat' dir='ltr'><strong>quippe</strong></span> <span class='ocrx_word' id='word_1_362' title='bbox 3283 1859 3469 1925; x_wconf 85' lang='lat' dir='ltr'><strong>aiunt,</strong></span> <span class='ocrx_word' id='word_1_363' title='bbox 3510 1876 3624 1914; x_wconf 89' lang='lat' dir='ltr'><strong>non</strong></span> <span class='ocrx_word' id='word_1_364' title='bbox 3658 1876 3782 1917; x_wconf 88' lang='lat' dir='ltr'><strong>am-</strong></span> 
     </span>
    </p>
   </div>
   <div class='ocr_carea' id='block_1_51' title="bbox 2134 1944 3781 2018">
    <p class='ocr_par' dir='ltr' id='par_1_51' title="bbox 2134 1944 3781 2018">
     <span class='ocr_line' id='line_1_51' title="bbox 2134 1944 3781 2018; baseline 0.002 -17"><span class='ocrx_word' id='word_1_365' title='bbox 2134 1945 2312 2018; x_wconf 90' lang='lat' dir='ltr'><strong>plius,</strong></span> <span class='ocrx_word' id='word_1_366' title='bbox 2345 1962 2522 2017; x_wconf 90' lang='lat' dir='ltr'><strong>quam</strong></span> <span class='ocrx_word' id='word_1_367' title='bbox 2554 1945 2785 2001; x_wconf 90' lang='lat' dir='ltr'><strong>duobus</strong></span> <span class='ocrx_word' id='word_1_368' title='bbox 2816 1944 3083 2001; x_wconf 88' lang='lat' dir='ltr'><strong>millibus</strong></span> <span class='ocrx_word' id='word_1_369' title='bbox 3128 1962 3414 2017; x_wconf 89' lang='lat' dir='ltr'><strong>passuum</strong></span> <span class='ocrx_word' id='word_1_370' title='bbox 3447 1965 3479 2003; x_wconf 90' lang='lat' dir='ltr'><strong>a</strong></span> <span class='ocrx_word' id='word_1_371' title='bbox 3510 1954 3665 2005; x_wconf 87' lang='lat' dir='ltr'><strong>terra</strong></span> <span class='ocrx_word' id='word_1_372' title='bbox 3692 1950 3781 2005; x_wconf 92' lang='lat' dir='ltr'><strong>di-</strong></span> 
     </span>
    </p>
   </div>
   <div class='ocr_carea' id='block_1_52' title="bbox 2134 2034 3785 2108">
    <p class='ocr_par' dir='ltr' id='par_1_52' title="bbox 2134 2034 3785 2108">
     <span class='ocr_line' id='line_1_52' title="bbox 2134 2034 3785 2108; baseline 0.002 -17"><span class='ocrx_word' id='word_1_373' title='bbox 2134 2039 2288 2091; x_wconf 85' lang='lat' dir='ltr'><strong>stare</strong></span> <span class='ocrx_word' id='word_1_374' title='bbox 2317 2035 2523 2101; x_wconf 91' lang='lat' dir='ltr'><strong>nubes,</strong></span> <span class='ocrx_word' id='word_1_375' title='bbox 2555 2051 2623 2089; x_wconf 84' lang='lat' dir='ltr'><strong>ex</strong></span> <span class='ocrx_word' id='word_1_376' title='bbox 2653 2034 2869 2103; x_wconf 89' lang='lat' dir='ltr'><strong>quibus</strong></span> <span class='ocrx_word' id='word_1_377' title='bbox 2898 2034 3222 2090; x_wconf 90' lang='lat' dir='ltr'><strong>fundantur</strong></span> <span class='ocrx_word' id='word_1_378' title='bbox 3251 2035 3480 2108; x_wconf 67' lang='lat' dir='ltr'><strong>pluviae,</strong></span> <span class='ocrx_word' id='word_1_379' title='bbox 3510 2042 3567 2092; x_wconf 91' lang='lat' dir='ltr'><strong>et</strong></span> <span class='ocrx_word' id='word_1_380' title='bbox 3596 2039 3785 2096; x_wconf 87' lang='lat' dir='ltr'><strong>imber</strong></span> 
     </span>
    </p>
   </div>
   <div class='ocr_carea' id='block_1_53' title="bbox 2134 2123 3781 2197">
    <p class='ocr_par' dir='ltr' id='par_1_53' title="bbox 2134 2123 3781 2197">
     <span class='ocr_line' id='line_1_53' title="bbox 2134 2123 3781 2197; baseline 0.002 -20"><span class='ocrx_word' id='word_1_381' title='bbox 2134 2123 2361 2179; x_wconf 90' lang='lat' dir='ltr'><strong>irroret.</strong></span> <span class='ocrx_word' id='word_1_382' title='bbox 2386 2124 2563 2179; x_wconf 82' lang='lat' dir='ltr'><strong>Juxta</strong></span> <span class='ocrx_word' id='word_1_383' title='bbox 2592 2139 2767 2193; x_wconf 90' lang='lat' dir='ltr'><strong>quem</strong></span> <span class='ocrx_word' id='word_1_384' title='bbox 2798 2138 3039 2177; x_wconf 87' lang='lat' dir='ltr'><strong>sensum</strong></span> <span class='ocrx_word' id='word_1_385' title='bbox 3071 2126 3371 2179; x_wconf 72' lang='lat' dir='ltr'><strong>cataractas</strong></span> <span class='ocrx_word' id='word_1_386' title='bbox 3403 2142 3636 2197; x_wconf 89' lang='lat' dir='ltr'><strong>quoque</strong></span> <span class='ocrx_word' id='word_1_387' title='bbox 3656 2127 3781 2183; x_wconf 73' lang='grc' dir='ltr'><strong>οωιί</strong></span> 
     </span>
    </p>
   </div>
   <div class='ocr_carea' id='block_1_54' title="bbox 2135 2212 3785 2285">
    <p class='ocr_par' dir='ltr' id='par_1_54' title="bbox 2135 2212 3785 2285">
     <span class='ocr_line' id='line_1_54' title="bbox 2135 2212 3785 2285; baseline 0.002 -17"><span class='ocrx_word' id='word_1_388' title='bbox 2135 2212 2353 2268; x_wconf 92' lang='lat' dir='ltr'><strong>diluvio</strong></span> <span class='ocrx_word' id='word_1_389' title='bbox 2384 2216 2593 2284; x_wconf 66' lang='lat' dir='ltr'><strong>apertae</strong></span> <span class='ocrx_word' id='word_1_390' title='bbox 2624 2228 2753 2267; x_wconf 91' lang='lat' dir='ltr'><strong>esse</strong></span> <span class='ocrx_word' id='word_1_391' title='bbox 2783 2212 3052 2267; x_wconf 85' lang='lat' dir='ltr'><strong>feruntur</strong></span> <span class='ocrx_word' id='word_1_392' title='bbox 3081 2213 3259 2283; x_wconf 88' lang='lat' dir='ltr'><strong>(Gen.,</strong></span> <span class='ocrx_word' id='word_1_393' title='bbox 3290 2215 3510 2285; x_wconf 81' lang='lat' dir='ltr'><strong>v11,tt).</strong></span> <span class='ocrx_word' id='word_1_394' title='bbox 3544 2219 3785 2272; x_wconf 83' lang='lat' dir='ltr'><strong>Verum-</strong></span> 
     </span>
    </p>
   </div>
   <div class='ocr_carea' id='block_1_55' title="bbox 2134 2300 3787 2374">
    <p class='ocr_par' dir='ltr' id='par_1_55' title="bbox 2134 2300 3787 2374">
     <span class='ocr_line' id='line_1_55' title="bbox 2134 2300 3787 2374; baseline 0.002 -17"><span class='ocrx_word' id='word_1_395' title='bbox 2134 2307 2331 2357; x_wconf 89' lang='lat' dir='ltr'><strong>tamen</strong></span> <span class='ocrx_word' id='word_1_396' title='bbox 2393 2305 2612 2374; x_wconf 88' lang='lat' dir='ltr'><strong>quanto</strong></span> <span class='ocrx_word' id='word_1_397' title='bbox 2670 2300 2804 2372; x_wconf 89' lang='lat' dir='ltr'><strong>quis</strong></span> <span class='ocrx_word' id='word_1_398' title='bbox 2866 2301 3027 2372; x_wconf 81' lang='lat' dir='ltr'><strong>pejor</strong></span> <span class='ocrx_word' id='word_1_399' title='bbox 3076 2302 3268 2372; x_wconf 83' lang='lat' dir='ltr'><strong>fuerit,</strong></span> <span class='ocrx_word' id='word_1_400' title='bbox 3326 2307 3487 2358; x_wconf 88' lang='lat' dir='ltr'><strong>tanto</strong></span> <span class='ocrx_word' id='word_1_401' title='bbox 3544 2304 3787 2361; x_wconf 87' lang='lat' dir='ltr'><strong>vicinior</strong></span> 
     </span>
    </p>
   </div>
   <div class='ocr_carea' id='block_1_56' title="bbox 2138 2389 3783 2465">
    <p class='ocr_par' dir='ltr' id='par_1_56' title="bbox 2138 2389 3783 2465">
     <span class='ocr_line' id='line_1_56' title="bbox 2138 2389 3783 2465; baseline 0.002 -19"><span class='ocrx_word' id='word_1_402' title='bbox 2138 2393 2248 2446; x_wconf 89' lang='lat' dir='ltr'><strong>erit</strong></span> <span class='ocrx_word' id='word_1_403' title='bbox 2277 2390 2634 2461; x_wconf 70' lang='lat' dir='ltr'><strong>terrae,locis,</strong></span> <span class='ocrx_word' id='word_1_404' title='bbox 2666 2395 2725 2445; x_wconf 91' lang='lat' dir='ltr'><strong>et</strong></span> <span class='ocrx_word' id='word_1_405' title='bbox 2754 2389 3044 2461; x_wconf 91' lang='lat' dir='ltr'><strong>pinguiori</strong></span> <span class='ocrx_word' id='word_1_406' title='bbox 3079 2390 3442 2447; x_wconf 67' lang='lat' dir='ltr'><strong>substantias.</strong></span> <span class='ocrx_word' id='word_1_407' title='bbox 3478 2393 3783 2465; x_wconf 89' lang='lat' dir='ltr'><strong>Siquidem</strong></span> 
     </span>
    </p>
   </div>
   <div class='ocr_carea' id='block_1_57' title="bbox 2137 2479 3790 2550">
    <p class='ocr_par' dir='ltr' id='par_1_57' title="bbox 2137 2479 3790 2550">
     <span class='ocr_line' id='line_1_57' title="bbox 2137 2479 3790 2550; baseline 0.001 -14"><span class='ocrx_word' id='word_1_408' title='bbox 2137 2486 2194 2537; x_wconf 91' lang='lat' dir='ltr'><strong>et</strong></span> <span class='ocrx_word' id='word_1_409' title='bbox 2239 2486 2413 2550; x_wconf 87' lang='lat' dir='ltr'><strong>terra,</strong></span> <span class='ocrx_word' id='word_1_410' title='bbox 2473 2484 2530 2535; x_wconf 89' lang='lat' dir='ltr'><strong>et</strong></span> <span class='ocrx_word' id='word_1_411' title='bbox 2587 2479 2985 2535; x_wconf 89' lang='lat' dir='ltr'><strong>circumdatus</strong></span> <span class='ocrx_word' id='word_1_412' title='bbox 3033 2479 3202 2534; x_wconf 89' lang='lat' dir='ltr'><strong>nobis</strong></span> <span class='ocrx_word' id='word_1_413' title='bbox 3260 2481 3414 2535; x_wconf 76' lang='lat'><strong>616</strong></span> <span class='ocrx_word' id='word_1_414' title='bbox 3445 2497 3543 2536; x_wconf 88' lang='lat' dir='ltr'><strong>aer</strong></span> <span class='ocrx_word' id='word_1_415' title='bbox 3572 2482 3790 2537; x_wconf 90' lang='lat' dir='ltr'><strong>habent</strong></span> 
     </span>
    </p>
   </div>
   <div class='ocr_carea' id='block_1_58' title="bbox 2138 2568 3789 2643">
    <p class='ocr_par' dir='ltr' id='par_1_58' title="bbox 2138 2568 3789 2643">
     <span class='ocr_line' id='line_1_58' title="bbox 2138 2568 3789 2643; baseline 0 -18"><span class='ocrx_word' id='word_1_416' title='bbox 2138 2570 2556 2643; x_wconf 90' lang='lat' dir='ltr'><strong>pinguedinem</strong></span> <span class='ocrx_word' id='word_1_417' title='bbox 2589 2585 2758 2623; x_wconf 89' lang='lat' dir='ltr'><strong>suam</strong></span> <span class='ocrx_word' id='word_1_418' title='bbox 2784 2584 2798 2623; x_wconf 89' lang='lat'><strong>:</strong></span> <span class='ocrx_word' id='word_1_419' title='bbox 2849 2568 3027 2623; x_wconf 86' lang='lat' dir='ltr'><strong>Aiunt</strong></span> <span class='ocrx_word' id='word_1_420' title='bbox 3058 2568 3296 2640; x_wconf 89' lang='lat' dir='ltr'><strong>quidam</strong></span> <span class='ocrx_word' id='word_1_421' title='bbox 3318 2572 3375 2623; x_wconf 91' lang='lat' dir='ltr'><strong>et</strong></span> <span class='ocrx_word' id='word_1_422' title='bbox 3404 2569 3633 2626; x_wconf 90' lang='lat' dir='ltr'><strong>animas</strong></span> <span class='ocrx_word' id='word_1_423' title='bbox 3662 2587 3789 2627; x_wconf 90' lang='lat' dir='ltr'><strong>cor-</strong></span> 
     </span>
    </p>
   </div>
   <div class='ocr_carea' id='block_1_59' title="bbox 2140 2657 3794 2731">
    <p class='ocr_par' dir='ltr' id='par_1_59' title="bbox 2140 2657 3794 2731">
     <span class='ocr_line' id='line_1_59' title="bbox 2140 2657 3794 2731; baseline 0.001 -17"><span class='ocrx_word' id='word_1_424' title='bbox 2140 2660 2379 2731; x_wconf 89' lang='lat' dir='ltr'><strong>poribus</strong></span> <span class='ocrx_word' id='word_1_425' title='bbox 2412 2658 2714 2728; x_wconf 88' lang='lat' dir='ltr'><strong>liberatas,</strong></span> <span class='ocrx_word' id='word_1_426' title='bbox 2758 2658 2808 2712; x_wconf 87' lang='lat' dir='ltr'><strong>si</strong></span> <span class='ocrx_word' id='word_1_427' title='bbox 2838 2662 3151 2712; x_wconf 76' lang='lat' dir='ltr'><strong>attenuatae</strong></span> <span class='ocrx_word' id='word_1_428' title='bbox 3183 2657 3402 2713; x_wconf 90' lang='lat' dir='ltr'><strong>fuerint</strong></span> <span class='ocrx_word' id='word_1_429' title='bbox 3428 2659 3491 2714; x_wconf 87' lang='lat' dir='ltr'><strong>in</strong></span> <span class='ocrx_word' id='word_1_430' title='bbox 3521 2659 3794 2730; x_wconf 68' lang='lat' dir='ltr'><strong>praesenti</strong></span> 
     </span>
    </p>
   </div>
   <div class='ocr_carea' id='block_1_60' title="bbox 2138 2744 3791 2818">
    <p class='ocr_par' dir='ltr' id='par_1_60' title="bbox 2138 2744 3791 2818">
     <span class='ocr_line' id='line_1_60' title="bbox 2138 2744 3791 2818; baseline 0.001 -16"><span class='ocrx_word' id='word_1_431' title='bbox 2138 2749 2276 2814; x_wconf 87' lang='lat' dir='ltr'><strong>vita,</strong></span> <span class='ocrx_word' id='word_1_432' title='bbox 2307 2752 2364 2803; x_wconf 90' lang='lat' dir='ltr'><strong>et</strong></span> <span class='ocrx_word' id='word_1_433' title='bbox 2392 2747 2554 2811; x_wconf 88' lang='lat' dir='ltr'><strong>lima,</strong></span> <span class='ocrx_word' id='word_1_434' title='bbox 2588 2750 2653 2803; x_wconf 91' lang='lat' dir='ltr'><strong>ut</strong></span> <span class='ocrx_word' id='word_1_435' title='bbox 2681 2747 2763 2801; x_wconf 89' lang='lat' dir='ltr'><strong>ita</strong></span> <span class='ocrx_word' id='word_1_436' title='bbox 2804 2746 3018 2812; x_wconf 89' lang='lat' dir='ltr'><strong>dicam,</strong></span> <span class='ocrx_word' id='word_1_437' title='bbox 3068 2744 3346 2813; x_wconf 78' lang='grc' dir='ltr'><strong>ἀσκήσεως</strong></span> <span class='ocrx_word' id='word_1_438' title='bbox 3388 2751 3562 2818; x_wconf 89' lang='lat' dir='ltr'><strong>atque</strong></span> <span class='ocrx_word' id='word_1_439' title='bbox 3610 2747 3791 2803; x_wconf 85' lang='lat' dir='ltr'><strong>virtu-</strong></span> 
     </span>
    </p>
   </div>
   <div class='ocr_carea' id='block_1_61' title="bbox 2142 2833 3792 2906">
    <p class='ocr_par' dir='ltr' id='par_1_61' title="bbox 2142 2833 3792 2906">
     <span class='ocr_line' id='line_1_61' title="bbox 2142 2833 3792 2906; baseline 0.001 -15"><span class='ocrx_word' id='word_1_440' title='bbox 2142 2842 2292 2902; x_wconf 87' lang='lat' dir='ltr'><strong>tum,</strong></span> <span class='ocrx_word' id='word_1_441' title='bbox 2325 2837 2385 2891; x_wconf 92' lang='lat' dir='ltr'><strong>in</strong></span> <span class='ocrx_word' id='word_1_442' title='bbox 2416 2835 2631 2891; x_wconf 89' lang='lat' dir='ltr'><strong>subtile</strong></span> <span class='ocrx_word' id='word_1_443' title='bbox 2678 2851 2893 2906; x_wconf 91' lang='lat' dir='ltr'><strong>corpus</strong></span> <span class='ocrx_word' id='word_1_444' title='bbox 2923 2834 3152 2905; x_wconf 68' lang='lat' dir='ltr'><strong>attritis,</strong></span> <span class='ocrx_word' id='word_1_445' title='bbox 3186 2850 3301 2889; x_wconf 92' lang='lat' dir='ltr'><strong>non</strong></span> <span class='ocrx_word' id='word_1_446' title='bbox 3335 2833 3702 2891; x_wconf 76' lang='lat' dir='ltr'><strong>habitaturus</strong></span> <span class='ocrx_word' id='word_1_447' title='bbox 3733 2838 3792 2892; x_wconf 91' lang='lat' dir='ltr'><strong>in</strong></span> 
     </span>
    </p>
   </div>
   <div class='ocr_carea' id='block_1_62' title="bbox 2142 2923 3790 2999">
    <p class='ocr_par' dir='ltr' id='par_1_62' title="bbox 2142 2923 3790 2999">
     <span class='ocr_line' id='line_1_62' title="bbox 2142 2923 3790 2999; baseline 0.001 -19"><span class='ocrx_word' id='word_1_448' title='bbox 2142 2925 2551 2999; x_wconf 89' lang='lat' dir='ltr'><strong>pinguioribus</strong></span> <span class='ocrx_word' id='word_1_449' title='bbox 2583 2923 2724 2979; x_wconf 91' lang='lat' dir='ltr'><strong>locis</strong></span> <span class='ocrx_word' id='word_1_450' title='bbox 2758 2940 2773 2978; x_wconf 91' lang='lat'><strong>:</strong></span> <span class='ocrx_word' id='word_1_451' title='bbox 2806 2924 2905 2978; x_wconf 91' lang='lat' dir='ltr'><strong>sed</strong></span> <span class='ocrx_word' id='word_1_452' title='bbox 2943 2923 3082 2989; x_wconf 90' lang='lat' dir='ltr'><strong>Deo,</strong></span> <span class='ocrx_word' id='word_1_453' title='bbox 3141 2923 3242 2995; x_wconf 89' lang='lat' dir='ltr'><strong>qui</strong></span> <span class='ocrx_word' id='word_1_454' title='bbox 3273 2923 3652 2995; x_wconf 88' lang='lat' dir='ltr'><strong>incorporeus</strong></span> <span class='ocrx_word' id='word_1_455' title='bbox 3682 2929 3790 2995; x_wconf 86' lang='lat' dir='ltr'><strong>est,</strong></span> 
     </span>
    </p>
   </div>
   <div class='ocr_carea' id='block_1_63' title="bbox 2110 3011 3795 3085">
    <p class='ocr_par' dir='ltr' id='par_1_63' title="bbox 2110 3011 3795 3085">
     <span class='ocr_line' id='line_1_63' title="bbox 2110 3011 3795 3085; baseline -0.001 -14"><span class='ocrx_word' id='word_1_456' title='bbox 2110 3076 2113 3079; x_wconf 49' lang='grc'>,</span> <span class='ocrx_word' id='word_1_457' title='bbox 2142 3016 2363 3071; x_wconf 91' lang='lat' dir='ltr'><strong>vicinas</strong></span> <span class='ocrx_word' id='word_1_458' title='bbox 2386 3014 2593 3070; x_wconf 90' lang='lat' dir='ltr'><strong>fore.Si</strong></span> <span class='ocrx_word' id='word_1_459' title='bbox 2624 3029 2757 3068; x_wconf 91' lang='lat' dir='ltr'><strong>vero</strong></span> <span class='ocrx_word' id='word_1_460' title='bbox 2780 3012 2928 3067; x_wconf 88' lang='lat' dir='ltr'><strong>tales</strong></span> <span class='ocrx_word' id='word_1_461' title='bbox 2951 3011 3265 3079; x_wconf 85' lang='lat' dir='ltr'><strong>fuerint,de</strong></span> <span class='ocrx_word' id='word_1_462' title='bbox 3286 3012 3503 3083; x_wconf 91' lang='lat' dir='ltr'><strong>quibus</strong></span> <span class='ocrx_word' id='word_1_463' title='bbox 3520 3011 3635 3068; x_wconf 92' lang='lat' dir='ltr'><strong>dici</strong></span> <span class='ocrx_word' id='word_1_464' title='bbox 3658 3030 3795 3085; x_wconf 91' lang='lat' dir='ltr'><strong>pos-</strong></span> 
     </span>
    </p>
   </div>
   <div class='ocr_carea' id='block_1_64' title="bbox 2148 3101 3797 3173">
    <p class='ocr_par' dir='ltr' id='par_1_64' title="bbox 2148 3101 3797 3173">
     <span class='ocr_line' id='line_1_64' title="bbox 2148 3101 3797 3173; baseline -0.002 -12"><span class='ocrx_word' id='word_1_465' title='bbox 2148 3105 2262 3172; x_wconf 88' lang='lat' dir='ltr'><strong>sit;</strong></span> <span class='ocrx_word' id='word_1_466' title='bbox 2294 3104 2435 3160; x_wconf 82' lang='lat' dir='ltr'><strong>Filii</strong></span> <span class='ocrx_word' id='word_1_467' title='bbox 2461 3104 3047 3173; x_wconf 84' lang='lat' dir='ltr'><strong>hominum,usquequo</strong></span> <span class='ocrx_word' id='word_1_468' title='bbox 3066 3102 3243 3171; x_wconf 87' lang='lat' dir='ltr'><strong>gravi,</strong></span> <span class='ocrx_word' id='word_1_469' title='bbox 3266 3101 3386 3157; x_wconf 90' lang='lat' dir='ltr'><strong>sive</strong></span> <span class='ocrx_word' id='word_1_470' title='bbox 3410 3103 3614 3173; x_wconf 79' lang='lat' dir='ltr'><strong>pingui</strong></span> <span class='ocrx_word' id='word_1_471' title='bbox 3639 3103 3797 3158; x_wconf 86' lang='lat' dir='ltr'><strong>corde</strong></span> 
     </span>
    </p>
   </div>
   <div class='ocr_carea' id='block_1_65' title="bbox 386 3177 3797 3265">
    <p class='ocr_par' dir='ltr' id='par_1_65' title="bbox 386 3177 3797 3265">
     <span class='ocr_line' id='line_1_65' title="bbox 386 3177 3797 3265; baseline -0.001 -15"><span class='ocrx_word' id='word_1_472' title='bbox 386 3209 556 3249; x_wconf 85' lang='lat' dir='ltr'><strong>suum</strong></span> <span class='ocrx_word' id='word_1_473' title='bbox 594 3195 750 3262; x_wconf 69' lang='lat' dir='ltr'><strong>esset,</strong></span> <span class='ocrx_word' id='word_1_474' title='bbox 784 3192 998 3245; x_wconf 78' lang='lat' dir='ltr'><strong>amaret</strong></span> <span class='ocrx_word' id='word_1_475' title='bbox 1036 3188 1212 3259; x_wconf 69' lang='grc' dir='ltr'><strong>(Ιοαῆ-</strong></span> <span class='ocrx_word' id='word_1_476' title='bbox 1268 3204 1358 3254; x_wconf 79' lang='lat' dir='ltr'><strong>XV,</strong></span> <span class='ocrx_word' id='word_1_477' title='bbox 1394 3188 1502 3258; x_wconf 86' lang='grc'><strong>19),</strong></span> <span class='ocrx_word' id='word_1_478' title='bbox 1558 3203 1673 3242; x_wconf 83' lang='lat' dir='ltr'><strong>non</strong></span> <span class='ocrx_word' id='word_1_479' title='bbox 1733 3188 2038 3244; x_wconf 74' lang='lat' dir='ltr'><strong>redeamus</strong></span> <span class='ocrx_word' id='word_1_480' title='bbox 2067 3177 2110 3243; x_wconf 69' lang='grc' dir='ltr'><strong>ί]</strong></span> <span class='ocrx_word' id='word_1_481' title='bbox 2150 3194 2318 3265; x_wconf 89' lang='lat' dir='ltr'><strong>(Psal.</strong></span> <span class='ocrx_word' id='word_1_482' title='bbox 2354 3210 2427 3263; x_wconf 80' lang='lat' dir='ltr'><strong>Iv,</strong></span> <span class='ocrx_word' id='word_1_483' title='bbox 2458 3193 2535 3261; x_wconf 91' lang='lat'><strong>3),</strong></span> <span class='ocrx_word' id='word_1_484' title='bbox 2568 3191 2889 3247; x_wconf 89' lang='lat' dir='ltr'><strong>secundum</strong></span> <span class='ocrx_word' id='word_1_485' title='bbox 2950 3189 3359 3245; x_wconf 88' lang='lat' dir='ltr'><strong>crassitudinis</strong></span> <span class='ocrx_word' id='word_1_486' title='bbox 3418 3207 3535 3246; x_wconf 65' lang='lat' dir='ltr'><strong>sua:</strong></span> <span class='ocrx_word' id='word_1_487' title='bbox 3567 3192 3797 3263; x_wconf 84' lang='lat' dir='ltr'><strong>pondus</strong></span> 
     </span>
    </p>
   </div>
   <div class='ocr_carea' id='block_1_66' title="bbox 388 3276 2039 3350">
    <p class='ocr_par' dir='ltr' id='par_1_66' title="bbox 388 3276 2039 3350">
     <span class='ocr_line' id='line_1_66' title="bbox 388 3276 2039 3350; baseline -0.004 -12"><span class='ocrx_word' id='word_1_488' title='bbox 388 3283 461 3337; x_wconf 90' lang='lat' dir='ltr'><strong>ad</strong></span> <span class='ocrx_word' id='word_1_489' title='bbox 508 3281 942 3350; x_wconf 89' lang='lat' dir='ltr'><strong>mundum,nec</strong></span> <span class='ocrx_word' id='word_1_490' title='bbox 980 3276 1368 3348; x_wconf 89' lang='lat' dir='ltr'><strong>subjiciamur</strong></span> <span class='ocrx_word' id='word_1_491' title='bbox 1398 3276 1448 3331; x_wconf 93' lang='lat' dir='ltr'><strong>ei</strong></span> <span class='ocrx_word' id='word_1_492' title='bbox 1483 3292 1496 3331; x_wconf 91' lang='lat'><strong>:</strong></span> <span class='ocrx_word' id='word_1_493' title='bbox 1531 3276 1631 3332; x_wconf 88' lang='lat' dir='ltr'><strong>sed</strong></span> <span class='ocrx_word' id='word_1_494' title='bbox 1664 3277 2039 3349; x_wconf 83' lang='lat' dir='ltr'><strong>crucifigatur</strong></span> 
     </span>
    </p>
   </div>
   <div class='ocr_carea' id='block_1_67' title="bbox 390 3364 2041 3438">
    <p class='ocr_par' dir='ltr' id='par_1_67' title="bbox 390 3364 2041 3438">
     <span class='ocr_line' id='line_1_67' title="bbox 390 3364 2041 3438; baseline -0.004 -11"><span class='ocrx_word' id='word_1_495' title='bbox 390 3371 565 3427; x_wconf 91' lang='lat' dir='ltr'><strong>nobis</strong></span> <span class='ocrx_word' id='word_1_496' title='bbox 597 3369 944 3438; x_wconf 90' lang='lat' dir='ltr'><strong>mundus,et</strong></span> <span class='ocrx_word' id='word_1_497' title='bbox 971 3383 1079 3423; x_wconf 92' lang='lat' dir='ltr'><strong>nos</strong></span> <span class='ocrx_word' id='word_1_498' title='bbox 1108 3366 1181 3433; x_wconf 92' lang='lat' dir='ltr'><strong>ei,</strong></span> <span class='ocrx_word' id='word_1_499' title='bbox 1204 3370 1269 3420; x_wconf 90' lang='lat' dir='ltr'><strong>ut</strong></span> <span class='ocrx_word' id='word_1_500' title='bbox 1299 3370 1487 3422; x_wconf 86' lang='lat' dir='ltr'><strong>rector</strong></span> <span class='ocrx_word' id='word_1_501' title='bbox 1515 3364 1687 3432; x_wconf 88' lang='lat' dir='ltr'><strong>lucis,</strong></span> <span class='ocrx_word' id='word_1_502' title='bbox 1709 3366 1884 3423; x_wconf 89' lang='lat' dir='ltr'><strong>Jesus</strong></span> <span class='ocrx_word' id='word_1_503' title='bbox 1915 3382 2041 3438; x_wconf 73' lang='lat' dir='ltr'><strong>pro~</strong></span> 
     </span>
    </p>
   </div>
   <div class='ocr_carea' id='block_1_68' title="bbox 391 3455 2043 3533">
    <p class='ocr_par' dir='ltr' id='par_1_68' title="bbox 391 3455 2043 3533">
     <span class='ocr_line' id='line_1_68' title="bbox 391 3455 2043 3533; baseline -0.002 -18"><span class='ocrx_word' id='word_1_504' title='bbox 391 3459 520 3533; x_wconf 91' lang='lat' dir='ltr'><strong>prio</strong></span> <span class='ocrx_word' id='word_1_505' title='bbox 550 3459 773 3515; x_wconf 91' lang='lat' dir='ltr'><strong>mundo</strong></span> <span class='ocrx_word' id='word_1_506' title='bbox 803 3473 911 3513; x_wconf 92' lang='lat' dir='ltr'><strong>nos</strong></span> <span class='ocrx_word' id='word_1_507' title='bbox 942 3455 1194 3528; x_wconf 89' lang='lat' dir='ltr'><strong>copulet,</strong></span> <span class='ocrx_word' id='word_1_508' title='bbox 1228 3460 1285 3511; x_wconf 91' lang='lat' dir='ltr'><strong>et</strong></span> <span class='ocrx_word' id='word_1_509' title='bbox 1314 3455 1423 3510; x_wconf 93' lang='lat' dir='ltr'><strong>sub</strong></span> <span class='ocrx_word' id='word_1_510' title='bbox 1483 3455 1679 3511; x_wconf 90' lang='lat' dir='ltr'><strong>Patris</strong></span> <span class='ocrx_word' id='word_1_511' title='bbox 1709 3470 1837 3511; x_wconf 88' lang='lat' dir='ltr'><strong>esse</strong></span> <span class='ocrx_word' id='word_1_512' title='bbox 1867 3456 2043 3512; x_wconf 84' lang='lat' dir='ltr'><strong>faciat</strong></span> 
     </span>
    </p>
   </div>
   <div class='ocr_carea' id='block_1_69' title="bbox 393 3544 2038 3618">
    <p class='ocr_par' dir='ltr' id='par_1_69' title="bbox 393 3544 2038 3618">
     <span class='ocr_line' id='line_1_69' title="bbox 393 3544 2038 3618; baseline -0.002 -13"><span class='ocrx_word' id='word_1_513' title='bbox 393 3549 634 3614; x_wconf 89' lang='lat' dir='ltr'><strong>ditione,</strong></span> <span class='ocrx_word' id='word_1_514' title='bbox 686 3552 883 3603; x_wconf 90' lang='lat' dir='ltr'><strong>erutos</strong></span> <span class='ocrx_word' id='word_1_515' title='bbox 931 3546 1003 3601; x_wconf 89' lang='lat' dir='ltr'><strong>de</strong></span> <span class='ocrx_word' id='word_1_516' title='bbox 1041 3544 1364 3617; x_wconf 88' lang='lat' dir='ltr'><strong>spiritualis</strong></span> <span class='ocrx_word' id='word_1_517' title='bbox 1407 3544 1684 3615; x_wconf 74' lang='lat' dir='ltr'><strong>nequitias</strong></span> <span class='ocrx_word' id='word_1_518' title='bbox 1730 3549 2038 3618; x_wconf 88' lang='lat' dir='ltr'><strong>potestate,</strong></span> 
     </span>
    </p>
   </div>
   <div class='ocr_carea' id='block_1_70' title="bbox 394 3633 2041 3706">
    <p class='ocr_par' dir='ltr' id='par_1_70' title="bbox 394 3633 2041 3706">
     <span class='ocr_line' id='line_1_70' title="bbox 394 3633 2041 3706; baseline -0.002 -11"><span class='ocrx_word' id='word_1_519' title='bbox 394 3644 456 3695; x_wconf 89' lang='lat' dir='ltr'><strong>et</strong></span> <span class='ocrx_word' id='word_1_520' title='bbox 480 3639 551 3694; x_wconf 91' lang='lat' dir='ltr'><strong>de</strong></span> <span class='ocrx_word' id='word_1_521' title='bbox 580 3636 723 3693; x_wconf 90' lang='lat' dir='ltr'><strong>ccelo</strong></span> <span class='ocrx_word' id='word_1_522' title='bbox 777 3652 980 3692; x_wconf 92' lang='lat' dir='ltr'><strong>eorum</strong></span> <span class='ocrx_word' id='word_1_523' title='bbox 1010 3635 1164 3706; x_wconf 90' lang='lat' dir='ltr'><strong>quod</strong></span> <span class='ocrx_word' id='word_1_524' title='bbox 1220 3633 1608 3689; x_wconf 87' lang='lat' dir='ltr'><strong>transiturum</strong></span> <span class='ocrx_word' id='word_1_525' title='bbox 1664 3638 1772 3701; x_wconf 90' lang='lat' dir='ltr'><strong>est,</strong></span> <span class='ocrx_word' id='word_1_526' title='bbox 1805 3650 1911 3690; x_wconf 92' lang='lat' dir='ltr'><strong>nec</strong></span> <span class='ocrx_word' id='word_1_527' title='bbox 1942 3635 2041 3691; x_wconf 91' lang='lat' dir='ltr'><strong>Dei</strong></span> 
     </span>
    </p>
   </div>
   <div class='ocr_carea' id='block_1_71' title="bbox 394 3722 2045 3799">
    <p class='ocr_par' dir='ltr' id='par_1_71' title="bbox 394 3722 2045 3799">
     <span class='ocr_line' id='line_1_71' title="bbox 394 3722 2045 3799; baseline -0.002 -16"><span class='ocrx_word' id='word_1_528' title='bbox 394 3726 566 3783; x_wconf 87' lang='lat' dir='ltr'><strong>sedes</strong></span> <span class='ocrx_word' id='word_1_529' title='bbox 587 3723 868 3799; x_wconf 91' lang='lat' dir='ltr'><strong>appellari</strong></span> <span class='ocrx_word' id='word_1_530' title='bbox 885 3728 1098 3795; x_wconf 89' lang='lat' dir='ltr'><strong>potest.</strong></span> <span class='ocrx_word' id='word_1_531' title='bbox 1135 3722 1389 3794; x_wconf 84' lang='lat' dir='ltr'><strong>Impium</strong></span> <span class='ocrx_word' id='word_1_532' title='bbox 1421 3722 1636 3795; x_wconf 89' lang='lat' dir='ltr'><strong>quippe</strong></span> <span class='ocrx_word' id='word_1_533' title='bbox 1665 3728 1847 3789; x_wconf 87' lang='lat' dir='ltr'><strong>est,ut</strong></span> <span class='ocrx_word' id='word_1_534' title='bbox 1877 3724 2045 3795; x_wconf 90' lang='lat' dir='ltr'><strong>spiri-</strong></span> 
     </span>
    </p>
   </div>
   <div class='ocr_carea' id='block_1_72' title="bbox 391 3810 2043 3886">
    <p class='ocr_par' dir='ltr' id='par_1_72' title="bbox 391 3810 2043 3886">
     <span class='ocr_line' id='line_1_72' title="bbox 391 3810 2043 3886; baseline -0.001 -16"><span class='ocrx_word' id='word_1_535' title='bbox 391 3815 576 3871; x_wconf 90' lang='lat' dir='ltr'><strong>tualia</strong></span> <span class='ocrx_word' id='word_1_536' title='bbox 622 3813 891 3886; x_wconf 70' lang='lat' dir='ltr'><strong>nequitia:</strong></span> <span class='ocrx_word' id='word_1_537' title='bbox 927 3812 987 3867; x_wconf 92' lang='lat' dir='ltr'><strong>in</strong></span> <span class='ocrx_word' id='word_1_538' title='bbox 1036 3812 1388 3881; x_wconf 79' lang='lat' dir='ltr'><strong>coelestibus,</strong></span> <span class='ocrx_word' id='word_1_539' title='bbox 1420 3827 1554 3867; x_wconf 90' lang='lat' dir='ltr'><strong>eum</strong></span> <span class='ocrx_word' id='word_1_540' title='bbox 1602 3810 1815 3867; x_wconf 81' lang='lat' dir='ltr'><strong>cmlum</strong></span> <span class='ocrx_word' id='word_1_541' title='bbox 1847 3817 2043 3868; x_wconf 89' lang='lat' dir='ltr'><strong>tenere</strong></span> 
     </span>
    </p>
   </div>
   <div class='ocr_carea' id='block_1_73' title="bbox 393 3901 2041 3974">
    <p class='ocr_par' dir='ltr' id='par_1_73' title="bbox 393 3901 2041 3974">
     <span class='ocr_line' id='line_1_73' title="bbox 393 3901 2041 3974; baseline -0.002 -15"><span class='ocrx_word' id='word_1_542' title='bbox 393 3903 803 3969; x_wconf 86' lang='lat' dir='ltr'><strong>credantur,de</strong></span> <span class='ocrx_word' id='word_1_543' title='bbox 833 3919 949 3974; x_wconf 92' lang='lat' dir='ltr'><strong>quo</strong></span> <span class='ocrx_word' id='word_1_544' title='bbox 975 3901 1236 3974; x_wconf 90' lang='lat' dir='ltr'><strong>loquitur</strong></span> <span class='ocrx_word' id='word_1_545' title='bbox 1268 3905 1417 3955; x_wconf 86' lang='lat' dir='ltr'><strong>Deus</strong></span> <span class='ocrx_word' id='word_1_546' title='bbox 1450 3918 1463 3956; x_wconf 88' lang='lat'><strong>:</strong></span> <span class='ocrx_word' id='word_1_547' title='bbox 1499 3901 1706 3956; x_wconf 77' lang='lat' dir='ltr'><strong>Cwlum</strong></span> <span class='ocrx_word' id='word_1_548' title='bbox 1735 3902 1873 3955; x_wconf 84' lang='lat' dir='ltr'><strong>mihi</strong></span> <span class='ocrx_word' id='word_1_549' title='bbox 1896 3902 2041 3957; x_wconf 87' lang='lat' dir='ltr'><strong>thro-</strong></span> 
     </span>
    </p>
   </div>
   <div class='ocr_carea' id='block_1_74' title="bbox 391 3988 2075 4065">
    <p class='ocr_par' dir='ltr' id='par_1_74' title="bbox 391 3988 2075 4065">
     <span class='ocr_line' id='line_1_74' title="bbox 391 3988 2075 4065; baseline -0.002 -16"><span class='ocrx_word' id='word_1_550' title='bbox 391 4010 499 4049; x_wconf 85' lang='lat' dir='ltr'><strong>nus</strong></span> <span class='ocrx_word' id='word_1_551' title='bbox 529 4001 606 4049; x_wconf 90' lang='lat' dir='ltr'><strong>est</strong></span> <span class='ocrx_word' id='word_1_552' title='bbox 645 3994 780 4065; x_wconf 84' lang='lat' dir='ltr'><strong>(Isa.</strong></span> <span class='ocrx_word' id='word_1_553' title='bbox 818 4008 963 4059; x_wconf 79' lang='lat' dir='ltr'><strong>LXVI,</strong></span> <span class='ocrx_word' id='word_1_554' title='bbox 1018 3992 1091 4061; x_wconf 82' lang='grc'><strong>1).</strong></span> <span class='ocrx_word' id='word_1_555' title='bbox 1144 3991 1345 4061; x_wconf 89' lang='lat' dir='ltr'><strong>Itaque</strong></span> <span class='ocrx_word' id='word_1_556' title='bbox 1377 3989 1476 4061; x_wconf 93' lang='lat' dir='ltr'><strong>qui</strong></span> <span class='ocrx_word' id='word_1_557' title='bbox 1526 3988 1798 4060; x_wconf 84' lang='lat' dir='ltr'><strong>intelligit</strong></span> <span class='ocrx_word' id='word_1_558' title='bbox 1825 3996 2075 4061; x_wconf 81' lang='lat' dir='ltr'><strong>quanta&#39;</strong></span> 
     </span>
    </p>
   </div>
   <div class='ocr_carea' id='block_1_75' title="bbox 392 4079 2046 4151">
    <p class='ocr_par' dir='ltr' id='par_1_75' title="bbox 392 4079 2046 4151">
     <span class='ocr_line' id='line_1_75' title="bbox 392 4079 2046 4151; baseline -0.002 -13"><span class='ocrx_word' id='word_1_559' title='bbox 392 4084 455 4138; x_wconf 92' lang='lat' dir='ltr'><strong>in</strong></span> <span class='ocrx_word' id='word_1_560' title='bbox 486 4082 598 4138; x_wconf 89' lang='lat' dir='ltr'><strong>isto</strong></span> <span class='ocrx_word' id='word_1_561' title='bbox 629 4082 872 4151; x_wconf 86' lang='lat' dir='ltr'><strong>mundo,</strong></span> <span class='ocrx_word' id='word_1_562' title='bbox 906 4079 1075 4136; x_wconf 90' lang='lat' dir='ltr'><strong>nobis</strong></span> <span class='ocrx_word' id='word_1_563' title='bbox 1097 4084 1154 4135; x_wconf 90' lang='lat' dir='ltr'><strong>et</strong></span> <span class='ocrx_word' id='word_1_564' title='bbox 1183 4079 1591 4151; x_wconf 67' lang='lat' dir='ltr'><strong>praesentibus,</strong></span> <span class='ocrx_word' id='word_1_565' title='bbox 1616 4084 1673 4134; x_wconf 90' lang='lat' dir='ltr'><strong>et</strong></span> <span class='ocrx_word' id='word_1_566' title='bbox 1704 4079 2046 4147; x_wconf 83' lang='lat' dir='ltr'><strong>absentibus</strong></span> 
     </span>
    </p>
   </div>
   <div class='ocr_carea' id='block_1_76' title="bbox 394 4168 2046 4241">
    <p class='ocr_par' dir='ltr' id='par_1_76' title="bbox 394 4168 2046 4241">
     <span class='ocr_line' id='line_1_76' title="bbox 394 4168 2046 4241; baseline -0.002 -14"><span class='ocrx_word' id='word_1_567' title='bbox 394 4172 542 4227; x_wconf 82' lang='lat' dir='ltr'><strong>ﬁant</strong></span> <span class='ocrx_word' id='word_1_568' title='bbox 572 4187 587 4226; x_wconf 89' lang='lat'><strong>:</strong></span> <span class='ocrx_word' id='word_1_569' title='bbox 623 4171 765 4226; x_wconf 88' lang='lat' dir='ltr'><strong>dum</strong></span> <span class='ocrx_word' id='word_1_570' title='bbox 796 4187 865 4226; x_wconf 91' lang='lat' dir='ltr'><strong>ea</strong></span> <span class='ocrx_word' id='word_1_571' title='bbox 889 4168 1084 4225; x_wconf 88' lang='lat' dir='ltr'><strong>videre</strong></span> <span class='ocrx_word' id='word_1_572' title='bbox 1116 4185 1230 4224; x_wconf 91' lang='lat' dir='ltr'><strong>non</strong></span> <span class='ocrx_word' id='word_1_573' title='bbox 1262 4184 1604 4240; x_wconf 87' lang='lat' dir='ltr'><strong>possumus,</strong></span> <span class='ocrx_word' id='word_1_574' title='bbox 1637 4168 1756 4223; x_wconf 91' lang='lat' dir='ltr'><strong>sive</strong></span> <span class='ocrx_word' id='word_1_575' title='bbox 1810 4174 2046 4241; x_wconf 89' lang='lat' dir='ltr'><strong>propter</strong></span> 
     </span>
    </p>
   </div>
   <div class='ocr_carea' id='block_1_77' title="bbox 394 4256 2044 4332">
    <p class='ocr_par' dir='ltr' id='par_1_77' title="bbox 394 4256 2044 4332">
     <span class='ocr_line' id='line_1_77' title="bbox 394 4256 2044 4332; baseline -0.002 -17"><span class='ocrx_word' id='word_1_576' title='bbox 394 4276 613 4332; x_wconf 89' lang='lat' dir='ltr'><strong>corpus</strong></span> <span class='ocrx_word' id='word_1_577' title='bbox 643 4258 995 4315; x_wconf 88' lang='lat' dir='ltr'><strong>humilitatis</strong></span> <span class='ocrx_word' id='word_1_578' title='bbox 1024 4264 1234 4313; x_wconf 67' lang='lat' dir='ltr'><strong>nostra:</strong></span> <span class='ocrx_word' id='word_1_579' title='bbox 1278 4256 1389 4312; x_wconf 92' lang='lat' dir='ltr'><strong>hoc</strong></span> <span class='ocrx_word' id='word_1_580' title='bbox 1421 4256 1626 4329; x_wconf 85' lang='lat' dir='ltr'><strong>fragile</strong></span> <span class='ocrx_word' id='word_1_581' title='bbox 1658 4262 1832 4328; x_wconf 88' lang='lat' dir='ltr'><strong>atque</strong></span> <span class='ocrx_word' id='word_1_582' title='bbox 1860 4262 2044 4313; x_wconf 90' lang='lat' dir='ltr'><strong>terre-</strong></span> 
     </span>
    </p>
   </div>
   <div class='ocr_carea' id='block_1_78' title="bbox 394 4345 2043 4421">
    <p class='ocr_par' dir='ltr' id='par_1_78' title="bbox 394 4345 2043 4421">
     <span class='ocr_line' id='line_1_78' title="bbox 394 4345 2043 4421; baseline -0.002 -16"><span class='ocrx_word' id='word_1_583' title='bbox 394 4366 564 4415; x_wconf 91' lang='lat' dir='ltr'><strong>num,</strong></span> <span class='ocrx_word' id='word_1_584' title='bbox 597 4364 713 4421; x_wconf 90' lang='lat' dir='ltr'><strong>quo</strong></span> <span class='ocrx_word' id='word_1_585' title='bbox 745 4348 945 4403; x_wconf 90' lang='lat' dir='ltr'><strong>anima</strong></span> <span class='ocrx_word' id='word_1_586' title='bbox 991 4345 1324 4414; x_wconf 86' lang='lat' dir='ltr'><strong>involvitur,</strong></span> <span class='ocrx_word' id='word_1_587' title='bbox 1384 4345 1503 4401; x_wconf 88' lang='lat' dir='ltr'><strong>sive</strong></span> <span class='ocrx_word' id='word_1_588' title='bbox 1532 4346 1672 4417; x_wconf 89' lang='lat' dir='ltr'><strong>quia</strong></span> <span class='ocrx_word' id='word_1_589' title='bbox 1710 4346 2043 4402; x_wconf 90' lang='lat' dir='ltr'><strong>carnalibus</strong></span> 
     </span>
    </p>
   </div>
   <div class='ocr_carea' id='block_1_79' title="bbox 394 4433 2047 4505">
    <p class='ocr_par' dir='ltr' id='par_1_79' title="bbox 394 4433 2047 4505">
     <span class='ocr_line' id='line_1_79' title="bbox 394 4433 2047 4505; baseline -0.002 -11"><span class='ocrx_word' id='word_1_590' title='bbox 394 4437 580 4494; x_wconf 84' lang='lat' dir='ltr'><strong>oculis</strong></span> <span class='ocrx_word' id='word_1_591' title='bbox 611 4436 884 4494; x_wconf 86' lang='lat' dir='ltr'><strong>subtilior</strong></span> <span class='ocrx_word' id='word_1_592' title='bbox 913 4440 1124 4491; x_wconf 91' lang='lat' dir='ltr'><strong>natura</strong></span> <span class='ocrx_word' id='word_1_593' title='bbox 1180 4451 1296 4489; x_wconf 91' lang='lat' dir='ltr'><strong>non</strong></span> <span class='ocrx_word' id='word_1_594' title='bbox 1326 4434 1603 4505; x_wconf 89' lang='lat' dir='ltr'><strong>panditur</strong></span> <span class='ocrx_word' id='word_1_595' title='bbox 1636 4452 1649 4489; x_wconf 88' lang='lat'><strong>:</strong></span> <span class='ocrx_word' id='word_1_596' title='bbox 1682 4433 1776 4489; x_wconf 88' lang='lat' dir='ltr'><strong>hic</strong></span> <span class='ocrx_word' id='word_1_597' title='bbox 1827 4434 2047 4490; x_wconf 87' lang='lat' dir='ltr'><strong>videbit</strong></span> 
     </span>
    </p>
   </div>
   <div class='ocr_carea' id='block_1_80' title="bbox 392 4521 2041 4599">
    <p class='ocr_par' dir='ltr' id='par_1_80' title="bbox 392 4521 2041 4599">
     <span class='ocr_line' id='line_1_80' title="bbox 392 4521 2041 4599; baseline -0.002 -17"><span class='ocrx_word' id='word_1_598' title='bbox 392 4543 523 4599; x_wconf 65' lang='lat' dir='ltr'><strong>qua</strong></span> <span class='ocrx_word' id='word_1_599' title='bbox 552 4526 674 4582; x_wconf 91' lang='lat' dir='ltr'><strong>sint</strong></span> <span class='ocrx_word' id='word_1_600' title='bbox 699 4525 951 4582; x_wconf 70' lang='lat' dir='ltr'><strong>tenebras</strong></span> <span class='ocrx_word' id='word_1_601' title='bbox 984 4540 1113 4597; x_wconf 68' lang='lat' dir='ltr'><strong>quas</strong></span> <span class='ocrx_word' id='word_1_602' title='bbox 1142 4524 1213 4579; x_wconf 90' lang='lat' dir='ltr'><strong>ab</strong></span> <span class='ocrx_word' id='word_1_603' title='bbox 1246 4521 1522 4595; x_wconf 85' lang='lat' dir='ltr'><strong>Apostolo</strong></span> <span class='ocrx_word' id='word_1_604' title='bbox 1553 4538 1711 4578; x_wconf 92' lang='lat' dir='ltr'><strong>nunc</strong></span> <span class='ocrx_word' id='word_1_605' title='bbox 1735 4522 2041 4579; x_wconf 88' lang='lat' dir='ltr'><strong>dicantur:</strong></span> 
     </span>
    </p>
   </div>
   <div class='ocr_carea' id='block_1_81' title="bbox 391 4611 2040 4688">
    <p class='ocr_par' dir='ltr' id='par_1_81' title="bbox 391 4611 2040 4688">
     <span class='ocr_line' id='line_1_81' title="bbox 391 4611 2040 4688; baseline 0 -19"><span class='ocrx_word' id='word_1_606' title='bbox 391 4616 548 4688; x_wconf 91' lang='lat' dir='ltr'><strong>quod</strong></span> <span class='ocrx_word' id='word_1_607' title='bbox 580 4613 805 4671; x_wconf 89' lang='lat' dir='ltr'><strong>scilicet</strong></span> <span class='ocrx_word' id='word_1_608' title='bbox 834 4619 933 4669; x_wconf 89' lang='lat' dir='ltr'><strong>aut</strong></span> <span class='ocrx_word' id='word_1_609' title='bbox 981 4617 1106 4669; x_wconf 88' lang='lat' dir='ltr'><strong>tota</strong></span> <span class='ocrx_word' id='word_1_610' title='bbox 1158 4612 1282 4667; x_wconf 90' lang='lat' dir='ltr'><strong>vita</strong></span> <span class='ocrx_word' id='word_1_611' title='bbox 1336 4611 1452 4667; x_wconf 87' lang='lat' dir='ltr'><strong>ista</strong></span> <span class='ocrx_word' id='word_1_612' title='bbox 1506 4616 1759 4680; x_wconf 86' lang='lat' dir='ltr'><strong>terrena,</strong></span> <span class='ocrx_word' id='word_1_613' title='bbox 1792 4614 2040 4669; x_wconf 68' lang='lat' dir='ltr'><strong>tenebrae</strong></span> 
     </span>
    </p>
   </div>
   <div class='ocr_carea' id='block_1_82' title="bbox 392 4699 2039 4776">
    <p class='ocr_par' dir='ltr' id='par_1_82' title="bbox 392 4699 2039 4776">
     <span class='ocr_line' id='line_1_82' title="bbox 392 4699 2039 4776; baseline -0.001 -17"><span class='ocrx_word' id='word_1_614' title='bbox 392 4707 812 4776; x_wconf 87' lang='lat' dir='ltr'><strong>nuncupentur</strong></span> <span class='ocrx_word' id='word_1_615' title='bbox 839 4701 963 4775; x_wconf 85' lang='lat' dir='ltr'><strong>(lux</strong></span> <span class='ocrx_word' id='word_1_616' title='bbox 992 4701 1209 4774; x_wconf 92' lang='lat' dir='ltr'><strong>quippe</strong></span> <span class='ocrx_word' id='word_1_617' title='bbox 1252 4700 1407 4755; x_wconf 91' lang='lat' dir='ltr'><strong>lucet</strong></span> <span class='ocrx_word' id='word_1_618' title='bbox 1451 4699 1513 4755; x_wconf 91' lang='lat' dir='ltr'><strong>in</strong></span> <span class='ocrx_word' id='word_1_619' title='bbox 1544 4701 1822 4771; x_wconf 89' lang='lat' dir='ltr'><strong>tenebris,</strong></span> <span class='ocrx_word' id='word_1_620' title='bbox 1873 4708 1929 4757; x_wconf 93' lang='lat' dir='ltr'><strong>et</strong></span> <span class='ocrx_word' id='word_1_621' title='bbox 1954 4708 2039 4758; x_wconf 90' lang='lat' dir='ltr'><strong>te-</strong></span> 
     </span>
    </p>
   </div>
   <div class='ocr_carea' id='block_1_83' title="bbox 391 4790 2043 4864">
    <p class='ocr_par' dir='ltr' id='par_1_83' title="bbox 391 4790 2043 4864">
     <span class='ocr_line' id='line_1_83' title="bbox 391 4790 2043 4864; baseline -0.001 -15"><span class='ocrx_word' id='word_1_622' title='bbox 391 4794 582 4849; x_wconf 71' lang='lat' dir='ltr'><strong>nebrae</strong></span> <span class='ocrx_word' id='word_1_623' title='bbox 613 4808 741 4849; x_wconf 84' lang='lat' dir='ltr'><strong>eam</strong></span> <span class='ocrx_word' id='word_1_624' title='bbox 772 4807 888 4848; x_wconf 92' lang='lat' dir='ltr'><strong>non</strong></span> <span class='ocrx_word' id='word_1_625' title='bbox 945 4790 1514 4864; x_wconf 86' lang='lat' dir='ltr'><strong>comprehenderunt</strong></span> <span class='ocrx_word' id='word_1_626' title='bbox 1542 4790 1719 4861; x_wconf 83' lang='lat' dir='ltr'><strong>(Joan.</strong></span> <span class='ocrx_word' id='word_1_627' title='bbox 1761 4807 1800 4860; x_wconf 79' lang='grc' dir='ltr'><strong>ι,</strong></span> <span class='ocrx_word' id='word_1_628' title='bbox 1833 4791 1910 4862; x_wconf 76' lang='grc'><strong>4),</strong></span> <span class='ocrx_word' id='word_1_629' title='bbox 1942 4796 2043 4847; x_wconf 87' lang='lat' dir='ltr'><strong>aut</strong></span> 
     </span>
    </p>
   </div>
   <div class='ocr_carea' id='block_1_84' title="bbox 392 4881 2040 4951">
    <p class='ocr_par' dir='ltr' id='par_1_84' title="bbox 392 4881 2040 4951">
     <span class='ocr_line' id='line_1_84' title="bbox 392 4881 2040 4951; baseline -0.002 -13"><span class='ocrx_word' id='word_1_630' title='bbox 392 4882 603 4939; x_wconf 67' lang='lat' dir='ltr'><strong>animm</strong></span> <span class='ocrx_word' id='word_1_631' title='bbox 632 4881 833 4938; x_wconf 91' lang='lat' dir='ltr'><strong>lumen</strong></span> <span class='ocrx_word' id='word_1_632' title='bbox 881 4885 938 4937; x_wconf 87' lang='lat' dir='ltr'><strong>et</strong></span> <span class='ocrx_word' id='word_1_633' title='bbox 965 4897 1198 4950; x_wconf 88' lang='lat' dir='ltr'><strong>sensus,</strong></span> <span class='ocrx_word' id='word_1_634' title='bbox 1229 4885 1525 4935; x_wconf 90' lang='lat' dir='ltr'><strong>terrenum</strong></span> <span class='ocrx_word' id='word_1_635' title='bbox 1559 4895 1791 4951; x_wconf 89' lang='lat' dir='ltr'><strong>corpus,</strong></span> <span class='ocrx_word' id='word_1_636' title='bbox 1825 4885 1881 4935; x_wconf 91' lang='lat' dir='ltr'><strong>et</strong></span> <span class='ocrx_word' id='word_1_637' title='bbox 1909 4897 2040 4936; x_wconf 91' lang='lat' dir='ltr'><strong>cor-</strong></span> 
     </span>
    </p>
   </div>
   <div class='ocr_carea' id='block_1_85' title="bbox 391 4968 2044 5044">
    <p class='ocr_par' dir='ltr' id='par_1_85' title="bbox 391 4968 2044 5044">
     <span class='ocr_line' id='line_1_85' title="bbox 391 4968 2044 5044; baseline -0.001 -18"><span class='ocrx_word' id='word_1_638' title='bbox 391 4988 507 5044; x_wconf 89' lang='lat' dir='ltr'><strong>pus</strong></span> <span class='ocrx_word' id='word_1_639' title='bbox 561 4972 791 5040; x_wconf 90' lang='lat' dir='ltr'><strong>mortis,</strong></span> <span class='ocrx_word' id='word_1_640' title='bbox 850 4974 909 5027; x_wconf 91' lang='lat' dir='ltr'><strong>et</strong></span> <span class='ocrx_word' id='word_1_641' title='bbox 955 4968 1309 5026; x_wconf 89' lang='lat' dir='ltr'><strong>humilitatis</strong></span> <span class='ocrx_word' id='word_1_642' title='bbox 1356 4968 1688 5037; x_wconf 91' lang='lat' dir='ltr'><strong>obumbret,</strong></span> <span class='ocrx_word' id='word_1_643' title='bbox 1734 4968 1957 5041; x_wconf 83' lang='lat' dir='ltr'><strong>operiat</strong></span> <span class='ocrx_word' id='word_1_644' title='bbox 1986 4974 2044 5025; x_wconf 93' lang='lat' dir='ltr'><strong>et</strong></span> 
     </span>
    </p>
   </div>
   <div class='ocr_carea' id='block_1_86' title="bbox 393 5130 2044 5204">
    <p class='ocr_par' dir='ltr' id='par_1_86' title="bbox 393 5130 2044 5204">
     <span class='ocr_line' id='line_1_86' title="bbox 393 5130 2044 5204; baseline -0.001 -15"><span class='ocrx_word' id='word_1_645' title='bbox 393 5138 462 5188; x_wconf 95' lang='lat' dir='ltr'><strong>D.</strong></span> <span class='ocrx_word' id='word_1_646' title='bbox 513 5132 759 5201; x_wconf 90' lang='lat' dir='ltr'><strong>Thoma,</strong></span> <span class='ocrx_word' id='word_1_647' title='bbox 793 5134 1308 5204; x_wconf 75' lang='lat' dir='ltr'><strong>superquartum</strong></span> <span class='ocrx_word' id='word_1_648' title='bbox 1361 5130 1578 5185; x_wconf 90' lang='lat' dir='ltr'><strong>librum</strong></span> <span class='ocrx_word' id='word_1_649' title='bbox 1635 5130 2044 5187; x_wconf 79' lang='lat' dir='ltr'><strong>Sententiarum</strong></span> 
     </span>
    </p>
   </div>
   <div class='ocr_carea' id='block_1_87' title="bbox 393 5202 2042 5275">
    <p class='ocr_par' dir='ltr' id='par_1_87' title="bbox 393 5202 2042 5275">
     <span class='ocr_line' id='line_1_87' title="bbox 393 5202 2042 5275; baseline 0 -16"><span class='ocrx_word' id='word_1_650' title='bbox 393 5205 537 5261; x_wconf 90' lang='lat' dir='ltr'><strong>dist.</strong></span> <span class='ocrx_word' id='word_1_651' title='bbox 568 5206 641 5260; x_wconf 87' lang='lat' dir='ltr'><strong>5O</strong></span> <span class='ocrx_word' id='word_1_652' title='bbox 670 5211 727 5260; x_wconf 89' lang='lat' dir='ltr'><strong>et</strong></span> <span class='ocrx_word' id='word_1_653' title='bbox 754 5202 895 5259; x_wconf 84' lang='lat' dir='ltr'><strong>aliis</strong></span> <span class='ocrx_word' id='word_1_654' title='bbox 920 5203 977 5258; x_wconf 92' lang='lat' dir='ltr'><strong>in</strong></span> <span class='ocrx_word' id='word_1_655' title='bbox 1008 5202 1207 5275; x_wconf 31' lang='lat' dir='ltr'><strong>locis.“</strong></span> <span class='ocrx_word' id='word_1_656' title='bbox 1232 5206 1421 5275; x_wconf 81' lang='lat' dir='ltr'><strong>Hunc</strong></span> <span class='ocrx_word' id='word_1_657' title='bbox 1444 5207 1653 5275; x_wconf 73' lang='lat' dir='ltr'><strong>autem</strong></span> <span class='ocrx_word' id='word_1_658' title='bbox 1685 5204 2042 5275; x_wconf 68' lang='lat' dir='ltr'><strong>praecipuum</strong></span> 
     </span>
    </p>
   </div>
   <div class='ocr_carea' id='block_1_88' title="bbox 394 5272 2045 5354">
    <p class='ocr_par' dir='ltr' id='par_1_88' title="bbox 394 5272 2045 5354">
     <span class='ocr_line' id='line_1_88' title="bbox 394 5272 2045 5354; baseline -0.001 -23"><span class='ocrx_word' id='word_1_659' title='bbox 394 5275 662 5354; x_wconf 60' lang='lat' dir='ltr'><strong>Ecclesiae</strong></span> <span class='ocrx_word' id='word_1_660' title='bbox 695 5276 1010 5354; x_wconf 79' lang='lat' dir='ltr'><strong>doctorem,</strong></span> <span class='ocrx_word' id='word_1_661' title='bbox 1265 5272 1557 5354; x_wconf 71' lang='lat' dir='ltr'><strong>pontiﬁcis</strong></span> <span class='ocrx_word' id='word_1_662' title='bbox 1588 5272 2045 5354; x_wconf 36' lang='lat' dir='ltr'><strong>optimax—manf</strong></span> 
     </span>
    </p>
   </div>
   <div class='ocr_carea' id='block_1_89' title="bbox 395 5344 2042 5419">
    <p class='ocr_par' dir='ltr' id='par_1_89' title="bbox 395 5344 2042 5419">
     <span class='ocr_line' id='line_1_89' title="bbox 395 5344 2042 5419; baseline -0.002 -17"><span class='ocrx_word' id='word_1_663' title='bbox 395 5348 551 5419; x_wconf 88' lang='lat' dir='ltr'><strong>dato,</strong></span> <span class='ocrx_word' id='word_1_664' title='bbox 583 5344 1081 5419; x_wconf 10' lang='lat' dir='ltr'><strong>illustriss.icard.‘</strong></span> <span class='ocrx_word' id='word_1_665' title='bbox 1112 5344 1454 5400; x_wconf 82' lang='lat' dir='ltr'><strong>Vincentius</strong></span> <span class='ocrx_word' id='word_1_666' title='bbox 1485 5344 1891 5419; x_wconf 75' lang='lat' dir='ltr'><strong>_.lusti_nianus,</strong></span> <span class='ocrx_word' id='word_1_667' title='bbox 1926 5346 2042 5419; x_wconf 72' lang='lat' dir='ltr'><strong>divi</strong></span> 
     </span>
    </p>
   </div>
   <div class='ocr_carea' id='block_1_90' title="bbox 397 5415 2045 5484">
    <p class='ocr_par' dir='ltr' id='par_1_90' title="bbox 397 5415 2045 5484">
     <span class='ocr_line' id='line_1_90' title="bbox 397 5415 2045 5484; baseline -0.002 -9"><span class='ocrx_word' id='word_1_668' title='bbox 397 5415 684 5475; x_wconf 79' lang='lat' dir='ltr'><strong>Dominici</strong></span> <span class='ocrx_word' id='word_1_669' title='bbox 717 5418 941 5474; x_wconf 89' lang='lat' dir='ltr'><strong>ordinis</strong></span> <span class='ocrx_word' id='word_1_670' title='bbox 998 5417 1239 5484; x_wconf 89' lang='lat' dir='ltr'><strong>primas,</strong></span> <span class='ocrx_word' id='word_1_671' title='bbox 1271 5422 1330 5472; x_wconf 87' lang='lat' dir='ltr'><strong>et</strong></span> <span class='ocrx_word' id='word_1_672' title='bbox 1358 5415 1798 5473; x_wconf 87' lang='lat' dir='ltr'><strong>eruditissimus</strong></span> <span class='ocrx_word' id='word_1_673' title='bbox 1839 5417 2045 5484; x_wconf 90' lang='lat' dir='ltr'><strong>simul,</strong></span> 
     </span>
    </p>
   </div>
   <div class='ocr_carea' id='block_1_91' title="bbox 395 5434 2045 5571">
    <p class='ocr_par' dir='ltr' id='par_1_91' title="bbox 395 5434 2045 5571">
     <span class='ocr_line' id='line_1_91' title="bbox 397 5434 2045 5484; baseline -0.002 -9"><span class='ocrx_word' id='word_1_674' title='bbox 397 5434 684 5475; x_wconf 78' lang='lat' dir='ltr'><strong>Dominici</strong></span> <span class='ocrx_word' id='word_1_675' title='bbox 717 5434 941 5474; x_wconf 80' lang='lat' dir='ltr'><strong>ordinis</strong></span> <span class='ocrx_word' id='word_1_676' title='bbox 1040 5434 1239 5483; x_wconf 80' lang='lat' dir='ltr'><strong>rimas,</strong></span> <span class='ocrx_word' id='word_1_677' title='bbox 1271 5434 1330 5472; x_wconf 77' lang='lat' dir='ltr'><strong>et</strong></span> <span class='ocrx_word' id='word_1_678' title='bbox 1358 5434 1798 5473; x_wconf 67' lang='lat' dir='ltr'><strong>eruumssxmus</strong></span> <span class='ocrx_word' id='word_1_679' title='bbox 1839 5434 2045 5484; x_wconf 77' lang='lat'><strong>81111111,</strong></span> 
     </span>
     <span class='ocr_line' id='line_1_92' title="bbox 395 5434 2045 5571; baseline -0.002 -24"><span class='ocrx_word' id='word_1_680' title='bbox 395 5507 465 5547; x_wconf 88' lang='lat' dir='ltr'><strong>ac</strong></span> <span class='ocrx_word' id='word_1_681' title='bbox 494 5507 799 5571; x_wconf 75' lang='lat' dir='ltr'><strong>nunquam</strong></span> <span class='ocrx_word' id='word_1_682' title='bbox 830 5490 979 5571; x_wconf 75' lang='lat' dir='ltr'><strong>satis</strong></span> <span class='ocrx_word' id='word_1_683' title='bbox 998 5434 1285 5571; x_wconf 50' lang='lat' dir='ltr'><strong>laudatus</strong></span> <span class='ocrx_word' id='word_1_684' title='bbox 1410 5486 1666 5571; x_wconf 77' lang='lat' dir='ltr'><strong>Thomas</strong></span> <span class='ocrx_word' id='word_1_685' title='bbox 1692 5487 2045 5571; x_wconf 68' lang='lat' dir='ltr'><strong>llrlarriques,</strong></span> 
     </span>
    </p>
   </div>
   <div class='ocr_carea' id='block_1_92' title="bbox 394 5559 2046 5636">
    <p class='ocr_par' dir='ltr' id='par_1_92' title="bbox 394 5559 2046 5636">
     <span class='ocr_line' id='line_1_93' title="bbox 394 5559 2046 5636; baseline -0.002 -17"><span class='ocrx_word' id='word_1_686' title='bbox 394 5564 547 5619; x_wconf 91' lang='lat' dir='ltr'><strong>sacri</strong></span> <span class='ocrx_word' id='word_1_687' title='bbox 586 5559 786 5636; x_wconf 78' lang='lat' dir='ltr'><strong>palatii</strong></span> <span class='ocrx_word' id='word_1_688' title='bbox 828 5560 1111 5636; x_wconf 82' lang='lat' dir='ltr'><strong>magister</strong></span> <span class='ocrx_word' id='word_1_689' title='bbox 1147 5560 1287 5636; x_wconf 76' lang='lat' dir='ltr'><strong>(qui</strong></span> <span class='ocrx_word' id='word_1_690' title='bbox 1332 5559 1391 5614; x_wconf 91' lang='lat' dir='ltr'><strong>in</strong></span> <span class='ocrx_word' id='word_1_691' title='bbox 1424 5559 1789 5636; x_wconf 83' lang='lat' dir='ltr'><strong>restituendo</strong></span> <span class='ocrx_word' id='word_1_692' title='bbox 1846 5559 2046 5636; x_wconf 83' lang='lat' dir='ltr'><strong>Hiero-</strong></span> 
     </span>
    </p>
   </div>
   <div class='ocr_carea' id='block_1_93' title="bbox 397 5629 2048 5719">
    <p class='ocr_par' dir='ltr' id='par_1_93' title="bbox 397 5629 2048 5719">
     <span class='ocr_line' id='line_1_94' title="bbox 397 5629 2048 5719; baseline -0.002 -23"><span class='ocrx_word' id='word_1_693' title='bbox 397 5629 857 5719; x_wconf 63' lang='lat' dir='ltr'><strong>nymo&#39;primus</strong></span> <span class='ocrx_word' id='word_1_694' title='bbox 910 5629 1006 5694; x_wconf 75' lang='lat' dir='ltr'><strong>me</strong></span> <span class='ocrx_word' id='word_1_695' title='bbox 1061 5629 1318 5708; x_wconf 80' lang='lat' dir='ltr'><strong>impulit,</strong></span> <span class='ocrx_word' id='word_1_696' title='bbox 1378 5647 1531 5707; x_wconf 61' lang='lat' dir='ltr'><strong>saepe</strong></span> <span class='ocrx_word' id='word_1_697' title='bbox 1572 5631 1765 5707; x_wconf 87' lang='lat' dir='ltr'><strong>operis</strong></span> <span class='ocrx_word' id='word_1_698' title='bbox 1792 5632 2048 5706; x_wconf 85' lang='lat' dir='ltr'><strong>pondere</strong></span> 
     </span>
    </p>
   </div>
   <div class='ocr_carea' id='block_1_94' title="bbox 2077 4523 2818 4613">
    <p class='ocr_par' dir='ltr' id='par_1_94' title="bbox 2077 4523 2818 4613">
     <span class='ocr_line' id='line_1_95' title="bbox 2077 4523 2818 4613; baseline -0.012 -28"><span class='ocrx_word' id='word_1_699' title='bbox 2077 4549 2122 4613; x_wconf 71' lang='grc' dir='ltr'>Ι)</span> <span class='ocrx_word' id='word_1_700' title='bbox 2155 4534 2427 4585; x_wconf 88' lang='lat' dir='ltr'><strong>temnens</strong></span> <span class='ocrx_word' id='word_1_701' title='bbox 2484 4523 2748 4595; x_wconf 91' lang='lat' dir='ltr'><strong>loquitur</strong></span> <span class='ocrx_word' id='word_1_702' title='bbox 2805 4539 2818 4577; x_wconf 89' lang='lat'><strong>:</strong></span> 
     </span>
    </p>
   </div>
   <div class='ocr_carea' id='block_1_95' title="bbox 2149 3278 3798 3352">
    <p class='ocr_par' dir='ltr' id='par_1_95' title="bbox 2149 3278 3798 3352">
     <span class='ocr_line' id='line_1_96' title="bbox 2149 3278 3798 3352; baseline -0.002 -13"><span class='ocrx_word' id='word_1_703' title='bbox 2149 3284 2219 3339; x_wconf 91' lang='lat' dir='ltr'><strong>ad</strong></span> <span class='ocrx_word' id='word_1_704' title='bbox 2254 3283 2457 3338; x_wconf 84' lang='lat' dir='ltr'><strong>intima</strong></span> <span class='ocrx_word' id='word_1_705' title='bbox 2486 3279 2738 3345; x_wconf 90' lang='lat' dir='ltr'><strong>detrahi,</strong></span> <span class='ocrx_word' id='word_1_706' title='bbox 2771 3284 2829 3335; x_wconf 90' lang='lat' dir='ltr'><strong>et</strong></span> <span class='ocrx_word' id='word_1_707' title='bbox 2874 3278 3229 3351; x_wconf 90' lang='lat' dir='ltr'><strong>pignuedine</strong></span> <span class='ocrx_word' id='word_1_708' title='bbox 3259 3281 3627 3352; x_wconf 73' lang='lat' dir='ltr'><strong>przegravari.</strong></span> <span class='ocrx_word' id='word_1_709' title='bbox 3660 3284 3798 3337; x_wconf 89' lang='lat' dir='ltr'><strong>Post</strong></span> 
     </span>
    </p>
   </div>
   <div class='ocr_carea' id='block_1_96' title="bbox 2147 3367 3800 3441">
    <p class='ocr_par' dir='ltr' id='par_1_96' title="bbox 2147 3367 3800 3441">
     <span class='ocr_line' id='line_1_97' title="bbox 2147 3367 3800 3441; baseline -0.002 -13"><span class='ocrx_word' id='word_1_710' title='bbox 2147 3373 2257 3428; x_wconf 92' lang='lat' dir='ltr'><strong>hoc</strong></span> <span class='ocrx_word' id='word_1_711' title='bbox 2287 3377 2344 3428; x_wconf 89' lang='lat' dir='ltr'><strong>et</strong></span> <span class='ocrx_word' id='word_1_712' title='bbox 2389 3369 2534 3424; x_wconf 89' lang='lat' dir='ltr'><strong>illud</strong></span> <span class='ocrx_word' id='word_1_713' title='bbox 2576 3369 2793 3441; x_wconf 88' lang='lat' dir='ltr'><strong>pariter</strong></span> <span class='ocrx_word' id='word_1_714' title='bbox 2840 3367 3273 3435; x_wconf 89' lang='lat' dir='ltr'><strong>disserendum,</strong></span> <span class='ocrx_word' id='word_1_715' title='bbox 3318 3385 3390 3423; x_wconf 93' lang='lat' dir='ltr'><strong>an</strong></span> <span class='ocrx_word' id='word_1_716' title='bbox 3422 3367 3531 3424; x_wconf 90' lang='lat' dir='ltr'><strong>hac</strong></span> <span class='ocrx_word' id='word_1_717' title='bbox 3563 3373 3718 3425; x_wconf 90' lang='lat' dir='ltr'><strong>terra</strong></span> <span class='ocrx_word' id='word_1_718' title='bbox 3740 3375 3800 3426; x_wconf 87' lang='lat' dir='ltr'><strong>et</strong></span> 
     </span>
    </p>
   </div>
   <div class='ocr_carea' id='block_1_97' title="bbox 2150 3456 3796 3532">
    <p class='ocr_par' dir='ltr' id='par_1_97' title="bbox 2150 3456 3796 3532">
     <span class='ocr_line' id='line_1_98' title="bbox 2150 3456 3796 3532; baseline -0.003 -13"><span class='ocrx_word' id='word_1_719' title='bbox 2150 3478 2280 3518; x_wconf 88' lang='lat' dir='ltr'><strong>aere</strong></span> <span class='ocrx_word' id='word_1_720' title='bbox 2297 3459 2512 3532; x_wconf 90' lang='lat' dir='ltr'><strong>aliquis</strong></span> <span class='ocrx_word' id='word_1_721' title='bbox 2528 3456 2976 3530; x_wconf 89' lang='lat' dir='ltr'><strong>pinguiorlocus</strong></span> <span class='ocrx_word' id='word_1_722' title='bbox 2994 3456 3198 3528; x_wconf 90' lang='lat' dir='ltr'><strong>sit,qui</strong></span> <span class='ocrx_word' id='word_1_723' title='bbox 3213 3456 3551 3529; x_wconf 91' lang='lat' dir='ltr'><strong>aplerisque</strong></span> <span class='ocrx_word' id='word_1_724' title='bbox 3564 3475 3635 3530; x_wconf 91' lang='lat' dir='ltr'><strong>ap</strong></span> <span class='ocrx_word' id='word_1_725' title='bbox 3646 3459 3796 3531; x_wconf 90' lang='lat' dir='ltr'><strong>pela-</strong></span> 
     </span>
    </p>
   </div>
   <div class='ocr_carea' id='block_1_98' title="bbox 2149 3545 3796 3619">
    <p class='ocr_par' dir='ltr' id='par_1_98' title="bbox 2149 3545 3796 3619">
     <span class='ocr_line' id='line_1_99' title="bbox 2149 3545 3796 3619; baseline -0.003 -11"><span class='ocrx_word' id='word_1_726' title='bbox 2149 3558 2246 3610; x_wconf 92' lang='lat' dir='ltr'><strong>tur</strong></span> <span class='ocrx_word' id='word_1_727' title='bbox 2276 3548 2631 3615; x_wconf 89' lang='lat' dir='ltr'><strong>Infernus,in</strong></span> <span class='ocrx_word' id='word_1_728' title='bbox 2663 3564 2778 3619; x_wconf 91' lang='lat' dir='ltr'><strong>quo</strong></span> <span class='ocrx_word' id='word_1_729' title='bbox 2809 3546 2871 3601; x_wconf 90' lang='lat' dir='ltr'><strong>hi</strong></span> <span class='ocrx_word' id='word_1_730' title='bbox 2902 3545 3001 3617; x_wconf 89' lang='lat' dir='ltr'><strong>qui</strong></span> <span class='ocrx_word' id='word_1_731' title='bbox 3034 3545 3311 3603; x_wconf 89' lang='lat' dir='ltr'><strong>dicuntur</strong></span> <span class='ocrx_word' id='word_1_732' title='bbox 3339 3546 3796 3614; x_wconf 88' lang='lat' dir='ltr'><strong>inferi,commo-</strong></span> 
     </span>
    </p>
   </div>
   <div class='ocr_carea' id='block_1_99' title="bbox 2150 3634 3797 3709">
    <p class='ocr_par' dir='ltr' id='par_1_99' title="bbox 2150 3634 3797 3709">
     <span class='ocr_line' id='line_1_100' title="bbox 2150 3634 3797 3709; baseline -0.002 -12"><span class='ocrx_word' id='word_1_733' title='bbox 2150 3638 2627 3704; x_wconf 87' lang='lat' dir='ltr'><strong>rentur.Quinam</strong></span> <span class='ocrx_word' id='word_1_734' title='bbox 2650 3653 2781 3692; x_wconf 86' lang='lat' dir='ltr'><strong>vero</strong></span> <span class='ocrx_word' id='word_1_735' title='bbox 2802 3634 2902 3692; x_wconf 87' lang='lat' dir='ltr'><strong>isti</strong></span> <span class='ocrx_word' id='word_1_736' title='bbox 2923 3635 3061 3703; x_wconf 89' lang='lat' dir='ltr'><strong>sint,</strong></span> <span class='ocrx_word' id='word_1_737' title='bbox 3096 3639 3152 3690; x_wconf 90' lang='lat' dir='ltr'><strong>et</strong></span> <span class='ocrx_word' id='word_1_738' title='bbox 3172 3651 3349 3705; x_wconf 89' lang='lat' dir='ltr'><strong>quam</strong></span> <span class='ocrx_word' id='word_1_739' title='bbox 3382 3636 3471 3692; x_wconf 90' lang='lat' dir='ltr'><strong>vel</strong></span> <span class='ocrx_word' id='word_1_740' title='bbox 3502 3637 3797 3709; x_wconf 88' lang='lat' dir='ltr'><strong>cognatio-</strong></span> 
     </span>
    </p>
   </div>
   <div class='ocr_carea' id='block_1_100' title="bbox 2152 3724 3798 3797">
    <p class='ocr_par' dir='ltr' id='par_1_100' title="bbox 2152 3724 3798 3797">
     <span class='ocr_line' id='line_1_101' title="bbox 2152 3724 3798 3797; baseline -0.003 -12"><span class='ocrx_word' id='word_1_741' title='bbox 2152 3727 2398 3796; x_wconf 89' lang='lat' dir='ltr'><strong>nem,vel</strong></span> <span class='ocrx_word' id='word_1_742' title='bbox 2429 3725 2822 3782; x_wconf 89' lang='lat' dir='ltr'><strong>diversitatem</strong></span> <span class='ocrx_word' id='word_1_743' title='bbox 2845 3724 3199 3790; x_wconf 89' lang='lat' dir='ltr'><strong>habeant,ad</strong></span> <span class='ocrx_word' id='word_1_744' title='bbox 3221 3740 3319 3780; x_wconf 88' lang='lat' dir='ltr'><strong>eos</strong></span> <span class='ocrx_word' id='word_1_745' title='bbox 3344 3725 3441 3795; x_wconf 91' lang='lat' dir='ltr'><strong>qui</strong></span> <span class='ocrx_word' id='word_1_746' title='bbox 3466 3724 3798 3797; x_wconf 89' lang='lat' dir='ltr'><strong>spiritualia</strong></span> 
     </span>
    </p>
   </div>
   <div class='ocr_carea' id='block_1_101' title="bbox 2155 3811 3853 3890">
    <p class='ocr_par' dir='ltr' id='par_1_101' title="bbox 2155 3811 3853 3890">
     <span class='ocr_line' id='line_1_102' title="bbox 2155 3811 3853 3890; baseline -0.003 -16"><span class='ocrx_word' id='word_1_747' title='bbox 2155 3817 2426 3890; x_wconf 63' lang='lat' dir='ltr'><strong>nequitiis</strong></span> <span class='ocrx_word' id='word_1_748' title='bbox 2442 3816 2498 3870; x_wconf 91' lang='lat' dir='ltr'><strong>in</strong></span> <span class='ocrx_word' id='word_1_749' title='bbox 2514 3813 2850 3870; x_wconf 79' lang='lat' dir='ltr'><strong>ccelestibus</strong></span> <span class='ocrx_word' id='word_1_750' title='bbox 2872 3811 3381 3885; x_wconf 90' lang='lat' dir='ltr'><strong>appellantur,non</strong></span> <span class='ocrx_word' id='word_1_751' title='bbox 3396 3819 3485 3869; x_wconf 89' lang='lat' dir='ltr'><strong>est</strong></span> <span class='ocrx_word' id='word_1_752' title='bbox 3499 3814 3801 3885; x_wconf 59' lang='lat' dir='ltr'><strong>praesentis</strong></span> <span class='ocrx_word' id='word_1_753' title='bbox 3846 3820 3853 3825; x_wconf 82' lang='grc'><strong>’</strong></span> 
     </span>
    </p>
   </div>
   <div class='ocr_carea' id='block_1_102' title="bbox 2154 3902 3804 3979">
    <p class='ocr_par' dir='ltr' id='par_1_102' title="bbox 2154 3902 3804 3979">
     <span class='ocr_line' id='line_1_103' title="bbox 2154 3902 3804 3979; baseline -0.003 -16"><span class='ocrx_word' id='word_1_754' title='bbox 2154 3906 2439 3979; x_wconf 88' lang='lat' dir='ltr'><strong>temporis</strong></span> <span class='ocrx_word' id='word_1_755' title='bbox 2470 3904 2791 3975; x_wconf 90' lang='lat' dir='ltr'><strong>disputare.</strong></span> <span class='ocrx_word' id='word_1_756' title='bbox 2842 3902 3152 3973; x_wconf 82' lang='lat' dir='ltr'><strong>Reliquum</strong></span> <span class='ocrx_word' id='word_1_757' title='bbox 3202 3906 3312 3968; x_wconf 88' lang='lat' dir='ltr'><strong>est,</strong></span> <span class='ocrx_word' id='word_1_758' title='bbox 3346 3908 3410 3957; x_wconf 89' lang='lat' dir='ltr'><strong>ut</strong></span> <span class='ocrx_word' id='word_1_759' title='bbox 3465 3903 3604 3974; x_wconf 90' lang='lat' dir='ltr'><strong>quid</strong></span> <span class='ocrx_word' id='word_1_760' title='bbox 3651 3903 3804 3959; x_wconf 89' lang='lat' dir='ltr'><strong>inter</strong></span> 
     </span>
    </p>
   </div>
   <div class='ocr_carea' id='block_1_103' title="bbox 2152 3990 3802 4063">
    <p class='ocr_par' dir='ltr' id='par_1_103' title="bbox 2152 3990 3802 4063">
     <span class='ocr_line' id='line_1_104' title="bbox 2152 3990 3802 4063; baseline -0.004 -10"><span class='ocrx_word' id='word_1_761' title='bbox 2152 3993 2624 4053; x_wconf 87' lang='lat' dir='ltr'><strong>colluctationem</strong></span> <span class='ocrx_word' id='word_1_762' title='bbox 2674 3990 2864 4047; x_wconf 87' lang='lat' dir='ltr'><strong>carnis</strong></span> <span class='ocrx_word' id='word_1_763' title='bbox 2894 3994 2951 4045; x_wconf 91' lang='lat' dir='ltr'><strong>et</strong></span> <span class='ocrx_word' id='word_1_764' title='bbox 2977 3990 3303 4063; x_wconf 90' lang='lat' dir='ltr'><strong>sanguinis,</strong></span> <span class='ocrx_word' id='word_1_765' title='bbox 3335 3997 3392 4045; x_wconf 89' lang='lat' dir='ltr'><strong>et</strong></span> <span class='ocrx_word' id='word_1_766' title='bbox 3420 3990 3572 4045; x_wconf 89' lang='lat' dir='ltr'><strong>inter</strong></span> <span class='ocrx_word' id='word_1_767' title='bbox 3618 3996 3802 4047; x_wconf 89' lang='lat' dir='ltr'><strong>recto-</strong></span> 
     </span>
    </p>
   </div>
   <div class='ocr_carea' id='block_1_104' title="bbox 2154 4078 3803 4151">
    <p class='ocr_par' dir='ltr' id='par_1_104' title="bbox 2154 4078 3803 4151">
     <span class='ocr_line' id='line_1_105' title="bbox 2154 4078 3803 4151; baseline -0.005 -9"><span class='ocrx_word' id='word_1_768' title='bbox 2154 4103 2245 4143; x_wconf 90' lang='lat' dir='ltr'><strong>res</strong></span> <span class='ocrx_word' id='word_1_769' title='bbox 2275 4083 2644 4140; x_wconf 88' lang='lat' dir='ltr'><strong>tenebrarum</strong></span> <span class='ocrx_word' id='word_1_770' title='bbox 2679 4082 2948 4146; x_wconf 90' lang='lat' dir='ltr'><strong>istarum,</strong></span> <span class='ocrx_word' id='word_1_771' title='bbox 2997 4083 3055 4133; x_wconf 85' lang='lat' dir='ltr'><strong>et</strong></span> <span class='ocrx_word' id='word_1_772' title='bbox 3080 4078 3410 4151; x_wconf 88' lang='lat' dir='ltr'><strong>spiritualia</strong></span> <span class='ocrx_word' id='word_1_773' title='bbox 3438 4078 3710 4149; x_wconf 70' lang='lat' dir='ltr'><strong>nequitia:</strong></span> <span class='ocrx_word' id='word_1_774' title='bbox 3742 4079 3803 4134; x_wconf 91' lang='lat' dir='ltr'><strong>in</strong></span> 
     </span>
    </p>
   </div>
   <div class='ocr_carea' id='block_1_105' title="bbox 2152 4166 3806 4238">
    <p class='ocr_par' dir='ltr' id='par_1_105' title="bbox 2152 4166 3806 4238">
     <span class='ocr_line' id='line_1_106' title="bbox 2152 4166 3806 4238; baseline -0.004 -7"><span class='ocrx_word' id='word_1_775' title='bbox 2152 4173 2485 4231; x_wconf 78' lang='lat' dir='ltr'><strong>cmlestibus</strong></span> <span class='ocrx_word' id='word_1_776' title='bbox 2512 4170 2607 4238; x_wconf 90' lang='lat' dir='ltr'><strong>sit,</strong></span> <span class='ocrx_word' id='word_1_777' title='bbox 2630 4170 2689 4223; x_wconf 90' lang='lat' dir='ltr'><strong>in</strong></span> <span class='ocrx_word' id='word_1_778' title='bbox 2714 4168 2944 4223; x_wconf 89' lang='lat' dir='ltr'><strong>duobus</strong></span> <span class='ocrx_word' id='word_1_779' title='bbox 2973 4167 3127 4238; x_wconf 90' lang='lat' dir='ltr'><strong>apud</strong></span> <span class='ocrx_word' id='word_1_780' title='bbox 3158 4166 3498 4238; x_wconf 83' lang='lat' dir='ltr'><strong>Apostolum</strong></span> <span class='ocrx_word' id='word_1_781' title='bbox 3532 4167 3806 4225; x_wconf 80' lang='lat' dir='ltr'><strong>manifes-</strong></span> 
     </span>
    </p>
   </div>
   <div class='ocr_carea' id='block_1_106' title="bbox 2150 4255 3799 4329">
    <p class='ocr_par' dir='ltr' id='par_1_106' title="bbox 2150 4255 3799 4329">
     <span class='ocr_line' id='line_1_107' title="bbox 2150 4255 3799 4329; baseline -0.004 -11"><span class='ocrx_word' id='word_1_782' title='bbox 2150 4264 2269 4318; x_wconf 89' lang='lat' dir='ltr'><strong>tius</strong></span> <span class='ocrx_word' id='word_1_783' title='bbox 2302 4261 2602 4317; x_wconf 90' lang='lat' dir='ltr'><strong>discamus</strong></span> <span class='ocrx_word' id='word_1_784' title='bbox 2632 4256 2991 4329; x_wconf 88' lang='lat' dir='ltr'><strong>agminibus.</strong></span> <span class='ocrx_word' id='word_1_785' title='bbox 3026 4255 3266 4321; x_wconf 84' lang='lat' dir='ltr'><strong>Quando</strong></span> <span class='ocrx_word' id='word_1_786' title='bbox 3296 4256 3454 4311; x_wconf 90' lang='lat' dir='ltr'><strong>enim</strong></span> <span class='ocrx_word' id='word_1_787' title='bbox 3511 4256 3639 4311; x_wconf 88' lang='lat' dir='ltr'><strong>vult</strong></span> <span class='ocrx_word' id='word_1_788' title='bbox 3691 4256 3799 4311; x_wconf 86' lang='lat' dir='ltr'><strong>hu-</strong></span> 
     </span>
    </p>
   </div>
   <div class='ocr_carea' id='block_1_107' title="bbox 2155 4341 3803 4409">
    <p class='ocr_par' dir='ltr' id='par_1_107' title="bbox 2155 4341 3803 4409">
     <span class='ocr_line' id='line_1_108' title="bbox 2155 4341 3803 4409; baseline -0.004 -2"><span class='ocrx_word' id='word_1_789' title='bbox 2155 4366 2359 4407; x_wconf 90' lang='lat' dir='ltr'><strong>manas</strong></span> <span class='ocrx_word' id='word_1_790' title='bbox 2388 4347 2762 4408; x_wconf 86' lang='lat' dir='ltr'><strong>tentationes,</strong></span> <span class='ocrx_word' id='word_1_791' title='bbox 2796 4344 2904 4398; x_wconf 91' lang='lat' dir='ltr'><strong>hoc</strong></span> <span class='ocrx_word' id='word_1_792' title='bbox 2949 4347 3059 4409; x_wconf 90' lang='lat' dir='ltr'><strong>est,</strong></span> <span class='ocrx_word' id='word_1_793' title='bbox 3089 4341 3559 4401; x_wconf 86' lang='lat' dir='ltr'><strong>colluctationem</strong></span> <span class='ocrx_word' id='word_1_794' title='bbox 3609 4344 3803 4401; x_wconf 89' lang='lat' dir='ltr'><strong>carnis</strong></span> 
     </span>
    </p>
   </div>
   <div class='ocr_carea' id='block_1_108' title="bbox 2152 4431 3810 4509">
    <p class='ocr_par' dir='ltr' id='par_1_108' title="bbox 2152 4431 3810 4509">
     <span class='ocr_line' id='line_1_109' title="bbox 2152 4431 3810 4509; baseline -0.005 -13"><span class='ocrx_word' id='word_1_795' title='bbox 2152 4445 2209 4496; x_wconf 91' lang='lat' dir='ltr'><strong>et</strong></span> <span class='ocrx_word' id='word_1_796' title='bbox 2239 4435 2545 4509; x_wconf 90' lang='lat' dir='ltr'><strong>sanguinis</strong></span> <span class='ocrx_word' id='word_1_797' title='bbox 2603 4434 2881 4499; x_wconf 89' lang='lat' dir='ltr'><strong>indicare,</strong></span> <span class='ocrx_word' id='word_1_798' title='bbox 2935 4431 3265 4504; x_wconf 91' lang='lat' dir='ltr'><strong>despiciens</strong></span> <span class='ocrx_word' id='word_1_799' title='bbox 3317 4450 3416 4489; x_wconf 88' lang='lat' dir='ltr'><strong>eas</strong></span> <span class='ocrx_word' id='word_1_800' title='bbox 3465 4439 3643 4505; x_wconf 88' lang='lat' dir='ltr'><strong>atque</strong></span> <span class='ocrx_word' id='word_1_801' title='bbox 3672 4449 3810 4489; x_wconf 61' lang='lat' dir='ltr'><strong>cono</strong></span> 
     </span>
    </p>
   </div>
   <div class='ocr_carea' id='block_1_109' title="bbox 2884 4521 3807 4594">
    <p class='ocr_par' dir='ltr' id='par_1_109' title="bbox 2884 4521 3807 4594">
     <span class='ocr_line' id='line_1_110' title="bbox 2884 4521 3807 4594; baseline 0.002 -19"><span class='ocrx_word' id='word_1_802' title='bbox 2884 4521 3014 4589; x_wconf 82' lang='lat' dir='ltr'><strong>Quis</strong></span> <span class='ocrx_word' id='word_1_803' title='bbox 3043 4538 3143 4577; x_wconf 85' lang='lat' dir='ltr'><strong>nos</strong></span> <span class='ocrx_word' id='word_1_804' title='bbox 3172 4522 3444 4594; x_wconf 83' lang='lat' dir='ltr'><strong>separabit</strong></span> <span class='ocrx_word' id='word_1_805' title='bbox 3473 4539 3510 4577; x_wconf 89' lang='lat' dir='ltr'><strong>a</strong></span> <span class='ocrx_word' id='word_1_806' title='bbox 3538 4523 3807 4577; x_wconf 83' lang='lat' dir='ltr'><strong>charitate</strong></span> 
     </span>
    </p>
   </div>
   <div class='ocr_carea' id='block_1_110' title="bbox 2152 4612 3804 4681">
    <p class='ocr_par' dir='ltr' id='par_1_110' title="bbox 2152 4612 3804 4681">
     <span class='ocr_line' id='line_1_111' title="bbox 2152 4612 3804 4681; baseline -0.006 -7"><span class='ocrx_word' id='word_1_807' title='bbox 2152 4618 2302 4674; x_wconf 90' lang='lat' dir='ltr'><strong>Dei:</strong></span> <span class='ocrx_word' id='word_1_808' title='bbox 2333 4613 2638 4679; x_wconf 77' lang='lat' dir='ltr'><strong>tribulatio,</strong></span> <span class='ocrx_word' id='word_1_809' title='bbox 2683 4628 2753 4665; x_wconf 87' lang='lat' dir='ltr'><strong>an</strong></span> <span class='ocrx_word' id='word_1_810' title='bbox 2806 4612 3081 4681; x_wconf 85' lang='lat' dir='ltr'><strong>angustia,</strong></span> <span class='ocrx_word' id='word_1_811' title='bbox 3131 4627 3205 4665; x_wconf 88' lang='lat' dir='ltr'><strong>an</strong></span> <span class='ocrx_word' id='word_1_812' title='bbox 3250 4613 3568 4681; x_wconf 85' lang='lat' dir='ltr'><strong>persecutio,</strong></span> <span class='ocrx_word' id='word_1_813' title='bbox 3619 4627 3691 4665; x_wconf 87' lang='lat' dir='ltr'><strong>an</strong></span> <span class='ocrx_word' id='word_1_814' title='bbox 3719 4612 3804 4680; x_wconf 79' lang='lat' dir='ltr'><strong>fa-</strong></span> 
     </span>
    </p>
   </div>
   <div class='ocr_carea' id='block_1_111' title="bbox 2148 4697 3804 4771">
    <p class='ocr_par' dir='ltr' id='par_1_111' title="bbox 2148 4697 3804 4771">
     <span class='ocr_line' id='line_1_112' title="bbox 2148 4697 3804 4771; baseline -0.007 -9"><span class='ocrx_word' id='word_1_815' title='bbox 2148 4722 2263 4762; x_wconf 89' lang='lat' dir='ltr'><strong>mes</strong></span> <span class='ocrx_word' id='word_1_816' title='bbox 2294 4713 2343 4760; x_wconf 88' lang='lat' dir='ltr'><strong>et</strong></span> <span class='ocrx_word' id='word_1_817' title='bbox 2372 4702 2615 4767; x_wconf 85' lang='lat' dir='ltr'><strong>nuditas,</strong></span> <span class='ocrx_word' id='word_1_818' title='bbox 2644 4708 2697 4756; x_wconf 86' lang='lat' dir='ltr'><strong>et</strong></span> <span class='ocrx_word' id='word_1_819' title='bbox 2721 4699 3046 4771; x_wconf 85' lang='lat' dir='ltr'><strong>perieulum,</strong></span> <span class='ocrx_word' id='word_1_820' title='bbox 3080 4706 3132 4754; x_wconf 92' lang='lat' dir='ltr'><strong>et</strong></span> <span class='ocrx_word' id='word_1_821' title='bbox 3160 4697 3382 4766; x_wconf 78' lang='lat' dir='ltr'><strong>gladius</strong></span> <span class='ocrx_word' id='word_1_822' title='bbox 3401 4699 3431 4753; x_wconf 64' lang='grc' dir='ltr'><strong>ἓν</strong></span> <span class='ocrx_word' id='word_1_823' title='bbox 3457 4702 3631 4754; x_wconf 70' lang='lat' dir='ltr'><strong>Juxta</strong></span> <span class='ocrx_word' id='word_1_824' title='bbox 3662 4697 3804 4769; x_wconf 86' lang='lat' dir='ltr'><strong>quod</strong></span> 
     </span>
    </p>
   </div>
   <div class='ocr_carea' id='block_1_112' title="bbox 2147 4786 3808 4866">
    <p class='ocr_par' dir='ltr' id='par_1_112' title="bbox 2147 4786 3808 4866">
     <span class='ocr_line' id='line_1_113' title="bbox 2147 4786 3808 4866; baseline -0.005 -15"><span class='ocrx_word' id='word_1_825' title='bbox 2147 4796 2410 4866; x_wconf 82' lang='lat' dir='ltr'><strong>scriptum</strong></span> <span class='ocrx_word' id='word_1_826' title='bbox 2438 4800 2516 4846; x_wconf 88' lang='lat' dir='ltr'><strong>est</strong></span> <span class='ocrx_word' id='word_1_827' title='bbox 2544 4808 2562 4844; x_wconf 91' lang='lat'><strong><em>:</em></strong></span> <span class='ocrx_word' id='word_1_828' title='bbox 2594 4791 2825 4860; x_wconf 84' lang='lat' dir='ltr'><strong>Propter</strong></span> <span class='ocrx_word' id='word_1_829' title='bbox 2854 4798 2903 4844; x_wconf 86' lang='lat' dir='ltr'><strong>te</strong></span> <span class='ocrx_word' id='word_1_830' title='bbox 2931 4787 3341 4856; x_wconf 81' lang='lat' dir='ltr'><strong>mortiﬁcamur</strong></span> <span class='ocrx_word' id='word_1_831' title='bbox 3368 4790 3480 4843; x_wconf 87' lang='lat' dir='ltr'><strong>tota</strong></span> <span class='ocrx_word' id='word_1_832' title='bbox 3508 4786 3615 4851; x_wconf 88' lang='lat' dir='ltr'><strong>die,</strong></span> <span class='ocrx_word' id='word_1_833' title='bbox 3650 4802 3808 4856; x_wconf 88' lang='lat' dir='ltr'><strong>repu-</strong></span> 
     </span>
    </p>
   </div>
   <div class='ocr_carea' id='block_1_113' title="bbox 2150 4875 3805 4939">
    <p class='ocr_par' dir='ltr' id='par_1_113' title="bbox 2150 4875 3805 4939">
     <span class='ocr_line' id='line_1_114' title="bbox 2150 4875 3805 4939; baseline -0.005 0"><span class='ocrx_word' id='word_1_834' title='bbox 2150 4887 2254 4939; x_wconf 87' lang='lat' dir='ltr'><strong>tati</strong></span> <span class='ocrx_word' id='word_1_835' title='bbox 2302 4898 2490 4937; x_wconf 87' lang='lat' dir='ltr'><strong>sumus</strong></span> <span class='ocrx_word' id='word_1_836' title='bbox 2542 4888 2601 4934; x_wconf 89' lang='lat' dir='ltr'><strong>ut</strong></span> <span class='ocrx_word' id='word_1_837' title='bbox 2648 4894 2769 4934; x_wconf 86' lang='lat' dir='ltr'><strong>oves</strong></span> <span class='ocrx_word' id='word_1_838' title='bbox 2821 4877 3128 4933; x_wconf 83' lang='lat' dir='ltr'><strong>occisionis.</strong></span> <span class='ocrx_word' id='word_1_839' title='bbox 3175 4876 3280 4931; x_wconf 84' lang='lat' dir='ltr'><strong>Sed</strong></span> <span class='ocrx_word' id='word_1_840' title='bbox 3330 4878 3390 4931; x_wconf 86' lang='lat' dir='ltr'><strong>in</strong></span> <span class='ocrx_word' id='word_1_841' title='bbox 3437 4876 3523 4930; x_wconf 81' lang='lat' dir='ltr'><strong>his</strong></span> <span class='ocrx_word' id='word_1_842' title='bbox 3553 4875 3805 4931; x_wconf 82' lang='lat' dir='ltr'><strong>omnibus</strong></span> 
     </span>
    </p>
   </div>
   <div class='ocr_carea' id='block_1_114' title="bbox 2150 4965 3803 5045">
    <p class='ocr_par' dir='ltr' id='par_1_114' title="bbox 2150 4965 3803 5045">
     <span class='ocr_line' id='line_1_115' title="bbox 2150 4965 3803 5045; baseline -0.007 -16"><span class='ocrx_word' id='word_1_843' title='bbox 2150 4986 2493 5045; x_wconf 81' lang='lat' dir='ltr'><strong>superamus,</strong></span> <span class='ocrx_word' id='word_1_844' title='bbox 2537 4972 2763 5041; x_wconf 85' lang='lat' dir='ltr'><strong>prapter</strong></span> <span class='ocrx_word' id='word_1_845' title='bbox 2807 4983 2935 5021; x_wconf 85' lang='lat' dir='ltr'><strong>eum</strong></span> <span class='ocrx_word' id='word_1_846' title='bbox 2963 4967 3062 5036; x_wconf 85' lang='lat' dir='ltr'><strong>qui</strong></span> <span class='ocrx_word' id='word_1_847' title='bbox 3107 4965 3315 5021; x_wconf 74' lang='lat' dir='ltr'><strong>dilexit</strong></span> <span class='ocrx_word' id='word_1_848' title='bbox 3341 4981 3440 5021; x_wconf 82' lang='lat' dir='ltr'><strong>nos</strong></span> <span class='ocrx_word' id='word_1_849' title='bbox 3470 4965 3646 5037; x_wconf 84' lang='lat' dir='ltr'><strong>(Rom.</strong></span> <span class='ocrx_word' id='word_1_850' title='bbox 3681 4980 3803 5034; x_wconf 83' lang='lat' dir='ltr'><strong>vm,</strong></span> 
     </span>
    </p>
   </div>
   <div class='ocr_carea' id='block_1_115' title="bbox 2156 5124 3805 5196">
    <p class='ocr_par' dir='ltr' id='par_1_115' title="bbox 2156 5124 3805 5196">
     <span class='ocr_line' id='line_1_116' title="bbox 2156 5124 3805 5196; baseline -0.005 -9"><span class='ocrx_word' id='word_1_851' title='bbox 2156 5132 2521 5187; x_wconf 84' lang='lat' dir='ltr'><strong>fatiscentem</strong></span> <span class='ocrx_word' id='word_1_852' title='bbox 2579 5124 2919 5191; x_wconf 88' lang='lat' dir='ltr'><strong>sublevavit,</strong></span> <span class='ocrx_word' id='word_1_853' title='bbox 2994 5124 3433 5196; x_wconf 86' lang='lat' dir='ltr'><strong>animavitque),</strong></span> <span class='ocrx_word' id='word_1_854' title='bbox 3508 5125 3668 5180; x_wconf 89' lang='lat' dir='ltr'><strong>omni</strong></span> <span class='ocrx_word' id='word_1_855' title='bbox 3736 5140 3805 5180; x_wconf 82' lang='lat' dir='ltr'><strong>ex</strong></span> 
     </span>
    </p>
   </div>
   <div class='ocr_carea' id='block_1_116' title="bbox 2152 5196 3802 5277">
    <p class='ocr_par' dir='ltr' id='par_1_116' title="bbox 2152 5196 3802 5277">
     <span class='ocr_line' id='line_1_117' title="bbox 2152 5196 3802 5277; baseline -0.005 -19"><span class='ocrx_word' id='word_1_856' title='bbox 2152 5209 2314 5277; x_wconf 91' lang='lat' dir='ltr'><strong>parte</strong></span> <span class='ocrx_word' id='word_1_857' title='bbox 2369 5196 2940 5277; x_wconf 67' lang='lat' dir='ltr'><strong>emendatissimum,</strong></span> <span class='ocrx_word' id='word_1_858' title='bbox 3019 5196 3243 5277; x_wconf 80' lang='lat' dir='ltr'><strong>integre</strong></span> <span class='ocrx_word' id='word_1_859' title='bbox 3303 5196 3802 5277; x_wconf 48' lang='lat' dir='ltr'><strong>Romnimpres-</strong></span> 
     </span>
    </p>
   </div>
   <div class='ocr_carea' id='block_1_117' title="bbox 2159 5267 3808 5342">
    <p class='ocr_par' dir='ltr' id='par_1_117' title="bbox 2159 5267 3808 5342">
     <span class='ocr_line' id='line_1_118' title="bbox 2159 5267 3808 5342; baseline -0.004 -14"><span class='ocrx_word' id='word_1_860' title='bbox 2159 5267 2319 5341; x_wconf 79' lang='lat' dir='ltr'><strong>sum,</strong></span> <span class='ocrx_word' id='word_1_861' title='bbox 2341 5286 2554 5342; x_wconf 89' lang='lat' dir='ltr'><strong>magna</strong></span> <span class='ocrx_word' id='word_1_862' title='bbox 2573 5267 2990 5342; x_wconf 77' lang='lat' dir='ltr'><strong>catholicorum</strong></span> <span class='ocrx_word' id='word_1_863' title='bbox 3023 5267 3284 5323; x_wconf 73' lang='lat' dir='ltr'><strong>omnium</strong></span> <span class='ocrx_word' id='word_1_864' title='bbox 3317 5267 3588 5336; x_wconf 87' lang='lat' dir='ltr'><strong>utilitate,</strong></span> <span class='ocrx_word' id='word_1_865' title='bbox 3620 5283 3808 5339; x_wconf 91' lang='lat' dir='ltr'><strong>nuper</strong></span> 
     </span>
    </p>
   </div>
   <div class='ocr_carea' id='block_1_118' title="bbox 2156 5338 3090 5400">
    <p class='ocr_par' dir='ltr' id='par_1_118' title="bbox 2156 5338 3090 5400">
     <span class='ocr_line' id='line_1_119' title="bbox 2156 5338 3090 5400; baseline -0.007 0"><span class='ocrx_word' id='word_1_866' title='bbox 2156 5338 2367 5400; x_wconf 85' lang='lat' dir='ltr'><strong>Christi</strong></span> <span class='ocrx_word' id='word_1_867' title='bbox 2399 5338 2661 5397; x_wconf 60' lang='lat' dir='ltr'><strong>Ecclesia“:</strong></span> <span class='ocrx_word' id='word_1_868' title='bbox 2693 5338 3090 5394; x_wconf 88' lang='lat' dir='ltr'><strong>reddiderunt.</strong></span> 
     </span>
    </p>
   </div>
   <div class='ocr_carea' id='block_1_119' title="bbox 2222 5409 3802 5483">
    <p class='ocr_par' dir='ltr' id='par_1_119' title="bbox 2222 5409 3802 5483">
     <span class='ocr_line' id='line_1_120' title="bbox 2222 5409 3802 5483; baseline -0.004 -13"><span class='ocrx_word' id='word_1_869' title='bbox 2222 5421 2237 5452; x_wconf 80' lang='grc'><strong><em>³</em></strong></span> <span class='ocrx_word' id='word_1_870' title='bbox 2275 5418 2408 5481; x_wconf 70' lang='lat' dir='ltr'><strong>Quae</strong></span> <span class='ocrx_word' id='word_1_871' title='bbox 2440 5414 2884 5483; x_wconf 72' lang='lat' dir='ltr'><strong>subsequuntur</strong></span> <span class='ocrx_word' id='word_1_872' title='bbox 2910 5412 3086 5467; x_wconf 86' lang='lat' dir='ltr'><strong>verba</strong></span> <span class='ocrx_word' id='word_1_873' title='bbox 3112 5427 3125 5465; x_wconf 89' lang='lat'><strong>:</strong></span> <span class='ocrx_word' id='word_1_874' title='bbox 3152 5411 3218 5483; x_wconf 75' lang='lat' dir='ltr'><strong>Et</strong></span> <span class='ocrx_word' id='word_1_875' title='bbox 3241 5426 3352 5483; x_wconf 82' lang='lat' dir='ltr'><strong>non</strong></span> <span class='ocrx_word' id='word_1_876' title='bbox 3374 5419 3591 5483; x_wconf 78' lang='lat' dir='ltr'><strong>tantum</strong></span> <span class='ocrx_word' id='word_1_877' title='bbox 3611 5409 3802 5483; x_wconf 76' lang='lat' dir='ltr'><strong>adver-</strong></span> 
     </span>
    </p>
   </div>
   <div class='ocr_carea' id='block_1_120' title="bbox 2152 5480 3804 5615">
    <p class='ocr_par' dir='ltr' id='par_1_120' title="bbox 2152 5480 3804 5615">
     <span class='ocr_line' id='line_1_121' title="bbox 2152 5480 3804 5615; baseline -0.004 -71"><span class='ocrx_word' id='word_1_878' title='bbox 2152 5505 2278 5615; x_wconf 50' lang='lat' dir='ltr'><strong>ium</strong></span> <span class='ocrx_word' id='word_1_879' title='bbox 2307 5480 2653 5615; x_wconf 33' lang='lat' dir='ltr'><strong>spiiritutilia‘</strong></span> <span class='ocrx_word' id='word_1_880' title='bbox 2673 5483 2943 5555; x_wconf 71' lang='lat' dir='ltr'><strong>nequitiae</strong></span> <span class='ocrx_word' id='word_1_881' title='bbox 2970 5484 3027 5539; x_wconf 89' lang='lat' dir='ltr'><strong>in</strong></span> <span class='ocrx_word' id='word_1_882' title='bbox 3056 5480 3385 5551; x_wconf 75' lang='lat' dir='ltr'><strong>ccelestibus,</strong></span> <span class='ocrx_word' id='word_1_883' title='bbox 3416 5482 3477 5538; x_wconf 91' lang='lat' dir='ltr'><strong>in</strong></span> <span class='ocrx_word' id='word_1_884' title='bbox 3508 5481 3655 5538; x_wconf 91' lang='lat' dir='ltr'><strong>Vict.</strong></span> <span class='ocrx_word' id='word_1_885' title='bbox 3688 5480 3804 5538; x_wconf 88' lang='lat' dir='ltr'><strong>edi-</strong></span> 
     </span>
     <span class='ocr_line' id='line_1_122' title="bbox 2186 5573 3283 5615; baseline -0.006 0"><span class='ocrx_word' id='word_1_886' title='bbox 2186 5574 2316 5615; x_wconf 79' lang='lat' dir='ltr'><strong>ione</strong></span> <span class='ocrx_word' id='word_1_887' title='bbox 2385 5573 2531 5615; x_wconf 90' lang='lat' dir='ltr'><strong>esun</strong></span> <span class='ocrx_word' id='word_1_888' title='bbox 2567 5597 2579 5613; x_wconf 95' lang='lat'><strong>.</strong></span> <span class='ocrx_word' id='word_1_889' title='bbox 2676 5612 2684 5615; x_wconf 90' lang='lat'>_</span> <span class='ocrx_word' id='word_1_890' title='bbox 3280 5576 3283 5579; x_wconf 93' lang='grc'><strong>·</strong></span> 
     </span>
    </p>
   </div>
   <div class='ocr_carea' id='block_1_121' title="bbox 2157 5561 3283 5629">
    <p class='ocr_par' dir='ltr' id='par_1_121' title="bbox 2157 5561 3283 5629">
     <span class='ocr_line' id='line_1_123' title="bbox 2157 5561 3283 5629; baseline -0.011 -12"><span class='ocrx_word' id='word_1_891' title='bbox 2157 5561 2316 5617; x_wconf 88' lang='lat' dir='ltr'><strong>tione</strong></span> <span class='ocrx_word' id='word_1_892' title='bbox 2345 5561 2579 5616; x_wconf 89' lang='lat' dir='ltr'><strong>desunt.</strong></span> <span class='ocrx_word' id='word_1_893' title='bbox 2676 5612 2692 5629; x_wconf 35' lang='grc' dir='ltr'><strong>κ</strong></span> <span class='ocrx_word' id='word_1_894' title='bbox 3280 5576 3283 5579; x_wconf 94' lang='grc'><strong>-</strong></span> 
     </span>
    </p>
   </div>
  </div>
