4066 6190
296 268 411 335 585

326 334 377 365 Ὀ·
394 344 421 365 ,πε

965 264 1459 329 ΟΟΜΜΕΝΤΑΒ.
1503 266 1581 325 ΙΝ
1627 264 1875 326 EPIST.
1922 263 2023 324 AD
2067 264 2342 325 EPHES.
2395 266 2541 325 LIB.
2588 266 2663 337 ll,
2711 268 2886 328 CAP.
2930 268 3032 329 VI.

3582 275 3702 334 586

294 397 532 457 circulis
564 414 625 455 se
652 400 953 481 tenentem
984 398 1224 455 loricam
1253 398 1491 454 virtutis
1533 398 1775 452 indutus
1802 401 1889 452 est
1923 413 1935 450 :
1971 400 2023 463 Α
2053 414 2311 475 quonon
2344 397 2536 452 solum
2566 400 2856 455 venientia
2883 400 2999 456 tela
3029 401 3504 474 franguntur,scd
3522 388 3703 461 etiam

291 486 375 546 ita
404 487 503 560 qui
536 490 628 544 est
675 486 1077 561 circumdatus
1131 485 1440 558 multiplici
1489 490 1649 541 veste
1672 484 1939 556 justitiaa,

291 576 395 634 n'ec
436 578 508 633 ad
540 575 991 632 similitudinem
1025 576 1174 632 cervi
1207 577 1264 630 in
1288 577 1459 646 jecur
1487 575 1732 646 accipiet
1762 576 1940 646 sagit-

291 658 411 722 tam
446 666 552 721 nec
583 664 641 720 in
675 663 966 720 desideria
995 669 1226 720 corruet
1283 669 1339 719 et
1397 664 1640 729 furores,
1674 663 1774 719 sed
1835 662 1944 717 erit

292 748 513 811 mundo
540 755 736 821 corde,
756 752 981 808 habens
1008 753 1293 809 artificem
1327 752 1511 822 hujus
1541 751 1732 807 loricae
1755 752 1939 807 Deum

292 842 743 917 q‘ui’unicuique
774 848 1111 897 sanctorum
1162 842 1360 897 omnia
1404 858 1569 896 arma
1601 840 1937 910 fabricatur,

290 937 349 988 et
380 949 492 987 non
528 930 672 987 sinit
703 948 835 986 eum
869 948 903 985 a
925 929 1124 1002 jaculo
1166 930 1395 985 volante
1426 947 1528 1002 per
1585 930 1761 997 diem,
1822 934 1878 983 et
1908 945 1942 983 a

292 1019 499 1093 sagitis
528 1019 871 1075 ardentibus
903 1019 1124 1091 percuti
1158 1020 1375 1090 pariter
1405 1024 1462 1075 et
1487 1017 1671 1073 exuri.

366 1108 563 1182 (Vers.
588 1108 701 1179 15.)
736 1128 758 1155 ιι
814 1108 881 1162 Et
919 1106 1143 1164 calciati
1178 1107 1352 1179 pedes
1403 1107 1460 1162 in
1520 1108 1940 1180 praeparatione

288 1196 585 1270 Evangelii
619 1196 800 1268 pacis.
835 1219 864 1245 »
890 1195 1238 1268 Diligentius
1280 1198 1600 1264 observate,
1636 1197 1790 1268 quod
1825 1196 1939 1249 vir-

300 1288 485 1341 tutem
520 1286 838 1358 quamdam
870 1285 1080 1341 animae
1102 1284 1689 1357 appellaveritpedes,
1723 1284 1940 1356 quibus

290 1373 660 1447 ingredimur
686 1372 741 1428 in
767 1380 832 1428 eo
864 1372 963 1445 qui
988 1373 1147 1429 dicit:
1174 1378 1280 1445 Ego
1309 1390 1430 1429 sum
1463 1374 1604 1429 viam
1632 1374 1945 1446 (Joun.x1v,

287 1465 369 1537 6),
427 1466 483 1518 et
541 1480 656 1535 quo
716 1479 822 1517 nos
897 1465 1125 1532 oportet
1199 1461 1443 1517 calciare
1519 1462 1941 1533 praeparatione

289 1550 587 1624 Evangelii
618 1550 798 1624 pacis.
825 1550 888 1605 In
921 1568 1086 1605 orum
1121 1550 1634 1605 calciomentorum
1671 1552 1937 1622 figuram,

289 1646 351 1697 et
382 1641 482 1696 illa
512 1638 892 1696 calciamenta
946 1638 1006 1695 in
1063 1640 1257 1695 Exodo
1316 1644 1759 1711 praeesserunt,
1814 1656 1939 1711 qum

291 1726 510 1830 habere
540 1727 763 1784 PaScha
804 1727 1174 1784 vescentibus
1221 1728 1544 1799 imperatur
1603 1732 1659 1783 et
1689 1728 1804 1793 his,
1838 1727 1938 1800 qui
1972 1767 2016 1830 Β

288 1812 367 1874 ad
399 1816 729 1874 faciendum
760 1817 873 1873 iter
903 1818 1087 1890 parati
1121 1821 1277 1872 sunt.
1313 1816 1401 1872 Sic
1444 1816 1596 1872 enim
1649 1817 1749 1887 ait,
1777 1833 1936 1871 man-

285 1906 564 1963 ducabitis
592 1906 733 1962 iltu‘d
765 1925 782 1961 :
814 1907 989 1962 lumbi
1015 1909 1183 1961 vestri
1218 1907 1470 1973 accincti,
1502 1914 1553 1961 et
1579 1905 1938 1961 calciamenta

286 2005 472 2053 vestra
492 1997 554 2051 in
574 1996 804 2068 pedibus
834 1997 1047 2063 vestris,
1078 2001 1129 2050 et
1163 1994 1350 2050 baculi
1394 1996 1563 2050 vestri
1589 1994 1647 2048 in
1679 1994 1939 2049 manibus

284 2087 479 2142 vestris
508 2104 526 2141 :
557 2093 609 2140 et
636 2086 919 2141 comedetis
950 2083 1091 2139 illud
1126 2100 1250 2139 cum
1304 2082 1697 2155 festinatione:
1726 2083 1937 2138 Pascha

283 2176 365 2232 est
393 2176 545 2230 enim
578 2174 1013 2246 Domini(E:cod.
1048 2190 1146 2239 χιι,
1183 2172 1291 2244 11).
1353 2171 1599 2245 Signum
1640 2172 1933 2244 siquidem

285 2262 732 2336 praeparationis
775 2265 882 2328 est,
933 2278 1065 2317 cum
1118 2261 1512 2328 festinatione,
1565 2265 1623 2315 et
1670 2260 1934 2316 calciatis

281 2350 866 2425 pedibus'comedere
900 2367 913 2405 :
949 2354 1034 2417 ut,
1065 2349 1421 2406 corroborati
1472 2346 1729 2421 paschali
1781 2348 1931 2418 cibo,

282 2440 470 2496 latam
502 2444 559 2496 e't
588 2437 928 2495 horribilem
964 2439 1190 2511 possint
1240 2454 1503 2493 eremum
1559 2438 1932 2510 pertransire.

281 2528 396 2593 Qui
430 2545 565 2601 ergo
597 2520 789 2583 adhuc
820 2526 1102 2591 ambulat,
1145 2526 1425 2583 calcietur
1456 2542 1469 2582 ε
1506 2527 1604 2597 qui
1635 2526 1933 2597 vero,jam

280 2612 543 2673 Jordane
573 2616 946 2681 transmisso,
975 2621 1189 2671 terram
1244 2615 1715 2687 repromissionis
1745 2615 1934 2670 intra-

294 2706 406 2774 vit,
441 2706 619 2762 nudet
649 2702 847 2778 pedem
881 2706 1080 2777 (Iosue,
1113 2721 1166 2774 v,
1201 2705 1309 2773 16).
1370 2704 1542 2772 Solve,
1574 2705 1673 2771 ait,
1732 2705 1934 2760 calcia-

280 2798 535 2850 mentum
561 2794 625 2850 de
650 2795 877 2866 pedibus
906 2797 1015 2850 tuis
1046 2813 1065 2849 :
1087 2795 1234 2849 locus
1261 2794 1408 2849 enim
1461 2795 1516 2848 in
1577 2809 1680 2866 quo
1708 2798 1769 2849 tu
1796 2797 1930 2861 stas,

281 2893 440 2941 terra
467 2887 660 2939 sancta
686 2889 765 2938 est
787 2881 979 2954 (Exod.
1008 2899 1094 2945 III,
1126 2882 1202 2950 5).
1236 2882 1294 2937 Si
1326 2883 1458 2949 quis
1498 2899 1611 2937 non
1644 2888 1734 2937 est
1760 2883 1933 2939 Jesus

282 2972 466 3039 Nave,
501 2988 605 3027 nec
636 2971 939 3043 apostolus
968 2971 1174 3027 calciet
1216 2972 1391 3042 pedes
1424 2988 1563 3027 suos
1619 2971 1677 3026 in
1712 2988 1931 3044 praepa-

284 3062 515 3117 ratione
547 3060 838 3132 Evangelii
864 3061 1046 3132 pacis.
1079 3060 1132 3115 Si
1190 3059 1322 3132 quis
1378 3066 1570 3115 autem
1633 3060 1933 3132 apostolus

281 3155 400 3219 est,
432 3153 489 3206 et
534 3150 687 3205 inter
711 3131 1049 3206 iduodecim
1109 3131 1407 3204 numerari
1465 3131 1682 3221 potest,
1713 3165 1931 3220 nequa-
1964 3131 2007 3198 C

283 3255 469 3311 quam
502 3237 665 3294 tollat
696 3238 755 3293 in
804 3239 904 3293 via
959 3238 1407 3294 calciamentum
1468 3254 1665 3304 suum,
1728 3253 1832 3293 nec
1862 3238 1934 3293 ad

282 3327 711 3400 scorpiones,et
726 3327 995 3383 colubros
1013 3327 1391 3383 declinandos
1415 3326 1688 3382 calcaneu
1701 3344 1754 3381 m
1779 3331 1938 3399 tegat

282 3414 393 3472 sed
416 3417 541 3487 jam
572 3418 1022 3472 consummatus
1052 3421 1227 3487 atque
1250 3415 1679 3488 perfectus,stet
1703 3415 1760 3469 in
1786 3421 1939 3471 terra

283 3510 494 3560 sancta
523 3510 581 3560 et
610 3504 765 3561 vivat
785 3504 844 3559 in
875 3503 1126 3571 Christo,
1150 3509 1207 3561 ct
1223 3508 1506 3575 sequatur
1524 3510 1756 3576 Agnum
1790 3520 1934 3576 quo-

284 3609 522 3666 cunque
552 3593 708 3649 vadit
737 3595 1038 3666 (Apoc.x1v,
1060 3595 1133 3662 4).
1159 3594 1445 3657 Quzeritur
1476 3598 1673 3649 utrum
1705 3610 1839 3649 nam
1864 3594 1935 3649 ad

282 3681 724 3739 distinctionem
762 3681 1048 3756 Evangelii
1085 3681 1510 3750 alterius,nunc
1543 3683 1938 3755 dixerit,pacis

283 3769 668 3844 Evangelium
699 3772 727 3826 ‘t
755 3772 841 3826 An
872 3776 1025 3827 certe
1056 3771 1357 3843 proprium
1391 3770 1467 3826 sit
1505 3772 1610 3827 hoc
1642 3771 1937 3844 Evangelii

286 3864 358 3916 ut
388 3859 549 3933 pacis
579 3856 951 3933 Evangelium
987 3859 1321 3915 nominetur
1350 3858 1378 3913 ?
1409 3860 1514 3925 Qui
1558 3860 1735 3932 igitur
1764 3860 1940 3915 habet

287 3964 520 4022 pacem,
575 3948 854 4003 calciatus
911 3954 1002 4004 est
1052 3947 1263 4003 Christi
1324 3942 1637 4020 Evangelio
1670 3965 1682 4003 :
1717 3942 1936 4004 etcum

287 4036 571 4093 calciatus
604 4037 1166 4109 fuerit,praaparatus
1195 4041 1318 4092 est:
1351 4041 1409 4091 et
1442 4042 1799 4108 prazparatus
1823 4053 1936 4092 non

288 4143 356 4182 se
409 4130 570 4198 putet
601 4141 730 4181 esse
762 4128 1087 4198 perfectum
1120 4142 1133 4180 ε
1168 4125 1269 4181 sed
1304 4126 1371 4181 ad
1427 4126 1535 4181 hoc
1584 4132 1941 4198 preparetur

292 4220 361 4270 ut
404 4219 625 4287 pergat,
659 4219 716 4270 et
746 4230 994 4287 pergens
1028 4214 1221 4269 veniat
1250 4216 1320 4270 ad
1352 4215 1548 4271 finem.

368 4300 529 4358 080
555 4302 740 4375 (Vers.
778 4303 888 4375 16.)
922 4326 949 4353 ‹‹
983 4303 1171 4375 Super
1194 4304 1397 4359 omnia
1427 4303 1774 4376 accipientes
1805 4321 1938 4359 scu-

288 4398 421 4449 tum
453 4390 609 4457 fidei,
641 4392 699 4447 in
732 4408 847 4464 quo
898 4392 1136 4464 possitis
1193 4392 1390 4448 omnia
1438 4393 1639 4465 jacula
1696 4393 1937 4466 maligni

289 4480 479 4553 ignita
505 4480 892 4554 exstinguere.
929 4504 950 4532 ι
988 4481 1163 4545 Quasi
1194 4481 1405 4536 dixerit
1435 4498 1447 4536 :
1483 4482 1545 4537 In
1578 4482 1734 4537 Omni
1768 4498 1940 4555 opere
1973 4496 2016 4559 D

289 4573 520 4644 portate
551 4568 819 4643 clypeum
854 4570 1006 4638 fidei,
1039 4574 1104 4625 ut
1143 4570 1380 4642 possitis
1431 4573 1569 4627 tecti
1601 4576 1776 4643 atque
1810 4589 1937 4626 mu-

292 4659 403 4714 niti
432 4658 691 4731 exeipere
722 4659 1017 4715 venientes
1050 4660 1313 4732 sagittas,
1347 4663 1403 4715 et
1434 4658 1549 4714 huc
1597 4666 1772 4730 atque
1802 4660 1940 4715 illuc

292 4748 420 4803 arte
440 4762 538 4804 eas
570 4746 778 4803 bellica
807 4748 1118 4804 declinare.
1152 4748 1282 4803 Haec
1315 4752 1402 4803 est
1440 4748 1583 4802 fides
1616 4764 1794 4819 super
1823 4765 1939 4819 qua

293 4841 354 4891 et
385 4835 678 4891 Abraham
714 4841 845 4908 post
893 4836 1079 4891 multa
1127 4852 1302 4908 opera
1350 4840 1525 4907 atque
1570 4836 1819 4892 virtutes
1848 4837 1942 4890 vix

299 4925 492 4998 potuit
524 4926 861 4997 promereri,
897 4931 959 4980 ut
990 4926 1060 4980 de
1090 4941 1156 4981 eo
1188 4926 1486 4996 Scriptura
1514 4925 1730 4980 diceret
1764 4943 1776 4980 :
1814 4926 1940 4980 Cre-

292 5013 441 5069 didit
482 5018 666 5069 antem
716 5014 996 5069 Abraham
1044 5015 1145 5069 Deo
1195 5024 1250 5069 ct
1283 5017 1600 5085 reputatum
1638 5023 1714 5070 est
1740 5016 1832 5070 illi
1867 5014 1944 5069 ad

297 5103 574 5167 iustitiam
606 5101 757 5174 (Gen.
788 5120 878 5174 xv,
910 5103 986 5173 8).
1021 5102 1332 5175 Perspicua
1363 5109 1502 5158 sunt
1527 5108 1720 5158 autem
1745 5103 1945 5174 jacula

295 5186 565 5263 maligni,
624 5208 751 5263 qua:
799 5191 923 5247 vult
975 5193 1204 5248 mittere
1252 5192 1312 5246 in
1367 5192 1542 5247 corda
1599 5198 1797 5248 nostra
1845 5209 1947 5264 per

293 5279 675 5353 cogitationes
706 5281 994 5352 pessimas
1028 5281 1135 5336 :de
1153 5281 1370 5352 quibus
1401 5280 1746 5352 unumjecit
1769 5281 1826 5336 in
1849 5297 1948 5336 cor

291 5368 477 5439 δυάδι,
513 5375 578 5424 ut
605 5370 863 5426 traderet
888 5369 1238 5426 Salvatorem
1274 5372 1449 5443 (Joan.
1482 5387 1604 5435 xm,
1635 5371 1711 5443 2).
1750 5375 1948 5442 Itaque

295 5474 369 5513 ne
403 5457 755 5531 principium
781 5459 1019 5531 quidem
1050 5458 1263 5516 habere
1294 5459 1799 5532 poteritinimicus
1821 5460 1948 5516 ani-

295 5563 408 5606 me
446 5546 842 5622 vulnerandaa,
875 5549 924 5605 si
974 5550 1343 5607 tenuerimus
1390 5554 1624 5608 scutum
1671 5548 1804 5607 fidei
1839 5565 1852 5606 :
1887 5549 1947 5611 in

622 5676 885 5742 Parem.
928 5675 1148 5745 XXVI.

2050 485 2296 541 telorum
2329 486 2455 558 ipse
2486 487 2637 559 ignis
2652 488 3148 559 exstinguitur,de
3178 508 3295 563 quo
3329 499 3381 548 et
3414 490 3701 566 propheta

2050 575 2373 646 complorat
2423 576 2670 631 dicens:
2706 575 2901 632 Omnes
2956 577 3349 647 adulterantes,
3410 585 3570 655 quasi
3596 583 3707 639 cli-r

2012 668 2025 673 '
2052 663 2225 717 banus
2254 664 2418 719 corda
2448 681 2637 720 eorum
2669 665 2840 736 (Osee.
2900 683 2996 736 vn,
3027 667 3100 737 4).
3135 668 3240 731 Qui
3292 668 3448 724 hunc
3497 672 3699 727 umbo-

2051 768 2184 806 nem
2215 752 2345 807 fidei
2372 770 2548 808 manu
2586 754 2713 808 forti
2748 755 3021 820 tenuerit,
3065 760 3122 809 et
3150 757 3486 813 confisusin
3514 761 3702 814 Domi-

2051 856 2145 906 no,
2180 840 2376 896 scierit
2407 858 2468 897 se
2490 842 2914 898 avenientibus
2964 844 3182 914 jaculis
3230 861 3359 901 esse
3401 862 3697 914 securum,

2050 928 2323 1000 loquetur
2354 931 2680 1002 intrepidus
2712 948 2724 985 :
2762 934 2823 986 In
2873 932 3099 987 Domino
3156 934 3367 1005 conﬁdo
3398 953 3416 990 :
3437 938 3701 1007 quomodo

2048 1017 2232 1072 dicitis
2289 1020 2491 1073 anima:
2535 1036 2669 1075 mea:
2700 1038 2718 1074 :
2751 1022 3097 1092 Transmigra
3148 1023 3210 1076 in.
3265 1026 3507 1079 montem
3556 1027 3700 1080 sicut

2045 1122 2237 1177 passer
2264 1110 2289 1160 .9
2317 1110 2593 1177 Quoniam
2622 1124 2743 1164 ecce
2769 1117 3079 1181 peccatores
3111 1112 3471 1167 intenderunt
3499 1129 3699 1169 arcum

2044 1198 2381 1267 paraverunt
2408 1202 2636 1267 sagittas
2690 1214 2816 1253 suas
2870 1201 2934 1254 in.
2984 1198 3280 1271 pharetris,
3332 1210 3394 1255 ut
3438 1204 3701 1270 sagittent

2049 1285 2108 1339 in
2140 1285 2363 1342 obscuro
2394 1290 2559 1341 rectos
2588 1287 2751 1341 corde
2790 1290 2966 1360 (Psat.
3016 1306 3072 1355 x,
3130 1291 3185 1357 2,
3235 1290 3311 1359 3).
3372 1295 3512 1345 Cum
3564 1308 3699 1364 ergo

2051 1372 2260 1443 inquit,
2294 1372 2579 1428 conﬁdam
2612 1373 2671 1428 in
2702 1374 3092 1447 Domino,qua
3118 1377 3261 1432 mihi
3292 1378 3442 1433 datis
3476 1380 3701 1435 ratione

2048 1461 2386 1527 consilium,
2446 1467 2508 1517 ut
2564 1479 2675 1517 non
2739 1470 2890 1519 stem
2949 1466 3261 1527 adversum
3321 1468 3700 1524 inimicorum

2048 1549 2323 1621 impetus,
2358 1554 2415 1604 et
2436 1550 2635 1623 jacula
2694 1568 2821 1622 quae
2883 1559 3083 1609 contra
3142 1570 3235 1610 me
3292 1554 3349 1609 in
3409 1555 3702 1628 pharetris

2049 1644 2470 1711 praepararant,
2505 1639 2764 1696 volentes
2814 1657 2930 1696 non
2980 1641 3174 1697 solum
3238 1659 3354 1710 me,
3387 1645 3487 1699 sed
3519 1646 3695 1701 etiam

2049 1744 2253 1783 omnes
2294 1733 2482 1784 rectos
2541 1730 2649 1797 [Αἱ.
2709 1733 2887 1799 recto]
2940 1731 3110 1787 corde
3170 1734 3697 1803 percutere?Ecce

2046 1821 2136 1870 sto
2167 1831 2344 1887 super
2376 1821 2621 1887 petram,
2680 1823 2736 1871 et
2791 1834 2904 1873 non
2949 1821 3310 1891 transmigro
3368 1820 3428 1874 in
3463 1825 3695 1877 montes

2045 1905 2488 1960 tenebricosos:
2522 1910 2579 1959 et
2625 1907 2824 1961 omnia
2876 1907 2990 1962 tela
3032 1907 3289 1963 hostium
3349 1908 3603 1981 repulsa,
3635 1910 3695 1966 in

2045 1994 2205 2065 ipsos
2238 1994 2337 2065 qui
2368 1992 2650 2064 dirigunt,
2683 2000 3120 2051 convertuntur.

2112 2082 2300 2154 (Vers.
2332 2083 2445 2151 17.)
2480 2104 2507 2133 ‹‹
2538 2084 2606 2137 Et
2662 2083 2884 2155 galeam
2946 2085 3153 2140 salutis
3198 2086 3459 2159 accipite.
3492 2110 3518 2137 n
3554 2088 3691 2143 Pro-

2046 2175 2174 2243 pter
2203 2171 2353 2225 hanc
2383 2170 2608 2243 galeam
2641 2171 3149 2239 salutaris,omnes
3178 2175 3236 2230 in
3269 2176 3457 2247 capite
3490 2182 3688 2233 nostro

2045 2277 2254 2316 sensus
2280 2260 2490 2331 integri
2531 2266 2947 2331 perseverant:
2980 2268 3037 2318 et
3084 2263 3333 2320 maxime
3389 2265 3565 2333 oculi,
3618 2266 3691 2321 de

2046 2347 2259 2418 quibus
2290 2349 2348 2402 in
2380 2347 2722 2403 Ecclesiaste
2753 2349 3026 2405 Salomon
3058 2351 3142 2405 ait
3174 2367 3187 2405 :
3224 2351 3497 2423 Sapientis
3544 2354 3691 2408 oculi

2046 2439 2103 2491 in
2133 2437 2308 2508 capite
2337 2438 2454 2507 ejus
2512 2438 2711 2508 (Eccle.
2772 2455 2831 2505 ιι,
2868 2439 2976 2510 14),
3034 2438 3265 2494 Sciebat
3317 2442 3474 2496 enim
3533 2442 3690 2513 quod

2046 2530 2200 2581 esset
2225 2518 2331 2579 viri
2363 2531 2557 2597 caput,
2587 2531 2645 2581 et
2675 2526 2918 2599 quinam
2962 2527 3054 2583 isti
3088 2528 3239 2584 oculi
3271 2529 3330 2584 in
3363 2529 3469 2585 viri
3500 2531 3693 2603 capite

2045 2614 2326 2670 collocati.
2361 2615 2417 2668 Si
2449 2614 2605 2670 enim
2644 2620 2820 2687 caput
2871 2617 2981 2671 viri
3043 2616 3310 2673 Christus
3368 2624 3457 2674 est
3484 2620 3533 2690 (Ι
3561 2620 3683 2676 Cor.

2043 2721 2124 2767 χι,
2152 2705 2229 2775 2),
2263 2707 2321 2758 et
2350 2703 2503 2759 oculi
2533 2703 2815 2776 sapientis
2846 2705 2903 2759 in
2957 2705 3141 2777 capite
3190 2707 3319 2777 ejus
3369 2713 3508 2762 sunt
3540 2726 3553 2765 :
3588 2725 3684 2764 se-

2044 2793 2246 2865 quitur
2276 2796 2340 2847 ut
2368 2793 2563 2847 omnis
2604 2798 2802 2849 noster
2857 2810 3088 2865 sensus,
3144 2812 3332 2861 mens,
3393 2797 3688 2867 cogitatio,

2043 2898 2257 2948 sermo,
2310 2881 2621 2935 consilium
2670 2882 2743 2952 (si
2789 2886 2983 2937 tamen
3040 2883 3335 2954 sapientes
3384 2884 3692 2957 fuerimus)

2042 2970 2361 3049 in_Christo
2392 2970 2529 3025 sint.
2564 2971 2627 3024 In
2658 2970 2886 3025 Christo
2936 2976 3129 3025 autem
3189 2971 3397 3037 Verbo,
3443 2972 3690 3039 lumine,

2037 3060 2292 3131 justitia,
2324 3059 2582 3125 veritate,
2618 3059 2963 3130 cunctisque
2992 3060 3330 3116 virtutibus.
3408 3109 3421 3115 -

2117 3148 2303 3217 (Vers.
2339 3148 2425 3215 18,
2462 3148 2569 3217 19.)
2603 3170 2631 3197 ‹‹
2664 3148 2732 3201 Et
2783 3147 3044 3218 gladium
3103 3149 3369 3220 spiritus,
3412 3151 3567 3221 quod
3599 3155 3692 3207 est

2043 3238 2285 3293 verbum
2322 3237 2437 3292 Dei.
2476 3237 2579 3291 Per
2608 3252 2842 3291 omnem
2901 3237 3221 3294 orationem
3254 3243 3310 3294 et
3339 3240 3693 3295 obsecratio-

2046 3343 2201 3392 nem,
2254 3329 2486 3381 orantes
2535 3326 2593 3379 in
2643 3327 2802 3380 omni
2850 3330 3111 3398 tempore
3153 3328 3212 3384 in
3259 3328 3467 3401 spiritu
3502 3346 3515 3384 :
3550 3330 3691 3386 etin

2047 3417 2175 3488 ipso
2206 3414 2513 3487 vigilantes
2553 3415 2610 3468 in
2661 3415 2821 3469 omni
2861 3415 3143 3471 instantia
3191 3423 3248 3471 et
3293 3434 3482 3489 prece,
3534 3418 3685 3486 (ιδι

2048 3521 2151 3575 pro
2181 3502 2458 3558 omnibus
2490 3503 2711 3558 sanctis
2741 3508 2797 3558 et
2828 3520 2929 3575 pro
2961 3521 3073 3559 me.
3136 3527 3164 3554 »
3226 3505 3322 3560 Dei
3380 3523 3572 3562 sermo
3620 3508 3693 3563 de

2046 3591 2261 3664 Spiritu
2295 3596 2499 3646 sancto
2532 3590 2696 3647 fluit:
2730 3592 3058 3647 contrarius
3088 3610 3219 3648 vero
3275 3594 3346 3649 de
3400 3604 3553 3651 terra
3608 3595 3693 3652 lo-

2047 3682 2269 3752 quitur,
2295 3684 2353 3735 et
2382 3680 2516 3734 inde
2546 3680 2731 3735 sumit
2758 3681 3082 3737 exordium.
3117 3682 3222 3750 Qui
3272 3686 3420 3738 enim
3446 3684 3512 3740 de
3543 3689 3694 3741 terra

2046 3774 2146 3835 est,
2178 3770 2245 3824 de
2275 3772 2426 3823 terra
2458 3769 2717 3840 loquitur.
2750 3771 2861 3839 Qui
2888 3769 2952 3825 de
2979 3772 3109 3826 cado
3140 3774 3309 3838 venit,
3365 3789 3529 3845 super
3573 3789 3685 3829 om.
3760 3810 3767 3823 .

2046 3875 2140 3915 nes
2170 3866 2249 3913 est
2273 3877 2290 3911 :
2327 3862 2391 3913 Et
2422 3857 2562 3929 quod
2590 3858 2730 3913 vidit
2753 3862 2804 3913 et
2831 3859 3050 3914 audivit
3104 3861 3201 3914 hoc
3256 3865 3483 3917 testatur
3512 3862 3688 3933 (Joan.

2048 3965 2111 4015 ιι,
2141 3948 2230 4018 31,
2265 3948 2355 4018 32)
2388 3946 2560 4002 Porro
2592 3962 2784 4003 sermo
2828 3947 2946 4016 Dei,
2998 3949 3229 4020 gladius
3289 3951 3533 4021 spiritus
3578 3954 3690 4017 est,

2048 4038 2119 4092 de
2150 4053 2265 4108 quo
2296 4052 2449 4091 nunc
2477 4037 2690 4091 Paulus
2723 4036 2803 4091 ait
2833 4055 2845 4092 :
2881 4036 3108 4092 Gladius
3148 4039 3394 4108 spiritus,
3439 4038 3585 4109 quod
3611 4044 3693 4094 est

2048 4127 2272 4181 verbum
2303 4127 2419 4181 Dei.
2452 4126 2668 4180 Vivens
2715 4126 2933 4198 quippe
2989 4141 3182 4181 sermo
3241 4126 3341 4181 Dei
3381 4130 3437 4181 et
3466 4127 3690 4195 efﬁcax,

2049 4219 2105 4270 et
2148 4219 2356 4270 acutus
2409 4230 2587 4286 super
2642 4230 2877 4268 omnem
2937 4213 3200 4286 gladium
3260 4214 3597 4285 ancipitem,
3630 4220 3689 4271 et

2050 4309 2362 4376 penetrans
2393 4319 2583 4374 usque
2617 4303 2688 4356 ad
2722 4308 2886 4357 artus
2926 4303 3158 4373 animae,
3218 4309 3275 4358 et
3330 4304 3580 4371 ossium,
3641 4307 3699 4361 et

2050 4391 2441 4448 medullarum
2475 4391 2658 4461 (Hebr.
2695 4407 2768 4461 1v,
2805 4390 2911 4460 19).
2973 4390 3078 4454 Qui
3137 4392 3382 4463 spiritus
3441 4393 3700 4465 praecidit

2049 4485 2105 4536 et
2133 4479 2359 4543 dividit,
2407 4479 2659 4533 multum
2714 4478 3025 4550 proﬁciens
3082 4498 3185 4552 per
3241 4482 3582 4549 orationem,
3643 4486 3703 4539 et

2049 4566 2507 4624 obsecrationem
2542 4583 2766 4631 eorum,
2820 4567 2919 4638 qui
2968 4568 3024 4623 in
3076 4570 3236 4625 omni
3291 4575 3556 4643 tempore
3590 4576 3696 4625 Do-

2051 4658 2276 4712 minum
2310 4656 2701 4726 deprecantur
2731 4655 2787 4709 in
2823 4656 3056 4728 spiritu,
3096 4658 3267 4727 juxta
3296 4657 3440 4712 illud
3475 4676 3488 4713 :
3524 4656 3700 4713 Orabo

2048 4747 2272 4817 spiritu,
2304 4745 2466 4800 orabo
2496 4747 2546 4799 et
2575 4754 2752 4799 mente
2799 4745 2851 4815 (Ι
2900 4745 3019 4801 Cor.
3088 4764 3203 4814 xw,
3239 4748 3347 4818 15).
3404 4747 3473 4801 Et
3504 4747 3560 4800 in
3591 4746 3702 4800 hoc

2050 4835 2382 4907 proﬁciens,
2435 4839 2499 4889 ut
2550 4850 2651 4905 per
2696 4833 2952 4904 vigilias,
3002 4840 3060 4890 et
3103 4836 3419 4890 instantem
3471 4851 3701 4907 precem

2051 4923 2365 4995 Apostolus
2399 4924 2453 4976 in
2491 4924 2587 4977 Dei
2619 4924 2791 4978 verbo
2822 4923 3203 4994 doctrinaque
3235 4924 3471 4979 ditetur.
3494 4924 3702 4979 Ethmc

2052 5014 2249 5069 omnia
2278 5012 2578 5085 opulentia
2608 5014 2679 5067 ad
2714 5012 2963 5067 aliorum
3007 5012 3276 5085 proficiat
3318 5012 3593 5076 salutem,
3635 5017 3702 5069 ut

2053 5102 2136 5157 eis
2168 5118 2401 5173 quoque
2433 5101 2576 5172 ipsis
2606 5102 2809 5172 prosit,
2837 5101 2937 5171 qui
2992 5118 3094 5173 pro
3154 5102 3220 5157 eo
3255 5102 3585 5158 obsecrant.
3615 5102 3702 5157 Si-

2055 5192 2297 5262 mulque
2346 5191 2607 5263 Apostoli
2668 5190 2971 5247 humilitas
3029 5193 3394 5259 admiranda,
3453 5193 3706 5265 petentis

2054 5281 2430 5352 Ephesios,ut
2461 5297 2564 5352 pro
2594 5297 2656 5335 se
2679 5280 2893 5335 faciant
2914 5282 3473 5338 obsecrationes.Ait
3490 5283 3708 5355 quippe

2049 5372 2117 5446 _In
2146 5370 2301 5424 omni
2330 5371 2619 5433 instantia,
2664 5375 2713 5423 et
2742 5387 2899 5441 prece
2952 5389 3052 5443 pro
3103 5374 3362 5427 omnibus
3418 5373 3628 5428 sanctis
3656 5374 3710 5428 et

2052 5476 2160 5533 pro
2208 5474 2315 5514 me.
2351 5456 2423 5514 Ut
2480 5474 2747 5514 seorsum
2800 5465 3159 5531 sanctorum,
3194 5466 3250 5519 et
3296 5478 3562 5519 seorsum
3616 5459 3710 5521 sui
3792 5460 3798 5467 ’

2057 5551 2270 5607 faceret
2301 5549 2680 5606 mentionem.

3312 5684 3386 5755 19
