4066 6190
436 316 549 374 587

1686 312 1750 373 S.
1798 312 2111 374 EUSEBII
2157 310 2600 374 HIERONYMI

507 446 690 519 (Vers.
723 446 834 517 20).
868 468 896 496 ‹‹
930 444 1003 501 Ut
1032 444 1176 500 mihi
1223 445 1392 501 detur
1445 462 1636 501 sermo
1693 445 1753 500 in
1785 446 2080 518 apertione
2108 448 2163 515 Α
2195 420 2265 501 ad
2293 444 2467 502 fidem
2498 443 2792 519 Evangelii
2822 442 3157 517 profecisse,
3191 460 3257 501 eo
3304 447 3553 518 tempore
3590 465 3693 521 quo
3738 458 3788 509 et

434 536 552 592 oris
584 535 717 603 mei,
748 534 809 590 in
842 535 1197 591 confidentia
1250 539 1455 589 notum
1517 536 1699 590 lacere
1733 535 2079 607 mysterium

433 623 747 697 Evangelii,
782 641 884 696 pro
916 640 1031 695 quo
1062 623 1350 696 legatione
1384 624 1594 695 fungor
1626 623 1684 679 in
1717 630 1920 679 catena
1952 640 1964 677 :
1998 623 2083 680 ita

437 712 590 768 utin
639 713 765 784 ipso
819 714 1066 767 audeam
1113 715 1177 766 ut
1224 716 1450 783 eportet
1504 728 1596 767 me
1653 711 1833 783 loqui.
1884 734 1911 763 »
1963 712 2080 767 Hoc

436 802 591 873 quod
642 818 797 856 nunc
848 800 972 856 ait:
1012 803 1068 856 In
1127 802 1409 872 apertione
1465 803 1575 855 oris
1628 803 1775 868 mei;
1806 806 1862 856 et
1892 800 2027 855 alibi
2059 817 2080 856 :

433 891 501 945 0s
529 906 714 945 meum
740 890 810 944 ad
858 906 947 944 vos
993 893 1243 961 apertum
1301 893 1399 948 est.
1458 905 1487 943 0
1533 889 1805 944 Corinthii
1854 891 1928 958 (II
1954 892 2077 946 Cor.

434 996 511 1048 γι,
550 980 607 1033 11
648 997 660 1046 ;
694 981 710 1049 )
743 984 800 1033 et
833 997 844 1033 :
879 979 1138 1049 Aperiens
1190 994 1244 1033 os
1301 994 1462 1031 suum
1508 977 1729 1033 docebat
1780 978 2080 1044 discipulos

432 1084 555 1123 sucs
597 1070 786 1123 dicens
843 1067 1059 1139 (Matth.
1118 1084 1169 1133 ν,
1205 1068 1260 1137 2)
1296 1084 1309 1134 ;
1344 1071 1400 1121 et
1434 1066 1499 1121 Os
1554 1082 1738 1121 meum
1781 1066 1974 1138 aperui
2027 1069 2084 1121 et

438 1159 647 1213 attraxi
698 1160 958 1229 spiritum
1016 1158 1189 1226 (Psal.
1242 1173 1433 1223 cxvm,
1489 1155 1578 1227 31)
1632 1173 1645 1222 ;
1689 1160 1746 1211 et
1777 1172 1790 1210 :
1824 1156 2083 1224 Aperiam

435 1249 497 1302 in
519 1248 806 1319 parabolis
836 1264 899 1302 os
928 1263 1108 1301 meum
1147 1246 1317 1316 (Psal.
1354 1261 1595 1310 Lxxxvu,
1629 1246 1706 1316 2),
1765 1250 1823 1300 et
1875 1250 2082 1300 caetera

434 1336 527 1391 his
557 1336 883 1403 similia,sic
906 1334 1310 1406 accipiendum
1343 1335 1509 1406 quasi
1535 1334 1745 1388 dixerit
1777 1351 1789 1388 :
1817 1333 2083 1405 aperian-

432 1429 529 1479 tur
554 1425 836 1487 thesauri,
872 1429 929 1479 et
957 1424 1297 1495 abscondita
1327 1440 1360 1477 a
1420 1422 1647 1477 saeculis
1706 1426 2081 1493 sacramenta

433 1514 788 1586 pandantur,
823 1519 885 1568 ut
914 1513 1167 1584 Spiritus
1198 1517 1438 1567 sanctus
1471 1512 1718 1567 introeat
1746 1512 1818 1566 ad
1848 1528 1916 1567 ea
1946 1527 2079 1583 pro-

436 1602 673 1657 ferenda
705 1619 829 1673 qua:
859 1601 1109 1656 latitant.
1138 1601 1282 1655 Nam
1309 1600 1464 1671 quod
1520 1600 1699 1670 hujus
1733 1600 2076 1668 testimonii,

432 1691 488 1745 id
521 1695 628 1757 est,
660 1698 718 1745 ut
751 1690 913 1745 detur
938 1689 1081 1744 mihi
1126 1705 1298 1744 sermo
1330 1691 1389 1743 in
1440 1690 1724 1760 apertione
1778 1691 1890 1745 oris
1945 1690 2075 1744 mei.

434 1780 528 1834 iste
556 1781 630 1833 sit
656 1778 1008 1845 intellectus,
1032 1778 1338 1849 sequentia
1360 1779 1626 1850 probant.
1659 1780 1723 1832 In
1743 1777 2080 1849 confidentia
2111 1820 2159 1885 B

437 1868 650 1939 inquit,
678 1873 865 1923 notum
894 1870 1082 1939 facere
1126 1870 1450 1938 mysterium
1496 1867 1802 1938 Evangelii,
1852 1867 2079 1939 Nequa-

440 1975 617 2028 quam
651 1957 707 2011 in
743 1956 1038 2029 parabolis
1069 1963 1125 2011 et
1154 1956 1473 2028 proverbiis
1527 1956 1679 2011 sicut
1725 1961 1782 2011 et
1828 1956 2083 2027 prophe-

438 2053 531 2114 ιω,
565 2052 621 2102 et
648 2048 771 2118 ipsc
801 2046 1084 2101 Dominus
1116 2046 1305 2100 adhuc
1345 2046 1697 2100 constitutus
1756 2047 1813 2099 in
1846 2062 2084 2117 corpore

438 2137 807 2207 loquebatur,
842 2136 1040 2190 dicens
1075 2152 1087 2189 :
1129 2136 1275 2189 Venit
1302 2134 1434 2189 hora
1479 2134 1694 2204 quando
1739 2151 2083 2206 nequaquam

438 2226 591 2279 vobis
612 2228 672 2279 in
689 2225 994 2296 proverbiis
1046 2222 1259 2293 loquar,
1320 2223 1409 2277 sed
1463 2224 1796 2294 conﬁdenter
1824 2224 1889 2279 de
1919 2228 2082 2280 Patre

440 2315 780 2369 annuntiabo
828 2314 977 2367 vobis
1008 2313 1186 2381 (Joan.
1244 2329 1357 2378 xvr,
1392 2313 1501 2381 25).
1566 2314 1727 2366 llunc
1784 2314 2078 2368 conliden-

439 2401 531 2455 tizn
563 2416 916 2468 sermonem,
950 2398 1114 2455 solus
1158 2400 1372 2471 poterit
1430 2399 1581 2454 682
1641 2400 1923 2466 obtinere,
1980 2400 2081 2471 qui

441 2506 556 2544 non
588 2488 858 2543 habuerit
886 2504 985 2542 cor
1040 2504 1101 2543 se
1160 2486 1592 2559 reprehendens
1625 2503 1638 2541 :
1668 2488 1730 2542 Si
1782 2490 1932 2543 enim
1987 2504 2083 2543 cor

436 2582 683 2635 nostrum
725 2593 820 2633 nos
849 2594 963 2633 non
1017 2577 1423 2647 reprehenderit
1468 2577 1860 2647 conﬁdentiam
1919 2577 2079 2633 habe-

437 2666 631 2721 musad
679 2668 844 2721 Deum
905 2668 954 2721 et
1038 2666 1398 2737 quodcunque
1444 2667 1786 2735 petierimus,
1847 2667 2079 2739 accipie-

440 2773 561 2811 mus
595 2756 661 2811 ab
704 2772 763 2810 eo
795 2756 845 2826 (Ι
885 2756 1039 2811 .ὀ(ιη.
1076 2771 1160 2821 III,
1216 2755 1304 2819 21,
1353 2756 1465 2822 22).
1512 2755 1697 2810 Rarus
1743 2756 1942 2826 itaque
1991 2760 2081 2811 est

437 2846 537 2917 qui
570 2846 628 2900 in
661 2845 1011 2900 confidentia
1038 2848 1239 2899 notum
1289 2840 1469 2899 faciat
1520 2843 1864 2915 mysterium
1897 2844 2078 2899 Evan-

431 2936 569 3008 gelii
604 2953 617 3003 ;
652 2935 791 3006 quia
820 2952 988 2989 rarus
1028 2938 1118 2989 est
1157 2932 1257 3004 qui
1301 2932 1711 2988 conﬁdentiam
1764 2933 1975 2988 habeat
2005 2934 2076 2989 ad

434 3026 640 3081 Deum.
676 3024 805 3091 Quis
830 3025 978 3079 enim
1004 3023 1334 3094 gloriabitur
1360 3026 1565 3077 castum
1614 3039 1671 3077 se
1716 3022 1912 3078 habere
1941 3038 2032 3078 cor
2056 3041 2075 3077 .-

434 3117 530 3168 aut
560 3115 682 3183 quis
709 3114 874 3168 stabit
921 3114 1110 3167 dicens
1166 3112 1437 3166 mundum
1488 3127 1542 3165 se
1598 3128 1715 3167 esse
1761 3128 1794 3166 a
1846 3112 2078 3182 peccatis

2193 536 2264 591 ad
2294 534 2668 591 Colossenses
2699 532 2935 606 scripsit
2964 532 3166 589 dicens
3199 550 3213 590 :
3247 535 3373 603 Quae
3388 537 3528 592 circa
3552 553 3630 593 me
3655 542 3787 608 sunt,

2190 626 2379 679 omnia
2404 628 2534 679 nota
2562 624 2710 679 vobis
2747 623 2923 691 faciet
2963 623 3221 695 Tychicus
3270 626 3443 695 frater
3486 624 3720 699 dilectus,
3746 637 3792 685 et

2188 714 2463 781 minister,
2497 715 2547 768 et
2575 728 2859 768 conservus
2897 714 2957 767 in
3005 713 3231 768 Domino
3261 731 3280 767 :
3310 728 3465 784 quem
3492 716 3612 769 misi
3636 717 3794 773 adeo:

2189 801 2253 857 ob
2283 801 2384 857 hoc
2406 803 2610 873 ipsum,
2642 809 2703 857 ut
2728 803 3058 872 cognoscatis
3087 817 3207 872 quae
3260 802 3407 857 circa
3459 818 3553 858 nos
3593 812 3725 871 sunt,
3749 814 3795 861 et

2189 892 2493 947 consoletur
2539 890 2702 946 corda
2737 899 2915 947 vestra
2969 906 3095 946 cum
3144 890 3396 946 Onesimo
3423 891 3728 947 charissima
3750 896 3796 949 et

2188 980 2347 1051 ﬁdeli
2392 987 2586 1051 patre,
2637 982 2735 1051 qui
2778 988 2856 1035 est
2890 994 2961 1035 ea:
3002 979 3171 1049 vobis,
3218 982 3314 1050 qui
3360 981 3554 1036 omnia
3586 994 3699 1051 qua
3720 981 3798 1036 hic

2191 1072 2450 1139 aguntur,
2504 1077 2633 1124 uota
2677 1070 2846 1139 faciet
2893 1069 3040 1124 vobis
3089 1067 3421 1139 (Coloss.1v,
3461 1068 3590 1139 7-9).
3634 1069 3801 1124 Gran-

2190 1156 2282 1211 dis
2313 1157 2470 1212 enim
2505 1156 2823 1212 consolatio
2845 1161 2989 1224 erat,
3020 1156 3220 1212 audire
3253 1156 3502 1212 Paulum
3532 1156 3712 1213 Roma:
3749 1158 3797 1213 in

2190 1245 2429 1301 domina
2459 1245 2719 1313 urbium,
2740 1249 2797 1301 et
2819 1246 2879 1301 in
2912 1262 3043 1301 arce
3074 1246 3319 1302 Romani
3366 1246 3681 1317 imperii,de
3698 1263 3803 1303 car-

2189 1350 2318 1390 cere
2356 1339 2413 1389 et
2440 1335 2512 1390 de
2559 1333 2806 1390 vinculis
2862 1334 3347 1407 triumphantem.
3405 1334 3507 1390 Vel
3563 1340 3703 1392 certe
3739 1336 3802 1392 ob

2188 1422 2245 1477 id
2278 1423 2591 1495 Tychicum
2638 1423 2887 1479 missum
2920 1439 3071 1491 esse,
3125 1428 3189 1478 ut
3219 1424 3396 1479 vitam
3445 1428 3503 1479 et
3531 1440 3803 1480 conversa-

2188 1512 2405 1567 tionem
2438 1510 2623 1579 Pauli,
2658 1528 2835 1584 quam
2864 1511 3019 1568 988
3050 1511 3423 1584 ignorabant,
3456 1511 3806 1569 annuntiaret

2187 1601 2294 1670 eis,
2319 1605 2377 1656 et
2406 1600 2577 1672 quasi
2608 1600 2905 1673 quoddam
2954 1600 3253 1673 exemplar
3294 1600 3526 1657 vivendi
3556 1601 3713 1658 daret
3738 1600 3808 1657 di-

2187 1688 2487 1745 scentibus
2516 1694 2682 1762 gesta
2712 1688 2978 1761 Apostoli
3025 1682 3203 1761 atque
3258 1690 3528 1758 virtutes,
3580 1695 3637 1745 et
3688 1704 3807 1746 eum

2188 1778 2407 1833 imitari
2438 1776 2790 1834 volentibus.
2823 1778 2937 1833 Nec
2983 1794 3160 1851 parva
3216 1793 3349 1834 esse
3379 1783 3604 1851 poterat
3631 1794 3811 1835 conso-

2192 1865 2332 1923 latio
2364 1864 2623 1921 aemulari
2657 1865 3044 1938 cupientium,
3093 1882 3223 1939 quae
3267 1866 3611 1940 Apostolum
3641 1866 3810 1939 egisse

2191 1960 2602 2027 cognoverant.

2262 2044 2447 2113 (Vers.
2480 2045 2595 2115 24.)
2635 2067 2663 2094 ‹‹
2697 2044 2813 2099 Pax
2844 2043 3146 2115 fratribus,
3168 2049 3226 2100 et
3254 2044 3516 2102 charitas
3544 2061 3671 2101 cum
3692 2045 3811 2114 fide,

2191 2150 2225 2189 a
2254 2132 2370 2188 Deo
2402 2133 2571 2188 Patre
2602 2138 2658 2188 et
2697 2133 2941 2188 Domino
2969 2133 3110 2189 Jesu
3139 2131 3396 2190 Christo.
3435 2157 3456 2183 ι
3489 2133 3548 2190 Si
3580 2151 3689 2207 qua
3714 2132 3812 2190 alia

2191 2223 2346 2278 dona
2373 2223 2395 2256 ²
2424 2226 2564 2277 sunt
2595 2238 2721 2294 quas
2753 2222 3095 2277 tribuuntur
3114 2239 3148 2277 a
3176 2223 3293 2279 Deo
3327 2228 3520 2293 Patre,
3552 2227 3608 2279 et
3635 2222 3810 2279 Domi-

2192 2328 2265 2367 no
2293 2312 2435 2367 Jesu
2465 2310 2874 2382 Christo,inter
2903 2310 3024 2366 hinc
3051 2327 3162 2383 pax
3190 2328 3309 2367 non
3357 2311 3665 2368 minimum
3695 2327 3809 2384 pos-

2192 2399 2342 2455 sidet
2372 2399 2585 2465 locum,
2620 2416 2746 2472 quis
2794 2405 3034 2471 superat
3088 2416 3326 2457 omnem
3358 2417 3618 2470 sensum,
3648 2404 3701 2456 et
3725 2415 3809 2456 cu-

2191 2488 2371 2544 Stodit
2400 2487 2585 2545 corda
2626 2487 3071 2560 intellectusque
3127 2495 3497 2559 sanctorum,
3554 2489 3812 2547 serenitas

2191 2577 2456 2647 quaedam
2490 2585 2665 2649 atque
2692 2575 3094 2648 tranquillitas
3124 2577 3341 2633 animae
3374 2578 3736 2651 quiescentis,
3762 2579 3812 2632 et

2191 2664 2521 2720 universam
2553 2669 2963 2737 tempestatem
3001 2670 3058 2722 et
3105 2666 3411 2723 turbinem
3456 2667 3810 2740 perturbatio-

2188 2770 2331 2808 num
2381 2754 2615 2825 t‘ugans.
2659 2753 2800 2808 Huic
2838 2754 3051 2810 similis
3098 2760 3187 2811 est
3215 2755 3482 2813 charitas
3533 2773 3663 2812 cum
3693 2755 3810 2821 tlde,

2189 2858 2367 2914 quam
2396 2847 2453 2897 et
2480 2842 2669 2914 ipsam
2700 2841 2877 2898 simul
2904 2848 3055 2899 Deus
3112 2845 3281 2900 Pater
3327 2846 3511 2903 donat
3546 2851 3602 2902 et
3629 2844 3810 2908 Filius,

2188 2937 2252 2986 ut
2281 2930 2598 3003 diligamus
2619 2931 2801 2987 Deum
2834 2932 2906 2987 de
2936 2937 3055 2989 toto
3086 2935 3276 3002 corde,
3333 2940 3391 2991 et
3423 2936 3706 3008 proximos
3742 2931 3812 2988 si-

2187 3026 2285 3077 cut
2306 3020 2719 3092 nosmetipsos,
2752 3025 2810 3077 et
2839 3038 2942 3094 pro
2972 3022 3230 3079 inimicis
3260 3026 3487 3082 nostris
3511 3039 3809 3097 precemur.

2187 3114 2344 3165 Hanc
2400 3126 2601 3182 pacem
2659 3116 2715 3166 et
2797 3110 3164 3179 charitatem,
3222 3130 3409 3185 quam
3465 3112 3813 3170 credentibus

434 3206 624 3273 (Prov.
674 3218 767 3270 xx,
817 3202 873 3273 9)
903 3200 1087 3257 ?Post
1121 3200 1241 3255 haec
1274 3200 1413 3271 quid
1460 3200 1536 3255 sit
1582 3200 1692 3255 hoc
1739 3201 1893 3272 quod
1945 3200 2026 3256 ait
2058 3216 2071 3255 :
2106 3187 2149 3253 C
2189 3198 2504 3272 Apostolus
2533 3194 2909 3273 imprecetur,
2941 3200 3003 3256 hi
3034 3206 3264 3258 tantum
3318 3203 3561 3275 habent,
3591 3202 3685 3276 qui
3715 3202 3812 3257 fra-

435 3296 548 3346 Pro
601 3291 869 3359 legatione
912 3296 1117 3361 fungar
1182 3292 1239 3343 in
1284 3292 1497 3359 catena,
1555 3295 1619 3343 ut
1662 3294 1864 3344 notum
1913 3289 2075 3344 vide-

430 3379 569 3452 licet
598 3380 845 3435 facerem
878 3379 1222 3450 mysterium
1263 3376 1579 3449 Evangelii,
1641 3378 1891 3433 breviter
1947 3394 2072 3450 per-

430 3468 862 3541 stringendum.
895 3469 963 3523 Et
989 3466 1223 3538 quidem
1255 3466 1354 3538 qui
1404 3465 1750 3537 simpliciter
1777 3465 2071 3539 intelligit,

430 3557 583 3611 dicet
613 3562 847 3628 propter
875 3555 1277 3611 testimonium
1311 3554 1526 3611 Christi
1558 3571 1693 3609 eum
1724 3555 1794 3609 de
1822 3571 2071 3626 carcere,

436 3651 494 3701 et
522 3646 594 3699 de
623 3645 843 3700 catenis
874 3644 993 3700 hinc
1026 3645 1219 3700 Romae
1274 3644 1528 3716 positum
1571 3643 1787 3715 scripta
1817 3642 2070 3699 misisse.

430 3733 594 3790 Alius
626 3735 640 3767 ¹
674 3750 807 3789 vero
839 3741 1073 3806 propter
1101 3751 1313 3806 corpus
1343 3732 1779 3803 humilitatis,et
1806 3739 2073 3789 catenam

426 3824 602 3879 istam
625 3840 742 3895 qua
771 3823 1227 3890 circumdamur,
1260 3827 1318 3878 et
1346 3826 1577 3877 nectum
1612 3822 1833 3877 scimus
1864 3838 2070 3878 secun-

429 3916 571 3969 dum
604 3914 757 3985 quod
790 3916 1017 3985 oportet
1047 3928 1154 3967 nos
1184 3912 1416 3979 scire,et
1443 3926 1546 3982 per
1576 3911 1879 3982 speculum
1912 3911 2067 3966 vide-

428 4020 562 4060 mus
592 4002 653 4057 in
683 4001 1012 4074 aenigmate,
1062 4000 1175 4056 ista
1207 4016 1341 4055 eum
1391 4000 1609 4055 dixisse
1654 4000 1982 4067 contendet,
2014 4002 2073 4055 et

426 4098 565 4148 tunc
598 4108 726 4147 vere
772 4108 941 4164 posse
988 4092 1046 4145 in
1092 4089 1447 4145 conﬁdentia
1497 4087 1812 4160 Evangelii,
1846 4088 2070 4160 aperire

426 4182 724 4254 mysteria,
766 4197 901 4236 cum
931 4184 1197 4235 catenam
1246 4178 1601 4250 deposuerit,
1652 4183 1709 4233 et
1739 4179 1809 4233 de
1841 4194 2069 4234 carcere

424 4270 574 4325 liber
603 4269 843 4337 exierit;
877 4269 987 4324 nisi
1022 4270 1165 4324 forte
1194 4273 1248 4322 et
1280 4268 1337 4323 in
1376 4267 1625 4323 vinculis
1674 4268 1896 4338 absque
1943 4266 2066 4322 vin-

422 4358 570 4415 culis
600 4358 1030 4430 computandus
1060 4361 1166 4423 est,
1200 4357 1301 4429 qui
1347 4355 1843 4412 conversationem
1892 4355 2071 4411 habet

418 4450 478 4505 in
527 4448 707 4513 εοιιὶε,
760 4455 817 4502 et
867 4448 936 4501 de
985 4464 1099 4519 quo
1153 4446 1265 4501 dici
1315 4450 1549 4518 potest:
1598 4448 1691 4502 Vos
1727 4449 1910 4501 autem
1954 4461 2064 4501 non

2186 3293 2342 3344 trum
2391 3288 2628 3345 nomine
2667 3294 2967 3345 merentur
2994 3291 3203 3347 vocari.
3237 3296 3365 3348 Paa
3407 3293 3621 3366 quippe
3643 3290 3811 3363 fratri-

2185 3378 2283 3434 bus
2313 3383 2363 3433 et
2392 3378 2648 3434 charitas
2676 3394 2804 3434 cum
2832 3378 2939 3449 ﬁde
2958 3382 3007 3435 et
3031 3396 3185 3452 pace.
3241 3380 3434 3454 Igitur
3474 3387 3532 3438 et
3577 3381 3806 3438 charita-

2183 3472 2299 3521 tem
2332 3471 2389 3521 et
2420 3466 2591 3521 tidem
2625 3466 2708 3522 sic
2737 3466 2908 3523 Pater
2956 3473 3192 3540 praestat
3238 3474 3310 3525 ut
3358 3469 3541 3526 Filius
3571 3485 3585 3527 :
3617 3472 3670 3525 et
3710 3467 3809 3523 hn-

2182 3555 2329 3611 resis
2358 3555 2732 3623 obmutescit,
2765 3571 2893 3628 quas
2926 3573 3038 3613 non
3071 3555 3194 3613 vult
3221 3558 3436 3616 eadem
3466 3558 3669 3615 Filium
3691 3570 3809 3630 pos-

2182 3660 2244 3700 so
2265 3660 2396 3716 qua?
2424 3645 2677 3700 Patrem.

2251 3733 2434 3802 (Vers.
2465 3734 2577 3801 24.)
2615 3745 2655 3783 α·
2684 3733 2883 3789 Gratia
2923 3751 3057 3791 cum
3103 3736 3387 3793 omnibus
3446 3738 3547 3811 qui
3578 3734 3812 3809 diligunt

2180 3822 2495 3878 Dominum
2560 3823 2759 3879 Jesum
2846 3823 3143 3880 Christum
3237 3826 3300 3881 in
3376 3824 3811 3899 incorruptione,

2180 3920 2421 3968 Amen.»
2454 3911 2732 3968 Nonnulli
2764 3911 2872 3968 hoc
2901 3911 2984 3968 ita
3015 3912 3396 3986 interpretati
3426 3920 3654 3982 sunt,ut
3678 3911 3815 3969 σει

2179 4017 2313 4057 cum
2360 4006 2633 4073 putarent
2679 4000 2919 4073 diligere
2960 4002 3269 4058 Dominum
3313 4010 3588 4062 nostrum
3628 4003 3808 4060 Jesum

2177 4090 2496 4156 Christum,
2530 4090 2634 4161 qui
2665 4090 2737 4144 ab
2770 4090 3046 4162 operibus
3074 4094 3476 4165 corruptionis
3505 4094 3723 4151 alienus
3739 4087 3807 4146 sit

2177 4194 2353 4251 opera
2403 4177 2797 4250 corruptionis
2844 4177 2903 4234 in
2959 4180 3114 4235 coitu
3163 4182 3513 4240 sentientes.
3578 4181 3728 4237 Unde
3757 4180 3807 4233 et

2176 4267 2540 4323 consuetudo
2571 4272 2629 4322 et
2658 4283 2849 4323 sermo
2898 4268 3158 4341 vulgaris
3205 4268 3603 4345 incorruptos,
3646 4264 3805 4341 virgi-

2176 4373 2279 4412 nes
2309 4361 2492 4426 vocat,
2523 4372 2740 4428 eosque
2770 4357 2872 4429 qui
2901 4357 3119 4413 coitum
3154 4360 3424 4418 nesciant
3447 4359 3801 4417 feminarum.

2176 4446 2491 4517 Corruptos
2521 4462 2653 4501 vero
2682 4462 2801 4518 eos,
2838 4446 2953 4519 'qui
2999 4447 3335 4504 istiusmodi
3387 4443 3804 4524 degustaverint

416 4541 544 4596 estis
576 4541 633 4593 in
663 4554 848 4603 carne,
880 4537 970 4591 sed
1002 4539 1057 4591 in
1090 4538 1291 4608 spiritu
1322 4554 1339 4591 :
1368 4536 1418 4591 si
1465 4544 1649 4591 tamen
1695 4536 1922 4607 spiritus
1972 4536 2067 4592 Dei
2094 4558 2141 4623 Β
2173 4534 2550 4608 voluptatem.
2573 4534 2718 4590 Illud
2742 4551 2974 4607 quoque
2994 4537 3407 4595 testimonium
3439 4540 3800 4612 coaptantes:

418 4629 630 4684 habitat
664 4628 724 4682 in
756 4627 904 4681 vobis
940 4627 1114 4697 (Rom.
1149 4642 1267 4692 vm,
1297 4626 1374 4695 9),

486 4718 669 4790 (Vers.
702 4719 792 4785 21,
823 4719 997 4786 22.)-‹‹
1033 4715 1103 4769 Ut
1131 4720 1325 4769 autem
1359 4714 1555 4770 sciatis
1586 4720 1644 4769 et
1674 4731 1774 4769 vos
1805 4731 1930 4785 quas
1954 4714 2061 4770 cir-

413 4827 481 4865 ca
514 4825 604 4863 me
634 4808 773 4870 sint,
808 4806 947 4877 quid
980 4804 1542 4875 agam,omnia'nota
1571 4803 1734 4859 vobis
1766 4804 2058 4877 t'aciet'l‘y-

412 4897 615 4952 chicus
646 4896 894 4951 dilectus
926 4894 1122 4960 frater,
1157 4898 1215 4948 et
1255 4892 1443 4947 fidelis
1474 4892 1743 4947 minister
1772 4894 1828 4947 in
1861 4893 2055 4948 Domi-

413 5002 487 5040 no
523 5002 535 5039 :
571 5003 743 5056 quem
774 4984 906 5039 misi
930 4985 1001 5038 ad
1030 4982 1200 5038 vosin
1232 4982 1340 5037 hoc
1374 4982 1661 5053 ipsum,ut
1690 4982 2056 5054 cognoscatis

411 5090 541 5145 qua:
572 5075 724 5129 circa
755 5091 861 5128 nos
894 5079 1053 5139 sunt,
1085 5078 1141 5128 et
1181 5071 1514 5127 consoletur
1561 5071 1736 5126 corda
1778 5076 1988 5127 vestra.
2024 5094 2052 5121 ››

382 5162 729 5234 Dupliciter
767 5163 1053 5234 accipite:
1109 5161 1211 5216 Vel
1256 5161 1384 5215 ideo
1424 5160 1741 5232 'l‘ychicum
1802 5159 2050 5216 missum

406 5253 701 5325 Ephesum
735 5259 798 5306 ut
830 5252 1123 5306 nuntiaret
1171 5253 1253 5305 eis
1302 5250 1534 5304 vincula
1588 5249 1831 5322 apostoli
1887 5248 2049 5305 Pauli

405 5347 542 5398 nota
575 5343 723 5395 facta
751 5357 880 5395 esse
913 5341 970 5394 in
1004 5339 1161 5394 omni
1196 5339 1482 5412 prmtorio,
1516 5345 1572 5393 et
1592 5345 1854 5394 catenam
1889 5337 2050 5395 illius

476 5468 489 5501 ³
528 5467 690 5521 Hunc
720 5481 848 5519 esse
877 5463 1206 5534 Origenem,
1241 5480 1410 5518 nemo
1446 5482 1555 5518 non
1609 5463 1913 5535 intelliget,
1946 5463 2046 5535 qui

401 5540 461 5595 in
489 5540 617 5611 ejus
649 5536 890 5611 scriptis
913 5538 1518 5611 tantispe_r___versatus
1549 5535 2047 5611 sit.Quamobrem

401 5605 619 5677 frustra
649 5614 738 5667 est
767 5605 1035 5676 Rufinus,
1066 5605 1163 5679 qui
1196 5605 1296 5663 lib.
1332 5623 1347 5661 1
1380 5608 1705 5665 Invertivar.
1757 5623 1920 5664 num.
1954 5608 2044 5680 40,

2170 4625 2230 4681 Si
2257 4628 2381 4696 quis
2411 4626 2675 4697 templum
2706 4626 2810 4681 Dei
2830 4628 3473 4701 corrumpit,corrumpet
3500 4628 3657 4684 illum
3676 4625 3801 4682 Dm

2170 4716 2215 4787 (I
2246 4714 2367 4770 Cor.
2401 4731 2484 4781 ιιι,
2520 4715 2627 4786 17).
2660 4714 2770 4770 Sed
2814 4715 3009 4771 nescio
3060 4733 3135 4773 an
3184 4715 3295 4774 hoc
3342 4718 3579 4776 valeant
3620 4711 3801 4787 expla-

2168 4821 2309 4860 nare
2338 4804 2493 4876 quod
2532 4802 2811 4859 scribitur
2842 4822 2855 4859 :
2894 4805 3273 4878 Unusquisque
3314 4809 3613 4880 proprium
3656 4800 3798 4858 habet

2165 4892 2368 4948 donum
2395 4909 2429 4948 a
2461 4894 2563 4948 Deo
2596 4908 2608 4946 :
2641 4893 2793 4948 alius
2823 4893 3039 4964 quidem
3084 4896 3184 4960 sic,
3234 4903 3286 4950 et
3313 4897 3471 4953 alius
3498 4900 3579 4952 sic
3600 4895 3650 4967 (ι
3677 4892 3789 4947 Cor.

2123 5045 2126 5047 λ
2165 4998 2267 5051 vu,
2298 4982 2376 5051 9).
2418 4980 2734 5036 Videamus
2765 4980 2945 5053 igitur
2984 4999 3056 5038 ne
3093 4984 3239 5039 forte
3285 4984 3505 5041 melius
3533 4983 3610 5041 sit
3643 4990 3798 5038 omne

2164 5075 2469 5141 peccatum
2509 5070 2945 5142 corruptionem
2993 5071 3204 5128 anima:
3247 5072 3596 5147 intelligere,
3625 5076 3680 5128 et
3706 5080 3794 5124 eos

2164 5158 2264 5231 qui
2295 5176 2328 5213 a
2360 5163 2594 5230 peccato
2627 5157 2797 5213 liberi
2844 5164 3005 5225 sunt,
3028 5161 3086 5215 in
3106 5168 3414 5235 corruptos
3459 5160 3652 5218 vocari
3681 5183 3695 5224 ;
3724 5156 3795 5210 ita

2162 5252 2228 5302 ut
2254 5246 2564 5319 diligentes
2585 5246 2898 5302 Dominum
2929 5249 3132 5305 Jesum
3180 5251 3482 5307 Christum
3525 5250 3587 5305 in
3614 5248 3793 5304 incor-

2159 5335 2428 5409 ruptione
2458 5335 2595 5404 sint,
2628 5337 2769 5391 dum
2802 5337 3024 5409 peccati
3082 5338 3330 5395 vinculis
3392 5355 3509 5395 non
3541 5338 3794 5394 tenentur

2156 5461 2476 5543 haecnquasi
2494 5461 2839 5543 ,ψει-τοργωὶ
2871 5464 3105 5543 propria
3133 5464 3558 5543 calumniatur.

2228 5535 2249 5567 ²
2273 5531 2537 5615 ltetinuit
2571 5531 3077 5616 Martianazusfﬁ
3103 5551 3212 5611 qua
3258 5536 3450 5595 aliena
3498 5536 3663 5606 dona,
3688 5531 3787 5588 etc.

2157 5609 2394 5663 Leviora
2423 5621 2557 5663 mox
2585 5609 2969 5683 castigamus.
