  <div class='ocr_page' id='page_1' title='image "/cluster/home/n/w/nwhite01/storage/ocr_20150623/26/hvd.32044052772472/306.png"; bbox 0 0 4066 6190; ppageno 0'>
   <div class='ocr_carea' id='block_1_1' title="bbox 348 256 3761 341">
    <p class='ocr_par' dir='ltr' id='par_1_1' title="bbox 348 256 3761 341">
     <span class='ocr_line' id='line_1_1' title="bbox 348 256 3761 341; baseline 0.003 -16"><span class='ocrx_word' id='word_1_1' title='bbox 348 256 469 326; x_wconf 76' lang='lat'><strong>589</strong></span> <span class='ocrx_word' id='word_1_2' title='bbox 1205 267 1720 328; x_wconf 84' lang='lat' dir='ltr'><strong>COMMENTAR.</strong></span> <span class='ocrx_word' id='word_1_3' title='bbox 1768 270 1844 328; x_wconf 87' lang='grc' dir='ltr'>ΙΝ</span> <span class='ocrx_word' id='word_1_4' title='bbox 1892 269 2141 329; x_wconf 87' lang='lat' dir='ltr'><strong>EPIST.</strong></span> <span class='ocrx_word' id='word_1_5' title='bbox 2176 262 2289 327; x_wconf 16' lang='lat' dir='ltr'><strong>‘AD</strong></span> <span class='ocrx_word' id='word_1_6' title='bbox 2334 271 2606 341; x_wconf 85' lang='lat' dir='ltr'><strong>TITUM,</strong></span> <span class='ocrx_word' id='word_1_7' title='bbox 2654 268 2821 330; x_wconf 81' lang='lat' dir='ltr'><strong>CAP.</strong></span> <span class='ocrx_word' id='word_1_8' title='bbox 2870 271 2917 331; x_wconf 95' lang='lat' dir='ltr'><strong>I.</strong></span> <span class='ocrx_word' id='word_1_9' title='bbox 3640 278 3761 337; x_wconf 80' lang='lat'><strong>590</strong></span> 
     </span>
    </p>
   </div>
   <div class='ocr_carea' id='block_1_2' title="bbox 350 396 3759 475">
    <p class='ocr_par' dir='ltr' id='par_1_2' title="bbox 350 396 3759 475">
     <span class='ocr_line' id='line_1_2' title="bbox 350 396 3759 475; baseline 0.003 -23"><span class='ocrx_word' id='word_1_10' title='bbox 350 400 413 452; x_wconf 87' lang='lat' dir='ltr'><strong>et</strong></span> <span class='ocrx_word' id='word_1_11' title='bbox 439 412 573 451; x_wconf 89' lang='lat' dir='ltr'><strong>cum</strong></span> <span class='ocrx_word' id='word_1_12' title='bbox 620 396 707 451; x_wconf 90' lang='lat' dir='ltr'><strong>eis</strong></span> <span class='ocrx_word' id='word_1_13' title='bbox 754 400 844 452; x_wconf 90' lang='lat' dir='ltr'><strong>est</strong></span> <span class='ocrx_word' id='word_1_14' title='bbox 882 398 1070 468; x_wconf 85' lang='lat' dir='ltr'><strong>gratia</strong></span> <span class='ocrx_word' id='word_1_15' title='bbox 1118 398 1238 453; x_wconf 85' lang='lat' dir='ltr'><strong>Dei.</strong></span> <span class='ocrx_word' id='word_1_16' title='bbox 1290 398 1592 471; x_wconf 86' lang='lat' dir='ltr'><strong>Simulque</strong></span> <span class='ocrx_word' id='word_1_17' title='bbox 1644 400 1895 455; x_wconf 77' lang='lat' dir='ltr'><strong>arbitror</strong></span> <span class='ocrx_word' id='word_1_18' title='bbox 1919 402 1989 456; x_wconf 86' lang='lat' dir='ltr'><strong>ad</strong></span> <span class='ocrx_word' id='word_1_19' title='bbox 2025 402 2078 467; x_wconf 82' lang='grc' dir='ltr'><strong>Α</strong></span> <span class='ocrx_word' id='word_1_20' title='bbox 2109 402 2309 455; x_wconf 81' lang='lat' dir='ltr'><strong>omnia</strong></span> <span class='ocrx_word' id='word_1_21' title='bbox 2338 418 2441 473; x_wconf 90' lang='lat' dir='ltr'><strong>pro</strong></span> <span class='ocrx_word' id='word_1_22' title='bbox 2473 418 2539 455; x_wconf 80' lang='lat' dir='ltr'><strong>co</strong></span> <span class='ocrx_word' id='word_1_23' title='bbox 2572 402 3060 457; x_wconf 83' lang='lat' dir='ltr'><strong>contumeliarum</strong></span> <span class='ocrx_word' id='word_1_24' title='bbox 3095 420 3308 475; x_wconf 89' lang='lat' dir='ltr'><strong>genera</strong></span> <span class='ocrx_word' id='word_1_25' title='bbox 3358 406 3670 474; x_wconf 86' lang='lat' dir='ltr'><strong>sustinere,</strong></span> <span class='ocrx_word' id='word_1_26' title='bbox 3701 411 3759 462; x_wconf 91' lang='lat' dir='ltr'><strong>et</strong></span> 
     </span>
    </p>
   </div>
   <div class='ocr_carea' id='block_1_3' title="bbox 350 484 3759 563">
    <p class='ocr_par' dir='ltr' id='par_1_3' title="bbox 350 484 3759 563">
     <span class='ocr_line' id='line_1_3' title="bbox 350 484 3759 563; baseline 0.003 -23"><span class='ocrx_word' id='word_1_27' title='bbox 350 484 788 541; x_wconf 73' lang='lat' dir='ltr'><strong>distinctionem</strong></span> <span class='ocrx_word' id='word_1_28' title='bbox 818 502 1020 541; x_wconf 88' lang='lat' dir='ltr'><strong>eorum</strong></span> <span class='ocrx_word' id='word_1_29' title='bbox 1053 487 1152 558; x_wconf 88' lang='lat' dir='ltr'><strong>qui</strong></span> <span class='ocrx_word' id='word_1_30' title='bbox 1186 487 1440 559; x_wconf 86' lang='lat' dir='ltr'><strong>diligunt</strong></span> <span class='ocrx_word' id='word_1_31' title='bbox 1465 489 1774 545; x_wconf 89' lang='lat' dir='ltr'><strong>Dominum</strong></span> <span class='ocrx_word' id='word_1_32' title='bbox 1795 493 1997 545; x_wconf 86' lang='lat' dir='ltr'><strong>Jesum</strong></span> <span class='ocrx_word' id='word_1_33' title='bbox 2112 488 2496 544; x_wconf 84' lang='lat' dir='ltr'><strong>nihilominus</strong></span> <span class='ocrx_word' id='word_1_34' title='bbox 2545 490 2739 545; x_wconf 85' lang='lat' dir='ltr'><strong>carnis</strong></span> <span class='ocrx_word' id='word_1_35' title='bbox 2789 490 3060 562; x_wconf 84' lang='lat' dir='ltr'><strong>passione</strong></span> <span class='ocrx_word' id='word_1_36' title='bbox 3101 499 3453 563; x_wconf 77' lang='lat' dir='ltr'><strong>superantur</strong></span> <span class='ocrx_word' id='word_1_37' title='bbox 3485 512 3497 550; x_wconf 94' lang='lat'>:</span> <span class='ocrx_word' id='word_1_38' title='bbox 3532 496 3633 550; x_wconf 91' lang='lat' dir='ltr'><strong>sed</strong></span> <span class='ocrx_word' id='word_1_39' title='bbox 3665 494 3759 550; x_wconf 86' lang='lat' dir='ltr'><strong>his</strong></span> 
     </span>
    </p>
   </div>
   <div class='ocr_carea' id='block_1_4' title="bbox 347 573 3760 655">
    <p class='ocr_par' dir='ltr' id='par_1_4' title="bbox 347 573 3760 655">
     <span class='ocr_line' id='line_1_4' title="bbox 347 573 3760 655; baseline 0.004 -27"><span class='ocrx_word' id='word_1_40' title='bbox 347 573 669 642; x_wconf 79' lang='lat' dir='ltr'><strong>Christum,</strong></span> <span class='ocrx_word' id='word_1_41' title='bbox 704 575 805 628; x_wconf 88' lang='lat' dir='ltr'><strong>sed</strong></span> <span class='ocrx_word' id='word_1_42' title='bbox 839 590 954 629; x_wconf 90' lang='lat' dir='ltr'><strong>non</strong></span> <span class='ocrx_word' id='word_1_43' title='bbox 988 574 1046 629; x_wconf 89' lang='lat' dir='ltr'><strong>in</strong></span> <span class='ocrx_word' id='word_1_44' title='bbox 1077 576 1514 647; x_wconf 79' lang='lat' dir='ltr'><strong>incorruptione</strong></span> <span class='ocrx_word' id='word_1_45' title='bbox 1541 594 1692 632; x_wconf 92' lang='lat' dir='ltr'><strong>nunc</strong></span> <span class='ocrx_word' id='word_1_46' title='bbox 1717 579 1997 648; x_wconf 90' lang='lat' dir='ltr'><strong>positum,</strong></span> <span class='ocrx_word' id='word_1_47' title='bbox 2110 595 2225 633; x_wconf 92' lang='lat' dir='ltr'><strong>non</strong></span> <span class='ocrx_word' id='word_1_48' title='bbox 2263 580 2616 649; x_wconf 86' lang='lat' dir='ltr'><strong>imprecatur</strong></span> <span class='ocrx_word' id='word_1_49' title='bbox 2645 578 2955 650; x_wconf 81' lang='lat' dir='ltr'><strong>Apostolus</strong></span> <span class='ocrx_word' id='word_1_50' title='bbox 2974 581 3250 650; x_wconf 86' lang='lat' dir='ltr'><strong>gratiam:</strong></span> <span class='ocrx_word' id='word_1_51' title='bbox 3278 583 3413 651; x_wconf 85' lang='lat' dir='ltr'><strong>quia</strong></span> <span class='ocrx_word' id='word_1_52' title='bbox 3436 584 3625 655; x_wconf 83' lang='lat' dir='ltr'><strong>gratia</strong></span> <span class='ocrx_word' id='word_1_53' title='bbox 3652 585 3760 641; x_wconf 87' lang='lat' dir='ltr'><strong>Do-</strong></span> 
     </span>
    </p>
   </div>
   <div class='ocr_carea' id='block_1_5' title="bbox 346 663 3756 740">
    <p class='ocr_par' dir='ltr' id='par_1_5' title="bbox 346 663 3756 740">
     <span class='ocr_line' id='line_1_5' title="bbox 346 663 3756 740; baseline 0.003 -24"><span class='ocrx_word' id='word_1_54' title='bbox 346 677 446 717; x_wconf 85' lang='lat' dir='ltr'><strong>eos</strong></span> <span class='ocrx_word' id='word_1_55' title='bbox 478 663 728 733; x_wconf 81' lang='lat' dir='ltr'><strong>gratiam</strong></span> <span class='ocrx_word' id='word_1_56' title='bbox 779 663 990 718; x_wconf 89' lang='lat' dir='ltr'><strong>habere</strong></span> <span class='ocrx_word' id='word_1_57' title='bbox 1039 664 1273 729; x_wconf 80' lang='lat' dir='ltr'><strong>Christi,</strong></span> <span class='ocrx_word' id='word_1_58' title='bbox 1330 665 1429 736; x_wconf 89' lang='lat' dir='ltr'><strong>qni</strong></span> <span class='ocrx_word' id='word_1_59' title='bbox 1482 665 1728 737; x_wconf 81' lang='lat' dir='ltr'><strong>diligant</strong></span> <span class='ocrx_word' id='word_1_60' title='bbox 1777 683 1910 721; x_wconf 90' lang='lat' dir='ltr'><strong>eum</strong></span> <span class='ocrx_word' id='word_1_61' title='bbox 1937 666 1997 721; x_wconf 93' lang='lat' dir='ltr'><strong>in</strong></span> <span class='ocrx_word' id='word_1_62' title='bbox 2110 667 2250 721; x_wconf 88' lang='lat' dir='ltr'><strong>mini</strong></span> <span class='ocrx_word' id='word_1_63' title='bbox 2286 674 2371 721; x_wconf 90' lang='lat' dir='ltr'><strong>est</strong></span> <span class='ocrx_word' id='word_1_64' title='bbox 2404 685 2535 721; x_wconf 88' lang='lat' dir='ltr'><strong>cum</strong></span> <span class='ocrx_word' id='word_1_65' title='bbox 2568 668 2843 723; x_wconf 82' lang='lat' dir='ltr'><strong>omnibus</strong></span> <span class='ocrx_word' id='word_1_66' title='bbox 2874 668 2969 737; x_wconf 89' lang='lat' dir='ltr'><strong>qui</strong></span> <span class='ocrx_word' id='word_1_67' title='bbox 3005 667 3256 740; x_wconf 74' lang='lat' dir='ltr'><strong>diligunt</strong></span> <span class='ocrx_word' id='word_1_68' title='bbox 3305 688 3439 726; x_wconf 91' lang='lat' dir='ltr'><strong>eum</strong></span> <span class='ocrx_word' id='word_1_69' title='bbox 3470 673 3529 726; x_wconf 93' lang='lat' dir='ltr'><strong>in</strong></span> <span class='ocrx_word' id='word_1_70' title='bbox 3562 673 3756 729; x_wconf 92' lang='lat' dir='ltr'><strong>incor-</strong></span> 
     </span>
    </p>
   </div>
   <div class='ocr_carea' id='block_1_6' title="bbox 347 750 2402 827">
    <p class='ocr_par' dir='ltr' id='par_1_6' title="bbox 347 750 2402 827">
     <span class='ocr_line' id='line_1_6' title="bbox 347 750 2402 827; baseline 0.003 -22"><span class='ocrx_word' id='word_1_71' title='bbox 347 750 808 822; x_wconf 89' lang='lat' dir='ltr'><strong>incorruptione.</strong></span> <span class='ocrx_word' id='word_1_72' title='bbox 841 752 1052 816; x_wconf 86' lang='lat' dir='ltr'><strong>Quanti</strong></span> <span class='ocrx_word' id='word_1_73' title='bbox 1084 753 1239 808; x_wconf 90' lang='lat' dir='ltr'><strong>enim</strong></span> <span class='ocrx_word' id='word_1_74' title='bbox 1274 754 1529 826; x_wconf 84' lang='lat' dir='ltr'><strong>diligunt</strong></span> <span class='ocrx_word' id='word_1_75' title='bbox 1559 755 1999 827; x_wconf 84' lang='lat' dir='ltr'><strong>Dominum,pa-</strong></span> <span class='ocrx_word' id='word_1_76' title='bbox 2111 755 2402 827; x_wconf 88' lang='lat' dir='ltr'><strong>ruplione.</strong></span> 
     </span>
    </p>
   </div>
   <div class='ocr_carea' id='block_1_7' title="bbox 346 839 1999 916">
    <p class='ocr_par' dir='ltr' id='par_1_7' title="bbox 346 839 1999 916">
     <span class='ocr_line' id='line_1_7' title="bbox 346 839 1999 916; baseline 0.005 -23"><span class='ocrx_word' id='word_1_77' title='bbox 346 839 457 894; x_wconf 87' lang='lat' dir='ltr'><strong>rati</strong></span> <span class='ocrx_word' id='word_1_78' title='bbox 505 840 732 908; x_wconf 84' lang='lat' dir='ltr'><strong>exsilia,</strong></span> <span class='ocrx_word' id='word_1_79' title='bbox 784 841 969 912; x_wconf 87' lang='lat' dir='ltr'><strong>parati</strong></span> <span class='ocrx_word' id='word_1_80' title='bbox 1020 842 1320 914; x_wconf 81' lang='lat' dir='ltr'><strong>martyria,</strong></span> <span class='ocrx_word' id='word_1_81' title='bbox 1376 843 1560 915; x_wconf 84' lang='lat' dir='ltr'><strong>parati</strong></span> <span class='ocrx_word' id='word_1_82' title='bbox 1609 844 1890 916; x_wconf 85' lang='lat' dir='ltr'><strong>inopiam,</strong></span> <span class='ocrx_word' id='word_1_83' title='bbox 1940 850 1999 901; x_wconf 87' lang='lat' dir='ltr'><strong>et</strong></span> 
     </span>
    </p>
   </div>
   <div class='ocr_carea' id='block_1_8' title="bbox 347 995 3114 1026">
    <p class='ocr_par' dir='ltr' id='par_1_8' title="bbox 347 995 3114 1026">
     <span class='ocr_line' id='line_1_8' title="bbox 347 995 3114 1026; baseline 0.002 -8"><span class='ocrx_word' id='word_1_84' title='bbox 347 995 3114 1026; x_wconf 49' lang='grc' dir='ltr'>Ἡ</span> 
     </span>
    </p>
   </div>
   <div class='ocr_carea' id='block_1_9' title="bbox 1041 1175 3117 1328">
    <p class='ocr_par' dir='ltr' id='par_1_9' title="bbox 1041 1175 3117 1328">
     <span class='ocr_line' id='line_1_9' title="bbox 1041 1175 3117 1328; baseline 0.001 -54"><span class='ocrx_word' id='word_1_85' title='bbox 1041 1175 1163 1274; x_wconf 93' lang='lat' dir='ltr'><strong>s.</strong></span> <span class='ocrx_word' id='word_1_86' title='bbox 1250 1175 1928 1275; x_wconf 52' lang='lat' dir='ltr'><strong>ausam;</strong></span> <span class='ocrx_word' id='word_1_87' title='bbox 2028 1176 3056 1278; x_wconf 67' lang='lat' dir='ltr'><strong>nmnonvmr</strong></span> <span class='ocrx_word' id='word_1_88' title='bbox 3113 1324 3117 1328; x_wconf 12' lang='lat' dir='ltr'><strong>l</strong></span> 
     </span>
    </p>
   </div>
   <div class='ocr_carea' id='block_1_10' title="bbox 1487 1374 2605 1435">
    <p class='ocr_par' dir='ltr' id='par_1_10' title="bbox 1487 1374 2605 1435">
     <span class='ocr_line' id='line_1_10' title="bbox 1487 1374 2605 1435; baseline 0.001 -2"><span class='ocrx_word' id='word_1_89' title='bbox 1487 1374 2055 1435; x_wconf 82' lang='lat' dir='ltr'><strong>STRIDONENSIS</strong></span> <span class='ocrx_word' id='word_1_90' title='bbox 2112 1377 2605 1435; x_wconf 78' lang='lat' dir='ltr'><strong>PRESBYTEltI</strong></span> 
     </span>
    </p>
   </div>
   <div class='ocr_carea' id='block_1_11' title="bbox 1264 1543 2831 1643">
    <p class='ocr_par' dir='ltr' id='par_1_11' title="bbox 1264 1543 2831 1643">
     <span class='ocr_line' id='line_1_11' title="bbox 1264 1543 2831 1643; baseline 0.001 -3"><span class='ocrx_word' id='word_1_91' title='bbox 1264 1543 2831 1643; x_wconf 83' lang='lat' dir='ltr'><strong>COMMENTARIORUM</strong></span> 
     </span>
    </p>
   </div>
   <div class='ocr_carea' id='block_1_12' title="bbox 594 1736 2008 2056">
    <p class='ocr_par' dir='ltr' id='par_1_12' title="bbox 594 1784 2008 2050">
     <span class='ocr_line' id='line_1_12' title="bbox 594 1784 2008 2050; baseline 0.001 -1"><span class='ocrx_word' id='word_1_92' title='bbox 594 1784 2008 2050; x_wconf 85' lang='lat' dir='ltr'><strong>EPISTOLAM</strong></span> 
     </span>
    </p>
   </div>
   <div class='ocr_carea' id='block_1_13' title="bbox 2085 1736 3484 2056">
    <p class='ocr_par' dir='ltr' id='par_1_13' title="bbox 2208 1794 3484 2056">
     <span class='ocr_line' id='line_1_13' title="bbox 2208 1794 3484 2056; baseline 0.007 -8"><span class='ocrx_word' id='word_1_93' title='bbox 2208 1888 2545 2049; x_wconf 84' lang='lat' dir='ltr'><strong>AD</strong></span> <span class='ocrx_word' id='word_1_94' title='bbox 2708 1889 3484 2056; x_wconf 89' lang='lat' dir='ltr'><strong>TITUM</strong></span> 
     </span>
    </p>
   </div>
   <div class='ocr_carea' id='block_1_14' title="bbox 1651 2154 2428 2230">
    <p class='ocr_par' dir='ltr' id='par_1_14' title="bbox 1651 2154 2428 2230">
     <span class='ocr_line' id='line_1_14' title="bbox 1651 2154 2428 2230; baseline 0.003 -5"><span class='ocrx_word' id='word_1_95' title='bbox 1651 2154 2008 2230; x_wconf 87' lang='lat' dir='ltr'><strong>LIBER</strong></span> <span class='ocrx_word' id='word_1_96' title='bbox 2095 2155 2428 2228; x_wconf 91' lang='lat' dir='ltr'><strong>UNUS.</strong></span> 
     </span>
    </p>
   </div>
   <div class='ocr_carea' id='block_1_15' title="bbox 1614 2439 2459 2549">
    <p class='ocr_par' dir='ltr' id='par_1_15' title="bbox 1614 2439 2459 2549">
     <span class='ocr_line' id='line_1_15' title="bbox 1614 2439 2459 2549; baseline 0.004 -24"><span class='ocrx_word' id='word_1_97' title='bbox 1614 2439 2459 2549; x_wconf 78' lang='lat' dir='ltr'><strong>PROLOGUS.</strong></span> 
     </span>
    </p>
   </div>
   <div class='ocr_carea' id='block_1_16' title="bbox 402 2697 3732 2771">
    <p class='ocr_par' dir='ltr' id='par_1_16' title="bbox 402 2697 3732 2771">
     <span class='ocr_line' id='line_1_16' title="bbox 402 2697 3732 2771; baseline 0.002 -15"><span class='ocrx_word' id='word_1_98' title='bbox 402 2700 739 2757; x_wconf 66' lang='grc' dir='ltr'><strong>σεε-σεο</strong></span> <span class='ocrx_word' id='word_1_99' title='bbox 771 2700 925 2756; x_wconf 90' lang='lat' dir='ltr'><strong>Licet</strong></span> <span class='ocrx_word' id='word_1_100' title='bbox 954 2716 1067 2755; x_wconf 92' lang='lat' dir='ltr'><strong>non</strong></span> <span class='ocrx_word' id='word_1_101' title='bbox 1100 2699 1220 2755; x_wconf 86' lang='lat' dir='ltr'><strong>sint</strong></span> <span class='ocrx_word' id='word_1_102' title='bbox 1248 2699 1410 2771; x_wconf 86' lang='lat' dir='ltr'><strong>digni</strong></span> <span class='ocrx_word' id='word_1_103' title='bbox 1459 2698 1592 2765; x_wconf 83' lang='lat' dir='ltr'><strong>ﬁde,</strong></span> <span class='ocrx_word' id='word_1_104' title='bbox 1646 2697 1743 2770; x_wconf 91' lang='lat' dir='ltr'><strong>qui</strong></span> <span class='ocrx_word' id='word_1_105' title='bbox 1799 2697 1973 2753; x_wconf 83' lang='lat' dir='ltr'><strong>ﬁdem</strong></span> <span class='ocrx_word' id='word_1_106' title='bbox 2005 2701 2053 2765; x_wconf 87' lang='lat' dir='ltr'><strong>B</strong></span> <span class='ocrx_word' id='word_1_107' title='bbox 2084 2697 2199 2769; x_wconf 87' lang='lat' dir='ltr'><strong>ipsi</strong></span> <span class='ocrx_word' id='word_1_108' title='bbox 2235 2714 2348 2752; x_wconf 92' lang='lat' dir='ltr'><strong>non</strong></span> <span class='ocrx_word' id='word_1_109' title='bbox 2379 2698 2735 2754; x_wconf 78' lang='lat' dir='ltr'><strong>erubescunt</strong></span> <span class='ocrx_word' id='word_1_110' title='bbox 2764 2698 2909 2755; x_wconf 89' lang='lat' dir='ltr'><strong>falsa</strong></span> <span class='ocrx_word' id='word_1_111' title='bbox 2936 2700 3235 2756; x_wconf 88' lang='lat' dir='ltr'><strong>simulare.</strong></span> <span class='ocrx_word' id='word_1_112' title='bbox 3268 2702 3376 2758; x_wconf 89' lang='lat' dir='ltr'><strong>Sed</strong></span> <span class='ocrx_word' id='word_1_113' title='bbox 3396 2703 3681 2761; x_wconf 90' lang='lat' dir='ltr'><strong>Tatianus</strong></span> <span class='ocrx_word' id='word_1_114' title='bbox 3716 2711 3732 2743; x_wconf 78' lang='grc' dir='ltr'>ί</span> 
     </span>
    </p>
   </div>
   <div class='ocr_carea' id='block_1_17' title="bbox 331 2786 1975 2861">
    <p class='ocr_par' dir='ltr' id='par_1_17' title="bbox 331 2786 1975 2861">
     <span class='ocr_line' id='line_1_17' title="bbox 331 2786 1975 2861; baseline -0.002 -17"><span class='ocrx_word' id='word_1_115' title='bbox 331 2789 582 2861; x_wconf 85' lang='lat' dir='ltr'><strong>primam</strong></span> <span class='ocrx_word' id='word_1_116' title='bbox 606 2789 828 2844; x_wconf 86' lang='lat' dir='ltr'><strong>irritam</strong></span> <span class='ocrx_word' id='word_1_117' title='bbox 862 2789 1142 2855; x_wconf 83' lang='lat' dir='ltr'><strong>fecerunt,</strong></span> <span class='ocrx_word' id='word_1_118' title='bbox 1174 2787 1526 2843; x_wconf 85' lang='lat' dir='ltr'><strong>Marcionem</strong></span> <span class='ocrx_word' id='word_1_119' title='bbox 1559 2786 1766 2857; x_wconf 89' lang='lat' dir='ltr'><strong>loquor</strong></span> <span class='ocrx_word' id='word_1_120' title='bbox 1794 2790 1851 2841; x_wconf 90' lang='lat' dir='ltr'><strong>et</strong></span> <span class='ocrx_word' id='word_1_121' title='bbox 1870 2786 1975 2841; x_wconf 89' lang='lat' dir='ltr'><strong>Ba-</strong></span> 
     </span>
    </p>
   </div>
   <div class='ocr_carea' id='block_1_18' title="bbox 330 2874 1976 2949">
    <p class='ocr_par' dir='ltr' id='par_1_18' title="bbox 330 2874 1976 2949">
     <span class='ocr_line' id='line_1_18' title="bbox 330 2874 1976 2949; baseline -0.002 -16"><span class='ocrx_word' id='word_1_122' title='bbox 330 2877 585 2947; x_wconf 89' lang='lat' dir='ltr'><strong>silidem,</strong></span> <span class='ocrx_word' id='word_1_123' title='bbox 617 2884 674 2933; x_wconf 90' lang='lat' dir='ltr'><strong>et</strong></span> <span class='ocrx_word' id='word_1_124' title='bbox 702 2894 907 2933; x_wconf 90' lang='lat' dir='ltr'><strong>omnes</strong></span> <span class='ocrx_word' id='word_1_125' title='bbox 937 2876 1238 2933; x_wconf 66' lang='lat' dir='ltr'><strong>haereticos</strong></span> <span class='ocrx_word' id='word_1_126' title='bbox 1267 2876 1367 2949; x_wconf 90' lang='lat' dir='ltr'><strong>qui</strong></span> <span class='ocrx_word' id='word_1_127' title='bbox 1394 2875 1574 2931; x_wconf 79' lang='lat' dir='ltr'><strong>Vetus</strong></span> <span class='ocrx_word' id='word_1_128' title='bbox 1622 2874 1843 2930; x_wconf 84' lang='lat' dir='ltr'><strong>laniant</strong></span> <span class='ocrx_word' id='word_1_129' title='bbox 1870 2875 1976 2930; x_wconf 87' lang='lat' dir='ltr'><strong>Te-</strong></span> 
     </span>
    </p>
   </div>
   <div class='ocr_carea' id='block_1_19' title="bbox 331 2964 1973 3037">
    <p class='ocr_par' dir='ltr' id='par_1_19' title="bbox 331 2964 1973 3037">
     <span class='ocr_line' id='line_1_19' title="bbox 331 2964 1973 3037; baseline -0.002 -15"><span class='ocrx_word' id='word_1_130' title='bbox 331 2970 693 3023; x_wconf 79' lang='lat' dir='ltr'><strong>stamentum</strong></span> <span class='ocrx_word' id='word_1_131' title='bbox 727 2983 740 3020; x_wconf 88' lang='lat'><strong>:</strong></span> <span class='ocrx_word' id='word_1_132' title='bbox 775 2971 971 3022; x_wconf 88' lang='lat' dir='ltr'><strong>tamen</strong></span> <span class='ocrx_word' id='word_1_133' title='bbox 1004 2982 1103 3022; x_wconf 92' lang='lat' dir='ltr'><strong>eos</strong></span> <span class='ocrx_word' id='word_1_134' title='bbox 1133 2964 1328 3037; x_wconf 90' lang='lat' dir='ltr'><strong>aliqua</strong></span> <span class='ocrx_word' id='word_1_135' title='bbox 1356 2981 1425 3020; x_wconf 85' lang='lat' dir='ltr'><strong>ex</strong></span> <span class='ocrx_word' id='word_1_136' title='bbox 1455 2969 1619 3037; x_wconf 90' lang='lat' dir='ltr'><strong>parte</strong></span> <span class='ocrx_word' id='word_1_137' title='bbox 1669 2964 1973 3029; x_wconf 81' lang='lat' dir='ltr'><strong>ferremus,</strong></span> 
     </span>
    </p>
   </div>
   <div class='ocr_carea' id='block_1_20' title="bbox 333 3054 1973 3119">
    <p class='ocr_par' dir='ltr' id='par_1_20' title="bbox 333 3054 1973 3119">
     <span class='ocr_line' id='line_1_20' title="bbox 333 3054 1973 3119; baseline -0.004 -8"><span class='ocrx_word' id='word_1_138' title='bbox 333 3055 383 3111; x_wconf 97' lang='lat' dir='ltr'><strong>si</strong></span> <span class='ocrx_word' id='word_1_139' title='bbox 414 3056 620 3115; x_wconf 83' lang='lat' dir='ltr'><strong>saltem</strong></span> <span class='ocrx_word' id='word_1_140' title='bbox 652 3056 712 3109; x_wconf 93' lang='lat' dir='ltr'><strong>in</strong></span> <span class='ocrx_word' id='word_1_141' title='bbox 743 3055 899 3110; x_wconf 89' lang='lat' dir='ltr'><strong>Novo</strong></span> <span class='ocrx_word' id='word_1_142' title='bbox 929 3054 1293 3110; x_wconf 88' lang='lat' dir='ltr'><strong>continerent</strong></span> <span class='ocrx_word' id='word_1_143' title='bbox 1337 3070 1547 3108; x_wconf 92' lang='lat' dir='ltr'><strong>manus</strong></span> <span class='ocrx_word' id='word_1_144' title='bbox 1578 3069 1736 3119; x_wconf 88' lang='lat' dir='ltr'><strong>suas,</strong></span> <span class='ocrx_word' id='word_1_145' title='bbox 1770 3057 1826 3106; x_wconf 89' lang='lat' dir='ltr'><strong>et</strong></span> <span class='ocrx_word' id='word_1_146' title='bbox 1858 3068 1973 3106; x_wconf 92' lang='lat' dir='ltr'><strong>non</strong></span> 
     </span>
    </p>
   </div>
   <div class='ocr_carea' id='block_1_21' title="bbox 331 3140 1971 3216">
    <p class='ocr_par' dir='ltr' id='par_1_21' title="bbox 331 3140 1971 3216">
     <span class='ocr_line' id='line_1_21' title="bbox 331 3140 1971 3216; baseline -0.003 -18"><span class='ocrx_word' id='word_1_147' title='bbox 331 3145 615 3200; x_wconf 79' lang='lat' dir='ltr'><strong>auderent</strong></span> <span class='ocrx_word' id='word_1_148' title='bbox 641 3143 856 3200; x_wconf 89' lang='lat' dir='ltr'><strong>Christi</strong></span> <span class='ocrx_word' id='word_1_149' title='bbox 912 3144 1001 3216; x_wconf 92' lang='lat' dir='ltr'><strong>(ut</strong></span> <span class='ocrx_word' id='word_1_150' title='bbox 1031 3142 1144 3215; x_wconf 89' lang='lat' dir='ltr'><strong>ipsi</strong></span> <span class='ocrx_word' id='word_1_151' title='bbox 1174 3142 1470 3214; x_wconf 87' lang='lat' dir='ltr'><strong>jactitant)</strong></span> <span class='ocrx_word' id='word_1_152' title='bbox 1504 3142 1640 3196; x_wconf 91' lang='lat' dir='ltr'><strong>boni</strong></span> <span class='ocrx_word' id='word_1_153' title='bbox 1686 3140 1785 3195; x_wconf 90' lang='lat' dir='ltr'><strong>Dei</strong></span> <span class='ocrx_word' id='word_1_154' title='bbox 1822 3140 1971 3194; x_wconf 89' lang='lat' dir='ltr'><strong>Filii.</strong></span> 
     </span>
    </p>
   </div>
   <div class='ocr_carea' id='block_1_22' title="bbox 328 3229 1974 3306">
    <p class='ocr_par' dir='ltr' id='par_1_22' title="bbox 328 3229 1974 3306">
     <span class='ocr_line' id='line_1_22' title="bbox 328 3229 1974 3306; baseline -0.002 -19"><span class='ocrx_word' id='word_1_155' title='bbox 328 3232 419 3288; x_wconf 92' lang='lat' dir='ltr'><strong>vel</strong></span> <span class='ocrx_word' id='word_1_156' title='bbox 446 3232 838 3306; x_wconf 88' lang='lat' dir='ltr'><strong>evangelistas</strong></span> <span class='ocrx_word' id='word_1_157' title='bbox 865 3232 1100 3303; x_wconf 88' lang='lat' dir='ltr'><strong>violare,</strong></span> <span class='ocrx_word' id='word_1_158' title='bbox 1131 3231 1219 3288; x_wconf 85' lang='lat' dir='ltr'><strong>vel</strong></span> <span class='ocrx_word' id='word_1_159' title='bbox 1259 3230 1573 3303; x_wconf 87' lang='lat' dir='ltr'><strong>apostolos.</strong></span> <span class='ocrx_word' id='word_1_160' title='bbox 1628 3229 1793 3286; x_wconf 82' lang='lat' dir='ltr'><strong>Nunc</strong></span> <span class='ocrx_word' id='word_1_161' title='bbox 1842 3246 1974 3285; x_wconf 80' lang='lat' dir='ltr'><strong>vero</strong></span> 
     </span>
    </p>
   </div>
   <div class='ocr_carea' id='block_1_23' title="bbox 331 3318 1976 3393">
    <p class='ocr_par' dir='ltr' id='par_1_23' title="bbox 331 3318 1976 3393">
     <span class='ocr_line' id='line_1_23' title="bbox 331 3318 1976 3393; baseline -0.004 -15"><span class='ocrx_word' id='word_1_162' title='bbox 331 3338 465 3378; x_wconf 89' lang='lat' dir='ltr'><strong>cum</strong></span> <span class='ocrx_word' id='word_1_163' title='bbox 523 3328 581 3378; x_wconf 86' lang='lat' dir='ltr'><strong>et</strong></span> <span class='ocrx_word' id='word_1_164' title='bbox 636 3320 947 3393; x_wconf 87' lang='lat' dir='ltr'><strong>Evangelia</strong></span> <span class='ocrx_word' id='word_1_165' title='bbox 1020 3321 1148 3393; x_wconf 89' lang='lat' dir='ltr'><strong>ejus</strong></span> <span class='ocrx_word' id='word_1_166' title='bbox 1227 3318 1662 3391; x_wconf 89' lang='lat' dir='ltr'><strong>dissipaverint,</strong></span> <span class='ocrx_word' id='word_1_167' title='bbox 1720 3321 1778 3372; x_wconf 89' lang='lat' dir='ltr'><strong>et</strong></span> <span class='ocrx_word' id='word_1_168' title='bbox 1840 3333 1976 3388; x_wconf 91' lang='lat' dir='ltr'><strong>apo-</strong></span> 
     </span>
    </p>
   </div>
   <div class='ocr_carea' id='block_1_24' title="bbox 329 3405 1971 3482">
    <p class='ocr_par' dir='ltr' id='par_1_24' title="bbox 329 3405 1971 3482">
     <span class='ocr_line' id='line_1_24' title="bbox 329 3405 1971 3482; baseline -0.003 -16"><span class='ocrx_word' id='word_1_169' title='bbox 329 3409 613 3466; x_wconf 88' lang='lat' dir='ltr'><strong>stolorum</strong></span> <span class='ocrx_word' id='word_1_170' title='bbox 642 3409 941 3482; x_wconf 88' lang='lat' dir='ltr'><strong>epistolas,</strong></span> <span class='ocrx_word' id='word_1_171' title='bbox 976 3426 1088 3466; x_wconf 92' lang='lat' dir='ltr'><strong>non</strong></span> <span class='ocrx_word' id='word_1_172' title='bbox 1122 3407 1520 3482; x_wconf 88' lang='lat' dir='ltr'><strong>apostolorum</strong></span> <span class='ocrx_word' id='word_1_173' title='bbox 1568 3405 1781 3461; x_wconf 88' lang='lat' dir='ltr'><strong>Christi</strong></span> <span class='ocrx_word' id='word_1_174' title='bbox 1826 3407 1971 3461; x_wconf 82' lang='lat' dir='ltr'><strong>fece-</strong></span> 
     </span>
    </p>
   </div>
   <div class='ocr_carea' id='block_1_25' title="bbox 329 3493 1970 3570">
    <p class='ocr_par' dir='ltr' id='par_1_25' title="bbox 329 3493 1970 3570">
     <span class='ocr_line' id='line_1_25' title="bbox 329 3493 1970 3570; baseline -0.003 -17"><span class='ocrx_word' id='word_1_175' title='bbox 329 3499 449 3553; x_wconf 90' lang='lat' dir='ltr'><strong>rint</strong></span> <span class='ocrx_word' id='word_1_176' title='bbox 477 3515 625 3565; x_wconf 87' lang='lat' dir='ltr'><strong>esse,</strong></span> <span class='ocrx_word' id='word_1_177' title='bbox 657 3499 758 3554; x_wconf 91' lang='lat' dir='ltr'><strong>sed</strong></span> <span class='ocrx_word' id='word_1_178' title='bbox 790 3498 1076 3570; x_wconf 79' lang='lat' dir='ltr'><strong>proprias,</strong></span> <span class='ocrx_word' id='word_1_179' title='bbox 1112 3498 1293 3553; x_wconf 88' lang='lat' dir='ltr'><strong>miror</strong></span> <span class='ocrx_word' id='word_1_180' title='bbox 1322 3496 1614 3567; x_wconf 90' lang='lat' dir='ltr'><strong>quomodo</strong></span> <span class='ocrx_word' id='word_1_181' title='bbox 1645 3494 1757 3549; x_wconf 88' lang='lat' dir='ltr'><strong>sibi</strong></span> <span class='ocrx_word' id='word_1_182' title='bbox 1807 3493 1970 3549; x_wconf 88' lang='lat' dir='ltr'><strong>Chri-</strong></span> 
     </span>
    </p>
   </div>
   <div class='ocr_carea' id='block_1_26' title="bbox 328 3583 1973 3644">
    <p class='ocr_par' dir='ltr' id='par_1_26' title="bbox 328 3583 1973 3644">
     <span class='ocr_line' id='line_1_26' title="bbox 328 3583 1973 3644; baseline -0.002 -1"><span class='ocrx_word' id='word_1_183' title='bbox 328 3589 653 3644; x_wconf 89' lang='lat' dir='ltr'><strong>stianorum</strong></span> <span class='ocrx_word' id='word_1_184' title='bbox 704 3604 917 3643; x_wconf 90' lang='lat' dir='ltr'><strong>nomen</strong></span> <span class='ocrx_word' id='word_1_185' title='bbox 959 3587 1212 3642; x_wconf 86' lang='lat' dir='ltr'><strong>audeant</strong></span> <span class='ocrx_word' id='word_1_186' title='bbox 1259 3585 1573 3640; x_wconf 73' lang='lat' dir='ltr'><strong>vindicem.</strong></span> <span class='ocrx_word' id='word_1_187' title='bbox 1607 3583 1679 3639; x_wconf 88' lang='lat' dir='ltr'><strong>Ut</strong></span> <span class='ocrx_word' id='word_1_188' title='bbox 1706 3584 1862 3639; x_wconf 91' lang='lat' dir='ltr'><strong>enim</strong></span> <span class='ocrx_word' id='word_1_189' title='bbox 1903 3584 1973 3639; x_wconf 91' lang='lat' dir='ltr'><strong>de</strong></span> 
     </span>
    </p>
   </div>
   <div class='ocr_carea' id='block_1_27' title="bbox 328 3664 1972 3748">
    <p class='ocr_par' dir='ltr' id='par_1_27' title="bbox 328 3664 1972 3748">
     <span class='ocr_line' id='line_1_27' title="bbox 328 3664 1972 3748; baseline -0.002 -17"><span class='ocrx_word' id='word_1_190' title='bbox 328 3677 554 3732; x_wconf 73' lang='lat' dir='ltr'><strong>caeteris</strong></span> <span class='ocrx_word' id='word_1_191' title='bbox 585 3664 863 3748; x_wconf 79' lang='lat' dir='ltr'><strong>Epistolis</strong></span> <span class='ocrx_word' id='word_1_192' title='bbox 890 3680 1137 3743; x_wconf 84' lang='lat' dir='ltr'><strong>taceam,</strong></span> <span class='ocrx_word' id='word_1_193' title='bbox 1170 3676 1241 3730; x_wconf 90' lang='lat' dir='ltr'><strong>de</strong></span> <span class='ocrx_word' id='word_1_194' title='bbox 1272 3674 1485 3746; x_wconf 89' lang='lat' dir='ltr'><strong>quibus</strong></span> <span class='ocrx_word' id='word_1_195' title='bbox 1511 3673 1796 3745; x_wconf 91' lang='lat' dir='ltr'><strong>quidquid</strong></span> <span class='ocrx_word' id='word_1_196' title='bbox 1833 3690 1972 3728; x_wconf 87' lang='lat' dir='ltr'><strong>con-</strong></span> 
     </span>
    </p>
   </div>
   <div class='ocr_carea' id='block_1_28' title="bbox 329 3760 1976 3837">
    <p class='ocr_par' dir='ltr' id='par_1_28' title="bbox 329 3760 1976 3837">
     <span class='ocr_line' id='line_1_28' title="bbox 329 3760 1976 3837; baseline -0.002 -16"><span class='ocrx_word' id='word_1_197' title='bbox 329 3765 576 3821; x_wconf 87' lang='lat' dir='ltr'><strong>trarium</strong></span> <span class='ocrx_word' id='word_1_198' title='bbox 605 3782 711 3821; x_wconf 90' lang='lat' dir='ltr'><strong>suo</strong></span> <span class='ocrx_word' id='word_1_199' title='bbox 741 3765 1003 3837; x_wconf 85' lang='lat' dir='ltr'><strong>dogmati</strong></span> <span class='ocrx_word' id='word_1_200' title='bbox 1036 3760 1976 3833; x_wconf 86' lang='lat' dir='ltr'><strong>viderant,eraserunt,nonnullas</strong></span> 
     </span>
    </p>
   </div>
   <div class='ocr_carea' id='block_1_29' title="bbox 327 3850 1972 3925">
    <p class='ocr_par' dir='ltr' id='par_1_29' title="bbox 327 3850 1972 3925">
     <span class='ocr_line' id='line_1_29' title="bbox 327 3850 1972 3925; baseline -0.002 -16"><span class='ocrx_word' id='word_1_201' title='bbox 327 3854 587 3925; x_wconf 83' lang='lat' dir='ltr'><strong>integras</strong></span> <span class='ocrx_word' id='word_1_202' title='bbox 621 3854 1015 3925; x_wconf 82' lang='lat' dir='ltr'><strong>repudiandae</strong></span> <span class='ocrx_word' id='word_1_203' title='bbox 1046 3853 1419 3909; x_wconf 90' lang='lat' dir='ltr'><strong>crediderunt</strong></span> <span class='ocrx_word' id='word_1_204' title='bbox 1450 3869 1462 3907; x_wconf 91' lang='lat'>:</span> <span class='ocrx_word' id='word_1_205' title='bbox 1497 3852 1569 3907; x_wconf 91' lang='lat' dir='ltr'><strong>ad</strong></span> <span class='ocrx_word' id='word_1_206' title='bbox 1601 3850 1972 3906; x_wconf 88' lang='lat' dir='ltr'><strong>Timotheum</strong></span> 
     </span>
    </p>
   </div>
   <div class='ocr_carea' id='block_1_30' title="bbox 327 3939 1973 4015">
    <p class='ocr_par' dir='ltr' id='par_1_30' title="bbox 327 3939 1973 4015">
     <span class='ocr_line' id='line_1_30' title="bbox 327 3939 1973 4015; baseline -0.001 -18"><span class='ocrx_word' id='word_1_207' title='bbox 327 3943 597 4000; x_wconf 84' lang='lat' dir='ltr'><strong>videlicet</strong></span> <span class='ocrx_word' id='word_1_208' title='bbox 621 3943 1028 4015; x_wconf 88' lang='lat' dir='ltr'><strong>utramque,ad</strong></span> <span class='ocrx_word' id='word_1_209' title='bbox 1050 3942 1340 4009; x_wconf 78' lang='lat' dir='ltr'><strong>Hebraeos,</strong></span> <span class='ocrx_word' id='word_1_210' title='bbox 1374 3946 1430 3996; x_wconf 89' lang='lat' dir='ltr'><strong>et</strong></span> <span class='ocrx_word' id='word_1_211' title='bbox 1460 3940 1530 3995; x_wconf 91' lang='lat' dir='ltr'><strong>ad</strong></span> <span class='ocrx_word' id='word_1_212' title='bbox 1553 3939 1771 4009; x_wconf 88' lang='lat' dir='ltr'><strong>Titum,</strong></span> <span class='ocrx_word' id='word_1_213' title='bbox 1795 3956 1973 4010; x_wconf 90' lang='lat' dir='ltr'><strong>quam</strong></span> 
     </span>
    </p>
   </div>
   <div class='ocr_carea' id='block_1_31' title="bbox 329 4028 2046 4137">
    <p class='ocr_par' dir='ltr' id='par_1_31' title="bbox 329 4028 2046 4137">
     <span class='ocr_line' id='line_1_31' title="bbox 329 4028 2046 4137; baseline -0.005 -48"><span class='ocrx_word' id='word_1_214' title='bbox 329 4050 488 4089; x_wconf 90' lang='lat' dir='ltr'><strong>nunc</strong></span> <span class='ocrx_word' id='word_1_215' title='bbox 534 4049 819 4089; x_wconf 89' lang='lat' dir='ltr'><strong>conamur</strong></span> <span class='ocrx_word' id='word_1_216' title='bbox 863 4048 1169 4105; x_wconf 87' lang='lat' dir='ltr'><strong>exponere.</strong></span> <span class='ocrx_word' id='word_1_217' title='bbox 1206 4032 1271 4086; x_wconf 90' lang='lat' dir='ltr'><strong>Et</strong></span> <span class='ocrx_word' id='word_1_218' title='bbox 1318 4029 1611 4101; x_wconf 89' lang='lat' dir='ltr'><strong>siquidem</strong></span> <span class='ocrx_word' id='word_1_219' title='bbox 1667 4028 1975 4083; x_wconf 87' lang='lat' dir='ltr'><strong>redderent</strong></span> <span class='ocrx_word' id='word_1_220' title='bbox 2004 4071 2046 4137; x_wconf 64' lang='grc' dir='ltr'><strong>Ο</strong></span> 
     </span>
    </p>
   </div>
   <div class='ocr_carea' id='block_1_32' title="bbox 328 4120 1973 4193">
    <p class='ocr_par' dir='ltr' id='par_1_32' title="bbox 328 4120 1973 4193">
     <span class='ocr_line' id='line_1_32' title="bbox 328 4120 1973 4193; baseline -0.004 -14"><span class='ocrx_word' id='word_1_221' title='bbox 328 4138 563 4189; x_wconf 86' lang='lat' dir='ltr'><strong>causas,</strong></span> <span class='ocrx_word' id='word_1_222' title='bbox 584 4138 687 4177; x_wconf 90' lang='lat' dir='ltr'><strong>cur</strong></span> <span class='ocrx_word' id='word_1_223' title='bbox 715 4138 814 4178; x_wconf 88' lang='lat' dir='ltr'><strong>eas</strong></span> <span class='ocrx_word' id='word_1_224' title='bbox 842 4120 1100 4193; x_wconf 85' lang='lat' dir='ltr'><strong>Apostoli</strong></span> <span class='ocrx_word' id='word_1_225' title='bbox 1134 4137 1250 4175; x_wconf 94' lang='lat' dir='ltr'><strong>non</strong></span> <span class='ocrx_word' id='word_1_226' title='bbox 1279 4122 1571 4192; x_wconf 89' lang='lat' dir='ltr'><strong>putarent,</strong></span> <span class='ocrx_word' id='word_1_227' title='bbox 1612 4121 1973 4173; x_wconf 86' lang='lat' dir='ltr'><strong>tentarcmus</strong></span> 
     </span>
    </p>
   </div>
   <div class='ocr_carea' id='block_1_33' title="bbox 327 4205 1973 4283">
    <p class='ocr_par' dir='ltr' id='par_1_33' title="bbox 327 4205 1973 4283">
     <span class='ocr_line' id='line_1_33' title="bbox 327 4205 1973 4283; baseline -0.004 -17"><span class='ocrx_word' id='word_1_228' title='bbox 327 4210 552 4283; x_wconf 90' lang='lat' dir='ltr'><strong>aliquid</strong></span> <span class='ocrx_word' id='word_1_229' title='bbox 584 4211 954 4283; x_wconf 87' lang='lat' dir='ltr'><strong>respondere,</strong></span> <span class='ocrx_word' id='word_1_230' title='bbox 987 4214 1043 4266; x_wconf 91' lang='lat' dir='ltr'><strong>et</strong></span> <span class='ocrx_word' id='word_1_231' title='bbox 1082 4209 1324 4266; x_wconf 85' lang='lat' dir='ltr'><strong>forsitan</strong></span> <span class='ocrx_word' id='word_1_232' title='bbox 1370 4209 1704 4264; x_wconf 79' lang='lat' dir='ltr'><strong>satisfacere</strong></span> <span class='ocrx_word' id='word_1_233' title='bbox 1752 4205 1973 4262; x_wconf 90' lang='lat' dir='ltr'><strong>lectori.</strong></span> 
     </span>
    </p>
   </div>
   <div class='ocr_carea' id='block_1_34' title="bbox 327 4295 1979 4368">
    <p class='ocr_par' dir='ltr' id='par_1_34' title="bbox 327 4295 1979 4368">
     <span class='ocr_line' id='line_1_34' title="bbox 327 4295 1979 4368; baseline -0.003 -12"><span class='ocrx_word' id='word_1_234' title='bbox 327 4299 495 4356; x_wconf 81' lang='lat' dir='ltr'><strong>Nunc</strong></span> <span class='ocrx_word' id='word_1_235' title='bbox 539 4316 675 4356; x_wconf 88' lang='lat' dir='ltr'><strong>vero</strong></span> <span class='ocrx_word' id='word_1_236' title='bbox 724 4316 860 4355; x_wconf 89' lang='lat' dir='ltr'><strong>cum</strong></span> <span class='ocrx_word' id='word_1_237' title='bbox 910 4299 1185 4355; x_wconf 70' lang='lat' dir='ltr'><strong>haaretica</strong></span> <span class='ocrx_word' id='word_1_238' title='bbox 1213 4295 1979 4368; x_wconf 46' lang='lat' dir='ltr'><strong>auctoritate‘pronuntient</strong></span> 
     </span>
    </p>
   </div>
   <div class='ocr_carea' id='block_1_35' title="bbox 326 4386 1978 4460">
    <p class='ocr_par' dir='ltr' id='par_1_35' title="bbox 326 4386 1978 4460">
     <span class='ocr_line' id='line_1_35' title="bbox 326 4386 1978 4460; baseline -0.004 -16"><span class='ocrx_word' id='word_1_239' title='bbox 326 4394 385 4444; x_wconf 89' lang='lat' dir='ltr'><strong>et</strong></span> <span class='ocrx_word' id='word_1_240' title='bbox 426 4388 626 4445; x_wconf 86' lang='lat' dir='ltr'><strong>dicant</strong></span> <span class='ocrx_word' id='word_1_241' title='bbox 657 4406 669 4444; x_wconf 89' lang='lat'>:</span> <span class='ocrx_word' id='word_1_242' title='bbox 706 4388 808 4444; x_wconf 87' lang='lat' dir='ltr'><strong>Illa</strong></span> <span class='ocrx_word' id='word_1_243' title='bbox 833 4387 1080 4460; x_wconf 88' lang='lat' dir='ltr'><strong>epistola</strong></span> <span class='ocrx_word' id='word_1_244' title='bbox 1110 4386 1271 4442; x_wconf 90' lang='lat' dir='ltr'><strong>Pauli</strong></span> <span class='ocrx_word' id='word_1_245' title='bbox 1302 4390 1412 4453; x_wconf 92' lang='lat' dir='ltr'><strong>est,</strong></span> <span class='ocrx_word' id='word_1_246' title='bbox 1444 4386 1565 4441; x_wconf 71' lang='lat' dir='ltr'><strong>haec</strong></span> <span class='ocrx_word' id='word_1_247' title='bbox 1606 4402 1722 4440; x_wconf 93' lang='lat' dir='ltr'><strong>non</strong></span> <span class='ocrx_word' id='word_1_248' title='bbox 1755 4387 1877 4452; x_wconf 88' lang='lat' dir='ltr'><strong>est;</strong></span> <span class='ocrx_word' id='word_1_249' title='bbox 1910 4400 1978 4439; x_wconf 90' lang='lat' dir='ltr'><strong>ea</strong></span> 
     </span>
    </p>
   </div>
   <div class='ocr_carea' id='block_1_36' title="bbox 328 4472 1980 4548">
    <p class='ocr_par' dir='ltr' id='par_1_36' title="bbox 328 4472 1980 4548">
     <span class='ocr_line' id='line_1_36' title="bbox 328 4472 1980 4548; baseline -0.004 -15"><span class='ocrx_word' id='word_1_250' title='bbox 328 4477 672 4534; x_wconf 85' lang='lat' dir='ltr'><strong>auctoritate</strong></span> <span class='ocrx_word' id='word_1_251' title='bbox 703 4475 884 4533; x_wconf 81' lang='lat' dir='ltr'><strong>refelli</strong></span> <span class='ocrx_word' id='word_1_252' title='bbox 933 4492 995 4532; x_wconf 92' lang='lat' dir='ltr'><strong>se</strong></span> <span class='ocrx_word' id='word_1_253' title='bbox 1043 4492 1146 4548; x_wconf 89' lang='lat' dir='ltr'><strong>pro</strong></span> <span class='ocrx_word' id='word_1_254' title='bbox 1191 4475 1431 4531; x_wconf 87' lang='lat' dir='ltr'><strong>veritate</strong></span> <span class='ocrx_word' id='word_1_255' title='bbox 1460 4472 1810 4545; x_wconf 89' lang='lat' dir='ltr'><strong>intelligant,</strong></span> <span class='ocrx_word' id='word_1_256' title='bbox 1863 4489 1980 4544; x_wconf 90' lang='lat' dir='ltr'><strong>qua</strong></span> 
     </span>
    </p>
   </div>
   <div class='ocr_carea' id='block_1_37' title="bbox 406 4614 1976 4692">
    <p class='ocr_par' dir='ltr' id='par_1_37' title="bbox 406 4614 1976 4692">
     <span class='ocr_line' id='line_1_37' title="bbox 406 4614 1976 4692; baseline -0.004 -17"><span class='ocrx_word' id='word_1_257' title='bbox 406 4622 421 4654; x_wconf 83' lang='grc'>¹</span> <span class='ocrx_word' id='word_1_258' title='bbox 447 4619 651 4692; x_wconf 85' lang='lat' dir='ltr'><strong>Recole</strong></span> <span class='ocrx_word' id='word_1_259' title='bbox 680 4636 816 4692; x_wconf 63' lang='lat' dir='ltr'><strong>quia</strong></span> <span class='ocrx_word' id='word_1_260' title='bbox 838 4618 1009 4691; x_wconf 90' lang='lat' dir='ltr'><strong>paulo</strong></span> <span class='ocrx_word' id='word_1_261' title='bbox 1040 4619 1311 4691; x_wconf 87' lang='lat' dir='ltr'><strong>superius</strong></span> <span class='ocrx_word' id='word_1_262' title='bbox 1350 4618 1408 4672; x_wconf 92' lang='lat' dir='ltr'><strong>in</strong></span> <span class='ocrx_word' id='word_1_263' title='bbox 1440 4633 1566 4688; x_wconf 91' lang='lat' dir='ltr'><strong>cap.</strong></span> <span class='ocrx_word' id='word_1_264' title='bbox 1594 4632 1651 4670; x_wconf 76' lang='lat' dir='ltr'><strong>vr</strong></span> <span class='ocrx_word' id='word_1_265' title='bbox 1682 4615 1751 4670; x_wconf 89' lang='lat' dir='ltr'><strong>ad</strong></span> <span class='ocrx_word' id='word_1_266' title='bbox 1786 4614 1976 4670; x_wconf 86' lang='lat' dir='ltr'><strong>Galat.</strong></span> 
     </span>
    </p>
   </div>
   <div class='ocr_carea' id='block_1_38' title="bbox 331 4690 982 4747">
    <p class='ocr_par' dir='ltr' id='par_1_38' title="bbox 331 4690 982 4747">
     <span class='ocr_line' id='line_1_38' title="bbox 331 4690 982 4747; baseline 0.003 -2"><span class='ocrx_word' id='word_1_267' title='bbox 331 4690 405 4745; x_wconf 90' lang='lat' dir='ltr'><strong>de</strong></span> <span class='ocrx_word' id='word_1_268' title='bbox 430 4691 676 4747; x_wconf 89' lang='lat' dir='ltr'><strong>Tatiano</strong></span> <span class='ocrx_word' id='word_1_269' title='bbox 700 4690 982 4747; x_wconf 79' lang='lat' dir='ltr'><strong>diximus.</strong></span> 
     </span>
    </p>
   </div>
   <div class='ocr_carea' id='block_1_39' title="bbox 404 4758 1981 4834">
    <p class='ocr_par' dir='ltr' id='par_1_39' title="bbox 404 4758 1981 4834">
     <span class='ocr_line' id='line_1_39' title="bbox 404 4758 1981 4834; baseline -0.003 -17"><span class='ocrx_word' id='word_1_270' title='bbox 404 4763 425 4795; x_wconf 71' lang='lat'><em>’</em></span> <span class='ocrx_word' id='word_1_271' title='bbox 455 4764 736 4834; x_wconf 78' lang='lat' dir='ltr'><strong>Equidem</strong></span> <span class='ocrx_word' id='word_1_272' title='bbox 768 4780 882 4834; x_wconf 92' lang='lat' dir='ltr'><strong>non</strong></span> <span class='ocrx_word' id='word_1_273' title='bbox 912 4760 1169 4818; x_wconf 73' lang='lat' dir='ltr'><strong>Thracia:</strong></span> <span class='ocrx_word' id='word_1_274' title='bbox 1203 4758 1502 4834; x_wconf 81' lang='lat' dir='ltr'><strong>Nicopolin</strong></span> <span class='ocrx_word' id='word_1_275' title='bbox 1537 4759 1593 4813; x_wconf 86' lang='lat' dir='ltr'><strong>in</strong></span> <span class='ocrx_word' id='word_1_276' title='bbox 1629 4758 1981 4812; x_wconf 69' lang='lat' dir='ltr'><strong>Macedoniae</strong></span> 
     </span>
    </p>
   </div>
   <div class='ocr_carea' id='block_1_40' title="bbox 330 4830 1976 4907">
    <p class='ocr_par' dir='ltr' id='par_1_40' title="bbox 330 4830 1976 4907">
     <span class='ocr_line' id='line_1_40' title="bbox 330 4830 1976 4907; baseline -0.004 -20"><span class='ocrx_word' id='word_1_277' title='bbox 330 4830 576 4907; x_wconf 67' lang='lat' dir='ltr'><strong>ﬁnibus,</strong></span> <span class='ocrx_word' id='word_1_278' title='bbox 610 4836 765 4907; x_wconf 90' lang='lat' dir='ltr'><strong>quod</strong></span> <span class='ocrx_word' id='word_1_279' title='bbox 787 4833 968 4907; x_wconf 66' lang='lat' dir='ltr'><strong>Graeci</strong></span> <span class='ocrx_word' id='word_1_280' title='bbox 999 4834 1314 4907; x_wconf 85' lang='lat' dir='ltr'><strong>scriptores</strong></span> <span class='ocrx_word' id='word_1_281' title='bbox 1339 4830 1598 4907; x_wconf 80' lang='lat' dir='ltr'><strong>plerique</strong></span> <span class='ocrx_word' id='word_1_282' title='bbox 1630 4834 1976 4907; x_wconf 82' lang='lat' dir='ltr'><strong>autumant;</strong></span> 
     </span>
    </p>
   </div>
   <div class='ocr_carea' id='block_1_41' title="bbox 332 4900 1978 4979">
    <p class='ocr_par' dir='ltr' id='par_1_41' title="bbox 332 4900 1978 4979">
     <span class='ocr_line' id='line_1_41' title="bbox 332 4900 1978 4979; baseline -0.002 -20"><span class='ocrx_word' id='word_1_283' title='bbox 332 4905 433 4960; x_wconf 89' lang='lat' dir='ltr'><strong>sed</strong></span> <span class='ocrx_word' id='word_1_284' title='bbox 466 4900 771 4979; x_wconf 77' lang='lat' dir='ltr'><strong>Nicopolin</strong></span> <span class='ocrx_word' id='word_1_285' title='bbox 814 4906 966 4977; x_wconf 87' lang='lat' dir='ltr'><strong>Epiri</strong></span> <span class='ocrx_word' id='word_1_286' title='bbox 998 4900 1202 4960; x_wconf 78' lang='lat' dir='ltr'><strong>urbem</strong></span> <span class='ocrx_word' id='word_1_287' title='bbox 1227 4900 1397 4959; x_wconf 79' lang='lat' dir='ltr'><strong>secus</strong></span> <span class='ocrx_word' id='word_1_288' title='bbox 1416 4900 1736 4957; x_wconf 65' lang='lat' dir='ltr'><strong>Ambraciae</strong></span> <span class='ocrx_word' id='word_1_289' title='bbox 1759 4900 1978 4969; x_wconf 90' lang='lat' dir='ltr'><strong>sinum,</strong></span> 
     </span>
    </p>
   </div>
   <div class='ocr_carea' id='block_1_42' title="bbox 2087 2786 3738 2862">
    <p class='ocr_par' dir='ltr' id='par_1_42' title="bbox 2087 2786 3738 2862">
     <span class='ocr_line' id='line_1_42' title="bbox 2087 2786 3738 2862; baseline 0.005 -22"><span class='ocrx_word' id='word_1_290' title='bbox 2087 2786 2515 2841; x_wconf 87' lang='lat' dir='ltr'><strong>Encratitarum</strong></span> <span class='ocrx_word' id='word_1_291' title='bbox 2565 2788 2942 2859; x_wconf 80' lang='lat' dir='ltr'><strong>patriarchas,</strong></span> <span class='ocrx_word' id='word_1_292' title='bbox 2996 2789 3093 2860; x_wconf 91' lang='lat' dir='ltr'><strong>qui</strong></span> <span class='ocrx_word' id='word_1_293' title='bbox 3145 2794 3202 2845; x_wconf 90' lang='lat' dir='ltr'><strong>et</strong></span> <span class='ocrx_word' id='word_1_294' title='bbox 3252 2791 3377 2862; x_wconf 82' lang='lat' dir='ltr'><strong>ipse</strong></span> <span class='ocrx_word' id='word_1_295' title='bbox 3426 2793 3738 2850; x_wconf 90' lang='lat' dir='ltr'><strong>nonnullas</strong></span> 
     </span>
    </p>
   </div>
   <div class='ocr_carea' id='block_1_43' title="bbox 2087 2874 3736 2947">
    <p class='ocr_par' dir='ltr' id='par_1_43' title="bbox 2087 2874 3736 2947">
     <span class='ocr_line' id='line_1_43' title="bbox 2087 2874 3736 2947; baseline 0.005 -19"><span class='ocrx_word' id='word_1_296' title='bbox 2087 2874 2250 2930; x_wconf 84' lang='lat' dir='ltr'><strong>Pauli</strong></span> <span class='ocrx_word' id='word_1_297' title='bbox 2283 2874 2560 2947; x_wconf 79' lang='lat' dir='ltr'><strong>epistolas</strong></span> <span class='ocrx_word' id='word_1_298' title='bbox 2591 2876 2937 2947; x_wconf 86' lang='lat' dir='ltr'><strong>repudiavit,</strong></span> <span class='ocrx_word' id='word_1_299' title='bbox 2969 2877 3120 2932; x_wconf 90' lang='lat' dir='ltr'><strong>hanc</strong></span> <span class='ocrx_word' id='word_1_300' title='bbox 3167 2876 3255 2933; x_wconf 89' lang='lat' dir='ltr'><strong>vel</strong></span> <span class='ocrx_word' id='word_1_301' title='bbox 3306 2879 3578 2947; x_wconf 82' lang='lat' dir='ltr'><strong>maxime,</strong></span> <span class='ocrx_word' id='word_1_302' title='bbox 3626 2881 3736 2937; x_wconf 87' lang='lat' dir='ltr'><strong>hoc</strong></span> 
     </span>
    </p>
   </div>
   <div class='ocr_carea' id='block_1_44' title="bbox 2086 2963 3730 3037">
    <p class='ocr_par' dir='ltr' id='par_1_44' title="bbox 2086 2963 3730 3037">
     <span class='ocr_line' id='line_1_44' title="bbox 2086 2963 3730 3037; baseline 0.004 -19"><span class='ocrx_word' id='word_1_303' title='bbox 2086 2970 2195 3029; x_wconf 88' lang='lat' dir='ltr'><strong>est,</strong></span> <span class='ocrx_word' id='word_1_304' title='bbox 2229 2964 2297 3017; x_wconf 91' lang='lat' dir='ltr'><strong>ad</strong></span> <span class='ocrx_word' id='word_1_305' title='bbox 2330 2963 2548 3030; x_wconf 88' lang='lat' dir='ltr'><strong>Titum,</strong></span> <span class='ocrx_word' id='word_1_306' title='bbox 2580 2964 2838 3035; x_wconf 91' lang='lat' dir='ltr'><strong>Apostoli</strong></span> <span class='ocrx_word' id='word_1_307' title='bbox 2896 2965 3393 3037; x_wconf 89' lang='lat' dir='ltr'><strong>pronuntiandam</strong></span> <span class='ocrx_word' id='word_1_308' title='bbox 3444 2968 3730 3037; x_wconf 87' lang='lat' dir='ltr'><strong>credidit;</strong></span> 
     </span>
    </p>
   </div>
   <div class='ocr_carea' id='block_1_45' title="bbox 2085 3051 3734 3126">
    <p class='ocr_par' dir='ltr' id='par_1_45' title="bbox 2085 3051 3734 3126">
     <span class='ocr_line' id='line_1_45' title="bbox 2085 3051 3734 3126; baseline 0.004 -20"><span class='ocrx_word' id='word_1_309' title='bbox 2085 3051 2510 3122; x_wconf 82' lang='lat' dir='ltr'><strong>parvipendens</strong></span> <span class='ocrx_word' id='word_1_310' title='bbox 2542 3051 2850 3107; x_wconf 87' lang='lat' dir='ltr'><strong>Marcionis</strong></span> <span class='ocrx_word' id='word_1_311' title='bbox 2881 3058 2935 3107; x_wconf 90' lang='lat' dir='ltr'><strong>et</strong></span> <span class='ocrx_word' id='word_1_312' title='bbox 2967 3053 3242 3125; x_wconf 88' lang='lat' dir='ltr'><strong>aliorum,</strong></span> <span class='ocrx_word' id='word_1_313' title='bbox 3277 3053 3375 3126; x_wconf 92' lang='lat' dir='ltr'><strong>qui</strong></span> <span class='ocrx_word' id='word_1_314' title='bbox 3403 3072 3536 3111; x_wconf 92' lang='lat' dir='ltr'><strong>cum</strong></span> <span class='ocrx_word' id='word_1_315' title='bbox 3567 3072 3633 3112; x_wconf 88' lang='lat' dir='ltr'><strong>eo</strong></span> <span class='ocrx_word' id='word_1_316' title='bbox 3675 3056 3734 3113; x_wconf 93' lang='lat' dir='ltr'><strong>in</strong></span> 
     </span>
    </p>
   </div>
   <div class='ocr_carea' id='block_1_46' title="bbox 2086 3140 3735 3217">
    <p class='ocr_par' dir='ltr' id='par_1_46' title="bbox 2086 3140 3735 3217">
     <span class='ocr_line' id='line_1_46' title="bbox 2086 3140 3735 3217; baseline 0.005 -24"><span class='ocrx_word' id='word_1_317' title='bbox 2086 3140 2194 3194; x_wconf 91' lang='lat' dir='ltr'><strong>hac</strong></span> <span class='ocrx_word' id='word_1_318' title='bbox 2227 3143 2388 3211; x_wconf 87' lang='lat' dir='ltr'><strong>parte</strong></span> <span class='ocrx_word' id='word_1_319' title='bbox 2418 3140 2810 3208; x_wconf 88' lang='lat' dir='ltr'><strong>consentiunt,</strong></span> <span class='ocrx_word' id='word_1_320' title='bbox 2845 3141 3249 3197; x_wconf 89' lang='lat' dir='ltr'><strong>assertionem.</strong></span> <span class='ocrx_word' id='word_1_321' title='bbox 3294 3143 3507 3200; x_wconf 86' lang='lat' dir='ltr'><strong>Scribit</strong></span> <span class='ocrx_word' id='word_1_322' title='bbox 3550 3143 3735 3217; x_wconf 85' lang='lat' dir='ltr'><strong>igitur</strong></span> 
     </span>
    </p>
   </div>
   <div class='ocr_carea' id='block_1_47' title="bbox 2082 3227 3732 3305">
    <p class='ocr_par' dir='ltr' id='par_1_47' title="bbox 2082 3227 3732 3305">
     <span class='ocr_line' id='line_1_47' title="bbox 2082 3227 3732 3305; baseline 0.005 -23"><span class='ocrx_word' id='word_1_323' title='bbox 2082 3227 2417 3300; x_wconf 87' lang='lat' dir='ltr'><strong>Apostolus,</strong></span> <span class='ocrx_word' id='word_1_324' title='bbox 2450 3245 2481 3283; x_wconf 96' lang='lat' dir='ltr'>o</span> <span class='ocrx_word' id='word_1_325' title='bbox 2516 3228 2697 3284; x_wconf 89' lang='lat' dir='ltr'><strong>Paula</strong></span> <span class='ocrx_word' id='word_1_326' title='bbox 2724 3233 2779 3283; x_wconf 89' lang='lat' dir='ltr'><strong>et</strong></span> <span class='ocrx_word' id='word_1_327' title='bbox 2812 3229 3291 3296; x_wconf 87' lang='lat' dir='ltr'><strong>Eustochium,de</strong></span> <span class='ocrx_word' id='word_1_328' title='bbox 3320 3232 3580 3305; x_wconf 91' lang='lat' dir='ltr'><strong>Nicopoli</strong></span> <span class='ocrx_word' id='word_1_329' title='bbox 3602 3250 3732 3305; x_wconf 68' lang='lat' dir='ltr'><strong>qua:</strong></span> 
     </span>
    </p>
   </div>
   <div class='ocr_carea' id='block_1_48' title="bbox 2084 3317 3729 3391">
    <p class='ocr_par' dir='ltr' id='par_1_48' title="bbox 2084 3317 3729 3391">
     <span class='ocr_line' id='line_1_48' title="bbox 2084 3317 3729 3391; baseline 0.006 -21"><span class='ocrx_word' id='word_1_330' title='bbox 2084 3318 2143 3371; x_wconf 92' lang='lat' dir='ltr'><strong>in</strong></span> <span class='ocrx_word' id='word_1_331' title='bbox 2175 3317 2410 3372; x_wconf 85' lang='lat' dir='ltr'><strong>Actiaco</strong></span> <span class='ocrx_word' id='word_1_332' title='bbox 2451 3317 2644 3373; x_wconf 89' lang='lat' dir='ltr'><strong>littore</strong></span> <span class='ocrx_word' id='word_1_333' title='bbox 2692 3317 2825 3385; x_wconf 86' lang='lat' dir='ltr'><strong>sita,</strong></span> <span class='ocrx_word' id='word_1_334' title='bbox 2878 3335 3035 3374; x_wconf 90' lang='lat' dir='ltr'><strong>nunc</strong></span> <span class='ocrx_word' id='word_1_335' title='bbox 3088 3320 3477 3391; x_wconf 83' lang='lat' dir='ltr'><strong>possessionis</strong></span> <span class='ocrx_word' id='word_1_336' title='bbox 3525 3330 3729 3379; x_wconf 72' lang='lat' dir='ltr'><strong>vestrae</strong></span> 
     </span>
    </p>
   </div>
   <div class='ocr_carea' id='block_1_49' title="bbox 2083 3404 3728 3487">
    <p class='ocr_par' dir='ltr' id='par_1_49' title="bbox 2083 3404 3728 3487">
     <span class='ocr_line' id='line_1_49' title="bbox 2083 3404 3728 3487; baseline 0.005 -28"><span class='ocrx_word' id='word_1_337' title='bbox 2083 3421 2219 3477; x_wconf 90' lang='lat' dir='ltr'><strong>pars</strong></span> <span class='ocrx_word' id='word_1_338' title='bbox 2273 3404 2359 3460; x_wconf 85' lang='lat' dir='ltr'><strong>vel</strong></span> <span class='ocrx_word' id='word_1_339' title='bbox 2417 3405 2672 3461; x_wconf 82' lang='lat' dir='ltr'><strong>maxima</strong></span> <span class='ocrx_word' id='word_1_340' title='bbox 2702 3408 2723 3439; x_wconf 82' lang='grc'>²</span> <span class='ocrx_word' id='word_1_341' title='bbox 2751 3411 2868 3474; x_wconf 92' lang='lat' dir='ltr'><strong>est;</strong></span> <span class='ocrx_word' id='word_1_342' title='bbox 2899 3413 2957 3462; x_wconf 91' lang='lat' dir='ltr'><strong>et</strong></span> <span class='ocrx_word' id='word_1_343' title='bbox 2996 3408 3197 3463; x_wconf 89' lang='lat' dir='ltr'><strong>scribit</strong></span> <span class='ocrx_word' id='word_1_344' title='bbox 3254 3409 3596 3487; x_wconf 57' lang='lat'><strong>887-688</strong></span> <span class='ocrx_word' id='word_1_345' title='bbox 3655 3412 3728 3468; x_wconf 88' lang='lat' dir='ltr'><strong>ad</strong></span> 
     </span>
    </p>
   </div>
   <div class='ocr_carea' id='block_1_50' title="bbox 2080 3493 3724 3572">
    <p class='ocr_par' dir='ltr' id='par_1_50' title="bbox 2080 3493 3724 3572">
     <span class='ocr_line' id='line_1_50' title="bbox 2080 3493 3724 3572; baseline 0.006 -25"><span class='ocrx_word' id='word_1_346' title='bbox 2080 3493 2275 3549; x_wconf 90' lang='lat' dir='ltr'><strong>Titum</strong></span> <span class='ocrx_word' id='word_1_347' title='bbox 2309 3494 2664 3566; x_wconf 89' lang='lat' dir='ltr'><strong>discipulum</strong></span> <span class='ocrx_word' id='word_1_348' title='bbox 2696 3500 2959 3561; x_wconf 89' lang='lat' dir='ltr'><strong>suum,et</strong></span> <span class='ocrx_word' id='word_1_349' title='bbox 2989 3497 3045 3551; x_wconf 92' lang='lat' dir='ltr'><strong>in</strong></span> <span class='ocrx_word' id='word_1_350' title='bbox 3077 3496 3308 3553; x_wconf 85' lang='lat' dir='ltr'><strong>Christo</strong></span> <span class='ocrx_word' id='word_1_351' title='bbox 3339 3498 3523 3555; x_wconf 80' lang='lat' dir='ltr'><strong>filium</strong></span> <span class='ocrx_word' id='word_1_352' title='bbox 3548 3516 3724 3572; x_wconf 88' lang='lat' dir='ltr'><strong>quem</strong></span> 
     </span>
    </p>
   </div>
   <div class='ocr_carea' id='block_1_51' title="bbox 2083 3582 3726 3661">
    <p class='ocr_par' dir='ltr' id='par_1_51' title="bbox 2083 3582 3726 3661">
     <span class='ocr_line' id='line_1_51' title="bbox 2083 3582 3726 3661; baseline 0.005 -24"><span class='ocrx_word' id='word_1_353' title='bbox 2083 3583 2260 3638; x_wconf 76' lang='lat' dir='ltr'><strong>Cretae</strong></span> <span class='ocrx_word' id='word_1_354' title='bbox 2308 3582 2623 3655; x_wconf 88' lang='lat' dir='ltr'><strong>reliquerat</strong></span> <span class='ocrx_word' id='word_1_355' title='bbox 2669 3584 2738 3639; x_wconf 89' lang='lat' dir='ltr'><strong>ad</strong></span> <span class='ocrx_word' id='word_1_356' title='bbox 2786 3584 3072 3640; x_wconf 81' lang='lat' dir='ltr'><strong>Ecclesiae</strong></span> <span class='ocrx_word' id='word_1_357' title='bbox 3117 3586 3495 3643; x_wconf 89' lang='lat' dir='ltr'><strong>instruendas</strong></span> <span class='ocrx_word' id='word_1_358' title='bbox 3529 3606 3543 3644; x_wconf 89' lang='lat'>:</span> <span class='ocrx_word' id='word_1_359' title='bbox 3582 3606 3726 3661; x_wconf 69' lang='lat' dir='ltr'><strong>pra:-</strong></span> 
     </span>
    </p>
   </div>
   <div class='ocr_carea' id='block_1_52' title="bbox 2082 3671 3727 3750">
    <p class='ocr_par' dir='ltr' id='par_1_52' title="bbox 2082 3671 3727 3750">
     <span class='ocr_line' id='line_1_52' title="bbox 2082 3671 3727 3750; baseline 0.005 -24"><span class='ocrx_word' id='word_1_360' title='bbox 2082 3676 2350 3743; x_wconf 82' lang='lat' dir='ltr'><strong>cepitque</strong></span> <span class='ocrx_word' id='word_1_361' title='bbox 2381 3671 2453 3738; x_wconf 83' lang='lat' dir='ltr'><strong>ei,</strong></span> <span class='ocrx_word' id='word_1_362' title='bbox 2489 3677 2553 3725; x_wconf 93' lang='lat' dir='ltr'><strong>ut</strong></span> <span class='ocrx_word' id='word_1_363' title='bbox 2582 3688 2717 3726; x_wconf 90' lang='lat' dir='ltr'><strong>cum</strong></span> <span class='ocrx_word' id='word_1_364' title='bbox 2750 3688 2780 3727; x_wconf 91' lang='lat' dir='ltr'><strong>c</strong></span> <span class='ocrx_word' id='word_1_365' title='bbox 2809 3673 3040 3729; x_wconf 91' lang='lat' dir='ltr'><strong>duodus</strong></span> <span class='ocrx_word' id='word_1_366' title='bbox 3069 3676 3358 3742; x_wconf 80' lang='lat' dir='ltr'><strong>Artenas,</strong></span> <span class='ocrx_word' id='word_1_367' title='bbox 3392 3693 3495 3733; x_wconf 87' lang='lat' dir='ltr'><strong>seu</strong></span> <span class='ocrx_word' id='word_1_368' title='bbox 3526 3677 3727 3750; x_wconf 83' lang='lat' dir='ltr'><strong>Tychi-</strong></span> 
     </span>
    </p>
   </div>
   <div class='ocr_carea' id='block_1_53' title="bbox 2082 3760 3723 3836">
    <p class='ocr_par' dir='ltr' id='par_1_53' title="bbox 2082 3760 3723 3836">
     <span class='ocr_line' id='line_1_53' title="bbox 2082 3760 3723 3836; baseline 0.006 -21"><span class='ocrx_word' id='word_1_369' title='bbox 2082 3777 2186 3816; x_wconf 91' lang='lat' dir='ltr'><strong>cus</strong></span> <span class='ocrx_word' id='word_1_370' title='bbox 2217 3760 2443 3815; x_wconf 89' lang='lat' dir='ltr'><strong>Cretam</strong></span> <span class='ocrx_word' id='word_1_371' title='bbox 2478 3760 2651 3815; x_wconf 82' lang='lat' dir='ltr'><strong>fuerit</strong></span> <span class='ocrx_word' id='word_1_372' title='bbox 2679 3761 2983 3833; x_wconf 88' lang='lat' dir='ltr'><strong>appulsus,</strong></span> <span class='ocrx_word' id='word_1_373' title='bbox 3006 3764 3131 3835; x_wconf 90' lang='lat' dir='ltr'><strong>ipse</strong></span> <span class='ocrx_word' id='word_1_374' title='bbox 3164 3763 3487 3836; x_wconf 90' lang='lat' dir='ltr'><strong>Nicopolim</strong></span> <span class='ocrx_word' id='word_1_375' title='bbox 3510 3767 3723 3825; x_wconf 86' lang='lat' dir='ltr'><strong>veniat.</strong></span> 
     </span>
    </p>
   </div>
   <div class='ocr_carea' id='block_1_54' title="bbox 2082 3849 3728 3926">
    <p class='ocr_par' dir='ltr' id='par_1_54' title="bbox 2082 3849 3728 3926">
     <span class='ocr_line' id='line_1_54' title="bbox 2082 3849 3728 3926; baseline 0.003 -21"><span class='ocrx_word' id='word_1_376' title='bbox 2082 3850 2316 3905; x_wconf 87' lang='lat' dir='ltr'><strong>Justum</strong></span> <span class='ocrx_word' id='word_1_377' title='bbox 2350 3849 2566 3921; x_wconf 89' lang='lat' dir='ltr'><strong>quippe</strong></span> <span class='ocrx_word' id='word_1_378' title='bbox 2595 3851 2701 3921; x_wconf 79' lang='lat' dir='ltr'><strong>[AL</strong></span> <span class='ocrx_word' id='word_1_379' title='bbox 2735 3852 2894 3923; x_wconf 88' lang='lat' dir='ltr'><strong>quia]</strong></span> <span class='ocrx_word' id='word_1_380' title='bbox 2927 3858 3071 3921; x_wconf 88' lang='lat' dir='ltr'><strong>erat,</strong></span> <span class='ocrx_word' id='word_1_381' title='bbox 3105 3858 3169 3908; x_wconf 90' lang='lat' dir='ltr'><strong>ut</strong></span> <span class='ocrx_word' id='word_1_382' title='bbox 3195 3853 3294 3909; x_wconf 90' lang='lat' dir='ltr'><strong>ille</strong></span> <span class='ocrx_word' id='word_1_383' title='bbox 3332 3855 3432 3926; x_wconf 93' lang='lat' dir='ltr'><strong>qui</strong></span> <span class='ocrx_word' id='word_1_384' title='bbox 3481 3855 3728 3923; x_wconf 81' lang='lat' dir='ltr'><strong>dixerat,</strong></span> 
     </span>
    </p>
   </div>
   <div class='ocr_carea' id='block_1_55' title="bbox 2080 3938 3731 4014">
    <p class='ocr_par' dir='ltr' id='par_1_55' title="bbox 2080 3938 3731 4014">
     <span class='ocr_line' id='line_1_55' title="bbox 2080 3938 3731 4014; baseline 0.002 -20"><span class='ocrx_word' id='word_1_385' title='bbox 2080 3938 2390 3994; x_wconf 80' lang='lat' dir='ltr'><strong>sollicitudo</strong></span> <span class='ocrx_word' id='word_1_386' title='bbox 2423 3955 2545 3994; x_wconf 87' lang='lat' dir='ltr'><strong>mea</strong></span> <span class='ocrx_word' id='word_1_387' title='bbox 2574 3942 2822 3995; x_wconf 81' lang='lat' dir='ltr'><strong>omnium</strong></span> <span class='ocrx_word' id='word_1_388' title='bbox 2864 3942 3230 3997; x_wconf 78' lang='lat' dir='ltr'><strong>Ecclesiarum</strong></span> <span class='ocrx_word' id='word_1_389' title='bbox 3260 3961 3279 3996; x_wconf 91' lang='lat'><strong><em>:</em></strong></span> <span class='ocrx_word' id='word_1_390' title='bbox 3310 3949 3367 3997; x_wconf 92' lang='lat' dir='ltr'><strong>et</strong></span> <span class='ocrx_word' id='word_1_391' title='bbox 3394 3942 3495 4014; x_wconf 90' lang='lat' dir='ltr'><strong>qui</strong></span> <span class='ocrx_word' id='word_1_392' title='bbox 3548 3943 3731 3999; x_wconf 88' lang='lat' dir='ltr'><strong>Evan-</strong></span> 
     </span>
    </p>
   </div>
   <div class='ocr_carea' id='block_1_56' title="bbox 2085 4027 3732 4103">
    <p class='ocr_par' dir='ltr' id='par_1_56' title="bbox 2085 4027 3732 4103">
     <span class='ocr_line' id='line_1_56' title="bbox 2085 4027 3732 4103; baseline 0.002 -20"><span class='ocrx_word' id='word_1_393' title='bbox 2085 4027 2301 4101; x_wconf 83' lang='lat' dir='ltr'><strong>gelium</strong></span> <span class='ocrx_word' id='word_1_394' title='bbox 2333 4028 2549 4084; x_wconf 86' lang='lat' dir='ltr'><strong>Christi</strong></span> <span class='ocrx_word' id='word_1_395' title='bbox 2583 4045 2769 4100; x_wconf 90' lang='lat' dir='ltr'><strong>usque</strong></span> <span class='ocrx_word' id='word_1_396' title='bbox 2798 4030 2869 4084; x_wconf 90' lang='lat' dir='ltr'><strong>ad</strong></span> <span class='ocrx_word' id='word_1_397' title='bbox 2904 4029 3198 4101; x_wconf 82' lang='lat' dir='ltr'><strong>Illyricum</strong></span> <span class='ocrx_word' id='word_1_398' title='bbox 3222 4032 3293 4086; x_wconf 92' lang='lat' dir='ltr'><strong>de</strong></span> <span class='ocrx_word' id='word_1_399' title='bbox 3314 4030 3732 4103; x_wconf 83' lang='lat' dir='ltr'><strong>Hierosolymis</strong></span> 
     </span>
    </p>
   </div>
   <div class='ocr_carea' id='block_1_57' title="bbox 2086 4116 3735 4190">
    <p class='ocr_par' dir='ltr' id='par_1_57' title="bbox 2086 4116 3735 4190">
     <span class='ocr_line' id='line_1_57' title="bbox 2086 4116 3735 4190; baseline 0.002 -18"><span class='ocrx_word' id='word_1_400' title='bbox 2086 4116 2485 4190; x_wconf 80' lang='lat' dir='ltr'><strong>proficiscens,</strong></span> <span class='ocrx_word' id='word_1_401' title='bbox 2540 4118 2900 4188; x_wconf 83' lang='lat' dir='ltr'><strong>fundaverat,</strong></span> <span class='ocrx_word' id='word_1_402' title='bbox 2950 4135 3063 4173; x_wconf 91' lang='lat' dir='ltr'><strong>non</strong></span> <span class='ocrx_word' id='word_1_403' title='bbox 3114 4123 3404 4189; x_wconf 85' lang='lat' dir='ltr'><strong>pateretur</strong></span> <span class='ocrx_word' id='word_1_404' title='bbox 3442 4124 3499 4173; x_wconf 90' lang='lat' dir='ltr'><strong>et</strong></span> <span class='ocrx_word' id='word_1_405' title='bbox 3546 4120 3637 4175; x_wconf 85' lang='lat' dir='ltr'><strong>sui</strong></span> <span class='ocrx_word' id='word_1_406' title='bbox 3676 4123 3735 4175; x_wconf 86' lang='lat' dir='ltr'><strong>et</strong></span> 
     </span>
    </p>
   </div>
   <div class='ocr_carea' id='block_1_58' title="bbox 2086 4206 3738 4279">
    <p class='ocr_par' dir='ltr' id='par_1_58' title="bbox 2086 4206 3738 4279">
     <span class='ocr_line' id='line_1_58' title="bbox 2086 4206 3738 4279; baseline 0.002 -20"><span class='ocrx_word' id='word_1_407' title='bbox 2086 4206 2200 4260; x_wconf 89' lang='lat' dir='ltr'><strong>Titi</strong></span> <span class='ocrx_word' id='word_1_408' title='bbox 2231 4206 2497 4265; x_wconf 83' lang='lat' dir='ltr'><strong>absentia</strong></span> <span class='ocrx_word' id='word_1_409' title='bbox 2521 4206 2822 4261; x_wconf 84' lang='lat' dir='ltr'><strong>Cretenses</strong></span> <span class='ocrx_word' id='word_1_410' title='bbox 2846 4222 2973 4261; x_wconf 88' lang='lat' dir='ltr'><strong>esse</strong></span> <span class='ocrx_word' id='word_1_411' title='bbox 2994 4206 3287 4274; x_wconf 87' lang='lat' dir='ltr'><strong>desertos;</strong></span> <span class='ocrx_word' id='word_1_412' title='bbox 3321 4224 3352 4262; x_wconf 92' lang='lat' dir='ltr'><strong>a</strong></span> <span class='ocrx_word' id='word_1_413' title='bbox 3384 4207 3600 4279; x_wconf 88' lang='lat' dir='ltr'><strong>quibus</strong></span> <span class='ocrx_word' id='word_1_414' title='bbox 3622 4208 3738 4279; x_wconf 91' lang='lat' dir='ltr'><strong>pri-</strong></span> 
     </span>
    </p>
   </div>
   <div class='ocr_carea' id='block_1_59' title="bbox 2088 4292 3735 4364">
    <p class='ocr_par' dir='ltr' id='par_1_59' title="bbox 2088 4292 3735 4364">
     <span class='ocr_line' id='line_1_59' title="bbox 2088 4292 3735 4364; baseline 0.002 -15"><span class='ocrx_word' id='word_1_415' title='bbox 2088 4311 2251 4349; x_wconf 90' lang='lat' dir='ltr'><strong>mum</strong></span> <span class='ocrx_word' id='word_1_416' title='bbox 2284 4292 2623 4349; x_wconf 73' lang='lat' dir='ltr'><strong>idololatria:</strong></span> <span class='ocrx_word' id='word_1_417' title='bbox 2656 4294 2882 4349; x_wconf 89' lang='lat' dir='ltr'><strong>semina</strong></span> <span class='ocrx_word' id='word_1_418' title='bbox 2914 4292 3281 4364; x_wconf 89' lang='lat' dir='ltr'><strong>pullularunt</strong></span> <span class='ocrx_word' id='word_1_419' title='bbox 3334 4312 3347 4350; x_wconf 90' lang='lat'>:</span> <span class='ocrx_word' id='word_1_420' title='bbox 3402 4295 3503 4352; x_wconf 86' lang='lat' dir='ltr'><strong>sed</strong></span> <span class='ocrx_word' id='word_1_421' title='bbox 3544 4296 3735 4352; x_wconf 88' lang='lat' dir='ltr'><strong>mitte-</strong></span> 
     </span>
    </p>
   </div>
   <div class='ocr_carea' id='block_1_60' title="bbox 2088 4381 3738 4457">
    <p class='ocr_par' dir='ltr' id='par_1_60' title="bbox 2088 4381 3738 4457">
     <span class='ocr_line' id='line_1_60' title="bbox 2088 4381 3738 4457; baseline 0.003 -22"><span class='ocrx_word' id='word_1_422' title='bbox 2088 4387 2173 4437; x_wconf 89' lang='lat' dir='ltr'><strong>ret</strong></span> <span class='ocrx_word' id='word_1_423' title='bbox 2202 4381 2286 4437; x_wconf 86' lang='lat' dir='ltr'><strong>eis</strong></span> <span class='ocrx_word' id='word_1_424' title='bbox 2318 4398 2419 4453; x_wconf 92' lang='lat' dir='ltr'><strong>pro</strong></span> <span class='ocrx_word' id='word_1_425' title='bbox 2450 4398 2511 4436; x_wconf 88' lang='lat' dir='ltr'><strong>se</strong></span> <span class='ocrx_word' id='word_1_426' title='bbox 2542 4387 2598 4436; x_wconf 91' lang='lat' dir='ltr'><strong>et</strong></span> <span class='ocrx_word' id='word_1_427' title='bbox 2630 4382 2758 4436; x_wconf 89' lang='lat' dir='ltr'><strong>Tito</strong></span> <span class='ocrx_word' id='word_1_428' title='bbox 2792 4384 3080 4448; x_wconf 87' lang='lat' dir='ltr'><strong>Arteman,</strong></span> <span class='ocrx_word' id='word_1_429' title='bbox 3114 4382 3200 4439; x_wconf 92' lang='lat' dir='ltr'><strong>vel</strong></span> <span class='ocrx_word' id='word_1_430' title='bbox 3233 4384 3738 4457; x_wconf 74' lang='lat' dir='ltr'><strong>Tychicum,quo-</strong></span> 
     </span>
    </p>
   </div>
   <div class='ocr_carea' id='block_1_61' title="bbox 2089 4469 3332 4528">
    <p class='ocr_par' dir='ltr' id='par_1_61' title="bbox 2089 4469 3332 4528">
     <span class='ocr_line' id='line_1_61' title="bbox 2089 4469 3332 4528; baseline 0.002 -3"><span class='ocrx_word' id='word_1_431' title='bbox 2089 4487 2220 4525; x_wconf 84' lang='lat' dir='ltr'><strong>rum</strong></span> <span class='ocrx_word' id='word_1_432' title='bbox 2247 4471 2514 4525; x_wconf 87' lang='lat' dir='ltr'><strong>doctrina</strong></span> <span class='ocrx_word' id='word_1_433' title='bbox 2544 4474 2599 4524; x_wconf 88' lang='lat' dir='ltr'><strong>et</strong></span> <span class='ocrx_word' id='word_1_434' title='bbox 2628 4469 2837 4526; x_wconf 89' lang='lat' dir='ltr'><strong>solatio</strong></span> <span class='ocrx_word' id='word_1_435' title='bbox 2869 4472 3332 4528; x_wconf 83' lang='lat' dir='ltr'><strong>confoverentur.</strong></span> 
     </span>
    </p>
   </div>
   <div class='ocr_carea' id='block_1_62' title="bbox 2090 4611 3741 4686">
    <p class='ocr_par' dir='ltr' id='par_1_62' title="bbox 2090 4611 3741 4686">
     <span class='ocr_line' id='line_1_62' title="bbox 2090 4611 3741 4686; baseline 0.001 -19"><span class='ocrx_word' id='word_1_436' title='bbox 2090 4613 2249 4686; x_wconf 82' lang='lat' dir='ltr'><strong>quod</strong></span> <span class='ocrx_word' id='word_1_437' title='bbox 2283 4611 2858 4686; x_wconf 77' lang='lat' dir='ltr'><strong>postHieronymum</strong></span> <span class='ocrx_word' id='word_1_438' title='bbox 2889 4613 3108 4686; x_wconf 73' lang='lat' dir='ltr'><strong>eruditi</strong></span> <span class='ocrx_word' id='word_1_439' title='bbox 3157 4614 3380 4686; x_wconf 89' lang='lat' dir='ltr'><strong>passim</strong></span> <span class='ocrx_word' id='word_1_440' title='bbox 3425 4613 3741 4686; x_wconf 72' lang='lat' dir='ltr'><strong>scriptores</strong></span> 
     </span>
    </p>
   </div>
   <div class='ocr_carea' id='block_1_63' title="bbox 2089 4683 3738 4757">
    <p class='ocr_par' dir='ltr' id='par_1_63' title="bbox 2089 4683 3738 4757">
     <span class='ocr_line' id='line_1_63' title="bbox 2089 4683 3738 4757; baseline 0 -18"><span class='ocrx_word' id='word_1_441' title='bbox 2089 4683 2375 4750; x_wconf 82' lang='lat' dir='ltr'><strong>sentiunt,</strong></span> <span class='ocrx_word' id='word_1_442' title='bbox 2397 4685 2613 4757; x_wconf 82' lang='lat' dir='ltr'><strong>debere</strong></span> <span class='ocrx_word' id='word_1_443' title='bbox 2640 4683 2733 4738; x_wconf 86' lang='lat' dir='ltr'><strong>hic</strong></span> <span class='ocrx_word' id='word_1_444' title='bbox 2766 4683 3008 4757; x_wconf 77' lang='lat' dir='ltr'><strong>intelligi</strong></span> <span class='ocrx_word' id='word_1_445' title='bbox 3044 4683 3193 4757; x_wconf 78' lang='lat' dir='ltr'><strong>ultro</strong></span> <span class='ocrx_word' id='word_1_446' title='bbox 3225 4683 3595 4757; x_wconf 82' lang='lat' dir='ltr'><strong>persuadeor.</strong></span> <span class='ocrx_word' id='word_1_447' title='bbox 3628 4684 3738 4739; x_wconf 67' lang='lat' dir='ltr'><strong>Vel-</strong></span> 
     </span>
    </p>
   </div>
   <div class='ocr_carea' id='block_1_64' title="bbox 2092 4755 3740 4826">
    <p class='ocr_par' dir='ltr' id='par_1_64' title="bbox 2092 4755 3740 4826">
     <span class='ocr_line' id='line_1_64' title="bbox 2092 4755 3740 4826; baseline 0 -16"><span class='ocrx_word' id='word_1_448' title='bbox 2092 4772 2223 4810; x_wconf 89' lang='lat' dir='ltr'><strong>rum</strong></span> <span class='ocrx_word' id='word_1_449' title='bbox 2254 4756 2409 4826; x_wconf 90' lang='lat' dir='ltr'><strong>quod</strong></span> <span class='ocrx_word' id='word_1_450' title='bbox 2444 4755 2565 4809; x_wconf 66' lang='lat' dir='ltr'><strong>haec</strong></span> <span class='ocrx_word' id='word_1_451' title='bbox 2594 4757 2944 4826; x_wconf 81' lang='lat' dir='ltr'><strong>posscsszom&#39;s</strong></span> <span class='ocrx_word' id='word_1_452' title='bbox 2976 4755 3164 4810; x_wconf 76' lang='lat' dir='ltr'><strong>Paulae</strong></span> <span class='ocrx_word' id='word_1_453' title='bbox 3196 4755 3249 4811; x_wconf 76' lang='lat' dir='ltr'><strong>et</strong></span> <span class='ocrx_word' id='word_1_454' title='bbox 3284 4755 3578 4811; x_wconf 84' lang='lat' dir='ltr'><strong>Eustochii</strong></span> <span class='ocrx_word' id='word_1_455' title='bbox 3604 4772 3740 4826; x_wconf 83' lang='lat' dir='ltr'><strong>pars</strong></span> 
     </span>
    </p>
   </div>
   <div class='ocr_carea' id='block_1_65' title="bbox 2090 4827 3741 4899">
    <p class='ocr_par' dir='ltr' id='par_1_65' title="bbox 2090 4827 3741 4899">
     <span class='ocr_line' id='line_1_65' title="bbox 2090 4827 3741 4899; baseline 0 -18"><span class='ocrx_word' id='word_1_456' title='bbox 2090 4836 2225 4882; x_wconf 79' lang='lat' dir='ltr'><strong>esset</strong></span> <span class='ocrx_word' id='word_1_457' title='bbox 2258 4828 2337 4881; x_wconf 80' lang='lat' dir='ltr'><strong>vel</strong></span> <span class='ocrx_word' id='word_1_458' title='bbox 2370 4829 2642 4892; x_wconf 67' lang='lat' dir='ltr'><strong>maxima,</strong></span> <span class='ocrx_word' id='word_1_459' title='bbox 2675 4827 2830 4881; x_wconf 85' lang='lat' dir='ltr'><strong>haud</strong></span> <span class='ocrx_word' id='word_1_460' title='bbox 2858 4827 3000 4897; x_wconf 86' lang='lat' dir='ltr'><strong>scio,</strong></span> <span class='ocrx_word' id='word_1_461' title='bbox 3034 4828 3249 4899; x_wconf 91' lang='lat' dir='ltr'><strong>quibus</strong></span> <span class='ocrx_word' id='word_1_462' title='bbox 3281 4833 3538 4882; x_wconf 89' lang='lat' dir='ltr'><strong>veterum</strong></span> <span class='ocrx_word' id='word_1_463' title='bbox 3568 4828 3741 4883; x_wconf 88' lang='lat' dir='ltr'><strong>testi-</strong></span> 
     </span>
    </p>
   </div>
   <div class='ocr_carea' id='block_1_66' title="bbox 2092 4898 2864 4954">
    <p class='ocr_par' dir='ltr' id='par_1_66' title="bbox 2092 4898 2864 4954">
     <span class='ocr_line' id='line_1_66' title="bbox 2092 4898 2864 4954; baseline 0.001 -1"><span class='ocrx_word' id='word_1_464' title='bbox 2092 4899 2307 4954; x_wconf 90' lang='lat' dir='ltr'><strong>moniis</strong></span> <span class='ocrx_word' id='word_1_465' title='bbox 2336 4898 2470 4954; x_wconf 88' lang='lat' dir='ltr'><strong>aliis</strong></span> <span class='ocrx_word' id='word_1_466' title='bbox 2499 4899 2864 4954; x_wconf 86' lang='lat' dir='ltr'><strong>conﬁrmem.</strong></span> 
     </span>
    </p>
   </div>
   <div class='ocr_carea' id='block_1_67' title="bbox 1612 5198 2461 5288">
    <p class='ocr_par' dir='ltr' id='par_1_67' title="bbox 1612 5198 2461 5288">
     <span class='ocr_line' id='line_1_67' title="bbox 1612 5198 2461 5288; baseline -0.004 -2"><span class='ocrx_word' id='word_1_467' title='bbox 1612 5198 2029 5288; x_wconf 87' lang='lat' dir='ltr'><strong>INCIPIT</strong></span> <span class='ocrx_word' id='word_1_468' title='bbox 2101 5198 2461 5283; x_wconf 80' lang='lat' dir='ltr'><strong>LIBER.</strong></span> 
     </span>
    </p>
   </div>
   <div class='ocr_carea' id='block_1_68' title="bbox 1939 5346 2137 5367">
    <p class='ocr_par' dir='ltr' id='par_1_68' title="bbox 1939 5346 2137 5367">
     <span class='ocr_line' id='line_1_68' title="bbox 1939 5346 2137 5367; baseline -0.005 0"><span class='ocrx_word' id='word_1_469' title='bbox 1939 5346 2137 5367; x_wconf 57' lang='grc' dir='ltr'><strong>..δι-...-</strong></span> 
     </span>
    </p>
   </div>
   <div class='ocr_carea' id='block_1_69' title="bbox 401 5450 3747 5544">
    <p class='ocr_par' dir='ltr' id='par_1_69' title="bbox 401 5450 3747 5544">
     <span class='ocr_line' id='line_1_69' title="bbox 401 5450 3747 5544; baseline -0.004 -17"><span class='ocrx_word' id='word_1_470' title='bbox 401 5470 563 5544; x_wconf 85' lang='lat' dir='ltr'><strong>(Cap.</strong></span> <span class='ocrx_word' id='word_1_471' title='bbox 598 5470 641 5527; x_wconf 92' lang='grc' dir='ltr'><strong>Ι.</strong></span> <span class='ocrx_word' id='word_1_472' title='bbox 673 5501 742 5511; x_wconf 88' lang='lat'><strong>-—</strong></span> <span class='ocrx_word' id='word_1_473' title='bbox 772 5466 938 5525; x_wconf 83' lang='lat' dir='ltr'><strong>Vers.</strong></span> <span class='ocrx_word' id='word_1_474' title='bbox 987 5466 1040 5538; x_wconf 90' lang='grc'>1)</span> <span class='ocrx_word' id='word_1_475' title='bbox 1068 5487 1089 5515; x_wconf 74' lang='grc' dir='ltr'>ι</span> <span class='ocrx_word' id='word_1_476' title='bbox 1145 5456 1358 5519; x_wconf 81' lang='lat' dir='ltr'><strong>Paulus</strong></span> <span class='ocrx_word' id='word_1_477' title='bbox 1406 5475 1611 5517; x_wconf 86' lang='lat' dir='ltr'><strong>servus</strong></span> <span class='ocrx_word' id='word_1_478' title='bbox 1655 5456 1752 5516; x_wconf 85' lang='lat' dir='ltr'><strong>Dei</strong></span> <span class='ocrx_word' id='word_1_479' title='bbox 1788 5476 1800 5515; x_wconf 72' lang='grc' dir='ltr'><strong><em>ι</em></strong></span> <span class='ocrx_word' id='word_1_480' title='bbox 1831 5458 1979 5532; x_wconf 82' lang='lat' dir='ltr'><strong>Apo-</strong></span> <span class='ocrx_word' id='word_1_481' title='bbox 2015 5454 2062 5526; x_wconf 80' lang='grc' dir='ltr'><strong>Ι)</strong></span> <span class='ocrx_word' id='word_1_482' title='bbox 2094 5472 2302 5515; x_wconf 77' lang='lat' dir='ltr'><strong>manus</strong></span> <span class='ocrx_word' id='word_1_483' title='bbox 2333 5450 2415 5513; x_wconf 87' lang='lat' dir='ltr'><strong>ita</strong></span> <span class='ocrx_word' id='word_1_484' title='bbox 2446 5472 2688 5516; x_wconf 82' lang='lat' dir='ltr'><strong>exorsus</strong></span> <span class='ocrx_word' id='word_1_485' title='bbox 2715 5465 2803 5516; x_wconf 90' lang='lat' dir='ltr'><strong>est</strong></span> <span class='ocrx_word' id='word_1_486' title='bbox 2842 5474 2854 5517; x_wconf 87' lang='lat'><strong>:</strong></span> <span class='ocrx_word' id='word_1_487' title='bbox 2886 5458 3090 5517; x_wconf 79' lang='lat' dir='ltr'><strong>Paulus</strong></span> <span class='ocrx_word' id='word_1_488' title='bbox 3130 5476 3318 5517; x_wconf 78' lang='lat' dir='ltr'><strong>servus</strong></span> <span class='ocrx_word' id='word_1_489' title='bbox 3361 5460 3489 5516; x_wconf 77' lang='lat' dir='ltr'><strong>Iesu</strong></span> <span class='ocrx_word' id='word_1_490' title='bbox 3537 5456 3747 5515; x_wconf 73' lang='lat' dir='ltr'><strong>Christi</strong></span> 
     </span>
    </p>
   </div>
   <div class='ocr_carea' id='block_1_70' title="bbox 327 5549 1982 5629">
    <p class='ocr_par' dir='ltr' id='par_1_70' title="bbox 327 5549 1982 5629">
     <span class='ocr_line' id='line_1_70' title="bbox 327 5549 1982 5629; baseline -0.007 -9"><span class='ocrx_word' id='word_1_491' title='bbox 327 5560 517 5622; x_wconf 84' lang='lat' dir='ltr'><strong>stolus</strong></span> <span class='ocrx_word' id='word_1_492' title='bbox 568 5564 766 5621; x_wconf 87' lang='lat' dir='ltr'><strong>autem</strong></span> <span class='ocrx_word' id='word_1_493' title='bbox 810 5558 952 5619; x_wconf 86' lang='lat' dir='ltr'><strong>Jesu</strong></span> <span class='ocrx_word' id='word_1_494' title='bbox 1000 5554 1238 5613; x_wconf 84' lang='lat' dir='ltr'><strong>Christi.</strong></span> <span class='ocrx_word' id='word_1_495' title='bbox 1272 5574 1299 5606; x_wconf 86' lang='grc'><strong>››</strong></span> <span class='ocrx_word' id='word_1_496' title='bbox 1336 5551 1397 5609; x_wconf 89' lang='lat' dir='ltr'><strong>In</strong></span> <span class='ocrx_word' id='word_1_497' title='bbox 1429 5549 1690 5629; x_wconf 80' lang='lat' dir='ltr'><strong>Epistola</strong></span> <span class='ocrx_word' id='word_1_498' title='bbox 1745 5549 1817 5606; x_wconf 86' lang='lat' dir='ltr'><strong>ad</strong></span> <span class='ocrx_word' id='word_1_499' title='bbox 1867 5549 1982 5608; x_wconf 84' lang='lat' dir='ltr'><strong>Ro-</strong></span> 
     </span>
    </p>
   </div>
   <div class='ocr_carea' id='block_1_71' title="bbox 2093 5548 3746 5629">
    <p class='ocr_par' dir='ltr' id='par_1_71' title="bbox 2093 5548 3746 5629">
     <span class='ocr_line' id='line_1_71' title="bbox 2093 5548 3746 5629; baseline 0.001 -22"><span class='ocrx_word' id='word_1_500' title='bbox 2093 5552 2317 5607; x_wconf 81' lang='lat' dir='ltr'><strong>vocatus</strong></span> <span class='ocrx_word' id='word_1_501' title='bbox 2345 5548 2652 5622; x_wconf 77' lang='lat' dir='ltr'><strong>Apostolus.</strong></span> <span class='ocrx_word' id='word_1_502' title='bbox 2698 5550 2758 5606; x_wconf 88' lang='lat' dir='ltr'><strong>In</strong></span> <span class='ocrx_word' id='word_1_503' title='bbox 2791 5550 2898 5608; x_wconf 91' lang='lat' dir='ltr'><strong>hac</strong></span> <span class='ocrx_word' id='word_1_504' title='bbox 2929 5555 3125 5608; x_wconf 87' lang='lat' dir='ltr'><strong>autem</strong></span> <span class='ocrx_word' id='word_1_505' title='bbox 3158 5566 3390 5608; x_wconf 89' lang='lat' dir='ltr'><strong>servum</strong></span> <span class='ocrx_word' id='word_1_506' title='bbox 3424 5565 3485 5606; x_wconf 89' lang='lat' dir='ltr'><strong>se</strong></span> <span class='ocrx_word' id='word_1_507' title='bbox 3518 5549 3615 5608; x_wconf 87' lang='lat' dir='ltr'><strong>Dei</strong></span> <span class='ocrx_word' id='word_1_508' title='bbox 3656 5548 3746 5629; x_wconf 65' lang='lat' dir='ltr'><strong>di:</strong></span> 
     </span>
    </p>
   </div>
  </div>
