4066 6190
336 282 449 340 591

1580 280 1642 339 S.
1693 278 1998 342 EUSEBII
2043 278 2493 340 HIERONYMI

3598 279 3724 346 δῦθι

334 411 412 467 cit
446 430 458 467 :
492 410 835 483 Apostolum
881 427 1016 466 vero
1062 410 1204 465 JeSu
1252 409 1487 466 Christi.
1521 410 1580 466 Si
1611 411 1767 467 enim
1818 412 1987 468 Pater
2016 412 2069 479 Α
2103 410 2299 478 Vester,
2334 410 2546 482 inquit,
2594 412 2783 467 servus
2827 416 3051 483 propter
3099 409 3603 485 Christwn"(II'Cor;
3632 432 3699 485 ιν,

334 505 392 556 et
430 499 613 555 Filius
645 517 829 555 unum
861 504 1020 567 sunt,
1056 505 1113 554 et
1153 499 1252 570 qui
1287 500 1598 555 crediderit
1643 500 1701 555 in
1750 500 1985 570 Filium,

335 588 519 644 credit
550 592 606 644 et
635 590 693 643 in
726 590 953 644 Patrem
990 606 1002 643 :
1037 588 1288 643 servitus
1318 605 1550 661 quoque
1589 589 1988 646 indifferenter

335 678 581 750 apostoli
614 677 797 747 Pauli,
829 677 918 732 vel
948 678 1019 732 ad
1052 682 1279 732 Patrem
1312 681 1399 732 est
1436 679 1760 744 referenda,
1792 679 1882 735 vel
1912 679 1985 735 ad

334 766 565 821 Filium.
598 767 729 822 Haec
759 772 957 821 autem
1010 766 1261 822 servitus
1312 784 1426 821 non
1470 770 1558 822 est
1605 766 1705 824 illa
1752 769 1822 822 de
1872 785 1987 840 qua

335 856 460 927 ipse
512 855 828 928 Apostolus
877 855 957 911 ait
998 872 1009 908 :
1044 857 1148 910 Nec
1200 857 1347 909 enim
1396 858 1683 927 accepistis
1728 848 1989 928 spiritum

334 945 613 1000 servitutis
641 947 844 1000 iterum
872 946 933 998 in
961 946 1153 999 timore
1206 942 1311 1008 [ΑΙ.
1366 946 1659 1016 timorem},
1700 946 1792 1001 sed
1838 962 1986 1001 acce-

330 1036 493 1104 pistis
538 1035 796 1105 spiritum
845 1034 1163 1104 adoptionis
1213 1032 1325 1100 [AL
1378 1033 1540 1087 addit
1588 1034 1873 1104 ﬁliorum],
1926 1037 1987 1089 in

334 1137 438 1192 quo
466 1107 768 1176 clamamus
800 1121 964 1187 Abba,
1016 1126 1183 1175 Pater
1231 1121 1403 1191 (Rom.
1456 1138 1581 1187 vin,
1625 1123 1735 1189 15),
1783 1138 1985 1178 verum

336 1208 547 1264 nobilis
580 1209 847 1278 servitus,
867 1209 938 1262 de
957 1224 1072 1279 qua
1103 1211 1158 1261 et
1181 1207 1359 1261 David
1385 1207 1453 1261 ad
1479 1207 1660 1263 Deum
1685 1208 1983 1281 loquitur:

332 1300 442 1367 Ego
469 1314 656 1353 servus
685 1306 830 1363 tuus,
862 1298 1014 1368 ﬁlius
1044 1297 1261 1353 ancilla:
1311 1304 1423 1351 tua:
1472 1298 1646 1369 (Psal.
1699 1314 1825 1366 cxv,
1874 1299 1983 1364 16).

333 1387 402 1442 Et
433 1387 601 1441 beata
630 1386 812 1440 Maria
843 1387 913 1440 ad
948 1384 1239 1456 Angelum
1275 1401 1286 1438 :
1324 1386 1455 1439 Ecce
1482 1386 1693 1440 ancilla
1744 1388 1983 1450 Domini.

333 1473 923 1545 fiatmihi'secumtum
975 1472 1083 1539 [ΑΙ.
1123 1474 1310 1544 juxta]
1359 1474 1582 1529 verbum
1628 1479 1786 1530 tuum
1832 1476 1982 1545 (Luc.

336 1579 375 1631 ι,
409 1564 521 1633 38).
554 1563 712 1618 Hanc
743 1564 1087 1619 servitutem
1114 1561 1321 1616 habuit
1369 1567 1426 1617 et
1473 1564 1719 1635 Moyses,
1754 1564 1825 1619 de
1869 1580 1986 1636 quo

334 1651 616 1707 Dominus
667 1653 737 1706 ad
781 1652 988 1706 Jesum
1042 1650 1229 1704 lilium
1274 1649 1474 1706 Nave:
1510 1651 1738 1722 Moyses,
1771 1651 1986 1723 inquit,

333 1740 584 1810 famulus
612 1756 764 1794 meus
792 1747 1039 1794 mortuus
1090 1743 1167 1793 est
1214 1741 1394 1807 (Josue
1443 1757 1483 1810 1,
1520 1740 1597 1812 2).
1647 1741 1715 1794 Et
1765 1740 1820 1795 in
1871 1724 1984 1797 alio

334 1829 460 1884 loco
492 1845 504 1883 :
538 1829 775 1883 Mortuus
816 1836 893 1883 est
940 1829 1141 1900 Moyses
1187 1829 1436 1899 famulus
1484 1830 1717 1884 Domini
1747 1831 1803 1885 in
1836 1834 1986 1886 terra

332 1918 483 1973 Moab
529 1934 629 1989 per
682 1918 905 1973 verbum
957 1918 1177 1972 Domini
1227 1919 1408 1990 (Deut.
1457 1928 1648 1988 xxxn,
1698 1919 1775 1988 5).
1817 1918 1985 1974 Absit

332 2006 549 2078 quippe
600 2011 662 2061 ut
711 2006 983 2079 spiritum
1037 2006 1338 2061 servitutis
1389 2007 1624 2079 Moysen
1656 2009 1711 2062 et
1739 2006 1982 2063 Mariam

328 2095 389 2151 in
448 2096 677 2161 timore,
731 2102 787 2150 et
842 2112 955 2150 non
1032 2096 1090 2149 in
1161 2095 1473 2151 dilectione
1541 2095 1637 2151 Dei
1705 2095 1985 2152 habuisse

332 2186 660 2240 credamus.
696 2185 811 2239 Nec
846 2185 1058 2238 mirum
1111 2183 1375 2254 quamvis
1424 2189 1660 2239 sanctos
1691 2184 1980 2252 homines,

330 2277 528 2329 tamen
591 2273 692 2328 Dei
753 2289 949 2327 servos
1002 2271 1273 2326 nobiliter
1329 2270 1629 2343 appellari,
1689 2288 1822 2328 cum
1881 2289 1986 2343 per

333 2363 539 2416 Isaiam
572 2360 915 2432 prophetam
951 2360 1116 2414 Pater
1164 2358 1443 2430 loquatur
1474 2360 1545 2413 ad
1581 2359 1787 2414 Filium
1819 2378 1832 2415 :
1867 2360 1983 2415 Ma-

333 2466 502 2521 gnum
532 2450 635 2504 tibi
661 2456 742 2502 est
774 2449 963 2503 vocari
989 2452 1041 2519 te
1067 2463 1297 2518 puerum
1325 2463 1504 2502 meum
1547 2449 1673 2517 (Isa.
1713 2464 1863 2519 xux,
1902 2448 1981 2519 6),

334 2537 489 2608 quod
523 2537 715 2592 Graece
745 2535 961 2590 dicitur
993 2551 1005 2589 :
1040 2535 1178 2608 μὲγα
1224 2534 1308 2587 σοί
1359 2533 1468 2587 ἐστι
1512 2539 1608 2587 τοῦ
1649 2532 1919 2604 κληθῆναι
1961 2539 1983 2573 ⁶

335 2644 393 2677 σε
422 2619 590 2677 παῖδά
624 2643 748 2696 μου.
782 2628 933 2679 Puer
963 2630 1179 2690 autem,
1212 2623 1321 2679 hoc
1368 2628 1476 2690 est,
1526 2627 1652 2684 παῖς
1705 2625 1842 2696 quia
1884 2641 1983 2697 po-

334 2719 468 2784 test,
501 2714 823 2769 secundum
859 2712 1106 2783 Graecos,
1153 2717 1210 2767 et
1255 2713 1529 2783 [amulum
1577 2717 1633 2768 et
1679 2713 1861 2782 ﬁlium
1903 2713 1981 2770 si-

335 2803 632 2875 gnificare,
667 2802 727 2857 in
763 2802 994 2857 Hebraeo
1017 2802 1830 2872 queesivimus,etinvenimus
1866 2819 1982 2858 non

333 2892 514 2964 ﬁlium
543 2908 728 2946 meum
777 2892 1061 2959 scriptum
1093 2907 1243 2960 esse,
1295 2890 1393 2946 sed
1438 2900 1671 2946 servum‘
1690 2908 1892 2957 meum,
1923 2892 1979 2947 id

335 2985 442 3048 est,
474 2997 607 3035 ABDI
637 2980 840 3052 (way).
876 2979 1038 3034 Unde
1068 2985 1123 3035 et
1154 2978 1370 3034 Abdias
1402 2979 1684 3053 prepheta
1738 2980 1839 3052 qui
1888 2980 1983 3036 in-

333 3073 688 3141 terpretatur
715 3085 902 3124 servus
932 3069 1174 3133 Domini,
1208 3084 1276 3122 ex
1322 3068 1604 3123 famulatu
1637 3068 1737 3124 Dei
1769 3085 1982 3126 nomen

2092 500 2169 569 5).
2205 500 2417 556 Servus
2450 498 2548 555 Dei
2581 499 2678 555 ille
2703 503 2812 566 est,
2845 498 2943 571 qui
2978 515 3095 555 non
3126 502 3215 555 est
3242 514 3442 556 servus
3485 504 3701 574 peccati.

2097 588 2283 644 Omnis
2310 590 2460 644 enim
2506 589 2604 660 qui
2647 589 2785 659 facit
2827 596 3128 659 peccatum,
3177 603 3364 644 servus
3405 598 3482 645 est
3517 591 3721 663 peccati-

2095 676 2427 748 (Joan.v1u,
2460 677 2573 749 34).
2610 675 2920 749 Apostolus
2967 676 3165 749 igitur,
3220 677 3320 749 qui
3371 678 3576 750 peccati
3603 690 3707 736 non

2095 765 2206 820 fuit
2261 781 2483 833 servus,
2532 771 2688 822 recte
2733 765 2834 822 Dei
2887 764 3073 821 Patris
3128 769 3368 821 vocatur
3420 781 3615 823 servus
3658 774 3727 823 etv

2095 853 2324 910 Christi.
2376 854 2550 911 Porro
2599 854 2755 926 quod
2813 854 2895 910 ait
2952 870 2966 909 :
3028 854 3315 925 Apostolus
3370 858 3712 911 autem-Iesu

2097 943 2317 1011 Christi,
2348 941 2464 998 tale
2495 943 2639 998 mihi
2678 943 2925 1012 videtur,
2963 941 3137 1015 quale
3185 942 3234 997 si
3282 941 3539 1012 dixisset,
3581 960 3710 1016 prte-

2097 1031 2280 1086 fectus
2312 1032 2576 1102 praetorio
2609 1031 2861 1104 Augusti
2912 1031 3176 1099 Caesaris,
3211 1031 3489 1104 magister
3515 1032 3711 1088 exerci-

2094 1124 2190 1175 tus
2240 1119 2454 1175 Tiberii
2508 1120 2898 1192 imperatoris.
2950 1119 3024 1176 Ut
3068 1121 3226 1176 enim
3266 1120 3496 1192 judices
3538 1119 3716 1176 saeculi

2096 1194 2292 1280 hujus‘
2326 1223 2442 1280 quo
2489 1207 2802 1265 nobiliores
2848 1225 2978 1264 esse
3021 1209 3351 1274 videantur.
3397 1225 3465 1264 ex
3502 1208 3718 1282 regibus

2095 1297 2312 1369 quibus
2342 1297 2625 1367 serviunt,
2658 1302 2716 1354 et
2744 1312 2815 1354 ex
2843 1298 3126 1371 dignitate
3156 1314 3274 1370 qua
3317 1296 3721 1363 intumescunt,

2094 1384 2378 1442 vocabula
2424 1387 2796 1445 sortiuntur:
2830 1386 2915 1442 ita
2961 1391 3018 1442 et
3064 1385 3411 1458 Apostolum
3460 1384 3733 1459 grandem

2093 1473 2247 1530 inter
2269 1474 2633 1531 Christianos
2662 1475 2775 1531 sibi
2807 1475 3109 1531 vindicans
3137 1474 3725 1548 dignitatem,aposto-

2094 1562 2217 1619 lum
2250 1564 2356 1635 (At.
2391 1562 2814 1638 apostolorum]
2844 1580 2907 1621 se
2936 1563 3152 1620 Christi
3182 1563 3354 1620 titulo
3379 1562 3724 1636 praenotavit,

2096 1657 2161 1707 ut
2190 1668 2259 1707 ex
2288 1651 2417 1724 ipsa
2447 1652 2699 1709 lecturos
2748 1651 3004 1709 nominis
3054 1649 3403 1709 auctoritate
3443 1653 3677 1708 terreret
3711 1664 3727 1705 :

2093 1740 2362 1797 indicans
2408 1758 2611 1798 omnes
2661 1742 2761 1814 qui
2812 1742 2965 1798 889
3015 1743 3073 1797 in
3133 1741 3365 1798 Christo
3421 1741 3743 1808 crederent,

2093 1828 2301 1886 debere
2350 1829 2460 1885 sibi
2511 1846 2640 1887 esse
2689 1831 3004 1902 subjectos.
3034 1829 3150 1887 Nec
3206 1848 3327 1887 non
3376 1830 3532 1903 quod
3570 1826 3730 1901 paulo

2093 1922 2227 1973 ante
2258 1916 2541 1990 scriptum
2572 1918 2882 1990 posuimus
2912 1914 3315 1975 ad'Romanos
3342 1935 3356 1973 :
3394 1918 3587 1975 Servus
3616 1918 3733 1973 Iesu

2095 2006 2327 2076 Christi,
2358 2022 2475 2062 non
2506 2006 2700 2062 differt
2754 2007 2827 2062 ab
2875 2023 2943 2064 eo
2993 2007 3044 2064 si
3094 2007 3369 2075 dixisset,
3401 2022 3602 2065 servus
3647 2021 3735 2061 sa-
3818 2045 3837 2061 .

2092 2094 2346 2167 pientim,
2405 2112 2607 2175 servus
2655 2094 2925 2168 justitite,
2976 2112 3180 2153 servus
3231 2094 3726 2164 sanctiﬁcationis,

2092 2192 2297 2239 servus
2322 2182 2744 2256 redemptionis
2779 2201 2792 2239 :
2825 2185 3073 2241 Christus
3098 2187 3302 2258 quippe
3331 2187 3508 2258 factus
3546 2187 3624 2240 est
3649 2197 3734 2238 no-

2093 2271 2175 2327 bis
2203 2290 2237 2327 α
2269 2276 2380 2327 Deo
2407 2273 2592 2341 Patre,
2623 2275 2924 2346 sapientia,
2963 2275 3210 2346 justitia,
3260 2274 3648 2346 sanctiﬁcatio,
3691 2278 3737 2327 et

2093 2358 2389 2431 redemptio
2413 2362 2435 2395 ²
2465 2361 2512 2432 (Ι
2537 2360 2657 2416 Cor.
2682 2361 2848 2434 1,30).

2165 2449 2391 2520 (Vers.2
2420 2450 2611 2522 seqq.)
2642 2472 2671 2499 «
2703 2450 3034 2506 Secundum
3066 2451 3244 2508 ﬁdem
3272 2449 3597 2525 electorum
3618 2449 3730 2521 Dei,

2092 2542 2149 2593 et
2176 2536 2527 2608 cognitionis
2555 2537 2836 2610 veritatis,
2874 2555 3002 2611 quae
3034 2544 3124 2596 est
3143 2540 3321 2611 juxta
3373 2540 3646 2614 pietatem
3681 2538 3737 2593 in

2093 2642 2196 2698 spe
2224 2625 2354 2680 vitae
2384 2629 2835 2697 zeternaazquam
2865 2627 3138 2699 promisit
3167 2645 3285 2684 non
3320 2628 3581 2685 mendax
3604 2628 3742 2682 Deus
3802 2687 3813 2693 ,

2094 2718 2228 2769 ante
2258 2712 2472 2769 saecula
2503 2718 2716 2770 interna
2749 2730 2762 2771 :
2798 2715 3192 2772 manifestavit
3234 2721 3447 2774 autem
3478 2713 3744 2788 tempori-

2092 2803 2204 2858 bus
2233 2802 2358 2859 suis
2389 2802 2630 2858 verbum
2654 2819 2826 2859 suum
2852 2805 2917 2859 in
2933 2805 3522 2879 praedicatione,qu'aa
3541 2804 3748 2861 credita

2093 2896 2183 2948 est
2212 2890 2354 2946 mihi
2377 2891 2700 2947 secundum
2726 2892 3039 2964 imperium
3064 2893 3399 2951 Salvator-is
3425 2894 3617 2951 nostri
3636 2890 3743 2949 Dei.

2090 2979 2217 3035 Tito
2248 2978 2596 3035 charissimo
2626 2977 2745 3035 ﬁlio
2767 2980 2938 3051 juxta
2967 2987 3353 3039 communem
3390 2985 3565 3039 ﬁdem
3593 2982 3775 3038 :Gra--

2092 3068 2173 3123 tia
2203 3072 2261 3124 et
2289 3084 2397 3139 pax
2423 3084 2456 3123 a
2481 3068 2597 3123 Deo
2638 3071 2825 3137 Patre,
2874 3073 2932 3125 et
2976 3069 3115 3126 Jesu
3163 3071 3412 3128 Christo
3462 3071 3761 3128 Salvators'

337 3157 582 3229 accepit.
617 3157 675 3212 Si
709 3162 935 3213 moveat
967 3157 1326 3229 quempiam,
1359 3156 1672 3213 Dominum
1721 3157 1986 3214 Salvato-
2015 3148 2057 3215 C
2094 3159 2314 3212 nostro.
2350 3178 2376 3205 »
2409 3156 2516 3219 Qui
2560 3172 2676 3213 non
2714 3158 2887 3229 juxta
2935 3157 3363 3229 humilitatem,
3399 3164 3467 3217 ut
3495 3158 3759 3233 plerique

340 3263 485 3319 rem,
529 3245 627 3318 qui
686 3245 1086 3302 universitatis
1145 3249 1235 3300 est
1280 3246 1563 3314 conditor,
1597 3262 1831 3302 servum
1889 3246 1990 3303 Dei

341 3335 487 3405 dici;
523 3352 637 3391 non
672 3336 1016 3405 movebitur,
1053 3334 1099 3389 si
1137 3335 1332 3406 ipsum
1366 3335 1435 3389 ad
1469 3335 1761 3406 apostolos
1793 3336 1992 3392 audiet

341 3416 678 3496 loquentem
712 3440 724 3479 :
761 3425 866 3492 Qui
913 3423 1149 3478 voluerit
1196 3426 1345 3479 inter
1386 3440 1478 3478 vos
1524 3440 1638 3479 esse
1684 3424 1877 3495 major,
1918 3426 1992 3480 sit

346 3513 593 3569 omnium
620 3528 812 3567 servus
843 3512 1049 3582 (Matth.
1105 3529 1198 3583 xx,
1246 3512 1367 3583 27);
1421 3516 1479 3567 et
1529 3536 1541 3565 :
1593 3513 1769 3567 Filius
1812 3512 1987 3569 homi-

339 3602 430 3656 nis
459 3602 626 3667 venit,
658 3616 769 3655 non
797 3608 857 3654 at
882 3602 1293 3656 mim‘straretur
1322 3602 1449 3665 sibi,
1475 3600 1565 3656 sed
1594 3609 1651 3655 ut
1702 3602 1986 3657 ministra-

343 3700 424 3746 ret
455 3689 612 3761 (lbid.
644 3691 735 3757 28)
769 3705 781 3745 :
818 3690 968 3761 quod
1006 3706 1075 3744 ne
1104 3690 1310 3744 docere
1342 3694 1574 3744 tantum
1606 3689 1797 3745 verbis
1827 3691 1986 3747 vide-

343 3785 507 3836 retur
554 3779 899 3833 monstravit
945 3779 1229 3850 exemplo.
1266 3783 1585 3851 Assumpto
1617 3779 1833 3852 quippe
1871 3780 1985 3836 lin-

334 3876 448 3938 teo,
482 3868 729 3925 accinxit
760 3886 841 3937 se,
890 3872 945 3923 et
995 3884 1146 3938 aqua
1179 3866 1389 3938 pelvim
1434 3867 1682 3939 replens,
1727 3869 1984 3941 discipu-

332 3958 525 4016 lorum
556 3959 733 4031 pedes
764 3956 902 4012 lavit
934 3958 1110 4028 (Joan.
1144 3973 1269 4023 xm,
1302 3957 1353 4023 4,
1385 3957 1462 4027 5).
1495 3958 1620 4012 Non
1654 3962 1742 4013 est
1783 3957 1982 4030 itaque

334 4049 585 4121 impium
619 4048 852 4103 credere
879 4063 1014 4101 eum
1049 4047 1147 4117 qui
1179 4046 1427 4100 formam
1461 4044 1610 4101 servi
1644 4062 1984 4118 assumpse-

334 4141 424 4193 rat
473 4137 742 4208 (Philipp.
787 4153 849 4204 ιι,
880 4136 957 4207 7).
1010 4135 1131 4190 haec
1181 4134 1385 4190 fecisse
1440 4151 1570 4206 quae
1621 4136 1770 4191 servi
1823 4140 1982 4203 sunt,

335 4230 399 4280 ut
429 4231 682 4297 paternae
711 4224 995 4280 voluntati
1024 4223 1272 4279 servisse
1323 4224 1577 4290 dicatur,
1611 4240 1746 4279 cum
1800 4224 1986 4281 servis

331 4314 457 4370 suis
488 4315 613 4386 ipse
645 4314 924 4369 servierit.
960 4313 1090 4368 Haec
1121 4318 1315 4368 autem
1349 4313 1623 4385 servitus,
1675 4313 1984 4371 charitatis

330 4410 438 4471 est,
472 4420 573 4475 per
598 4420 773 4475 quam
811 4403 976 4458 nobis
1017 4402 1263 4457 invicem
1317 4401 1533 4457 servire
1584 4401 1975 4474 pracipimur.

325 4494 393 4549 Et
422 4494 546 4565 ipse
571 4492 881 4564 Apostolus
911 4508 1046 4546 cum
1075 4496 1228 4546 esset
1261 4490 1407 4546 liber
1430 4508 1498 4545 ex
1528 4492 1824 4558 omnibus,
1849 4508 1973 4548 om-
2002 4515 2049 4578 D

326 4583 488 4637 nium
521 4599 582 4637 se
614 4598 844 4637 servum
880 4580 1009 4635 fecit
1039 4583 1083 4651 (I
1114 4580 1438 4649 Cor.1x,19).
1476 4586 1540 4633 Et
1569 4580 1627 4635 in
1661 4578 1774 4636 alio
1795 4580 1920 4637 loco
1955 4599 1968 4637 :

401 4712 416 4744 ¹
451 4709 533 4763 Ita
564 4708 768 4780 legunt
797 4723 999 4762 omnes
1049 4722 1190 4780 mss.
1242 4703 1489 4780 codices,
1527 4703 1968 4780 (Cluniacenses,

324 4781 506 4834 sancti
542 4775 772 4834 Martini
804 4796 836 4833 a
868 4777 1119 4848 Campis.
1155 4781 1211 4830 et
1244 4776 1478 4829 Patrum
1509 4775 1969 4848 Augustiniano-

325 4868 454 4905 rum
489 4852 641 4917 apud
674 4850 991 4904 'l‘olosates.
1019 4847 1170 4901 ’lliuc
1203 4864 1337 4917 ergo
1380 4852 1686 4917 contextus
1737 4847 1971 4901 Graecus

326 4915 720 4976 restituendus
752 4929 808 4975 et
839 4924 894 4975 in
928 4915 1457 4983 Bibliis,ubivdcest
1488 4915 1583 4984 τὸ;
1619 4924 1677 4972 et
1709 4917 1766 4971 in
1798 4918 1971 4974 editis

327 4992 548 5047 Erasmi
607 5001 663 5047 et
709 4993 971 5055 Mariani,
1025 4993 1080 5045 in
1133 4992 1349 5061 quibus
1403 4990 1568 5043 abest
1614 4991 1732 5061 τῷ.
1782 4989 1965 5045 Mam.

325 5065 879 5133 Legerantveteres
919 5058 1188 5131 editores,
1226 5062 1506 5133 Erasmus
1550 5066 1610 5133 et
1658 5058 1968 5131 Victorius,

326 5131 465 5207 μὲγᾰ
497 5132 581 5186 σοί
614 5131 725 5186 ἐστι
837 5132 1131 5207 κληθῆναι,
1168 5150 1267 5202 pro
1301 5149 1414 5207 quo
1446 5132 1503 5185 in
1536 5131 1849 5207 Graecoest
1878 5149 1970 5186 ar-

320 5202 583 5277 chetypo,
616 5208 711 5256 to”)
744 5203 1034 5272 κληθῆναι,
1094 5206 1238 5258 bene
1292 5202 1568 5277 utrinque
1617 5202 1858 5277 lectione
1905 5219 1972 5260 ac

320 5275 519 5332 sene—ul.
552 5278 819 5331 Martiae.
854 5295 982 5331 vero
1016 5292 1258 5330 suorum
1288 5276 1514 5346 aliquot
1562 5275 1830 5346 codicum
1878 5291 1971 5330 er-

322 5367 450 5404 rore
500 5350 801 5419 deceptus,
854 5355 1164 5417 utramque
1220 5345 1505 5413 voculam,
1537 5348 1633 5419 τρῦ
1685 5353 1740 5400 et
1786 5345 1847 5398 τὸ
1879 5346 1971 5401 hic

316 5419 499 5475 simul
530 5417 787 5488 intrusit,
820 5422 1238 5488 contenditque
1295 5420 1451 5488 quod
1504 5417 1583 5471 rei
1630 5422 1808 5487 caput
1859 5421 1969 5484 est,

319 5493 516 5562 ipsum
548 5487 811 5547 Grmcum
846 5497 1001 5549 textu
1015 5509 1065 5562 ni
1091 5487 1155 5562 ex
1179 5489 1287 5544 hac
1309 5487 1342 5542 a
1366 5506 1425 5562 se
1452 5489 1702 5562 reposita
1725 5487 1969 5562 lectione

324 5557 779 5629 restituendum,
812 5566 867 5616 et
898 5562 956 5617 in
991 5560 1213 5627 Bibliis,
1249 5560 1457 5631 inquit,
1476 5557 1575 5615 ubi
1605 5560 1769 5615 deest
1796 5557 1878 5626 τὸ,
1913 5564 1972 5616 et

314 5634 379 5722 in
411 5636 587 5721 editis
620 5633 844 5697 Erasmi
875 5638 931 5692 et
962 5632 1230 5706 Mariani,
1262 5630 1572 5707 inquibus
1618 5632 1802 5706 abest,
1846 5633 1964 5695 τοῦ.

2100 3245 2416 3314 aestimant,
2455 3245 2556 3300 sed
2600 3261 2733 3302 vere
2777 3246 3046 3303 dixerat:
3095 3248 3161 3303 Et
3215 3248 3264 3303 si
3293 3250 3597 3322 ishperitus
3646 3252 3769 3302 serv

2096 3350 2277 3403 mone,
2326 3350 2435 3390 non
2480 3339 2665 3391 tamen
2714 3337 2944 3391 scientia
2985 3334 3065 3408 (ιῖ
3092 3335 3214 3393 Cor.
3245 3354 3331 3408 ιιι,
3370 3339 3451 3408 6),
3485 3337 3750 3395 Hebraea

2096 3439 2165 3480 ex
2194 3422 2450 3478 Hebraeis
2471 3423 2642 3494 juxta
2668 3422 2855 3497 legem
2891 3423 3231 3493 Phariszsus,
3263 3427 3601 3498 profundos
3620 3440 3744 3481 sene-

2098 3528 2200 3567 sus
2229 3511 2425 3567 Graeco
2480 3527 2752 3580 sermone
2779 3529 2893 3569 non
2925 3513 3259 3586 explicat,et
3302 3518 3474 3590 quod
3517 3514 3746 3588 cogitat,-

2095 3599 2153 3655 in
2185 3600 2359 3655 verba
2386 3600 2481 3655 vix
2508 3600 2924 3672 promit.Juxta
2943 3603 3209 3659 ordinem
3233 3603 3428 3677 igitur
3447 3608 3746 3673 sensuum,

2095 3694 2153 3745 et
2180 3693 2404 3744 textum
2430 3705 2624 3745 rerum
2656 3691 3066 3764 potius,quam
3091 3692 3522 3761 verborum,de
3552 3695 3747 3765 singu-

2095 3778 2258 3848 lis,ut
2287 3777 2505 3850 scripta
2534 3782 2694 3851 sunt,
2727 3779 3110 3836 disseramus.
3144 3780 3469 3841 Secundum
3493 3781 3759 3855 ﬁdem,in‘-

2097 3868 2244 3939 quit,
2275 3866 2567 3923 electorum
2593 3869 2711 3935 Dei,
2743 3868 2893 3924 refer
2919 3867 2942 3903 ³
2969 3868 3041 3924 ad
3093 3870 3429 3942 superiora,
3457 3872 3616 3946 quod
3673 3869 3760 3926 inc-

2095 3954 2228 4011 tulit
2260 3971 2273 4009 :
2310 3955 2515 4011 Paulus
2542 3972 2729 4012 servus
2752 3957 2882 4018 Dei;
2911 3957 3197 4030 Apostolus
3226 3968 3424 4017 autem
3449 3963 3581 4018 Iesu
3601 3949 3757 4017 fibri»

2092 4045 2167 4099 sti
2192 4045 2493 4100 secundum
2540 4043 2706 4114 ﬁdem
2755 4045 3047 4102 electorum
3092 4047 3210 4115 Dei,
3264 4047 3327 4103 id
3390 4054 3507 4117 est,
3556 4054 3755 4106 eorum

2094 4134 2193 4205 qui
2226 4148 2341 4188 non
2383 4137 2610 4188 tantum
2657 4133 2845 4189 vocati
2875 4138 3036 4203 sunt,
3068 4135 3169 4191 sed
3204 4140 3261 4192 et
3298 4137 3506 4197 electi.
3541 4137 3760 4195 Eiecto-

2094 4237 2224 4277 rum
2248 4237 2490 4293 quoque
2518 4220 2783 4294 ipsorum
2814 4238 3029 4296 magna
3059 4223 3378 4284 diversitas
3406 4231 3501 4284 est
3528 4243 3633 4300 pro
3663 4231 3760 4283 va-

2099 4310 2301 4365 rietate
2357 4325 2622 4382 operum,
2674 4323 2959 4368 sensuum
3010 4316 3185 4384 atque
3236 4329 3615 4374 sermonum.
3649 4313 3763 4370 Nee

2092 4400 2289 4455 statim
2325 4398 2425 4472 qui
2472 4400 2693 4456 electus
2740 4400 2840 4457 Dei
2882 4405 2990 4468 est,
3041 4400 3129 4459 vel
3171 4402 3350 4473 juxta
3408 4405 3759 4462 electionem

2092 4488 2353 4560 possidet
2375 4488 2668 4562 lidem,vel
2692 4489 2863 4561 juxta
2888 4489 3065 4547 ﬁdem
3096 4489 3274 4549 habet
3302 4493 3631 4552 scientiam
3662 4498 3762 4548 ναί

2084 4576 2292 4633 ritatis.
2327 4577 2487 4635 Unde
2533 4586 2590 4634 et
2634 4577 2898 4634 Salvator
2948 4579 3022 4635 ad
3062 4579 3301 4638 Judaaos
3351 4583 3460 4656 qui
3507 4584 3573 4639 in
3613 4593 3747 4639 eum

2079 4704 2152 4757 At
2204 4718 2398 4784 nemo,
2443 4702 2677 4789 ‘opinpr,
2734 4702 3074 4786 non.videt.,
3107 4708 3164 4760 et
3192 4721 3284 4788 res
3326 4705 3562 4789 clamat
3581 4705 3756 4789 _ips_a,

2081 4790 2258 4847 quam
2295 4774 2421 4847 ipse
2436 4772 2679 4846 longius
2701 4791 2735 4829 a
2763 4774 2880 4829 veri
2905 4775 3098 4847 specie
3117 4777 3278 4832 omni
3301 4772 3757 4835 aberret.Dixisé

2082 4845 2170 4901 eet
2199 4845 2512 4917 legendum
2553 4845 2679 4900 uno
2725 4847 2919 4916 verbo,
2942 4845 3111 4900 ’τοῦτο
3143 4847 3280 4910 hoc;
3312 4850 3470 4906 satis
3513 4850 3750 4906 obviam

2080 4917 2780 4989 conjecturam,codicum
2818 4917 2967 4989 ipsa
3012 4917 3182 4975 lectio
3211 4922 3537 4989 commodo
3572 4933 3748 4976 sensu

2080 4987 2750 5068 suggerebatpalioquin
2779 4987 3025 5069 alterum
3059 4995 3160 5046 aut
3186 4992 3420 5057 τοῦβιη
3441 4988 3509 5046 τὰ
3536 4992 3752 5049 redun-

2082 5060 2238 5136 dare,
2288 5075 2664 5136 perspicuum
2705 5064 2814 5136 est.
2850 5060 3057 5131 Facule,
3105 5063 3260 5133 quod
3308 5059 3375 5136 τε)
3411 5062 3754 5136 legendum

2082 5131 2160 5185 ibi
2195 5105 2405 5201 sitlpro
2428 5105 2551 5196 τεοῦ,
2585 5131 2888 5186 studiosus
2930 5105 3220 5188 non,ne‘1mo
3269 5134 3339 5189 ad
3405 5105 3748 5190 libgi‘oram

2080 5202 2399 5279 adnotarit;
2421 5203 2809 5279 postmodum
2843 5204 3035 5279 scriba
3058 5203 3370 5279 imperitus
3403 5205 3561 5261 illud
3604 5220 3751 5279 quo-

2080 5290 2193 5345 que
2226 5273 2284 5326 in
2318 5278 2539 5345 textum
2572 5273 2875 5345 importari
2906 5280 3040 5344 post
3067 5273 3151 5330 τὸζ

2148 5345 2169 5378 ³
2198 5344 2437 5399 Addunt
2465 5344 2879 5400 Cistercienses
2913 5356 3115 5402 mss.et
3144 5348 3318 5402 Filius
3349 5346 3614 5403 hominis
3636 5361 3750 5403 non

2078 5418 2226 5471 venit
2254 5420 2313 5470 ut
2341 5417 2758 5486 ministraretur
2783 5417 2855 5486 ei,
2876 5416 2970 5472 sed
2991 5419 3049 5471 ut
3076 5419 3451 5474 ministraret.

2146 5486 2377 5615 strin'tea
2406 5484 2728 5560 legebatur,
2760 5484 2953 5562 refert.
3000 5487 3063 5547 Id
3103 5504 3290 5565 genus
3321 5488 3483 5546 levia
3511 5488 3745 5566 passim

2148 5576 2175 5615 s
2206 5574 2458 5615 aramus.

2076 5570 2458 5633 castigamus.
