4066 6190
354 408 527 487 ξιξωό

1254 408 1891 481 coniueamus
1925 408 2187 497 spisr.
2236 415 2341 479 AD
2384 416 2657 505 mum,
2706 415 2874 484 CAP.
2919 414 2967 485 Ῑ.

3703 420 3820 483 594

354 543 916 617 λειοτθὰὶὼωιιῐιθει
936 544 1180 619 locutus
1211 564 1225 605 :
1254 549 1322 607 Si
1362 552 1781 623 permanseritis
1809 551 1869 605 in
1902 549 2057 607 verba
2088 550 2140 615 Α
2172 548 2399 607 nabiles
2429 543 3199 627 feceritcrcaturas,quibus
3236 554 3817 614 dederitimmortali-

403 652 543 702 meo,
596 639 923 709 cognoscetis
980 640 1279 707 um'tatem,
1326 648 1378 695 et
1420 642 1622 696 veritas
1665 640 1927 701 liberabit
1968 656 2058 695 vos
2166 642 2343 695 tatem
2382 659 2394 697 :
2427 642 2509 696 ita
2538 647 2594 697 et
2642 643 2802 699 Solus
2850 644 3064 699 dicitur
3095 662 3221 699 esse
3265 647 3410 701 691
3449 664 3662 702 verax:
3697 664 3814 704 non

394 726 582 799 ,(Jcan.
634 742 757 790 vni,
808 727 900 794 31,
930 727 1044 800 32).
1077 728 1145 783 Et
1190 728 1546 800 evangelista
1596 734 1861 799 testatur,
1897 729 2053 800 quod

384 812 529 870 .hec
556 814 933 872 credentibus
977 815 1215 888 quidem
1247 817 1476 888 dixerit,
1508 818 1608 873 sed
1659 817 2056 874 nescientibus

366 952 369 955 .
400 904 733 971 veritatem,
764 920 942 976 quam
992 906 1267 978 consequi
1302 910 1562 979 possent,
1594 906 1643 961 si
1694 906 1753 962 in
1787 923 2055 964 sermone

392 992 590 1064 ipsius
623 997 1057 1064 permanerent,
1089 998 1146 1049 et
1176 993 1340 1051 liberi
1373 995 1582 1062 effecti,
1616 996 1763 1052 servi
1797 1012 1924 1051 esse
1954 996 2053 1051 de-

364 1082 681 1145 ,sinercnt.
726 1081 1011 1146 Queritur
1058 1099 1239 1155 quare
1269 1084 1339 1139 ad
1375 1084 1432 1139 id
1484 1085 1639 1157 quod
1688 1071 1813 1140 ait:
1849 1085 2050 1142 Secun-

358 1170 532 1233 κάπνη
567 1170 747 1241 ﬁdem
774 1169 1076 1228 electorum
1129 1174 1225 1229 Dei
1279 1181 1332 1228 et
1373 1176 1734 1246 cognitionem
1777 1176 2050 1240 veritatis,

364 1258 675 1329 ‘junxerit,
709 1274 836 1331 qua?
844 1259 1013 1331 juxta
1028 1262 1292 1332 pietatem
1314 1265 1395 1317 est
1420 1282 1441 1329 ;
1470 1267 1814 1319 utrumnam
1846 1264 1924 1319 sit
1944 1262 2048 1319 ali-

359 1347 759 1420 gquaiveritas
790 1365 919 1422 que
962 1365 1078 1406 non
1124 1350 1183 1406 in
1216 1351 1428 1422 pietate
1458 1350 1533 1407 sit
1564 1351 1773 1423 posita,
1807 1356 1863 1408 et
1895 1368 2049 1408 nunc

390 1437 483 1492 ad.
503 1435 942 1499 distinctionem
974 1436 1136 1494 illius
1164 1438 1451 1495 inferatur
1478 1440 1733 1513 cognitio
1765 1441 2046 1507 veritatis,

358 1572 363 1579 .
396 1540 525 1599 quae
544 1526 712 1599 juxta
739 1527 1002 1598 pietatem
1028 1533 1133 1583 est.
1163 1527 1264 1585 Est
1292 1528 1463 1600 plane
1505 1529 1740 1596 veritas,
1775 1546 1902 1602 que
1930 1547 2046 1585 non

370 1613 574 1683 1habet
603 1614 897 1687 pietatem.
930 1616 1085 1677 B90
1112 1616 1171 1673 Si
1204 1617 1336 1689 quis
1383 1618 1829 1691 grammaticam
1862 1627 2044 1676 artem

354 1703 637 1775 “noverit,
651 1703 737 1760 vel
766 1703 1158 1772 dialecticam,
1177 1710 1241 1761 ut
1274 1705 1559 1763 rationem
1582 1712 1734 1764 recte
1766 1706 2044 1781 loquendi

350 1791 624 1861 g-habeat,
657 1796 715 1849 et
744 1792 896 1850 inter
914 1793 1077 1850 .falsa
1112 1798 1171 1850 et
1200 1810 1335 1851 vera
1381 1795 1684 1867 dijudicet,
1716 1796 2046 1853 Geometria

332 1897 628 1955 -,quoque
670 1886 741 1937 et,
777 1881 1153 1938 arithmetica
1198 1887 1257 1938 et
1302 1884 1531 1940 musica
1577 1884 1797 1940 habent
1845 1886 1904 1941 in
1936 1903 2045 1943 sua

320 1969 640 2029 “scientia
686 1969 1025 2039 veritatem;
1062 1972 1164 2028 sed
1215 1989 1331 2028 non
1374 1978 1464 2029 est
1512 1973 1757 2030 scientia
1798 1973 1901 2031 illa
1930 1976 2037 2047 [Αἱ.

334 2058 537 2126 ,εαάίιίι
566 2059 833 2132 scientia]
880 2060 1138 2133 pietatis.
1170 2061 1424 2119 Scientia
1470 2062 1705 2134 pietatis
1737 2067 1826 2119 est
1866 2081 2040 2121 nosse

342 2147 599 2220 ,.legem,
648 2147 974 2223 intelligere
1022 2149 1353 2222 prophetas,
1414 2151 1723 2224 Evangelio
1781 2153 2033 2221 credere,

332 2272 361 2303 ._-
380 2236 681 2310 apostolos
711 2253 827 2293 non
876 2238 1165 2310 ignorare.
1200 2243 1268 2294 Et
1318 2240 1642 2297 econtrario
1674 2241 1848 2297 multi
1897 2247 2038 2298 sunt

348 2326 489 2399 ξηιιὶ
515 2325 735 2391 habent
783 2325 1017 2399 pietatis
1064 2344 1263 2383 veram
1290 2327 1681 2401 cognitionem
1716 2347 1729 2385 :
1764 2329 1864 2385 sed
1917 2346 2033 2385 non

617 2419 677 2471 et
702 2420 1041 2472 ceterarum
1092 2416 1311 2473 artium
1358 2422 1418 2473 et
1447 2432 1669 2482 earum,
1701 2418 1771 2475 de
1816 2418 2033 2490 quibus

346 2504 972 2577 eppramentionem
1019 2506 1287 2573 fecimus,
1312 2506 1640 2563 veritatem.
1673 2507 1803 2564 Hec
1854 2508 2036 2580 igitur

322 2592 825 2665 -.veritas,icujus
875 2595 1130 2666 cognitio
1171 2595 1344 2667 juxta
1390 2595 1666 2667 pietatem
1697 2601 1806 2664 est,
1838 2596 1899 2653 in
1930 2614 2033 2670 spe

330 2678 787 2747 .Niteeterne.
822 2681 1012 2754 posita
1042 2686 1131 2743 est
1160 2701 1175 2739 :
1207 2683 1348 2754 quia
1395 2683 1593 2740 statim
1624 2685 1673 2740 ei
1708 2685 1808 2758 qui
1839 2702 1902 2742 se
1931 2702 2031 2741 co-

377 2770 668 2842 gnoverit,
699 2771 1003 2842 premium
1047 2772 1765 2839 tribuitimmortalitatis.
1796 2775 2033 2848 Absque

334 2916 353 2923 η
384 2856 602 2930 pietate
629 2876 763 2916 vero
797 2860 1006 2917 notitia
1031 2860 1294 2917 veritatis
1338 2862 1586 2918 delectat
1616 2863 1688 2918 ad
1721 2881 1979 2936 presens
2014 2882 2027 2919 :

314 2946 891 3015 -,,sed,eternitatem
921 2966 1035 3005 non
1066 2949 1245 3007 habet
1273 2951 1670 3024 premiorum,
1696 2969 1874 3025 quam
1906 2970 2034 3026 pro-

316 3035 549 3102 “misit
604 3053 719 3093 non
761 3039 1024 3105 mendax
1071 3038 1225 3095 Deus
1272 3042 1406 3096 ante
1449 3039 1662 3097 secula
1708 3046 1945 3106 eterna,
1978 3047 2035 3099 et

354 3125 783 3187 .manil'estavit
813 3142 942 3183 eam
973 3127 1339 3201 temporibus
1360 3128 1485 3185 suis
1516 3129 1577 3185 in
1612 3129 1842 3186 Christo
1867 3132 2029 3188 Jesu.

379 3213 485 3271 Cui
513 3218 716 3283 autem
746 3215 1019 3288 promisit
1067 3220 1223 3285 ante,
1254 3221 1312 3273 et
1344 3221 1547 3289 postea
1578 3218 1715 3274 fecit
1744 3234 1871 3275 esse
1903 3236 2031 3292 per-

2167 731 2320 801 quod
2375 736 2432 785 et
2482 732 2669 787 ceteri
2728 750 2842 787 non
2892 733 3272 802 immortales,
3306 740 3362 788 et
3406 736 3667 791 veritatis
3699 735 3817 792 sint

2164 824 2476 888 amatores,
2501 822 2598 876 sed
2634 822 2785 893 quod
2817 821 2914 877 ille
2937 822 3097 877 solus
3130 822 3473 879 naturaliter
3502 825 3597 887 sit,
3620 829 3676 880 et
3699 826 3808 881 im-

2166 908 2452 979 mortalis,
2485 914 2543 965 et
2591 926 2783 965 verus.
2817 912 3013 966 Ceteri
3064 928 3195 968 vero
3228 911 3725 968 immortalitatem
3756 919 3814 970 et

2160 998 2461 1053 veritatem
2487 1015 2556 1053 ex
2574 998 2880 1070 largitione
2904 999 3063 1054 illius
3092 1006 3543 1073 consequantur,
3567 1007 3624 1057 et
3653 1001 3811 1058 aliud

2161 1084 2240 1140 sit
2267 1102 2466 1141 verum
2513 1103 2663 1150 esse,
2696 1088 2837 1159 quid
2870 1087 3083 1144 habere
3115 1093 3129 1124 ¹
3168 1106 3266 1161 per
3298 1096 3481 1145 semet
3515 1108 3528 1145 :
3562 1090 3720 1146 aliud
3752 1092 3813 1147 in

2161 1178 2446 1245 potestate
2475 1176 2749 1232 donantis
2781 1194 2908 1233 esse
2956 1179 3109 1249 quod
3142 1178 3381 1234 habeas.
3416 1179 3525 1235 Sed
3562 1196 3666 1235 nec
3697 1179 3807 1235 hoc

2160 1261 2391 1319 silentio
2426 1267 2893 1336 praetereundum
2919 1272 3078 1338 puto,
3099 1267 3391 1339 quomodo
3418 1284 3532 1323 non
3561 1269 3812 1324 mendax

2162 1352 2332 1418 Deus,
2365 1358 2498 1408 ante
2530 1358 2742 1409 eterna
2773 1355 3005 1422 secula,
3031 1361 3303 1410 eternam
3334 1357 3713 1428 spoponderit
3732 1358 3812 1412 vi-

2156 1443 2275 1495 tam
2312 1458 2325 1496 :
2358 1458 2427 1496 cx
2456 1457 2572 1513 quo
2612 1443 2783 1513 juxta
2831 1443 3140 1499 historiam
3191 1444 3448 1500 Gencsos
3499 1445 3686 1525 tactus
3718 1452 3810 1503 est

2157 1529 2436 1599 mundus,
2460 1535 2516 1585 et
2550 1547 2651 1603 per
2680 1532 2834 1587 vices
2866 1533 3126 1587 noctium
3160 1550 3225 1588 ac
3246 1533 3808 1599 dicrum,mensium

2154 1618 2372 1688 pariter
2422 1623 2478 1674 et
2531 1636 2842 1687 annorum,
2876 1626 3140 1692 tempora
3187 1616 3504 1676 constituta
3553 1629 3707 1677 sunt.
3743 1624 3806 1678 In

2153 1703 2263 1761 hoc
2294 1706 2582 1763 curriculo
2614 1713 2672 1763 et
2702 1714 2826 1764 rota
2875 1710 3103 1781 mundi,
3136 1714 3401 1781 tempora
3432 1710 3716 1766 labuntur
3747 1717 3804 1767 et

2151 1794 2413 1863 veniunt,
2436 1801 2493 1851 et
2516 1802 2618 1852 aut
2660 1797 2857 1853 futura
2887 1802 3045 1866 sunt,
3072 1802 3173 1852 aut
3200 1798 3450 1853 fuerunt.
3477 1797 3639 1854 Unde
3670 1800 3802 1871 qui-

2153 1883 2287 1938 dam
2321 1884 2805 1958 philosophorum
2840 1904 2954 1942 non
2989 1892 3198 1959 putant
3227 1903 3355 1941 esse
3388 1892 3620 1958 tempus
3653 1906 3795 1960 pre-

2149 1988 2307 2043 sens,
2341 1973 2442 2028 sed
2476 1978 2576 2029 aut
2607 1976 2987 2045 pretcritum,
3008 1980 3109 2029 aut
3140 1977 3403 2029 futurum
3430 1993 3443 2031 :
3468 1976 3608 2047 quia
3627 1994 3801 2033 omne

2148 2061 2301 2133 quod
2352 2062 2672 2134 loquimur,
2706 2063 2958 2135 agimus,
2995 2063 3344 2134 cogitamus,
3377 2068 3479 2119 aut
3524 2064 3665 2119 dum
3712 2067 3801 2132 ﬁt,

2147 2150 2422 2221 preterit,
2457 2156 2557 2205 aut
2588 2151 2637 2206 si
2669 2152 2929 2207 nondum
2978 2153 3192 2207 factum
3227 2157 3335 2217 est,
3368 2158 3796 2224 exspectamus.

2144 2242 2294 2294 Ante
2311 2238 2431 2294 hec
2455 2240 2634 2311 igitur
2651 2240 2854 2294 mundi
2878 2244 3163 2312 tempora,
3184 2241 3561 2296 aeternitatem
3587 2248 3799 2313 quam-

2144 2326 2279 2382 dam
2339 2328 2684 2383 seculorum
2745 2328 2928 2384 fuisse
2992 2330 3348 2384 credendum
3407 2335 3517 2395 est,
3581 2332 3797 2403 quibus

2143 2432 2375 2489 semper
2399 2434 2533 2472 cum
2588 2416 2732 2473 Filio
2762 2422 2817 2472 et
2848 2418 3068 2489 Spiritu
3119 2424 3318 2473 sancto
3373 2420 3544 2474 fuerit
3573 2424 3743 2475 Pater
3773 2438 3785 2477 :

2142 2509 2220 2571 et,
2244 2510 2309 2559 ut
2339 2506 2421 2561 ita
2444 2506 2656 2573 dicam,
2688 2524 2871 2561 unum
2896 2512 3130 2579 tempus
3154 2507 3277 2573 Dei,
3302 2512 3387 2564 est
3419 2509 3613 2565 omnis
3633 2514 3793 2565 eter-

2144 2594 2299 2650 nitas
2334 2611 2347 2651 :
2382 2596 2500 2650 imo
2531 2594 2986 2652 innumerabilia
3014 2602 3277 2667 tempora
3307 2602 3467 2668 sunt,
3501 2613 3633 2653 cum
3666 2598 3795 2653 infi-

2137 2668 2300 2738 nitus
2322 2683 2400 2738 sit
2428 2685 2552 2755 ipse
2583 2684 2682 2756 qui
2715 2690 2848 2740 ante
2878 2690 3142 2755 tempora
3163 2702 3334 2740 omne
3364 2691 3598 2757 tempus
3627 2703 3789 2742 exce-

2141 2771 2244 2826 dit.
2267 2772 2377 2827 Sed
2399 2771 2559 2828 mille
2578 2774 2825 2828 necdum
2855 2772 3039 2828 nostri
3062 2774 3221 2828 orbis
3246 2773 3563 2845 implentur
3578 2775 3717 2830 anni
3744 2780 3783 2830 ίε

2140 2865 2199 2914 et
2259 2869 2507 2931 quantas
2575 2861 2738 2932 prius
2796 2861 3167 2925 eternitates,
3228 2866 3447 2933 quanta
3503 2866 3786 2934 tempora,

2142 2954 2392 3022 quantas
2418 2949 2757 3005 seculorum
2782 2950 3036 3021 origines
3058 2950 3239 3005 fuisse
3253 2950 3659 3005 arbitrandum
3681 2956 3790 3019 est,

2141 3037 2201 3093 in
2233 3037 2450 3109 quibus
2470 3038 2697 3109 Angeli,
2718 3039 2958 3104 Throni,
2980 3038 3438 3107 Dominationes,
3455 3044 3791 3111 cetereque

2094 3164 2113 3170 -
2140 3126 2385 3182 virtutes
2416 3127 2721 3183 servierint
2752 3128 2869 3183 Deo
2904 3146 2916 3184 :
2950 3132 3007 3181 et
3036 3128 3259 3199 absque
3290 3133 3621 3200 temporum
3651 3128 3789 3184 vici-

2144 3215 2255 3271 bus
2277 3220 2450 3281 atque
2473 3216 2787 3281 mensuris,
2812 3217 2927 3271 Deo
2945 3217 3186 3284 jubente
3217 3216 3583 3272 substiterint
3608 3217 3619 3272 Ι
3646 3219 3791 3272 Ante

312 3352 329 3358 -
356 3302 804 3375 .spicuamynisi
836 3304 1135 3378 sapientiae
1160 3322 1300 3374 sue,
1333 3323 1459 3378 que
1480 3312 1606 3363 erat
1634 3323 1867 3379 semper
1895 3281 2028 3364 cum
2062 3281 2106 3349 C
2145 3303 2266 3360 hec
2299 3304 2494 3376 itaque
2516 3305 2716 3360 omnia
2746 3310 3030 3376 tempora,
3059 3322 3184 3376 que
3216 3321 3320 3360 nec
3353 3322 3542 3360 sermo
3573 3305 3788 3378 eloqui,

326 3391 575 3459 -,.Patre,.
613 3408 752 3448 cum
798 3392 1095 3449 letarctur
1140 3394 1281 3451 orbe
1331 3394 1605 3469 perfecto,
1651 3400 1709 3451 et
1752 3396 2031 3469 gauderet

312 3494 558 3553 msuper
591 3480 726 3539 ﬁliis
756 3480 1086 3549 hominum,
1111 3486 1169 3538 et
1197 3482 1532 3556 repromisit
1560 3498 1660 3540 eos
1690 3484 2030 3557 quicunque

308 3630 313 3633 κ
360 3568 439 3625 .in
467 3568 571 3625 illa
598 3569 876 3637 credituri
906 3576 1127 3640 essent,
1155 3570 1461 3629 habituros
1492 3588 1621 3629 esse
1649 3573 1832 3628 vitam
1864 3578 2027 3630 eter-

312 3706 331 3711 -
374 3671 514 3713 nam
534 3656 563 3712 ?
590 3661 925 3731 Antequam
956 3658 1116 3715 orbis
1161 3659 1388 3730 jaceret
1432 3659 1835 3731 fundamenta,
1865 3666 2027 3718 ante-

306 3760 555 3817 rquam
589 3737 778 3815 maria
820 3746 1191 3814 diffunderet,
1225 3751 1454 3805 montes
1483 3752 1782 3816 statueret,
1817 3749 2027 3806 celum

306 3835 785 3907 -,.suspendsret,
833 3840 1051 3893 terram
1104 3836 1329 3909 dejecta
1376 3836 1528 3894 mole
1580 3838 1879 3905 solidaret,
1907 3839 2028 3896 hec

314 3923 720 3995 _..rspromisit
747 3924 923 3995 Deus,
956 3926 1015 3982 in
1046 3942 1163 3997 quo
1210 3926 1583 3982 mendacium
1613 3944 1730 3983 non
1760 3931 1867 3983 est.
1900 3928 2026 3984 Non

314 4011 535 4086 “quia,
540 4012 733 4085 possit
755 4014 1013 4081 mentiri,
1036 4018 1096 4070 et
1125 4013 1270 4071 nolit
1299 4014 1358 4070 in
1389 4014 1663 4072 falsitatis
1689 4016 1864 4073 verba
1893 4034 2026 4089 pro-

304 4136 323 4155 ι
373 4117 649 4174 rumpere
678 4118 695 4156 ε
731 4104 833 4159 sed
864 4100 1007 4175 quia
1036 4103 1136 4176 qui
1156 4107 1332 4179 pater
1361 4103 1439 4159 sit
1478 4103 1761 4172 veritatis,
1796 4105 2024 4161 nullum

302 4236 317 4243 -
370 4188 531 4249 inse
557 4189 736 4247 habet
765 4189 1160 4261 mendacium,
1192 4193 1519 4249 secundum
1553 4192 1731 4249 illud:
1754 4195 1891 4249 Fiat
1920 4211 2025 4250 au-

508 4279 648 4337 Dcus
692 4296 864 4349 verax
891 4298 910 4335 :
940 4282 1121 4337 omnis
1140 4342 1141 4349 η
1163 4283 1347 4355 autem
1374 4281 1533 4338 homo
1578 4282 1818 4339 mendax
1840 4283 2024 4354 (Rom.

312 4384 460 4435 ,μηδ
491 4367 565 4439 4).
590 4368 915 4441 Propterea
943 4374 1140 4427 autem
1172 4386 1289 4426 non
1314 4371 1566 4429 mendax
1587 4371 1741 4427 Deus
1763 4372 1977 4427 dicitur
2010 4390 2023 4428 :

298 4490 327 4522 ί,
362 4455 588 4523 etenim
616 4457 724 4527 [Αι.
757 4458 835 4529 et]
886 4458 1427 4529 cumjurejurando
1480 4460 1744 4530 quedam
1799 4460 1858 4514 in
1890 4477 2024 4533 pro-

319 4542 571 4616 ,qphetis
600 4543 927 4616 pollicetur,
961 4550 1026 4601 ut
1068 4562 1173 4601 nos
1220 4545 1547 4602 securiores
1595 4547 1802 4618 effecti,
1837 4549 2027 4621 magis

2140 3408 2246 3449 nec
2277 3408 2443 3451 mens
2492 3393 3010 3465 comprehendere,
3044 3409 3145 3447 nec
3177 3393 3448 3465 cogitatio
3478 3393 3653 3449 tacita
3686 3412 3788 3450 au-

2140 3483 2238 3537 det
2284 3482 2589 3553 attingere,
2622 3482 2889 3554 promisit
2938 3483 3090 3537 Deus
3120 3487 3293 3537 Pater
3343 3482 3641 3554 sapientie
3674 3500 3791 3539 sue

2138 3571 2396 3625 Verbum
2454 3586 2651 3636 suum,
2680 3576 2738 3625 et
2794 3572 2981 3642 ipsam
3015 3570 3361 3642 sapientiam
3394 3588 3586 3637 suam,
3622 3576 3677 3627 et
3705 3572 3788 3625 vi-

2137 3664 2257 3714 tam
2290 3675 2493 3714 eorum
2516 3660 2613 3731 qui
2647 3660 2943 3715 creduturi
2968 3664 3152 3724 erant,
3180 3660 3400 3715 mundo
3432 3677 3560 3716 esse
3588 3665 3790 3715 ventu-

2138 3764 2286 3803 ram.
2333 3748 2653 3821 Diligenter
2701 3749 2981 3804 attendite
3028 3753 3249 3803 textum
3281 3753 3338 3804 et
3390 3749 3654 3804 ordinem
3706 3748 3791 3804 le-

2136 3837 2347 3893 ctionis
2378 3854 2392 3895 :
2425 3838 2703 3908 quoniam
2745 3838 2862 3893 vita
2890 3842 3105 3892 eterna
3148 3854 3326 3909 quam
3377 3855 3489 3893 non
3537 3838 3793 3893 mendax

2137 3930 2312 3998 Deus,
2354 3931 2488 3982 ante
2536 3927 2747 3982 secula
2796 3932 3009 3982 eterna
3059 3927 3352 3998 promisit,
3396 3943 3508 3981 non
3558 3925 3670 3981 alia
3718 3926 3793 3981 sit

2137 4016 2359 4087 absque
2393 4016 2567 4071 verbo
2599 4015 2722 4071 Dei.
2760 4015 3150 4070 Manifestnvit
3179 4014 3358 4079 enim,
3391 4014 3603 4085 inquit,
3637 4018 3786 4069 tem-

2136 4103 2377 4176 poribus
2407 4104 2532 4159 suis
2577 4105 2818 4159 verbum
2851 4120 3023 4157 suum
3062 4122 3073 4158 :
3111 4105 3257 4173 Ergo
3300 4118 3474 4172 quam
3509 4102 3789 4173 promise-

2136 4196 2227 4248 rat
2254 4192 2431 4247 vitam
2482 4195 2778 4259 aeternam,
2811 4191 2940 4262 ipsa
2987 4197 3073 4245 est
3105 4191 3354 4244 Verbum
3400 4206 3596 4254 suum,
3630 4191 3785 4261 quod

2135 4281 2194 4336 in
2229 4280 2516 4353 principio
2548 4281 2700 4336 692
2734 4285 2858 4334 erat
2891 4281 3043 4350 apud
3080 4280 3307 4333 Patrem
3342 4296 3355 4332 :
3388 4282 3445 4333 et
3475 4279 3628 4333 Deus
3661 4283 3787 4334 erat

2136 4369 2420 4435 Verbum,
2450 4374 2507 4422 et
2548 4369 2806 4424 Verbum
2840 4384 2971 4422 caro
3026 4368 3242 4422 factum
3276 4372 3384 4433 est,
3417 4374 3473 4423 et
3502 4368 3788 4423 habitavit

2136 4457 2193 4512 in
2250 4457 2422 4512 nobis
2473 4458 2657 4527 (Joan.
2695 4474 2731 4523 I,
2769 4458 2875 4521 14).
2910 4458 3067 4522 Quod
3126 4461 3321 4511 autem
3355 4457 3608 4511 Verbum
3661 4456 3783 4522 Dei,

2135 4545 2245 4601 hoc
2275 4550 2386 4613 est,
2416 4546 2683 4601 Christus
2713 4546 2838 4616 ipse
2870 4545 2946 4599 sit
2972 4546 3110 4610 vita,
3145 4546 3200 4599 in
3234 4544 3347 4599 alio
3380 4545 3502 4599 loco
3535 4549 3786 4600 testatur

297 4648 684 4704 m-apcremns
732 4633 931 4693 futura
971 4650 1100 4691 esse
1128 4650 1258 4707 que
1308 4634 1587 4706 predicta
1630 4640 1792 4700 sunt,
1826 4643 1883 4691 et
1910 4642 2031 4693 tota
2060 4642 2106 4708 D
2138 4634 2335 4690 dicens
2370 4651 2382 4689 :
2418 4634 2527 4702 Ego
2556 4650 2677 4688 sum
2724 4635 2831 4688 vita
2865 4636 3041 4704 (Joan.
3077 4651 3189 4699 xiv,
3220 4634 3295 4700 6).
3329 4632 3461 4687 Vita
3504 4648 3638 4686 vero
3669 4648 3786 4686 non

376 4726 576 4779 mente
602 4722 931 4791 credentes,
963 4724 1036 4780 ad
1064 4724 1482 4796 consequenda
1527 4739 1593 4780 ea
1629 4739 1756 4795 que
1786 4731 2025 4781 ventura

314 4815 540 4882 ,βιζος
556 4827 984 4883 .preparemur.

394 4934 399 4943 ι
448 4898 586 4965 Non,
606 4900 682 4955 ab
703 4916 767 4956 re
792 4899 1020 4957 videtur
1042 4900 1291 4956 breviter
1312 4899 1723 4973 perstringere,
1747 4916 1852 4956 cur
1880 4902 2027 4958 Deus

292 4985 540 5051 ..,-,.s_olus
568 5003 763 5055 verax,
793 4992 849 5043 et
877 4988 1070 5045 omnis
1100 4988 1274 5044 homo
1307 4988 1575 5056 mendax,
1600 4988 1860 5059 Apostoli
1886 5006 2027 5067 {voce

356 5074 629 5133 .dicatur.
654 5078 723 5132 Et
751 5076 868 5132 nisi
895 5076 1082 5146 fallor,
1116 5078 1410 5150 quomodo
1446 5077 1609 5134 solus
1639 5078 1852 5134 habere
1881 5079 2024 5135 dici-

328 5163 1020 5233 ..turimmortalitatem,
1043 5181 1178 5221 cum
1199 5170 1256 5220 et
1275 5163 1512 5237 angelos
1528 5170 1584 5221 et
1605 5164 1820 5221 multas
1846 5166 2024 5222 ratio-

449 5289 464 5323 ί
517 5287 930 5345 Cistercienses
984 5305 1154 5356 mss.,
1206 5292 1259 5344 et
1309 5287 1464 5344 aliud
1518 5290 1594 5344 sit
1648 5306 1837 5345 verum
1890 5305 2023 5356 esse,

376 5358 521 5432 quod
550 5360 793 5432 habeas;
818 5359 1002 5432 aliud,
1031 5365 1142 5417 etc.

437 5431 468 5479 .²
499 5432 670 5504 Paria
717 5430 830 5497 his,
881 5430 999 5488 sive
1056 5448 1125 5487 ex
1179 5432 1433 5504 propria,
1483 5433 1603 5487 sive
1650 5448 1727 5504 ex,
1779 5431 2025 5488 aliorum

378 5503 918 5588 lon_tentia_profert
948 5504 1001 5559 S.
1039 5502 1248 5559 Doctor
1278 5502 1449 5588 epist.
1485 5504 1571 5588 t8,
1603 5502 1674 5557 ad
1701 5503 2025 5588 Damasum,

379 5589 439 5648 n.
466 5572 525 5642 7,
558 5572 872 5648 existitisse
904 5589 1112 5648 nempe
1147 5572 1390 5648 angelos
1421 5580 1733 5647 antequam
1769 5572 2029 5648 mundus

379 5644 492 5701 iste
523 5646 893 5713 conderetur,
913 5644 1060 5718 quin
1087 5644 1262 5701 etiam
1292 5651 1351 5701 et
1380 5644 1589 5718 lapsos
1606 5650 1775 5701 antea
1800 5661 1812 5700 ε
1839 5645 2027 5718 homi-

381 5730 607 5789 nesque
638 5717 1011 5790 postmodum
1062 5734 1131 5774 ea
1178 5725 1401 5774 creatos
1430 5717 1503 5774 de
1548 5733 1746 5785 causa,
1781 5721 1846 5773 ut
1874 5717 2027 5774 beati

2139 4722 2351 4793 brevis,
2383 4739 2499 4777 non
2550 4722 2846 4794 aliquibus
2894 4721 3338 4792 circumscripta
3382 4720 3783 4791 temporibus;

2139 4812 2241 4867 sed
2274 4816 2575 4883 perpetua,
2608 4812 2707 4867 sed
2740 4814 2953 4865 eterna
2983 4827 2997 4864 :
3033 4827 3158 4881 que
3209 4808 3585 4863 manifestata
3608 4812 3697 4863 est
3724 4808 3784 4862 in

2138 4900 2475 4956 novissimis
2508 4899 2757 4965 seculis,
2782 4900 2840 4953 in
2874 4897 3280 4969 predicatione
3307 4914 3432 4968 que
3464 4896 3680 4951 credita
3700 4901 3789 4952 est

2139 4988 2319 5045 Paulo
2353 4989 2573 5044 doctori
2604 4988 2890 5058 gentium,
2928 4993 2985 5041 et
3020 4987 3297 5058 magistro
3331 5002 3345 5039 :
3379 4990 3444 5039 ut
3473 4986 3787 5040 annuntia-

2138 5081 2297 5131 retur
2342 5077 2403 5131 in
2455 5079 2694 5143 mundo,
2728 5080 2783 5129 et
2833 5075 3171 5129 hominibus
3222 5081 3360 5128 nota
3408 5074 3787 5145 fieret,juxta

2137 5165 2451 5237 imperium
2480 5164 2795 5219 Salvatoris
2813 5164 2934 5235 Dei,
2954 5164 3055 5235 qui
3084 5164 3405 5219 nos-salvos
3427 5158 3561 5218 esse
3578 5163 3783 5227 voluit,

2138 5296 2317 5346 cetus
2347 5306 2659 5344 numerum
2707 5288 3035 5359 implerent.
3072 5286 3296 5342 Placuit
3326 5288 3447 5341 hec
3476 5292 3533 5342 et
3560 5286 3785 5343 Tertul-

2138 5362 2293 5417 liano
2316 5360 2623 5427 sententia,
2658 5360 3073 5430 nonnullisque
3096 5360 3225 5414 aliis
3252 5360 3550 5430 antiquis;
3583 5372 3783 5413 verum

2139 5432 2398 5503 etlonge
2429 5431 2685 5503 plurium
2740 5431 3000 5486 Ecclesie
3032 5436 3270 5486 Patrum
3321 5431 3670 5503 auctoritate
3701 5430 3785 5484 in-

2137 5502 2321 5560 valuit
2350 5502 2683 5585 Oppositum
2716 5503 2948 5569 dogma,
2984 5509 3039 5585 et
3071 5502 3647 5585 uelioribus‘nititur
3671 5518 3785 5583 .ar-

2182 5573 2457 5640 umentis,
2495 5573 2735 5645 angelos
2766 5592 2898 5629 cum
2934 5573 3097 5641 coelo,
3131 5580 3285 5630 terra
3317 5591 3382 5629 ac
3416 5574 3564 5639 luce,
3598 5573 3787 5645 prima

2182 5594 2457 5640 umentis,
2495 5594 2735 5645 angelos
2766 5594 2788 5628 ρ

2140 5594 2235 5703 gis
2267 5646 2471 5702 mundi
2506 5644 2788 5701 conditos.
