4066 6190
395 439 515 508 895
1641 435 1707 500 S.
1754 431 2066 500 EUSEBII
2112 430 2559 498 HlERONYMl
3652 432 3751 496 596

400 575 459 633 id
492 570 647 648 quod
681 570 976 647 pollicitus
1027 571 1216 629 fuerat
1263 570 1580 645 implendo.
1609 571 1823 627 Scribit
1852 574 2049 626 autem
2080 571 2130 633 Α
2165 588 2397 643 ponere,
2428 571 2543 626 nisi
2592 570 2966 627 architectus.
2993 568 3423 626 Fundamentum
3465 575 3629 624 autem
3660 583 3756 626 non

399 663 716 738 Apostolus
768 663 898 717 Tito
943 663 1266 718 charissimo
1295 663 1431 733 ﬁlio,
1466 663 1620 735 quod
1674 662 1866 718 Graece
1905 661 2048 716 dici-
2159 668 2237 720 est
2288 664 2447 719 aliud
2500 672 2706 736 praeter
2760 662 3039 719 Christum
3093 663 3277 718 Iesum
3324 660 3369 732 (Ι
3411 659 3524 714 Cor.
3557 658 3756 729 11511).

402 760 528 825 tur,
552 750 768 826 γνησίῳ
813 750 986 821 τέκνῳ
1017 756 1074 806 et
1124 751 1327 806 Latino
1383 768 1651 806 sermone
1700 768 1815 806 non
1865 755 2055 822 potest

404 841 678 916 explicari
727 857 741 894 :
794 841 1020 913 γνήσιος
1069 843 1224 895 enim
1270 840 1380 896 hoc
1440 840 1631 912 potius
1680 846 1869 909 sonat,
1919 856 2051 894 cum

409 931 543 1004 quis
572 929 749 999 ﬁdelis
796 935 853 984 et.
896 931 1170 1001 proprius,
1206 934 1260 983 et
1291 930 1377 1001 (ut
1407 930 1487 985 ita
1535 929 1749 1001 dicam)
1780 931 2056 1000 legitzmus

409 1020 534 1076 sive
551 1034 847 1090 germanus
872 1019 1093 1089 absque
1115 1018 1549 1089 comparatione
1581 1017 1822 1074 alterius
1853 1017 2056 1089 appel-

408 1108 585 1165 latur.
619 1109 701 1163 EX
731 1124 845 1179 quo
886 1106 1269 1178 intelligimus
1304 1107 1484 1162 fuisse
1514 1111 1571 1162 et
1617 1109 1677 1162 in
1728 1107 1865 1163 ﬁliis
1896 1106 2055 1162 Pauli

409 1197 726 1271 plurimam
782 1192 1190 1260 differentiam,
1242 1197 1397 1266 quod
1448 1195 1593 1251 alios
1650 1196 1890 1251 haberet
1932 1215 2062 1268 γνη-

410 1283 584 1355 σίους,
631 1285 689 1340 id
741 1289 850 1351 est,
902 1286 1366 1353 germanissimus,
1419 1284 1647 1357 sibique
1694 1285 2059 1354 conjunctos,

413 1378 472 1431 et
500 1374 571 1429 de
614 1390 749 1429 vero
799 1373 1192 1437 matrimonio,
1227 1390 1292 1429 ac
1341 1373 1411 1427 de
1457 1372 1641 1428 libera
1687 1378 2061 1445 procreatos:

415 1461 561 1519 alios
612 1478 745 1517 vero
798 1462 968 1534 quasi
998 1479 1066 1517 ex
1114 1461 1327 1517 ancilla
1358 1466 1427 1517 ‘et
1471 1480 1537 1517 ex
1590 1469 1762 1535 Agar,
1797 1462 1897 1533 qui
1949 1480 2064 1518 non

418 1556 667 1625 possunt
724 1551 1122 1606 hmreditatem
1191 1551 1449 1622 accipere
1500 1568 1634 1606 cum
1693 1551 1885 1607 liberae
1946 1551 2064 1607 ﬁlio

419 1641 600 1698 Isaac.
635 1641 835 1696 Sermo
868 1640 1082 1711 quippe
1125 1644 1181 1693 et
1209 1639 1516 1711 sapientia,
1550 1644 1607 1695 et
1655 1641 1921 1696 doctrina
1950 1657 2067 1711 qua

417 1728 585 1784 Titus
605 1727 821 1784 Christi
862 1727 1153 1783 Ecclesias
1194 1728 1540 1795 instruebat,
1570 1729 1902 1783 efﬁciebant
1929 1745 2064 1785 eum

415 1816 717 1890 proprium
749 1815 1004 1888 Apostoli
1040 1815 1248 1884 tilium,
1273 1821 1329 1872 et
1360 1818 1430 1872 ab
1464 1818 1620 1873 omni
1646 1818 1891 1873 aliorum
1927 1835 2063 1873 cou-

2160 753 2321 817 Quod
2346 753 2645 810 inferiores
2663 752 2913 809 artiﬁces
2932 757 3088 821 sunt,
3113 751 3172 806 hi
3196 754 3436 823 possunt
3450 749 3590 804 aedes
3612 765 3762 820 super

2164 844 2546 899 fundamenta
2596 849 2951 899 construere.
2986 841 3203 897 Paulus
3251 840 3445 912 itaque
3471 844 3531 895 ut
3558 839 3763 911 sapiens

2165 933 2543 1003 architectus,
2575 938 2633 988 et
2659 932 2768 988 hoc
2817 932 2978 987 omni
3008 930 3206 986 labore
3236 929 3597 1000 contendens,
3626 944 3690 984 ne
3715 927 3765 984 in

2166 1021 2506 1093 praeparatis
2559 1019 2926 1092 gloriaretur,
2968 1021 3068 1077 sed
3118 1019 3215 1076 ubi
3265 1018 3508 1074 necdum
3536 1016 3770 1072 Christus

2168 1110 2360 1166 fuerat
2390 1111 2795 1181 auuuutiatus,
2830 1114 3139 1183 postquam
3172 1109 3319 1165 dura
3346 1105 3682 1163 Cretensium
3712 1105 3773 1161 ad

2172 1199 2345 1255 ﬁdem
2405 1198 2618 1255 Christi
2676 1199 2851 1254 corda
2907 1196 3214 1264 mollierat,
3256 1200 3314 1252 et
3368 1200 3489 1251 tam
3538 1209 3776 1249 sermone

2173 1304 2349 1359 quam
2380 1287 2564 1360 signis
2596 1289 2956 1352 edomuerat,
2987 1290 3044 1342 et
3072 1286 3382 1342 edocuerat
3410 1300 3507 1339 eos
3536 1299 3643 1338 non
3668 1298 3778 1336 ver-

2172 1375 2447 1433 naculum
2464 1378 2684 1447 Jovem,
2704 1376 2802 1432 sed
2833 1376 2892 1430 in
2916 1376 3099 1431 Deum
3114 1375 3341 1430 Patrem
3365 1371 3496 1428 etin
3517 1370 3778 1425 Christum

2174 1465 2425 1529 credere,
2458 1464 2694 1536 reliquit
2722 1465 2916 1520 Titum
2969 1460 3327 1533 discipulum
3356 1460 3530 1515 Cretae
3556 1460 3617 1512 ut
3645 1456 3781 1511 rudi-

2176 1558 2372 1608 menta
2418 1553 2715 1609 nascentis
2756 1551 3022 1608 Ecclesiae
3064 1550 3457 1613 conﬁrmaret,
3486 1550 3543 1602 et
3591 1545 3635 1599 si
3665 1542 3784 1615 quid

2173 1642 2480 1698 videbatur
2521 1642 2742 1713 deesse,
2776 1641 3109 1713 corrigeret,
3139 1640 3266 1712 ipse
3296 1652 3541 1710 pergens
3570 1635 3637 1690 ad
3665 1632 3786 1689 alias

2174 1730 2459 1797 nationes,
2522 1735 2588 1786 ut
2638 1747 2876 1785 rursum
2932 1729 2990 1784 iu
3041 1729 3126 1785 eis
3181 1726 3392 1785 Christi
3439 1727 3648 1795 jaceret
3684 1723 3790 1776 fun-

2174 1819 2537 1873 damentum.
2560 1818 2722 1883 Quod
2748 1824 2940 1873 autem
2962 1818 3043 1873 ait
3066 1834 3079 1871 :
3104 1820 3244 1873 utea
3262 1830 3388 1887 qua?
3401 1813 3633 1881 deerant,
3646 1811 3791 1866 corri-

420 1906 602 1963 sortio
632 1910 992 1977 separatum.
1022 1905 1341 1961 Videamus
1374 1911 1505 1977 post
1535 1907 1652 1962 haec
1683 1908 1837 1979 quod
1871 1906 2064 1979 sequi-
2099 1937 2146 2002 Β
2173 1923 2350 1978 geres,
2383 1907 2639 1964 ostendit
2668 1908 2918 1963 necdum
2948 1923 3047 1963 eos
3079 1906 3151 1962 ad
3184 1904 3419 1977 plenam
3449 1900 3667 1958 venisse
3694 1897 3789 1955 sci-

419 1998 565 2049 tur:
601 1994 903 2051 Secundum
952 2010 1288 2050 communem
1327 1994 1518 2067 ﬁdem,
1554 2002 1892 2052 utrumnam
1944 2013 2066 2052 om-

426 2083 591 2139 nium
623 2082 724 2155 qui
754 2083 813 2138 in
841 2083 1068 2139 Christo
1099 2084 1433 2150 credebant,
1467 2102 1840 2141 communem
1861 2085 2070 2141 dixerit

425 2174 601 2231 fidem
636 2189 650 2230 :
685 2191 756 2229 an
779 2190 1173 2239 communem,
1201 2190 1369 2228 suam
1390 2179 1619 2229 tantum
1642 2180 1698 2230 et
1719 2174 1877 2230 Titi?
1909 2174 2071 2239 Quod

426 2263 664 2334 quidem
696 2262 841 2317 mihi
874 2261 1084 2317 melius
1116 2262 1347 2317 videtur
1396 2264 1640 2334 apostoli
1678 2264 1834 2319 Pauli
1869 2269 1925 2320 et
1954 2263 2071 2319 Titi

424 2352 602 2408 fidem
617 2351 799 2406 fuisse
815 2366 1392 2422 communem,quam
1407 2353 1671 2407 omnium
1686 2352 2069 2420 credentium;

426 2439 487 2494 in
535 2438 750 2510 quibus
800 2455 903 2511 pro
950 2438 1230 2494 varietate
1280 2440 1586 2511 mentium,
1638 2441 1783 2495 ﬁdes
1841 2458 2073 2512 quoque

425 2527 758 2584 communis
788 2542 917 2583 esse
949 2543 1063 2582 non
1100 2532 1343 2600 poterat,
1367 2529 1463 2584 sed
1491 2529 1737 2584 diversa.
1767 2530 1854 2584 Ad
1886 2535 2069 2585 extre-

427 2631 593 2671 mum
643 2616 903 2687 praefatio
959 2615 1252 2688 Epistolas.
1292 2622 1349 2672 et
1397 2617 1672 2674 salutatio
1720 2618 2073 2690 Praefationis

426 2702 689 2776 Apostoli
721 2704 792 2759 ad
841 2704 1060 2775 Titum,
1096 2704 1194 2760 tali
1241 2706 1354 2761 fine
1402 2706 1728 2778 completur
1761 2724 1773 2761 :
1810 2706 1995 2762 Gratia
2024 2712 2074 2763 et

426 2810 540 2864 pax
584 2810 620 2849 a
666 2794 768 2848 Deo
819 2795 983 2849 Patre
1011 2802 1061 2849 et
1105 2794 1317 2850 Christo
1364 2797 1491 2850 Jesu
1536 2796 1820 2851 Saluatore
1866 2801 2070 2851 nostra.

427 2881 557 2938 Sive
606 2881 760 2954 quod
808 2887 865 2938 et
910 2881 1116 2954 gratia,
1148 2888 1205 2938 et
1244 2901 1373 2955 pax,
1407 2887 1527 2938 tam
1579 2901 1612 2939 a
1644 2889 1755 2939 Deo
1786 2885 1951 2939 Patre
1998 2885 2076 2940 sit

428 2987 607 3043 quam
640 2986 674 3026 a
700 2970 928 3026 Christo
958 2971 1121 3039 Jesu,
1154 2975 1207 3026 et
1239 2976 1555 3043 utrumque
1585 2973 1657 3027 ab
1689 2979 1935 3044 utroque
1966 2973 2073 3027 da-

426 3064 554 3115 tum
587 3058 772 3131 possit
802 3058 1045 3131 intelligi
1079 3075 1092 3115 :
1128 3060 1248 3115 sive
1296 3061 1452 3131 quod
1501 3061 1790 3132 gratia'ad
1826 3062 2070 3127 Patrem,

428 3152 487 3203 et
518 3164 629 3219 pax
653 3149 938 3202 referatur
987 3148 1058 3202 ad
1093 3148 1323 3204 Filium.
1354 3149 1476 3204 Non
1528 3150 1749 3221 absque
1796 3148 2073 3221 scrupulo

426 3236 856 3292 transeundum
886 3241 993 3307 est,
1018 3238 1172 3308 quod
1192 3237 1545 3308 quibusdam
1580 3238 1889 3311 Apostolus
1920 3239 2073 3295 693

426 3324 782 3397 imprecatus
812 3329 920 3391 est,
951 3299 1015 3380 ut
1035 3299 1136 3380 eis
1168 3299 1355 3398 gratia
1384 3332 1441 3381 et
1472 3344 1580 3398 pax
1612 3299 2071 3398 multiplicaren-
2105 3299 2147 3365 (ἶ

428 3419 543 3482 tur,
577 3429 734 3468 nunc
764 3430 896 3469 vero
931 3415 1001 3469 ad
1028 3414 1224 3470 Titum
1279 3431 1391 3486 pax
1422 3420 1479 3468 et
1507 3416 1713 3486 gratia,
1749 3415 1874 3470 sine
1925 3414 2076 3469 mul-

428 3501 790 3574 tiplicatione
821 3502 940 3557 sint
974 3503 1195 3573 positae.
1221 3504 1339 3557 Noe
1362 3502 1448 3557 vir
1468 3504 1689 3575 justus,
1716 3507 1769 3558 et
1795 3504 2076 3575 naufrago

427 3590 567 3646 orbe
596 3589 762 3645 solus
792 3594 1057 3646 servatus
1085 3608 1199 3647 non
1235 3592 1450 3647 dicitur
1475 3592 1672 3663 plures
1704 3592 1943 3663 gratias,
1976 3593 2077 3648 sed

428 3694 609 3734 unam
637 3677 882 3750 gratiam
916 3679 1211 3736 invenisse
1243 3680 1302 3735 in
1338 3687 1657 3752 conspectu
1689 3681 1810 3738 Dei.
1837 3682 1904 3737 Et
1926 3682 2079 3754 Moy-

427 3783 522 3822 ses
551 3766 623 3821 ad
674 3766 986 3823 Dominum
1019 3784 1033 3822 :
1071 3768 1132 3823 Si
1160 3771 1369 3839 inveni,
1400 3769 1612 3841 inquit,
1647 3773 1884 3841 gratiam
1933 3771 2079 3842 apud

427 3860 480 3912 te
525 3856 715 3923 (Exod.
766 3873 967 3923 XXXIII,
1024 3858 1131 3928 13).
1184 3859 1251 3912 Et
1293 3858 1480 3913 sicubi
1527 3858 1663 3914 alibi
1714 3859 1773 3914 in
1828 3877 2081 3931 persona

426 3948 761 4001 sanctorum
823 3944 1013 4017 gratia
1068 3945 1262 4016 posita
1308 3954 1417 4013 est,
1463 3964 1653 4018 quaere
1710 3952 1767 4001 et
1819 3948 2078 4004 invenies

426 4033 534 4106 [AL
569 4032 868 4106 reperies],
905 4051 1020 4089 non
1054 4051 1154 4090 eos
1206 4034 1427 4107 gratias
1476 4035 1788 4104 invenisse,
1821 4039 1919 4092 sed
1954 4054 2079 4109 gra.

428 4123 593 4185 tiam.
628 4122 912 4178 Mercator
944 4121 1041 4178 ille
1071 4125 1142 4178 de
1172 4123 1482 4196 Evangelio
1514 4125 1612 4195 qui
1647 4124 1843 4196 plures
1874 4125 2080 4181 habuit

428 4211 798 4283 margaritas,
832 4212 903 4267 ad
936 4217 1262 4267 extremum
1296 4230 1472 4268 unam
1496 4213 1811 4286 pretiosam
1844 4214 2077 4285 reperit,

428 4314 606 4368 quam
640 4299 711 4354 de
742 4302 948 4356 multis
974 4301 1307 4374 margaritis
1339 4301 1525 4358 solam
1555 4303 1699 4357 emit
1723 4302 1931 4371 (Matth.
1956 4319 2079 4368 x111,

428 4386 541 4455 46).
575 4387 970 4444 Perfectorum
1004 4391 1225 4462 quippe
1267 4396 1357 4447 est
1387 4408 1564 4447 unam
1597 4392 1993 4464 margaritam,
2027 4395 2084 4445 et

429 4490 616 4529 unum
657 4474 1025 4544 thesaurum,
1089 4479 1368 4535 omnibus
1420 4480 1754 4551 margaritis
1801 4487 1857 4535 et
1902 4481 2083 4536 totius

429 4562 773 4620 substantia
823 4582 942 4621 suae
995 4583 1185 4623 emere
1245 4569 1641 4636 commercio;
1676 4569 2081 4640 incipientium

2179 1999 2395 2052 entiam
2427 1998 2688 2053 veritatis
2722 2014 2735 2051 :
2769 2002 2827 2051 et
2852 1995 2990 2051 licet
3017 1996 3088 2051 ab
3124 1992 3402 2067 Apostolo
3432 1988 3661 2046 correcti
3690 1987 3792 2042 fue-

2179 2086 2316 2154 rint,
2351 2092 2546 2141 tamen
2583 2085 2773 2141 adhuc
2802 2085 3062 2155 indigere
3093 2082 3472 2139 correctione.
3505 2078 3678 2136 Omne
3703 2091 3791 2130 au-

2179 2179 2296 2230 tem
2325 2176 2478 2247 quod
2528 2174 2856 2246 corrigitur,
2888 2173 3297 2244 imperfectum
3348 2174 3455 2227 est.
3487 2172 3626 2222 Nam
3670 2162 3792 2219 etin

2181 2264 2374 2319 Graeco
2406 2263 2834 2336 praepositionis
2856 2261 3124 2333 adjectio,
3148 2278 3265 2333 qua
3288 2258 3565 2316 scribitur
3583 2251 3794 2325 ἐπιδιορ-

2180 2352 2352 2419 θώση,
2388 2369 2502 2407 non
2556 2352 2813 2423 idipsum
2862 2355 3032 2406 sonat
3078 2350 3233 2422 quod
3285 2344 3578 2422 διαρθώσῃ,
3607 2344 3659 2398 id
3703 2344 3795 2405 est:

2181 2444 2499 2513 corrigeres,
2562 2442 2660 2497 sed
2712 2445 2779 2496 ut
2828 2440 2911 2496 ita
2958 2440 3171 2504 dicam,
3232 2437 3702 2510 supercorrigeres,
3744 2432 3797 2483 ut

2184 2531 2401 2586 scilicet
2449 2548 2515 2586 ea
2543 2547 2668 2602 quae
2718 2547 2752 2585 a
2781 2546 2875 2586 me
2926 2533 3185 2585 correcta
3222 2531 3384 2594 sunt,
3417 2525 3568 2582 694
3611 2525 3665 2577 et
3685 2534 3797 2575 nec-

2182 2620 2325 2675 dum
2357 2620 2427 2675 ad
2476 2619 2708 2691 plenam
2740 2619 2858 2674 veri
2906 2617 3123 2673 lineam
3155 2620 3299 2672 sunt
3328 2618 3576 2671 retracta
3600 2610 3698 2683 [AL
3723 2622 3801 2662 re-

2182 2710 2473 2780 tractata],
2510 2725 2543 2763 a
2570 2713 2626 2763 te
2653 2708 3041 2780 corrigantur,
3076 2710 3133 2761 et
3178 2721 3345 2761 norm
3364 2720 3458 2761 am
3488 2696 3805 2773 aaqualitatis

2182 2797 2491 2868 accipiant.

2258 2907 2287 2935 «
2310 2887 2377 2940 Et
2399 2886 2507 2957 [Αἰ.
2535 2886 2647 2956 Ut].
2671 2885 2994 2942 constituas
3032 2901 3131 2956 per
3153 2883 3452 2946 civitates,
3475 2879 3807 2953 presbyteros

2184 2974 2337 3030 sicut
2365 2991 2469 3045 ego
2501 2972 2606 3031 tibi
2635 2974 2919 3046 disposui.
2956 2997 2983 3023 »
3012 2973 3267 3029 Audiant
3306 2969 3573 3044 episcopi
3600 2965 3693 3039 qui
3719 2962 3807 3018 ha-

2184 3064 2322 3118 bent
2350 3061 2744 3118 constituendi
2798 3062 3167 3134 presbyteros
3219 3076 3321 3132 per
3358 3059 3535 3115 urbes
3574 3049 3807 3125 singulas

2186 3154 2555 3223 potestatem,
2591 3152 2701 3215 sub
2750 3150 2907 3222 quali
2940 3148 3066 3222 lege
3112 3147 3532 3205 ecclesiastica:
3561 3140 3811 3200 constitu-

2185 3240 2362 3295 tionis
2392 3240 2532 3296 ordo
2561 3244 2827 3295 teneatur
2857 3257 2870 3294 :
2903 3255 3008 3294 nec
3040 3241 3245 3311 putent
3270 3234 3529 3308 apostoli
3554 3233 3715 3288 verba
3738 3245 3810 3284 es-

2187 3345 2269 3394 se,
2302 3329 2402 3384 sed
2435 3328 2672 3398 Christi,
2697 3329 2795 3399 qui
2820 3329 2891 3384 ad
2915 3325 3235 3399 discipulos
3256 3326 3336 3380 ait
3389 3343 3401 3381 :
3435 3325 3546 3395 Qui
3570 3338 3655 3379 vos
3680 3333 3810 3392 sper-

2185 3420 2288 3485 nit,
2325 3434 2408 3472 me
2454 3420 2663 3489 spernit
2715 3418 2811 3488 qui
2837 3420 3021 3472 autem
3067 3432 3154 3472 me
3186 3416 3429 3487 spernit,
3469 3411 3671 3486 spernit
3705 3422 3810 3464 eum

2186 3508 2284 3576 qui
2310 3522 2396 3560 me
2409 3507 2564 3560 misit
2585 3507 2734 3577 (Luc.
2760 3525 2812 3571 χ,
2838 3506 2946 3577 16).
2970 3505 3063 3560 Sic
3084 3509 3140 3559 et
3165 3503 3268 3576 qui
3287 3520 3401 3560 vos
3426 3502 3589 3559 audit
3612 3513 3697 3555 me
3722 3511 3810 3552 au-

2186 3594 2273 3648 dit
2305 3611 2318 3649 :
2354 3593 2454 3665 qui
2484 3598 2679 3649 autem
2714 3610 2805 3648 me
2835 3593 3019 3656 audit,
3039 3593 3205 3648 audit
3224 3607 3367 3647 eum
3401 3591 3500 3665 qui
3532 3605 3620 3645 me
3650 3583 3809 3642 misit.

2184 3682 2265 3737 EX
2294 3699 2409 3754 quo
2434 3682 2809 3737 manifestum
2843 3687 2951 3752 est,
2975 3698 3073 3737 eos
3104 3679 3228 3753 qui,
3252 3678 3519 3751 Apostoli
3549 3678 3668 3750 lege
3686 3688 3811 3730 cou-

2185 3775 2427 3843 tempta,
2460 3771 2921 3827 ecclesiasticum
2962 3771 3207 3843 gradum
3258 3785 3382 3825 non
3416 3768 3619 3824 merito
3646 3763 3815 3819 volue-

2187 3859 2304 3915 rint
2332 3859 2503 3915 alicui
2536 3861 2779 3931 deferre,
2812 3860 2913 3915 sed
2946 3859 3156 3932 gratia,
3189 3862 3399 3914 contra
3427 3856 3710 3913 Christum
3738 3849 3812 3905 fa-

2187 3966 2335 4017 cere,
2373 3951 2474 4021 qui
2506 3949 2698 4021 qualis
2745 3949 2805 4003 in
2836 3947 3093 4004 Ecclesia
3141 3948 3451 4020 presbyter
3479 3941 3813 4002 constituen-

2188 4038 2300 4094 dus
2313 4038 2390 4094 sit
2405 4035 2857 4109 perApostolum
2872 4053 3045 4093 suum
3058 4036 3117 4091 in
3133 4051 3353 4108 sequen
3366 4030 3813 4091 tibusexseeutus

2189 4130 2299 4181 est.
2330 4127 2556 4197 Moyses
2600 4125 2827 4181 amicus
2859 4125 2982 4194 Dei,
3022 4124 3116 4180 cui
3148 4123 3292 4180 facie
3321 4124 3399 4180 ad
3455 4123 3655 4178 faciem
3681 4117 3814 4173 Deus

2189 4213 2419 4269 locutus
2442 4223 2531 4269 est
2553 4215 2728 4285 (Deut.
2751 4232 2805 4281 v,
2832 4216 2861 4268 4
2882 4232 2896 4282 ;
2919 4231 3109 4278 XXXIV,
3135 4214 3245 4286 10),
3269 4214 3467 4285 potuit
3494 4210 3689 4282 utique
3707 4218 3817 4261 suc-

2190 4320 2452 4359 cessores
2485 4301 2866 4374 principatus,
2901 4302 3052 4358 ﬁlios
3092 4319 3231 4358 suos
3261 4302 3478 4368 facere,
3510 4303 3568 4355 et
3596 4291 3819 4371 posteris

2192 4391 2489 4463 propriam
2521 4390 2852 4461 relinquere
2880 4390 3225 4464 dignitatem
3251 4409 3266 4453 :.
3300 4391 3411 4445 sed
3441 4392 3740 4444 extrahens
3757 4378 3819 4433 de

2192 4479 2305 4535 alia
2333 4479 2489 4535 tribu
2524 4479 2760 4551 eligitur
2785 4481 2977 4547 Jesus,
3010 4484 3076 4533 ut
3104 4478 3400 4534 sciremus
3452 4475 3821 4550 principatum

2190 4568 2251 4622 in
2282 4568 2527 4640 populos
2551 4586 2661 4624 non
2685 4567 2957 4640 sanguini
2987 4568 3367 4624 deferendum
3395 4581 3547 4632 esse,
3571 4561 3667 4619 sed
3689 4556 3818 4612 vita-

427 4668 563 4708 vero
593 4657 648 4708 et
679 4653 871 4710 adhuc
899 4655 959 4709 in
989 4655 1195 4711 itinere
1217 4657 1795 4728 positorum,nedum
1822 4675 1999 4713 unam
2022 4662 2079 4712 et
2112 4664 2152 4726 [)
2194 4663 2267 4710 At
2299 4674 2452 4711 nunc
2481 4656 2776 4712 cernimus
2827 4656 3110 4729 plurimos
3140 4656 3291 4711 hanc
3335 4671 3462 4712 rem
3493 4646 3819 4709 beneﬁcium

431 4741 642 4814 solam,
677 4744 778 4799 sed
812 4743 1009 4816 plures
1041 4745 1255 4801 habere
1286 4746 1655 4819 margaritas.

505 4831 688 4904 (Vere.
718 4833 800 4906 5.)
834 4856 862 4883 ι(
894 4834 1083 4905 Hujus
1129 4835 1211 4890 rei
1243 4835 1432 4908 gratia
1461 4836 1669 4907 reliqui
1702 4841 1758 4891 te
1788 4837 1988 4903 Cretaa,
2022 4842 2086 4892 ut

434 4935 503 4976 ea
533 4937 662 4991 quas
695 4922 937 4978 deerant
966 4922 1304 4997 corrigeres.
1344 4946 1371 4972 ›ι
1404 4925 1750 4996 Apostolicae
1783 4924 2086 4997 dignitatis

433 5012 524 5063 est
542 5007 807 5065 Ecclesiae
817 5012 1012 5082 jacere
1031 5013 1503 5079 fundamentum,
1528 5014 1680 5084 quod
1702 5030 1871 5069 nemo
1894 5019 2086 5086 potest

508 5113 525 5148 ³
558 5112 822 5191 Codicem
860 5122 1060 5191 ms._S.
1088 5118 1321 5173 Martini
1352 5136 1387 5175 a
1410 5120 1644 5191 Campis
1666 5125 1723 5175 et
1750 5120 1895 5177 alios
1925 5138 2085 5176 secu-

435 5184 479 5241 ti
508 5200 734 5263 sumus.
765 5190 929 5263 Apud
984 5189 1290 5263 Erasmum
1341 5184 1609 5262 corrupte
1645 5191 1896 5260 legimus
1930 5209 1942 5246 :
1974 5194 2086 5263 Qui

433 5261 659 5334 possunt
690 5259 942 5315 Ecclesiae
967 5260 1096 5331 plus
1136 5262 1404 5334 prodesse,
1438 5272 1489 5317 et
1512 5259 1579 5317 in
1607 5259 1843 5320 Ecclesia
1874 5259 2085 5334 erigere

432 5328 741 5408 columnas.
777 5328 1087 5408 Marianos
1132 5328 1398 5408 peiorem
1437 5352 1504 5408 cX
1553 5335 1779 5408 decreto
1825 5328 2080 5391 Gratiani

434 5398 741 5455 lectionem
774 5402 831 5455 iu
862 5398 1275 5469 Hieronymum
1303 5405 1532 5469 invexit,
1564 5407 1765 5463 dicens
1800 5423 1811 5460 :
1846 5408 1908 5462 At
1940 5423 2085 5462 nunc

431 5472 708 5526 cemimus
753 5474 1025 5543 plurimos
1071 5472 1213 5548 hanc
1260 5492 1377 5531 rem
1408 5478 1733 5546 bene/icium
1778 5480 1981 5548 facere,
2027 5486 2084 5533 ut

434 5559 543 5621 non
576 5552 831 5613 quaerant
878 5560 963 5601 eos
983 5548 1049 5621 in
1085 5547 1322 5621 Ecclesia
1364 5549 1648 5603 rolumnas
1695 5547 1923 5620 erigere,
1955 5547 2085 5621 quos

432 5616 560 5692 plus
608 5617 1239 5692 coynoscant__Ecetesiaz
1282 5622 1530 5688 prodesse
1574 5623 1599 5675 Γ
1637 5621 1728 5676 sed
1775 5616 1924 5692 quos,
1965 5616 2079 5692 etc.

435 5690 589 5759 certe
619 5703 732 5742 nou
755 5688 1307 5759 contuliteditiones
1337 5706 1470 5744 cum
1491 5688 2081 5759 codicibus'mss.,sed

437 5756 531 5812 hic
563 5758 901 5816 Gratianum
951 5756 1159 5818 habuit
1187 5778 1289 5832 pro
1340 5764 1708 5833 Hieronymo.
1745 5765 1891 5835 Ergo
1940 5756 2080 5836 quid

2194 4749 2402 4817 facere,
2434 4752 2499 4801 ut
2536 4762 2653 4801 nou
2701 4750 2967 4817 quaerant
3011 4761 3130 4812 eos,
3164 4744 3264 4817 qui
3294 4747 3548 4817 possunt
3576 4733 3818 4795 Ecclesia

2195 4836 2327 4909 plus
2360 4836 2657 4906 prodesse,
2682 4834 2738 4888 in
2762 4833 3030 4889 Ecclesia
3058 4834 3278 4905 erigere
3309 4831 3653 4889 columnas'
3687 4841 3699 4880 ε
3732 4818 3819 4879 sed

2195 4942 2343 4997 quos
2372 4925 2456 4979 vel
2514 4924 2625 4996 ipsi
2674 4928 2894 4989 amant,
2938 4922 3022 4977 vel
3055 4938 3306 4995 quorum
3356 4925 3502 4977 sunt
3544 4909 3820 4984 obsequiis

2196 5014 2421 5069 deliniti
2447 5030 2458 5068 :
2481 5014 2568 5068 vel
2601 5029 2704 5083 pro
2735 5011 2951 5083 quibus
2968 5012 3256 5083 majorum
3279 5009 3577 5083 quispiam
3608 5013 3823 5074 rogave-

2196 5120 2329 5192 plus
2346 5124 2591 5192 possunt
2610 5119 2873 5192 Ecclesiae
2894 5118 3187 5190 prodesse,
3204 5122 3350 5192 _S_l_lnt
3367 5114 3633 5186 BJUSdem
3649 5104 3821 5192 PC0197

2197 5182 2297 5247 size
2328 5182 2633 5256 columnae,
2668 5196 2734 5245 ut
2760 5190 2857 5245 hic
2890 5182 3084 5244 monet
3110 5182 3613 5256 Sineron'ymus.
3649 5182 3707 5238 lu
3735 5191 3822 5256 ex-

2195 5262 2440 5334 emplari
2468 5280 2577 5318 ms.
2609 5249 3172 5334 Augustinianorum
3198 5259 3400 5334 Tolos,
3418 5249 3823 5334 legimusmlu-

2196 5326 2361 5389 rinz'os
2413 5335 2669 5390 honorem
2701 5326 3044 5403 ‘beneﬁcium
3096 5334 3304 5404 facere,
3355 5326 3711 5404 etc._'MAa'r_.
3767 5345 3823 5404 -τ

2195 5406 2508 5480 Victorius,
2542 5422 2716 5480 quem
2747 5393 3117 5480 Martianfeus
3164 5393 3429 5480 castigat,
3463 5393 3825 5480 locumnhu‘uc

2195 5494 2262 5531 ex
2281 5459 2661 5533 Cratiauo‘ita
2683 5459 2870 5531 reﬁxit
2901 5492 2914 5529 :
2940 5500 2966 5525 ‹‹
2989 5476 3114 5531 Non
3142 5459 3398 5546 quaera’ut
3418 5459 3530 5526 'eos
3550 5468 3616 5546 in
3649 5459 3822 5546 E_ccl.ef

2194 5548 2291 5603 siue
2308 5550 2613 5604 columnas
2629 5547 3030 5620 erigere,quos
3054 5534 3188 5617 plus
3211 5545 3563 5620 cognoscant
3576 5534 3821 5620 Ecclesig

2195 5622 2468 5692 prodesse
2520 5625 2627 5692 etc.
2664 5608 2918 5674 nvPauld
2972 5608 3104 5692 post
3160 5608 3393 5688 Aposloli
3439 5608 3822 5675 verba,vnostri

2196 5688 2338 5747 mss.
2372 5691 2611 5763 Apostoli
2634 5688 3220 5763 praeceptumlegunt.
