4066 6190
376 390 493 456 697

1231 385 1745 456 COMMENTAR.
1795 385 1879 448 lN
1922 380 2162 446 EPIST.
2211 379 2313 443 AD
2356 379 2631 453 'l‘lTUM,
2678 378 2848 442 CAP.
2894 370 2946 438 Ῑ.

3671 360 3789 424 518

377 525 477 594 rit,
506 527 586 592 et,
618 527 685 582 ut
714 522 1001 583 deteriora
1026 527 1272 591 taceam,
1305 524 1405 598 qui
1446 529 1512 581 ut
1558 523 1752 582 clerici
1802 525 2026 587 tierent,
2058 517 2111 583 Α
2140 526 2465 594 propterea,
2527 520 2591 572 ut
2649 512 3090 570 ostenderemus
3155 503 3308 598 apud
3366 504 3589 560 veteres
3613 588 3626 598 ‘
3652 514 3786 598 eos-

376 614 727 671 muneribus
757 614 1165 685 impetrarunt.
1199 615 1519 687 Diligenter
1549 615 1807 688 Apostoli
1852 616 2027 671 verba

380 704 759 761 attendemus
805 703 1135 760 dicentibus
1169 722 1181 759 :
1237 707 1301 762 Ut
1327 707 1625 762 constituas
1653 721 1752 777 per
1780 707 2027 761 civitates

375 793 740 868 presbyteros,
762 794 902 848 sicut
920 809 1024 867 ego
1047 794 1153 849 tibi
1169 795 1431 867 disposui.
1457 794 1562 861 Qui
1585 794 1775 866 qualis
1797 795 2029 866 presby-

378 888 469 939 ter
498 882 710 938 debeat
752 880 1028 948 ordinari,
1063 883 1119 938 in
1168 884 1663 955 consequentibus
1709 874 2023 951 disserens,

376 970 487 1027 hoc
531 969 616 1025 ait
647 987 661 1025 :
710 971 773 1026 Si
801 972 925 1042 quis
954 976 1035 1027 est
1063 972 1186 1027 sine
1210 974 1477 1039 crimine,
1496 975 1666 1027 unius
1695 973 1886 1028 uxoris
1915 973 2022 1038 vir,

378 1060 538 1134 (vers.
560 1059 640 1131 6.)
661 1064 720 1115 et
748 1064 971 1127 caetera,
996 1064 1199 1133 postea
1226 1060 1463 1118 intulit:
1496 1061 1714 1133 Oportet
1739 1063 1887 1117 enim
1915 1062 2027 1132 epi-

374 1166 595 1222 scopum
623 1149 745 1205 sine
762 1149 994 1206 crimine
1021 1166 1137 1206 esse
1169 1159 1435 1223 tanquam
1452 1153 1553 1207 Dei
1579 1151 2021 1222 dispensatorem.

375 1239 537 1311 (vers.
558 1237 638 1309 7.)
670 1236 828 1294 Idem
858 1242 948 1293 est
976 1254 1113 1311 ergo
1144 1240 1446 1313 presbyter
1474 1239 1575 1312 qui
1605 1244 1661 1295 et
1688 1240 2021 1311 episcopus,

374 1331 432 1385 et
459 1331 778 1400 antequam
809 1327 1027 1383 diaboli
1060 1328 1345 1387 instinctu
1390 1329 1589 1386 studia
1636 1330 1694 1384 in
1745 1329 2023 1400 religione

372 1416 598 1483 tierent,
626 1420 684 1473 et
713 1415 1003 1473 diceretur
1034 1416 1095 1472 in
1126 1417 1360 1491 populis
1386 1436 1400 1475 :
1438 1422 1546 1488 Ego
1569 1435 1692 1474 sum
1721 1420 1903 1486 Pauli,
1929 1433 2023 1488 ego

374 1505 585 1578 Apollo,
632 1520 728 1577 ego
772 1513 959 1561 autem
1008 1506 1201 1577 Cephea
1246 1507 1293 1577 (Ι
1322 1506 1441 1563 Cor.
1486 1525 1525 1574 ι,
1559 1508 1667 1577 12),
1723 1506 2022 1562 communi

373 1592 846 1666 presbyterorum
899 1593 1144 1650 concilio
1197 1594 1462 1652 Ecclesia:
1519 1595 2019 1667 gubernabantur.

372 1685 690 1755 Postquam
718 1698 855 1738 vero
886 1683 1295 1756 unusquisque
1322 1701 1422 1740 eos
1452 1701 1601 1757 quos
1630 1684 2024 1756 baptizaverat

373 1786 513 1828 suos
569 1770 816 1843 putabat
864 1787 1014 1841 esse,
1046 1788 1163 1828 non
1210 1772 1446 1841 Christi,
1480 1773 1538 1830 in
1586 1777 1705 1829 toto
1752 1773 1891 1829 orbe
1920 1773 2019 1828 de-

368 1864 592 1916 cretum
622 1863 733 1930 est,
768 1864 833 1915 ut
862 1877 1017 1917 unus
1047 1861 1118 1917 de
1151 1860 1505 1936 presbyteris
1539 1864 1579 1916 ί.
1617 1861 1767 1919 095
1802 1860 2021 1918 electus
2054 1885 2100 1950 Β

367 1952 867 2022 superponeretur
917 1951 1163 2015 czeteris,
1195 1951 1267 2006 ad
1319 1967 1495 2023 quem
1528 1950 1720 2006 omnis
1754 1950 2021 2007 Ecclesia:

373 2054 515 2095 cura
544 2037 876 2111 pertineret,
901 2042 957 2094 et
986 2038 1372 2095 schismatum
1405 2039 1631 2096 semina
1660 2038 2020 2095 tollerentur.

375 2126 546 2183 Putet
574 2125 680 2199 [Αι.
707 2126 891 2199 putat]
922 2126 1138 2200 aliquis
1167 2144 1283 2184 non
1309 2127 1768 2200 Scripturarum,
1793 2129 1895 2185 sed
1927 2146 2027 2185 no-

377 2220 560 2273 stram
591 2231 723 2272 esse
755 2215 1126 2281 sententiam,
1158 2215 1498 2290 episcOpum
1530 2221 1587 2273 et
1616 2217 2021 2291 presbyterum

376 2320 563 2361 unum
587 2309 806 2373 esse,et
827 2303 983 2360 aliud
1009 2305 1215 2372 aetatis,
1240 2305 1396 2361 aliud
1420 2322 1549 2362 esse
1573 2323 1786 2362 nomen
1811 2306 1984 2362 ofﬁcii
2008 2323 2020 2362 :

375 2392 596 2467 relegat
607 2393 865 2465 Apostoli
886 2394 958 2450 ad
994 2393 1399 2467 Pbilippenses
1415 2395 1592 2451 verba
1603 2394 1868 2451 dicentis:
1884 2397 2027 2450 Pau-

376 2482 460 2539 lus
488 2487 542 2538 et
576 2481 902 2540 Timothaeus
943 2484 1091 2539 servi
1115 2485 1240 2540 Jesu
1269 2486 1500 2551 Christi,
1534 2484 1779 2541 omnibus
1824 2486 2027 2540 sanctis

374 2573 437 2627 in
462 2571 674 2628 Christo
702 2573 829 2629 Iesu
850 2572 890 2641 ³,
912 2574 1011 2645 qui
1036 2580 1165 2629 sunt
1183 2572 1485 2646 Philippis,
1515 2590 1637 2628 cum
1668 2573 1776 2645 [ΑΙ.
1810 2574 1880 2643 et]
1910 2575 2026 2645 epi-

376 2662 556 2733 scopis
586 2663 638 2716 et
665 2660 910 2717 diaconis
936 2662 1118 2733 gratia
1148 2663 1294 2719 vobis
1314 2667 1366 2718 et
1387 2679 1503 2734 pax
1518 2662 1779 2734 (Philipp.
1807 2679 1843 2731 ι,
1872 2664 1920 2729 1,
1948 2665 2024 2730 2),

376 2753 436 2806 et
467 2749 714 2821 reliqua.
739 2748 1008 2822 Philippa
1027 2767 1144 2806 una
1165 2754 1255 2807 est
1283 2751 1425 2807 urbs
1445 2751 1811 2821 Macedoniae,
1836 2755 1893 2807 et
1914 2768 2029 2806 cer-

316 2870 339 2918 χ
377 2837 517 2894 tein
541 2855 662 2894 una
681 2837 912 2895 civitate
942 2838 1162 2911 plures,
1186 2844 1251 2895 ut
1280 2844 1714 2913 nuncupantur,
1737 2839 2030 2912 episcOpi’

378 2942 509 2983 esse
538 2942 655 2982 non
687 2930 974 2999 poterant.
1009 2928 1120 2984 Sed
1152 2929 1290 3000 quia
1319 2929 1554 2987 eosdem
1592 2928 1901 3001 episcopos
1928 2927 2028 2983 illo

381 3019 498 3071 tem
509 3030 646 3087 pore
668 3030 817 3086 quos
838 3019 893 3071 et
912 3016 1281 3089 presbyteros
1298 3016 1701 3090 appellabant:
1727 3021 2031 3089 propterea

380 3092 782 3160 indill'ereﬁter
827 3106 897 3161 de
939 3105 1228 3180 episcopis
1260 3105 1427 3179 quasi
1458 3107 1529 3163 de
1558 3105 1911 3179 presbyteris
1942 3109 2031 3161 est

381 3191 635 3249 locutus.
669 3192 876 3249 Adhuc
908 3193 1017 3250 hoc
1046 3194 1220 3252 alicui
1250 3196 1513 3251 videatur
1542 3194 1907 3268 ambiguum,
1940 3194 2029 3249 ni-

381 3281 433 3338 si
462 3280 642 3339 altero
674 3282 1009 3340 testimonio
1046 3284 1477 3356 comprobatur.
1515 3285 1575 3340 In
1610 3283 1854 3339 Actibus
1886 3300 2029 3356 apo-

383 3369 664 3427 stolorum
696 3371 980 3455 scriptum
1010 3377 1119 3441 est,
1152 3373 1308 3446 quod
1340 3390 1473 3430 cum
1502 3373 1759 3429 venisset
1788 3376 2030 3444 Aposto-
2098 3418 2105 3428 .

383 3459 477 3516 lus
491 3460 776 3529 Miletum,
791 3462 1347 3537 miseritEphesum,
1362 3466 1419 3518 et
1436 3462 1724 3519 vocaverit
1741 3463 2032 3536 presbyte-

382 3566 479 3606 ros
513 3548 780 3606 Eeclesize
825 3551 1113 3622 ejusdem,
1146 3551 1365 3625 quibus
1416 3556 1617 3625 postea
1646 3550 1797 3606 inter
1826 3555 2031 3607 caetera

382 3637 465 3695 sit
493 3636 722 3694 loeutus
756 3654 768 3692 :
819 3639 1088 3696 Attendite
1136 3640 1303 3707 vobis,
1338 3644 1395 3696 et
1431 3642 1583 3696 omni
1625 3641 1806 3712 gregi,
1840 3641 1897 3695 in
1929 3654 2031 3710 quo

383 3741 475 3783 vos
501 3726 745 3798 Spiritus
772 3736 997 3785 sanctus
1040 3730 1221 3801 posuit
1266 3729 1544 3801 episcopos
1587 3744 1807 3799 pascere
1852 3728 2033 3783 Eccle-

384 3814 527 3869 sium
555 3815 795 3883 Domini,
826 3832 991 3887 quam
1018 3816 1309 3887 acquisivit
1355 3832 1453 3887 per
1497 3817 1831 3885 sanguinem
1874 3831 2035 3871 suum

386 3902 522 3971 (.lct.
554 3920 648 3972 xx,
677 3904 792 3975 28).
843 3907 912 3958 Et
966 3903 1059 3959 hic
1119 3902 1460 3975 diligentius
1516 3904 1835 3973 observate,
1887 3919 2030 3974 quo-

388 3992 563 4047 modo
616 3991 793 4048 unius
840 3991 1089 4049 civitatis
1136 3991 1345 4065 Ephesi
1396 3992 1764 4065 presbyteros
1794 4008 2029 4060 vocans,

386 4084 592 4155 postea
634 4082 869 4138 eosdem
919 4081 1223 4155 episcopos
1270 4082 1498 4139 dixerit.
1532 4082 1591 4138 Si
1624 4082 1759 4154 quis
1788 4081 1915 4139 vult
1946 4098 2032 4137 re-

388 4170 581 4242 cipere
631 4186 760 4227 eam
812 4169 1156 4243 Epistolam,
1188 4188 1314 4244 quae
1359 4172 1471 4228 sub
1502 4172 1739 4227 nomine
1768 4171 1932 4226 Pauli
1963 4171 2033 4226 ad

387 4259 661 4316 Hebraea
713 4259 934 4332 scripta
980 4265 1089 4327 est,
1121 4264 1179 4317 et
1220 4260 1299 4316 ibi
1330 4260 1631 4333 aequaliter
1658 4261 1812 4317 inter
1841 4260 2038 4333 plures

389 4345 659 4404 Ecclesia
682 4364 822 4404 cura
838 4348 1443 4421 dividitur.Siquidem
1464 4349 1535 4404 ad
1558 4348 1783 4421 plebem
1802 4348 2034 4405 scribit:

391 4438 596 4493 Parete
643 4438 989 4511 principibus
1038 4439 1252 4505 vestris,
1301 4445 1355 4493 et
1398 4439 1625 4509 subjecti
1671 4441 1886 4493 estote:
1931 4437 2041 4503 ipsi

390 4526 544 4581 enim
588 4534 717 4582 sunt
760 4528 860 4599 qui
902 4527 1137 4598 vigilant
1174 4542 1275 4598 pro
1310 4527 1608 4581 animabus
1636 4527 1850 4594 vestris,
1882 4527 2043 4598 quasi

2135 586 2267 667 dem
2292 608 2471 665 fuisse
2496 605 2864 679 presbyteros
2886 615 3032 671 quos
3054 601 3108 651 et
3132 594 3434 666 episcopos
3458 607 3470 646 :
3497 586 3780 662 paulatim

2135 716 2268 756 vero
2282 695 2792 753 utdissensionum
2815 681 3391 762 plantariacvellereu
3404 686 3496 735 tur
3507 681 3577 734 ad
3594 694 3780 733 unum

2136 805 2370 845 omnem
2421 782 2879 841 sollicitudinem
2929 791 3056 832 esse
3108 772 3381 828 delatam.
3428 768 3589 824 Sicut
3641 782 3777 838 ergo

2135 874 2458 950 presbyteri
2489 873 2684 929 sciunt
2730 886 2791 925 se
2840 884 2907 922 ex
2952 862 3217 921 Ecclesia:
3267 856 3686 954 consuetudine
3728 854 3778 954 ei

2135 944 2236 1039 qui
2266 944 2378 1021 sibi
2412 961 2756 1036 praepositus
2787 956 2979 1022 fuerit,
3014 969 3141 1009 esse
3173 949 3469 1039 subjectos
3502 962 3515 1000 :
3550 944 3630 1000 ita
3659 944 3780 1015 epi-

2135 1036 2294 1128 scopi
2326 1051 2589 1110 noverint
2619 1050 2772 1106 696
2805 1063 2866 1102 se
2906 1043 3093 1117 magis
3123 1036 3568 1128 consuetudine,
3601 1049 3781 1106 quam

2135 1124 2539 1218 dispositionis
2588 1137 2898 1195 Dominicis
2947 1132 3211 1200 veritate,
3254 1124 3605 1200 presbyteris
3653 1137 3782 1178 esse

2135 1216 2407 1303 maiores,
2440 1236 2495 1286 et
2526 1230 2583 1284 in
2616 1240 2925 1283 commune
2957 1222 3166 1277 debere
3198 1216 3510 1273 Ecclesium
3559 1227 3777 1284 regere,

2134 1323 2435 1379 imitantes
2458 1323 2710 1392 Moysen,
2734 1314 2832 1387 qui
2860 1329 2992 1369 cum
3016 1310 3256 1365 haberet
3283 1306 3339 1361 in
3374 1306 3655 1377 potestate
3679 1317 3779 1357 so-

2133 1412 2253 1468 lum
2290 1425 2535 1483 praeesse
2569 1405 2780 1479 populo
2812 1400 3010 1465 Israel,
3034 1396 3405 1469 septuaginta
3425 1392 3778 1483 elegit,‘c_um

2133 1479 2349 1574 quibus
2380 1496 2660 1570 populum
2686 1491 3176 1578 judicarethm.
3203 1504 3280 1552 x1,
3316 1485 3401 1578 te,
3440 1482 3545 1551 17.)
3576 1479 3784 1578 Videa-

2133 1568 2267 1647 mus
2322 1568 2499 1662 igitur
2547 1583 2737 1658 qualis
2780 1581 3098 1655 presbyter,
3132 1576 3253 1632 sive
3282 1573 3591 1646 episcopus
3622 1568 3781 1625 ordi-

2131 1680 2363 1736 nandus
2395 1678 2492 1733 sit.
3066 1756 3074 1758 Δ
3152 1755 3161 1758 Α
3347 1751 3357 1758 _
3606 1748 3616 1758 Ι
3707 1746 3718 1758 .

2203 1769 2477 1840 (Vers.6.)
2490 1788 2516 1815 ‹‹
2532 1764 2590 1820 Si
2609 1763 2741 1835 quis
2756 1758 2985 1816 estsine
2999 1755 3243 1812 crimine
3262 1751 3437 1840 unius
3455 1748 3653 1840 uxoris
3669 1748 3775 1818 vir,

2133 1837 2285 1914 filios
2305 1856 2528 1912 habens
2552 1851 2772 1917 fideles,
2791 1866 2904 1904 non
2927 1849 2986 1903 in
3011 1843 3378 1901 accusatione
3400 1837 3782 1904 luxuriaa,aut

2135 1965 2248 2004 non
2285 1945 2572 2002 subditos.
2611 1964 2637 1989 »
2693 1938 2953 1995 Primum
2987 1935 3187 2005 itaque
3217 1932 3341 1987 sine
3374 1927 3619 1985 crimine
3657 1925 3735 1980 sit
3765 1940 3780 1980 :

2134 2037 2286 2109 quod
2307 2038 2445 2107 puto
2460 2031 2573 2087 alio
2590 2029 2763 2085 verbo
2776 2028 2847 2082 ad
2860 2022 3229 2079 Timotheum
3247 2015 3784 2109 irrcprehensibilem

2134 2102 2499 2181 nominatum
2535 2121 2578 2189 (ι
2604 2120 2735 2174 Tim.
2770 2133 2857 2182 IlI,
2889 2115 2968 2185 2.)
3004 2130 3015 2169 :
3072 2127 3186 2166 non
3220 2107 3373 2181 quod
3407 2106 3512 2176 [Αἰ.
3547 2102 3684 2176 quo]
3716 2119 3783 2158 eo

2134 2219 2364 2271 tantum
2396 2216 2655 2282 tempore
2703 2222 2818 2277 quo
2864 2200 3227 2259 ordinandus
3259 2201 3365 2264 est,
3400 2196 3524 2251 sine
3556 2192 3675 2282 ullo
3706 2191 3786 2247 sit

2135 2302 2399 2369 crimine,
2432 2305 2486 2355 et
2518 2281 2838 2371 praeteritas
2878 2289 3140 2347 maculas
3171 2304 3317 2343 nova
3347 2281 3783 2340 conversatione

2136 2392 2409 2449 diluerit:
2446 2389 2547 2445 sed
2579 2404 2647 2443 ex
2678 2402 2744 2441 eo
2774 2389 3033 2453 tempore
3058 2395 3171 2451 quo
3204 2376 3262 2431 in
3284 2373 3511 2430 Christo
3543 2375 3781 2426 renatus

2135 2486 2246 2547 est,
2278 2479 2441 2536 nulla
2490 2475 2707 2550 peccati
2760 2468 3113 2527 conscientia
3163 2464 3580 2521 remordeatur.
3627 2461 3780 2550 Quo-

2136 2572 2309 2628 modo
2342 2549 2502 2625 enim,
2530 2568 2721 2639 potest
2758 2577 2972 2635 praeses
3002 2555 3271 2612 Ecclesiae
3303 2553 3529 2609 auferre
3560 2549 3782 2639 malum

2139 2662 2208 2717 de
2240 2659 2431 2715 medio
2462 2638 2612 2728 ejus,
2643 2652 2739 2723 qui
2772 2653 2829 2706 in
2860 2648 3071 2705 delicto
3103 2642 3279 2702 simili
3313 2638 3641 2698 corruerit?

2138 2767 2265 2814 qua:
2290 2726 2557 2803 libertate
2579 2742 2866 2814 corripere
2891 2740 3247 2810 peccantem,
3272 2747 3407 2786 cum
3431 2728 3647 2784 tacitus
3670 2726 3781 2782 sibi

2138 2840 2261 2912 ipse
2312 2834 2683 2907 respondeat,
2714 2830 2915 2887 eadem
2966 2822 3275 2912 admisisse
3326 2834 3450 2912 qua:
3498 2814 3786 2886 corripit?

2142 2909 2341 2998 Itaque
2393 2922 2491 2996 qui
2542 2921 2943 2992 episcopatum
2993 2911 3304 2975 desiderat,
3362 2909 3580 2998 bonum
3639 2920 3786 2975 opus

2140 2993 2451 3072 desiderat.
2486 3013 2533 3079 (I
2565 3011 2701 3064 Tim.
2732 3024 2814 3077 ιιι,
2852 3006 2899 3075 1)
2936 3007 3090 3074 Opus
3120 2998 3331 3071 inquit,
3360 3011 3471 3049 non
3502 2993 3786 3062 honorem,

2140 3121 2254 3160 non
2286 3103 2540 3173 gloriam.
2577 3099 2794 3168 Oportet
2822 3100 3006 3149 autem
3030 3090 3191 3145 illum
3220 3091 3270 3141 et
3302 3080 3791 3173 testimonium‘ha-

2142 3193 2264 3249 bere
2288 3170 2485 3247 bonum
2507 3190 2576 3243 ab
2596 3187 2680 3241 his
2703 3186 2797 3256 qui
2816 3183 2951 3253 [oris
2976 3186 3122 3247 sunt,
3145 3180 3203 3231 ut
3226 3192 3337 3229 non
3361 3175 3419 3228 in
3440 3170 3789 3244 opprobrium

2060 3252 2102 3320 Ο
2142 3281 2347 3339 incidat
2377 3284 2427 3335 et
2474 3282 2530 3333 in
2577 3252 2829 3346 laqueum
2860 3270 3068 3326 diaboli
3098 3265 3255 3337 (Ibid.
3286 3265 3363 3333 7).
3398 3260 3559 3326 Quod
3591 3262 3785 3315 autem

2139 3371 2238 3435 ait,
2262 3370 2430 3423 unius
2451 3367 2639 3421 uxoris
2662 3366 2764 3432 vir,
2791 3360 2874 3417 sic
2896 3355 3218 3428 intelligere
3238 3352 3520 3408 debemus
3544 3365 3556 3404 :
3584 3352 3648 3403 ut
3670 3363 3785 3402 non

2138 3475 2373 3517 omnem
2409 3468 2823 3525 monogamum
2855 3448 3089 3520 digamo
3121 3448 3393 3517 putemus
3424 3455 3551 3495 esse
3584 3436 3783 3493 melio-

2139 3565 2291 3615 rem;
2311 3547 2410 3603 sed
2431 3562 2545 3618 quo
2567 3544 2617 3598 is
2642 3541 2826 3614 possit
2848 3538 2916 3593 ad
2941 3532 3471 3605 monogamiam,et
3491 3526 3788 3618 continen-

2140 3638 2283 3695 tiam
2305 3615 2614 3697 cohortari,
2633 3631 2729 3703 qui
2755 3628 2845 3684 sui
2868 3624 3199 3695 exemplum
3223 3619 3488 3692 praeferat
3508 3616 3567 3671 in
3585 3615 3795 3670 docen-

2143 3730 2236 3785 do.
2266 3729 2403 3785 Esto
2429 3724 2646 3796 quippe
2672 3719 2927 3791 aliquem
2951 3708 3451 3803 adolescentulum
3481 3705 3794 3803 conjugem

2145 3814 2368 3890 perdidi
2378 3817 2566 3878 sse,et
2584 3809 2776 3865 carnis
2800 3802 3145 3861 necessitate
3167 3800 3529 3893 superatum,
3546 3800 3798 3893 accepis-

2147 3884 2209 3962 se
2227 3919 2463 3960 uxorem
2484 3899 3005 3966 secundam,quam
3019 3896 3075 3947 et
3093 3891 3281 3961 ipsam
3299 3884 3496 3940 statim
3512 3884 3796 3945 amiserit,

2146 3998 2204 4050 et
2224 3992 2498 4063 deinceps
2521 3988 2725 4044 vixerit
2741 3984 3133 4046 continenter;
3158 3976 3337 4031 alium
3361 3987 3493 4063 vero
3516 3985 3703 4041 usque
3723 3968 3796 4063 ad

2148 4059 2449 4139 senectam
2464 4077 2744 4134 habuisse
2762 4067 3291 4129 matrimonium,et
3308 4059 3503 4117 uxoris
3524 4073 3719 4127 usum,
3737 4061 3802 4111 ut

2149 4171 2409 4245 plerique
2440 4166 2779 4223 existimant
2810 4159 3168 4223 felicitatem,
3204 4164 3506 4245 nunquam
3541 4163 3573 4245 a
3602 4145 3797 4201 carnis

2147 4236 2609 4333 opere-cessasse
2644 4270 2656 4307 :
2715 4252 2849 4323 quis
2878 4246 3040 4304 vobis
3084 4260 3113 4298 e
3147 4241 3379 4333 duobus
3410 4236 3640 4333 videtur
3670 4249 3801 4332 esse

2148 4320 2377 4412 melior,
2429 4320 2758 4416 pudieitior',
2806 4330 3241 4392 continentior?
3291 4327 3501 4416 Utique
3554 4321 3651 4378 ille
3696 4320 3800 4391 qui

2148 4435 2351 4492 infelix
2372 4415 2547 4490 etiam
2565 4432 2586 4465 ³
2612 4430 2668 4484 ἱιι
2695 4425 2950 4484 secundo
2975 4418 3347 4477 matrimonio
3371 4415 3498 4485 fuit,
3522 4419 3576 4469 et
3599 4415 3803 4485 postea

2149 4524 2377 4598 pudice,
2401 4525 2457 4577 et
2487 4524 2685 4575 sancte
2717 4517 3090 4571 conversatus
3120 4513 3228 4572 est,
3250 4511 3305 4561 et
3336 4521 3449 4559 non
3472 4503 3531 4598 Ais
3560 4500 3694 4598 quis
3724 4498 3797 4598 ab

394 4616 666 4671 rationem
693 4615 999 4681 reddentes,
1029 4632 1101 4671 ne
1130 4617 1480 4688 suspirantes
1518 4614 1615 4671 hoc
1658 4616 1869 4685 faciant
1898 4632 1918 4669 :
1966 4616 2043 4669 si-
2074 4622 2122 4687 Ι)
2157 4611 2356 4670 uxoris
2416 4608 2684 4681 amplexu
2742 4621 2849 4660 nec
2906 4598 3073 4657 senili
3118 4601 3214 4688 (est
3260 4594 3563 4687 separatus
3609 4590 3799 4642 aetate.

394 4704 613 4778 quidem
640 4709 743 4761 hoc
772 4706 910 4761 utile
936 4705 1086 4761 vobis
1115 4708 1191 4760 est
1221 4704 1402 4775 (Hebr.
1426 4720 1549 4771 xm,
1584 4704 1691 4768 17).
1715 4701 1783 4756 Et
1813 4702 2038 4770 Petrus,

398 4793 495 4866 qui
523 4809 594 4850 ex
618 4793 751 4852 fidei
776 4793 1051 4850 firmitate
1078 4808 1290 4849 nomen
1315 4791 1556 4865 accepit,
1579 4791 1636 4847 in
1661 4790 1917 4862 Epistola
1937 4807 2044 4846 sua

394 4880 660 4956 loquitur
706 4882 953 4939 dicens:
1004 4882 1347 4954 Presbyteros
1394 4896 1519 4952 ergo
1560 4882 1621 4937 in
1649 4880 1800 4935 vobis
1827 4880 2041 4935 obsecro

396 4973 822 5045 compresbyter,
853 4974 903 5029 et
938 4973 1091 5027 testis
1121 4971 1328 5028 Christi
1351 4971 1690 5042 passionum,
1723 4970 1820 5041 qui
1848 4976 1898 5025 et
1926 4969 2042 5036 eius

397 5061 595 5133 gloria
621 5074 749 5134 quae
794 5063 855 5117 in
882 5062 1074 5132 futuro
1105 5058 1402 5116 revelanda
1433 5062 1529 5130 est,
1562 5060 1737 5114 socius
1764 5074 1907 5123 sum,
1938 5074 2044 5129 pa-

397 5151 528 5206 scite
556 5165 680 5207 eum
712 5150 809 5222 qui
836 5150 894 5206 in
925 5149 1073 5205 vobis
1101 5153 1200 5214 est,
1230 5163 1445 5220 gregem
1478 5148 1715 5215 Domini,
1748 5163 1858 5203 non
1887 5148 2046 5218 quasi

398 5252 526 5296 eum
552 5240 895 5307 necessitate,
916 5237 1009 5294 sed
1036 5238 1347 5293 voluntarie
1376 5236 1424 5307 (1
1452 5239 1599 5292 Petr.
1632 5253 1687 5303 v,
1723 5236 1772 5305 1,
1804 5236 1880 5306 2).
1915 5236 2045 5290 Ilzec

476 5403 492 5437 ¹
525 5396 942 5455 Cistereienses
992 5413 1158 5468 mss.,
1189 5400 1253 5453 ut
1295 5400 1426 5452 tunc
1462 5395 1531 5451 de
1554 5395 1901 5468 presbyteris,
1934 5399 2045 5451 etc.

405 5470 545 5526 Vide
573 5469 901 5542 epiststtﬁ,
931 5467 1007 5525 ad
1034 5469 1387 5542 Evangelum,
1419 5472 1475 5542 et
1503 5468 1733 5542 quaisd
1767 5483 1895 5522 eam
1945 5468 2046 5521 ob-

406 5538 708 5598 servamus
738 5541 809 5596 de
839 5538 1494 5611 Hieronymi'se‘ntentia
1522 5538 1595 5595 de
1626 5538 2046 5611 Episcopornm

405 5612 1343 5719 ‘“P'3.R.’f"’il°f?.i..diﬁ‘ii}ﬁ§e'

533 5682 743 5757 Verba,
794 5682 1046 5742 omnibus
1090 5682 1293 5739 sanctis
1344 5685 1405 5738 in
1455 5682 1664 5741 Christo
1709 5684 1859 5751 Iesu,
1906 5697 2047 5738 mss.
2088 5750 2105 5757 _

2153 4702 2279 4760 Non
2320 4700 2434 4755 sibi
2482 4679 2615 4769 ergo
2661 4693 2998 4768 applaudat,
3033 4686 3368 4760 quicunque
3397 4679 3565 4769 quasi
3598 4690 3801 4730 mono-

2155 4807 2367 4865 gamus
2395 4765 2648 4859 eligitur,
2676 4765 2828 4855 quod
2856 4778 3012 4835 omni
3049 4776 3281 4847 digamo
3312 4769 3389 4825 sit
3418 4765 3644 4865 melior,

2152 4852 2211 4935 in
2242 4895 2307 4934 eo
2335 4852 2523 4946 magis
2546 4875 2622 4930 sit
2643 4852 2827 4927 electa
2851 4867 3118 4931 felicitas,
3152 4876 3327 4934 quam
3359 4855 3651 4946 voluntas.
3676 4852 3807 4946 Qui-

2153 4969 2289 5024 dam
2314 4940 2463 5021 cui
2491 4964 2562 5019 de
2592 4962 2699 5017 hoc
2729 4961 2855 5014 loco
2886 4956 2966 5011 ita
2988 4952 3283 5009 sentiunt:
3318 4944 3597 5011 Judaicte,
3619 4940 3807 5012 inqui-

2155 5061 2281 5125 unt,
2306 5050 2748 5111 consuetudinis
2777 5048 2903 5113 fuit,
2928 5042 3016 5099 vel
3040 5042 3208 5096 binas
3231 5051 3438 5092 uxores
3462 5032 3693 5125 habere,
3717 5027 3806 5125 vel

2154 5119 2352 5213 plures
2386 5161 2397 5199 :
2451 5143 2603 5214 quod
2639 5138 2813 5194 etiam
2849 5135 2905 5189 in
2935 5131 3110 5187 veteri
3146 5129 3293 5198 Lege
3323 5126 3393 5179 de
3422 5119 3715 5214 Abraham
3747 5122 3804 5173 et

2153 5234 2333 5292 Jacob
2356 5213 2609 5304 legimus
2635 5246 2646 5284 :
2674 5227 2858 5283 ethoc
2880 5238 3036 5278 nunc
3056 5217 3261 5274 volunt
3281 5230 3407 5270 esse
3430 5213 3806 5284 praeceptum,

2161 5393 2342 5451 nostri
2375 5391 2673 5449 omittunt.
2703 5388 2957 5441 Rursum
2981 5398 3112 5435 vero
3139 5390 3472 5451 monemus,
3494 5375 3560 5451 ut
3589 5385 3715 5451 qua}
3747 5366 3805 5421 in

2929 5456 3206 5510 annotata
3255 5450 3427 5512 sunt,
3460 5438 3638 5498 lector
3692 5438 3807 5493 huc

2254 5554 2273 5574 ἣ

2254 5554 2273 5574 τ

2158 5539 2590 5663 refbrsat{tectius
2629 5604 2744 5658 duo
2786 5616 2952 5668 mss.,
2986 5606 3047 5653 ut
3076 5609 3225 5650 nunc
3253 5593 3521 5668 putantur
3547 5580 3805 5654 episcopi-

2301 5683 2322 5715 ι
2355 5656 2834 5745 ιιιεέξξᾳιιί
2862 5656 3008 5744 felix
3035 5668 3224 5731 etiam,
3253 5656 3389 5728 etc.,
3424 5656 3586 5713 falso.
