4066 6190
338 397 450 464 601

1181 403 1690 471 COMMENTAR.
1738 409 1815 470 ΙΝ
1864 407 2112 471 ΕΡῐδΤι
2161 405 2263 471 AD
2306 407 2577 482 TITUM,
2625 408 2797 470 CAP.
2844 407 2895 469 Ι.

3607 398 3744 465 ’602

340 533 478 602 cati,
511 533 683 608 quasi
713 552 748 594 a
774 539 942 594 vento
982 538 1186 596 folium
1226 547 1642 599 commovetur.
1679 544 1747 598 Et
1793 559 1990 599 revera
2017 543 2071 609 Α
2102 541 2307 598 Melius
2337 547 2534 598 autem
2566 544 2669 609 est,
2705 545 2768 596 ut
2798 557 2913 596 non
2944 555 3345 613 percussorem
3396 537 3564 594 illum
3593 535 3749 592 dica-

343 623 493 680 nihil
533 629 622 681 est
669 626 878 684 fmdius
927 636 1275 702 praeceptore
1325 631 1562 698 furioso,
1596 633 1863 704 quicum
1895 632 1994 687 de-

341 713 478 770 beat
508 732 636 770 esse
667 722 1010 773 mansuetus
1033 719 1114 790 (et
1143 721 1466 775 secundum
1500 721 1643 778 illud
1676 723 1830 793 quod
1854 721 1997 777 scri-

345 809 513 874 ptum
564 808 652 860 est
695 805 762 876 (ll
810 806 942 861 Tim.
997 825 1057 873 ιι,
1103 808 1193 876 24)
1245 809 1518 865 :Servum
1556 814 1740 867 autem
1773 811 2001 866 Domini

346 909 459 946 non
504 901 712 963 oportet
745 896 926 949 rixari
954 913 966 962 ;
1001 896 1093 951 sed
1124 897 1386 953 humilem
1437 914 1548 954 esse
1599 899 1669 953 ad
1703 915 1870 966 ames,
1901 898 1998 953 do-

348 991 574 1050 ctorem,
603 983 922 1053 patientem,
956 986 1014 1039 in
1059 987 1484 1042 mansuetudine
1525 989 1862 1044 erudientem
1913 1003 2000 1043 eos

345 1070 438 1141 qui
467 1071 1024 1139 contraveniunt,illc
1082 1090 1112 1128 e
1159 1075 1384 1130 diverso
1441 1081 1602 1132 torvo
1659 1077 1846 1144 vultu,
1880 1082 1999 1132 tre-

345 1159 645 1215 mentibus
677 1159 867 1228 labiis,
903 1167 1113 1234 rugata
1143 1163 1331 1218 fronte
1371 1164 1668 1220 effrenatis
1697 1166 1997 1232 conviciis,

347 1246 492 1302 facie
519 1248 675 1304 inter
704 1249 983 1320 pallorem
1027 1253 1416 1324 ruboremque
1463 1255 1700 1320 variata,
1747 1254 2000 1310 clamore

344 1342 671 1410 perstrepat
695 1355 706 1392 :
738 1343 794 1394 et
821 1345 1079 1395 errantes
1097 1358 1211 1396 non
1236 1347 1352 1397 tam
1377 1343 1446 1397 ad
1477 1344 1691 1398 bonum
1716 1345 1990 1410 retrahat,

347 1441 522 1497 quam
555 1428 626 1481 ad
661 1427 882 1483 malum
933 1446 1040 1484 sua
1089 1430 1306 1486 saevitia
1337 1433 1693 1503 praecipitet;
1726 1433 1859 1488 inde
1914 1436 2003 1488 est

347 1516 502 1585 quod
533 1521 591 1576 et
633 1515 906 1573 Salomon
955 1519 1035 1573 ait
1067 1531 1098 1572 ':
1154 1521 1245 1575 Ira
1288 1521 1470 1591 perdit
1517 1524 1686 1577 etiam
1732 1524 2002 1592 sapientes

307 1603 530 1674 ,(Prov.
574 1622 688 1670 xxx,
737 1606 872 1678 23);
926 1612 984 1662 et
1033 1624 1045 1661 :
1099 1611 1194 1664 Ira
1255 1611 1364 1664 viri
1415 1611 1693 1682 justitiam
1738 1613 1838 1666 Dei
1892 1627 2000 1666 non

346 1702 604 1763 operatur
631 1695 835 1764 (Iacob.
872 1713 908 1762 ι,
957 1697 1070 1766 20).
1125 1697 1325 1768 Neque
1357 1715 1488 1754 vero
1536 1699 1637 1770 qui
1688 1699 2003 1772 aliquando

344 1778 638 1850 irascitur,
693 1783 1012 1840 iracundus
1059 1789 1183 1852 est;
1222 1786 1321 1840 sed
1372 1786 1468 1842 ille
1515 1786 1727 1843 dicitur
1773 1789 2003 1843 iracun-

346 1868 481 1935 dus,
511 1871 613 1941 qui
649 1871 852 1927 crebro
902 1872 1010 1927 hac
1055 1874 1327 1944 passione
1372 1881 1701 1947 superatur.
1736 1875 2012 1931 Prohibet.

343 1974 586 2030 quoque
608 1961 950 2032 episcopum
975 1978 1102 2017 esse
1137 1962 1522 2035 vinolentum,
1546 1965 1616 2020 de
1655 1982 1770 2036 quo
1801 1965 1872 2020 ad
1907 1965 2003 2020 Ti-

350 2047 654 2104 motheum
677 2049 959 2106 scribitur
1000 2069 1012 2107 :
1048 2056 1167 2110 Non
1188 2052 1371 2108 multo
1398 2057 1521 2109 vino
1541 2054 1781 2108 deditum
1801 2057 1846 2115 (I
1869 2055 2002 2108 Tim.

352 2155 436 2204 in,
468 2139 543 2208 8).
579 2137 758 2205 Quale
789 2144 877 2195 est
921 2146 1116 2198 autem
1149 2142 1485 2214 episcopum
1519 2142 1712 2198 videre
1741 2142 2003 2198 vinolen-

356 2231 506 2297 tum,
541 2231 604 2282 ut
633 2243 811 2284 sensu
856 2235 1156 2301 occupato,
1208 2232 1295 2284 vel
1344 2230 1556 2286 exultet
1588 2231 1770 2286 risum
1803 2237 2006 2286 contra

351 2315 657 2385 gravitatis
686 2317 977 2385 decorem,
1011 2323 1067 2372 et
1097 2317 1269 2374 labiis
1299 2318 1604 2380 dissolutis
1647 2319 1954 2378 cachinnat
1987 2336 1999 2374 :

350 2403 437 2458 vel
469 2404 517 2458 si
549 2404 857 2476 paululum
910 2407 1099 2462 tristis
1147 2407 1456 2478 cujusdam
1518 2409 1670 2463 ’1θο
1709 2408 1788 2462 rei
1833 2408 2006 2465 fuerit

352 2493 714 2558 recordatus,
750 2493 902 2549 inter
930 2493 1138 2566 pocula
1170 2494 1227 2549 in
1259 2493 1553 2567 singultus
1580 2500 1922 2566 prorumpat
1949 2499 2007 2550 et

347 2579 657 2654 lacrymas.
694 2583 952 2656 Longum
985 2588 1076 2640 est
1102 2583 1185 2638 ire
1221 2599 1321 2654 per
1349 2577 1601 2656 singula,
1634 2588 1690 2638 et
1743 2584 2004 2638 insanias

349 2687 501 2742 quas
531 2672 784 2727 ebrietas
815 2672 1097 2744 suggerit,
1132 2672 1437 2744 explicare.
1475 2672 1682 2728 Videas
1729 2672 1872 2728 alios
1905 2689 1998 2743 po-

348 2758 482 2814 cula
536 2759 595 2815 in
628 2760 746 2816 tela
773 2766 1088 2828 vertentes,
1151 2762 1436 2835 scyphum
1470 2761 1527 2816 in
1580 2762 1784 2817 faciem
1808 2762 2004 2832 jacere

347 2849 635 2914 convivae;
669 2849 814 2904 alios
845 2851 1052 2907 scissis
1098 2851 1362 2907 vestibus
1418 2852 1476 2906 in
1519 2850 1760 2906 vulnera
1814 2851 2004 2905 aliena

346 2955 661 3010 proruere;
694 2939 840 2996 alios
874 2939 1167 3007 clamare;
1197 2941 1343 2996 alios
1361 2941 1713 2998 dormitare:
1747 2940 1843 3012 qui
1872 2939 2003 3011 plus

346 3027 584 3092 biberit,
617 3027 822 3090 fortior
875 3033 1248 3101 computatur
1282 3047 1295 3096 ;
1331 3028 1721 3084 accusationis
1775 3028 2002 3083 occasio

303 3162 314 3167 -
347 3122 456 3182 est,
489 3117 826 3186 adjuratum
860 3134 963 3188 per
992 3117 1582 3190 regem,l‘requentius
1618 3134 1731 3172 non
1764 3117 2000 3183 bibisse,

347 3204 609 3260 Vomunt
665 3211 729 3261 ut
785 3206 1010 3273 bibant,
1067 3206 1276 3262 bibunt
1332 3212 1398 3261 ut
1453 3210 1712 3261 vomant.
1747 3205 2003 3278 Digestio

2107 649 2240 687 mus
2284 647 2433 702 esse,
2481 632 2580 704 qui
2629 635 2973 686 mansuetus
3005 632 3061 684 et
3102 629 3346 700 patiens,
3372 628 3483 683 scit
3512 627 3570 680 in
3601 631 3748 681 tem-

2107 739 2244 794 pore
2287 723 2425 794 quid
2479 721 2836 792 loquendum
2884 719 2980 784 sit,
3025 719 3234 789 quidve
3265 718 3611 772 tacendum:
3649 731 3754 771 nec

2065 871 2070 876 ,
2107 828 2375 868 sermone
2404 810 2621 877 inutili,
2658 808 3074 866 conscientiam
3111 806 3359 880 percutit
3388 805 3754 860 infirmorum

2105 900 2228 957 Non
2263 901 2417 956 enim
2449 898 2761 970 Apostolus
2818 897 3081 953 Ecclesiae
3115 895 3440 969 principem
3473 896 3754 959 formans,

2107 995 2264 1044 vetat
2289 1005 2417 1044 esse
2439 987 2695 1062 pugilem
2727 991 2784 1041 et
2815 986 3244 1058 pancratiasten
3271 981 3756 1058 [παγκρατιασυὴν,

2110 1078 2166 1133 id
2216 1083 2304 1133 est
2351 1073 2635 1148 athletdm]
2680 1076 2855 1147 (quod
2907 1075 3082 1130 etiam
3127 1075 3186 1130 in
3238 1074 3462 1146 plebeio
3519 1076 3578 1128 et
3615 1087 3756 1141 quo-

2110 1183 2340 1238 cunque
2383 1165 2584 1238 gentili
2633 1164 2690 1240 si
2727 1164 2920 1235 fuerit,
2971 1163 3459 1236 reprehenditur),
3497 1162 3596 1218 sed
3654 1161 3761 1215 hoc

2110 1259 2175 1309 ut
2204 1254 2322 1316 dixi
2354 1269 2426 1309 ne
2465 1252 2927 1309 contumeliosus
2959 1258 3015 1308 et
3053 1251 3324 1326 garrulus
3357 1250 3560 1323 perdat
3601 1265 3758 1313 eum,

2116 1345 2256 1398 701
2297 1359 2471 1414 quem
2530 1343 2719 1413 potuit
2766 1342 3054 1397 modestia
3083 1347 3140 1397 et
3186 1340 3422 1396 lenitate
3450 1338 3757 1410 corrigere.

2110 1431 2582 1503 Turpiaquoque
2615 1431 2761 1485 lucri
2795 1431 3090 1502 appetitus
3119 1430 3192 1484 ab
3221 1446 3287 1485 eo
3318 1429 3417 1500 qui
3451 1427 3761 1498 episcopus

2110 1521 2346 1576 futurus
2379 1525 2488 1587 est,
2522 1536 2650 1574 esse
2690 1520 2866 1575 debet
2906 1518 3152 1574 alienus.
3186 1519 3335 1573 Sunt
3385 1517 3540 1572 enim
3591 1513 3761 1570 multi

2112 1611 2386 1665 docentes
2437 1625 2564 1680 quae
2621 1625 2737 1664 non
2796 1613 3039 1678 oportet,
3089 1607 3278 1678 turpis
3326 1605 3471 1661 lucri
3525 1604 3759 1676 gratia:

2113 1698 2212 1771 qui
2244 1704 2400 1754 totas
2429 1699 2636 1753 domos
2667 1697 3038 1763 subvertunt,
3097 1700 3152 1750 et
3209 1699 3417 1766 putant
3471 1697 3759 1764 questum

2112 1804 2240 1844 esse
2298 1789 2592 1858 pietatem.
2643 1787 2831 1841 Melior
2887 1789 3072 1841 autem
3126 1793 3205 1840 est
3256 1783 3471 1840 modica
3527 1784 3766 1853 acceptio

2113 1894 2236 1933 cum
2255 1877 2498 1948 justitia,
2533 1892 2699 1946 quam
2728 1875 2913 1930 multa
2944 1875 3235 1943 genimina
3282 1872 3395 1945 [ΑΙ.
3429 1872 3762 1940 germinata]

2112 1983 2238 2022 eum
2268 1965 2562 2036 iniquitate
2591 1965 2774 2034 (Prov.
2808 1980 2924 2028 xvr,
2957 1963 3012 2034 8)
3069 1980 3081 2018 :
3125 1967 3182 2018 et
3212 1961 3400 2031 magis
3429 1959 3763 2030 eligendum

2111 2056 2171 2110 in
2206 2057 2544 2125 paupertate
2578 2069 2791 2108 nomen
2819 2055 3065 2116 bonum,
3097 2067 3275 2122 quam
3306 2049 3366 2104 in
3419 2047 3635 2103 divitiis
3663 2065 3766 2103 no-

2115 2159 2250 2198 men
2283 2142 2627 2213 pessimum.
2663 2141 2985 2214 Episcopus
3033 2140 3134 2211 qui
3190 2139 3450 2194 imitator
3505 2136 3766 2209 Apostoli

2113 2247 2241 2287 esse
2272 2230 2451 2301 cupit,
2480 2230 2704 2287 habens
2734 2231 2952 2285 victum
2985 2234 3043 2284 et
3069 2228 3367 2293 vestitum,
3414 2227 3507 2282 his
3533 2230 3764 2281 tantum

2113 2320 2286 2375 debet
2314 2336 2441 2375 esse
2471 2323 2782 2375 contentus
2807 2321 2853 2390 (Ι
2882 2318 3180 2389 Tim.v1,8).
3205 2317 3311 2382 Qui
3335 2315 3540 2371 altario
3562 2313 3770 2370 servie-

2115 2407 2255 2474 rint,
2307 2408 2379 2462 de
2405 2407 2610 2463 altario
2643 2407 2842 2462 vivant
2870 2408 2918 2478 (l
2941 2406 3061 2462 Cor.
3094 2424 3170 2475 1x,
3205 2406 3313 2476 13).
3345 2404 3523 2469 Vivat,
3556 2401 3764 2474 inquit,

2116 2514 2229 2552 non
2254 2496 2461 2552 divites
2484 2495 2815 2552 fiant.Unde
2834 2500 2891 2551 et
2907 2514 2985 2551 res
3010 2495 3177 2550 nobis
3197 2494 3490 2550 excutitur
3513 2493 3581 2547 de
3601 2506 3765 2546 zona:

2114 2591 2171 2641 et
2216 2603 2335 2641 una
2385 2590 2615 2640 tantum
2655 2585 2856 2640 tunica
2903 2584 3208 2639 induimur
3238 2581 3453 2654 (Matth.
3513 2599 3567 2648 χ,
3622 2581 3710 2647 10)
3752 2595 3766 2633 :

2115 2689 2222 2728 nec
2252 2674 2323 2728 de
2355 2673 2612 2728 crastino
2658 2673 2985 2745 cogitamus
3043 2673 3253 2742 (Matth.
3286 2687 3364 2736 v1,
3414 2670 3524 2739 34).
3556 2668 3772 2739 Turpis

2121 2760 2272 2817 lucri
2302 2761 2579 2834 appetitio
2609 2766 2720 2826 est,
2754 2760 3068 2833 plusquam
3102 2761 3172 2815 de
3203 2758 3584 2830 praesentibus
3618 2756 3771 2827 cogi-

2112 2855 2257 2906 tare.
2294 2855 2612 2921 Hucusque
2643 2849 2782 2922 quid
2818 2867 2932 2904 non
2983 2849 3189 2904 debeat
3217 2847 3430 2903 habere
3460 2844 3770 2917 episcopus

2112 2940 2232 2995 sive
2262 2940 2583 3012 presbyter,
2616 2937 2876 3006 Apostoli
2908 2953 3180 2993 sermone
3239 2939 3592 3008 praeceptum
3623 2936 3713 2987 est
3753 2949 3766 2985 :

2113 3045 2268 3082 nunc
2301 3044 2332 3082 θ
2362 3028 2651 3082 contrario
2709 3027 2849 3097 quid
2913 3027 3126 3081 habere
3157 3024 3373 3080 debeat
3428 3021 3766 3093 explicatur.

2183 3117 2369 3188 (Vers.
2429 3117 2485 3182 8,
2542 3117 2622 3183 9.)
2672 3137 2698 3163 «
2735 3115 2843 3170 Sed
2880 3112 3252 3184 hospitalem,
3286 3114 3570 3168 bonorum
3605 3126 3766 3166 ama-

2113 3209 2321 3270 torem,
2381 3210 2632 3269 castum,
2677 3204 2934 3274 justum,
2991 3206 3286 3271 sanctum,
3349 3199 3764 3266 continentem,

348 3296 593 3360 ventris,
629 3300 688 3350 et
745 3299 970 3368 guttur,
1029 3313 1143 3351 uno
1202 3301 1564 3368 occupantur
1609 3294 1823 3350 ofﬁcio.
1885 3281 2076 3350 Hoc‘C
2115 3295 2232 3352 sive
2264 3293 2676 3363 abstinentem,
2713 3293 3073 3348 obtinentem
3107 3307 3239 3346 eum
3297 3290 3398 3361 qui
3437 3287 3763 3343 secundum

351 3399 509 3438 nunc
537 3383 753 3439 dixisse
788 3384 1064 3454 sufficiat,
1096 3385 1250 3456 quod
1283 3385 1606 3441 secundum
1639 3383 2004 3456 Apostolum,

347 3472 410 3526 in
440 3471 570 3527 vino
602 3471 837 3528 luxuria
868 3477 981 3528 est.
1016 3474 1087 3528 Et
1119 3473 1476 3545 ubicumque
1523 3473 1802 3528 saturitas
1833 3477 2007 3544 atque

344 3560 595 3617 ebrietas
626 3561 863 3628 fuerint,
900 3562 979 3617 ibi
1013 3561 1192 3617 libido
1227 3562 1583 3618 dominetur.
1627 3566 1837 3634 Specta
1865 3577 2006 3617 ven-

303 3709 306 3712 _
344 3655 499 3704 trem
528 3655 586 3704 et
613 3649 894 3723 genitalia
959 3653 999 3717 ‘,
1058 3669 1161 3723 pro
1219 3651 1501 3722 qualitate
1561 3651 1831 3705 vitiorum
1865 3651 2005 3706 ordo

347 3738 1095 3812 membrorum.Nunquam
1129 3757 1234 3813 ego
1255 3741 1481 3796 ebrium
1507 3746 1740 3796 castum
1766 3741 2004 3813 putabo,

348 3828 450 3898 qui
479 3833 538 3883 et
565 3827 615 3883 si
645 3828 779 3883 vino
819 3830 1160 3901 consopitus
1209 3830 1530 3895 dormierit,
1580 3832 1778 3885 tamen
1821 3830 2009 3902 potuit

348 3932 588 3986 peccare
640 3932 742 3987 per
772 3918 992 3974 vinum.
1029 3919 1312 3974 Miramur
1340 3923 1536 3973 autem
1567 3918 1914 3988 Apostolum
1949 3917 2006 3972 in

348 4004 641 4076 episcopis
689 4006 808 4062 sive
841 4008 1198 4080 presbyteris
1244 4008 1556 4062 damnasse
1605 4007 2003 4072 vinolentiam,

348 4109 484 4147 cum
515 4093 573 4147 in
605 4099 798 4150 vetere
821 4111 1056 4167 quoque
1090 4101 1234 4167 Lege
1257 4101 1609 4168 praeceptum
1643 4095 2011 4166 sit,sacerdo-

347 4186 440 4236 tes
467 4197 601 4237 cum
635 4183 1054 4254 ingrediuntur
1083 4183 1369 4256 templum
1394 4184 1726 4239 ministrare
1754 4183 1890 4252 Deo,
1922 4182 2006 4237 vi-

353 4285 497 4324 num
537 4271 786 4336 omnino
838 4289 952 4327 non
1001 4273 1200 4328 bibere
1247 4275 1436 4340 (Leuit.
1483 4291 1537 4334 κ.
1569 4273 1645 4338 9).
1686 4275 1786 4327 et:
1824 4271 2002 4327 Naza-

349 4374 531 4415 risum
577 4361 836 4431 quandiu
888 4366 1150 4416 sanctam
1205 4377 1431 4416 comam
1476 4361 1720 4431 nutriat,
1751 4364 1807 4415 et
1858 4359 2006 4415 nihil

349 4449 844 4517 contaminatum,
877 4449 1023 4511 nihil
1073 4450 1319 4505 mortale
1349 4449 1691 4521 conspiciat,
1722 4454 1778 4504 et
1807 4466 1841 4504 a
1871 4448 2002 4504 vino

345 4537 659 4604 abstinere,
718 4543 775 4593 et
826 4539 898 4593 ab
946 4555 1073 4602 uva.
1108 4554 1302 4610 passa,
1354 4543 1410 4593 et
1459 4555 1494 4593 a
1537 4537 1797 4593 dilutiori
1828 4539 1849 4571 ²
1879 4554 2008 4608 quae

2114 3382 2441 3440 doctrinam
2491 3387 2599 3448 est,
2651 3379 2881 3435 ﬁdelem
2932 3395 3285 3448 sermonem,
3332 3382 3398 3433 ut
3452 3379 3656 3448 potens
3689 3374 3767 3429 sit

2115 3471 2400 3528 consolari
2459 3471 2518 3525 in
2577 3469 2846 3525 doctrina
2895 3485 3062 3534 sana,
3091 3471 3148 3522 et
3177 3465 3643 3522 contradicentes
3672 3480 3763 3518 ar-

2115 3578 2311 3634 guere.
2347 3583 2374 3610 ››
2405 3562 2549 3616 Ante
2579 3559 2777 3614 omnia
2833 3555 3206 3629 hospitalitas
3266 3556 3461 3609 futuro
3492 3552 3766 3624 episcopo

2116 3649 2518 3712 denuntiatur,
2551 3648 2610 3704 Si
2641 3646 2798 3702 enim
2861 3661 3066 3701 omnes
3127 3643 3270 3699 illud
3329 3643 3400 3698 de
3458 3641 3767 3714 Evangelio

2115 3737 2321 3794 audire
2376 3736 2755 3792 desiderant:
2794 3737 2990 3806 Hospes
3046 3737 3154 3804 lui.
3213 3741 3265 3788 et
3317 3732 3632 3802 suscepistis
3684 3745 3771 3784 me

2117 3826 2326 3898 (Matth.
2359 3842 2486 3896 xxv,
2517 3825 2608 3891 34)
2643 3841 2657 3879 :
2690 3829 2909 3896 quanto
2963 3821 3151 3894 magis
3207 3820 3538 3893 episcopus,
3600 3819 3770 3890 cujus

2117 3916 2328 3970 domus
2379 3913 2642 3968 omnium
2701 3927 3010 3967 commune
3041 3926 3169 3965 esse
3200 3910 3371 3964 debet
3398 3907 3718 3978 hospitium
3754 3905 3766 3960 !

2118 4003 2327 4058 Laicus
2355 4002 2508 4058 enim
2542 4018 2726 4057 unum
2759 4006 2859 4054 aut
2889 4001 3058 4064 duos,
3083 4003 3184 4054 aut
3213 4013 3430 4070 paucos
3462 3995 3767 4066 recipiens,

2117 4091 2385 4165 implebit
2417 4091 2516 4157 [Αι.
2560 4089 2846 4162 implevit]
2878 4085 3297 4159 hospitalitatis
3328 4084 3607 4139 ofﬁcium.
3631 4083 3771 4153 Epi-

2117 4197 2330 4253 scopus
2363 4180 2473 4234 nisi
2510 4196 2715 4235 omnes
2761 4177 3062 4249 receperit,
3114 4174 3473 4229 inhumanus
3516 4174 3620 4225 est.
3655 4169 3766 4223 Sed

2118 4286 2317 4332 vereor
2346 4285 2436 4338 ne,
2483 4267 2780 4339 quomodo
2811 4266 3010 4336 regina
3066 4262 3268 4318 Austri
3298 4261 3538 4316 veniens
3569 4277 3603 4314 a
3635 4258 3763 4314 ﬁni-

2119 4357 2230 4412 bus
2262 4361 2428 4411 terrae
2460 4353 2662 4409 audire
2697 4351 3044 4423 sapientiam
3078 4346 3768 4419 Salomonisjudicatura

2117 4449 2206 4500 est
2261 4444 2531 4498 homines
2563 4441 2846 4512 temporis
2877 4439 2968 4494 sui
3025 4439 3236 4510 (Matth.
3269 4454 3373 4504 xu,
3406 4437 3496 4505 42)
3523 4454 3536 4502 ;
3572 4440 3628 4489 et
3660 4431 3765 4486 viri

2115 4532 2342 4599 Nivitaa,
2376 4535 2504 4586 acta
2561 4529 2900 4602 pcenitentia
2957 4528 3026 4582 ad
3090 4526 3556 4599 pradicationem
3607 4522 3766 4576 Jonas

347 4625 498 4680 solet
527 4642 595 4681 ex
619 4626 874 4683 vinaceis
908 4627 1052 4698 ﬁeri,
1079 4627 1333 4699 potione,
1366 4626 1639 4696 omnique
1669 4627 2008 4699 sicera,qua3
2041 4649 2087 4714 Β
2118 4620 2594 4678 condemnabunt
2643 4634 2741 4673 eos
2790 4618 2888 4687 qui
2923 4618 3203 4686 majorem
3231 4618 3378 4668 Jona
3408 4614 3767 4668 Salvatorem

349 4719 604 4770 mentem
665 4717 736 4770 ab
796 4715 1022 4788 integra
1076 4716 1324 4772 sanitate
1381 4714 1652 4785 pervertit
1707 4715 1891 4786 (Nam.
1930 4732 2006 4778 vx,

345 4803 493 4872 3-9).
549 4803 708 4858 Dicat
755 4804 1008 4876 quisque
1057 4805 1210 4877 quod
1257 4803 1407 4872 volet
1439 4820 1451 4859 :
1486 4819 1592 4875 ego
1639 4803 1847 4874 loquor
1873 4819 2009 4858 con-

297 4940 300 4944 .
346 4891 658 4949 scientiam
709 4909 902 4950 meam
954 4911 967 4950 :
1014 4894 1133 4949 scio
1167 4893 1310 4950 mihi
1343 4893 1788 4962 abstinentiam,
1819 4896 1875 4956 et
1907 4909 2008 4947 no-

291 5027 302 5033 .
349 4979 544 5036 cuisse
593 4982 1017 5051 intermissam,
1071 4988 1129 5038 et
1177 4982 1472 5055 profuisse
1515 4981 1839 5054 repetitam.
1874 4981 2012 5036 Post

289 5116 306 5124 -
343 5067 728 5128 vinolentiam
769 5076 968 5132 autem
1003 5071 1114 5128 hoc
1138 5072 1442 5144 praecipit,
1478 5087 1547 5127 ne
1574 5087 1862 5142 percussor
1888 5073 1957 5124 sit
1989 5104 2010 5149 ,-

292 5205 302 5240 L
349 5159 505 5229 quod
559 5158 798 5230 quidem
849 5165 907 5217 et
960 5159 1311 5233 simpliciter
1359 5159 1722 5226 intellectum
1765 5159 2015 5214 aedificat

293 5291 296 5300 .
333 5246 795 5316 ,audientemme
815 5250 983 5306 facile
1004 5266 1248 5310 manum
1272 5249 1533 5321 porrigat
1552 5249 1620 5303 ad
1646 5248 2007 5312 caedendum:

346 5349 421 5389 ne
451 5335 508 5390 in
544 5353 610 5392 os
641 5335 885 5393 alterius
933 5337 1360 5393 verberandum
1423 5337 1668 5392 insanus
1718 5340 2009 5407 erumpat.

422 5462 438 5528 ξ
474 5459 598 5528 Haec
632 5459 907 5524 delibarit
936 5462 995 5516 S.
1031 5459 1196 5516 Pater
1251 5477 1323 5516 ex
1375 5459 1720 5516 Tertulliani
1769 5459 1919 5514 libro
1948 5459 2015 5513 de

347 5527 610 5600 Jejumis,
645 5535 850 5604 contra
877 5531 1212 5604 Psychicos,
1252 5531 1419 5587 initio
1454 5547 1466 5586 :
1503 5554 1531 5580 ι(
1561 5531 1769 5604 Specta
1799 5547 2012 5601 corpus

349 5605 408 5675 et
438 5617 556 5670 una
585 5603 744 5675 regio
791 5607 921 5675 est,
953 5602 1230 5675 denique.
1256 5619 1357 5674 pro
1411 5602 1805 5675 dispositione
1827 5617 2013 5656 mem-

354 5672 622 5743 brorum,
656 5672 796 5730 ordo
825 5672 1129 5729 vitiorum:
1157 5672 1318 5729 Prior
1345 5672 1544 5730 venter
1586 5677 1641 5729 et
1676 5673 1872 5728 statim
1905 5688 2012 5727 cae-

350 5748 479 5799 tera
509 5744 727 5817 saginae
760 5746 1101 5802 substructa
1130 5743 1368 5802 lascivia
1396 5751 1505 5814 est,
1536 5762 1639 5819 per
1664 5743 2012 5802 edacitatem

2120 4710 2324 4766 audire
2383 4711 2860 4780 contempserunt
2906 4706 3064 4775 (Ibid.
3099 4705 3189 4776 41)
3250 4720 3262 4757 :
3325 4703 3407 4777 sic
3437 4698 3675 4772 plurimi
3706 4697 3766 4750 in

2121 4799 2356 4872 populis
2411 4798 2715 4871 episc0pos
2767 4795 3050 4867 judicent,
3109 4792 3520 4848 subtrahentes
3578 4803 3640 4842 se
3697 4785 3768 4839 ab

2121 4887 2517 4944 ecclesiastico
2549 4887 2756 4959 gradu,
2784 4889 2836 4939 et
2868 4900 2936 4938 ea
2973 4899 3108 4954 quas
3138 4881 3406 4952 episcopo
3435 4878 3456 4911 ³
3488 4893 3600 4930 non
3633 4890 3768 4928 con-

2120 4977 2361 5033 veniunt
2412 4979 2786 5039 exercentes;
2818 4973 2888 5027 de
2944 4971 3160 5041 quibus
3217 4973 3356 5040 puto
3401 4971 3457 5021 et
3483 4966 3768 5021 Joannem

2123 5067 2191 5122 ad
2225 5066 2429 5123 Caium
2461 5063 2716 5120 scribere
2749 5078 2761 5114 :
2796 5061 3148 5124 Charissime,
3182 5057 3418 5128 ﬁdeliter
3445 5056 3584 5125 facis
3612 5052 3774 5126 quod-

2123 5170 2337 5226 cunque
2364 5153 2612 5225 operaris
2645 5153 2700 5205 in
2731 5149 3022 5221 fratribus,
3054 5152 3104 5202 et
3161 5146 3258 5200 hoc
3309 5146 3644 5216 peregrinis,
3677 5143 3774 5213 qui

2123 5242 2503 5299 testimonium
2523 5240 2785 5295 dederunt
2807 5237 3090 5293 dilectioni
3143 5239 3258 5292 tum
3276 5249 3460 5290 coram
3480 5233 3721 5288 Ecclesia
3751 5250 3771 5286 .-

2122 5348 2252 5406 quos
2303 5332 2505 5402 optime
2541 5330 2703 5400 facis,
2744 5329 2794 5382 si
2843 5325 3183 5398 praemiseris
3223 5325 3328 5379 Deo
3392 5323 3553 5394 digne
3592 5341 3610 5387 ;
3668 5335 3773 5392 pro

2124 5455 2410 5512 fallacitas
2438 5453 2668 5508 transit.

2189 5529 2210 5562 ³
2239 5525 2550 5590 Victorius,
2583 5523 2894 5579 emendare
2924 5522 3063 5576 dum
3102 5520 3456 5584 vult,locum
3490 5519 3645 5574 hunc
3677 5517 3771 5570 de-

2124 5605 2345 5672 pravat,
2378 5597 2576 5672 legens
2599 5599 2649 5651 et
2678 5612 2720 5672 a_
2739 5595 3068 5672 deticatiori,
3100 5600 3207 5672 etc.

2228 5667 2249 5704 ³
2279 5655 2554 5751 ῌὸεῴἲόὶ.
2573 5665 2859 5740 particula
2881 5667 2938 5721 in
2972 5655 3087 5722 uno
3115 5665 3364 5721 alterove
3395 5655 3766 5718 Cisterciens.

2125 5757 2236 5797 ms.
2270 5741 2655 5797 desideratur.
