4066 6190
431 378 549 446 603

1675 391 1739 452 s.
1788 390 2097 455 unseen
2144 354 2588 458 alcaeuvnl

3683 407 3781 473 604

421 521 646 578 nomine
673 523 821 583 enim
853 531 1084 588 Domini
1106 534 1256 592 702
1286 536 1721 605 exierunt,nihit
1750 539 2078 610 accipientes
2105 527 2157 592 A
2190 547 2296 587 nos
2324 533 2482 604 pium
2509 533 2569 589 in
2602 539 2778 590 Deum
2809 549 3126 607 possumus
3149 533 3453 608 appellare.
3474 536 3555 595 Sit
3582 555 3785 615 quoque

420 625 455 700 e
486 614 786 678 gentilibus
815 619 914 688 (III
942 623 1099 677 Joan.
1158 624 1299 696 5-7).
1361 627 1430 681 Et
1461 644 1590 683 vere
1622 632 1824 683 sancto
1855 628 2072 700 Spiritu

417 696 476 754 in
510 716 572 757 se
603 702 894 777 loquente,
924 713 1076 781 quod
1111 713 1372 770 futurum
1406 724 1524 771 erat
1559 717 1616 771 in
1652 696 2075 787 Ecclesiis,jam

413 791 558 845 tunc
591 795 972 864 reprehendit
1003 800 1202 857 dicens
1259 820 1272 858 :
1309 804 1521 876 Scripsi
1546 807 1712 861 etiam
1743 807 1999 863 Ecclesiae
2056 824 2074 860 :

413 877 512 932 sed
539 898 633 951 qui.
659 886 943 954 primatus
972 906 1135 960 agere
1163 895 1315 964 cupit
1371 910 1583 958 eorum,
1651 896 1934 952 Diotrehes
1964 895 2070 965 [ΑΙ.

420 967 756 1043 Dt'oprepes],
790 993 898 1031 non
940 981 1134 1050 recipit
1175 998 1291 1037 nos.
1347 985 1638 1060 Propterea
1684 1002 1810 1039 cum
1863 1001 2074 1051 venero,

421 1057 722 1117 admonebo
747 1070 870 1133 eius
899 1083 1062 1138 opera
1123 1087 1242 1140 qua
1295 1075 1455 1142 facit,
1486 1057 1650 1130 malis
1681 1074 1854 1129 verbis
1892 1075 2076 1130 detra-

431 1151 569 1205 hens
597 1152 664 1207 de
693 1155 849 1210 nobis
876 1176 894 1210 :
926 1161 977 1211 et
1005 1175 1115 1213 non
1144 1161 1345 1230 sufﬁcit
1376 1165 1432 1217 ei
1448 1165 1589 1233 quod
1610 1166 1725 1234 ipse
1743 1180 1850 1218 non
1882 1161 2078 1232 recipit

423 1240 647 1309 fratres,
678 1245 776 1298 sed
803 1248 852 1300 et
882 1248 1116 1302 volentes
1146 1249 1418 1321 prohibet,
1477 1254 1526 1306 et
1555 1252 1618 1306 de
1655 1253 1897 1309 Ecclesia
1923 1238 2078 1322 ejicit

422 1330 588 1400 (Ibid.
621 1332 673 1402 9,
709 1334 816 1400 10).
853 1339 998 1390 Vere
1028 1353 1182 1392 nunc
1216 1343 1304 1393 est
1362 1356 1593 1396 cernere
1655 1345 1808 1412 quod
1871 1343 2074 1415 pradi-

420 1422 578 1474 ctum
636 1427 745 1482 est.
805 1423 864 1478 in
923 1425 1217 1498 plerisque
1276 1428 1544 1498 urbibus,
1577 1430 1902 1503 episcopos,
1957 1433 2076 1489 sive

419 1509 812 1581 presbyteros,
845 1513 893 1568 si
928 1513 1104 1570 laicos
1132 1515 1384 1572 viderint
1413 1518 1750 1591 hospitales,
1786 1526 2075 1578 amatores

423 1597 740 1664 honorum,
797 1601 1076 1668 invidere,
1109 1606 1371 1674 fremere,
1433 1611 1959 1675 excommunicare,
2003 1613 2075 1667 de

425 1685 687 1743 Ecclesia
716 1689 1022 1760 expellere,
1081 1693 1246 1764 quasi
1307 1712 1419 1751 non
1480 1696 1650 1752 liceat
1699 1699 1885 1754 facere
1917 1702 2071 1772 quod

422 1775 734 1847 episcopus
764 1794 878 1833 non
911 1779 1085 1836 faciat
1117 1798 1130 1835 :
1165 1787 1222 1837 et
1251 1783 1398 1838 tales
1428 1801 1554 1841 esse
1583 1786 1786 1854 laicos,
1827 1788 2071 1844 damna-

2185 621 2494 695 episcopus
2525 629 2580 679 et
2627 625 2926 682 abstinens
2988 641 3001 680 :
3066 642 3176 680 non
3209 631 3435 682 tantum
3465 627 3543 700 (ut
3571 629 3780 702 quidam

2187 715 2415 784 putant)
2475 733 2508 769 a
2565 714 2807 770 libidine
2855 719 2912 769 et
2965 714 3033 769 ab
3067 715 3263 770 uxoris
3293 716 3571 788 amplexu,
3603 719 3693 774 sed
3721 722 3781 776 ab

2187 804 2462 858 omnibus
2485 803 2667 859 animi
2692 804 3256 876 perturbationibus:
3277 821 3348 859 ne
3363 806 3433 860 ad
3456 805 3782 864 iracundiam

2186 893 2552 948 concitetur:
2590 911 2660 949 ne
2711 893 2878 949 illum
2926 893 3166 949 tristitia
3202 893 3434 964 dejiciat
3465 911 3478 949 :
3505 910 3573 949 ne
3623 901 3788 952 terror

2185 983 2458 1054 exagitet,
2496 999 2562 1038 ne
2594 982 2796 1038 latitia
2853 983 3238 1038 immoderata
3297 983 3578 1039 sustollat.
3623 986 3790 1040 Absti-

2187 1071 2385 1126 nentia
2413 1078 2607 1126 autem
2641 1072 2698 1126 in
2733 1072 3019 1127 fructibus
3048 1071 3292 1142 spiritus
3322 1073 3395 1127 ab
3417 1071 3673 1144 Apostolo
3699 1091 3792 1128 nu-

2187 1165 2408 1216 merata
2440 1166 2528 1216 est
2557 1161 2756 1232 (Gatat.
2816 1178 2869 1227 v,
2929 1161 3041 1231 23).
3069 1160 3134 1215 Et
3163 1159 3211 1215 si
3241 1159 3490 1232 exigitur
3519 1161 3587 1216 ab
3615 1163 3784 1216 omni-

2189 1250 2318 1316 bus,
2377 1255 2595 1321 quanto
2655 1250 2842 1322 magis
2899 1251 2970 1305 ab
3022 1249 3313 1322 episcopo,
3357 1249 3456 1322 qui
3495 1249 3707 1321 patiens
3739 1255 3789 1306 et

2188 1343 2534 1395 mansuetus
2591 1339 2760 1394 debet
2811 1338 2946 1393 vitia
2987 1340 3135 1394 ferre
3174 1338 3539 1410 peccantium
3571 1355 3584 1392 :
3615 1356 3793 1395 conso-

2187 1427 2292 1484 lari
2327 1427 2738 1500 pusillanimes
2773 1445 2786 1482 :
2819 1433 3145 1484 sustentare
3171 1426 3440 1482 infirmos
3475 1443 3487 1482 :
3522 1426 3658 1482 nulli
3687 1444 3792 1482 ina-

2185 1515 2306 1572 lum
2352 1534 2455 1588 pro
2498 1518 2650 1572 malo
2701 1517 2975 1584 reddere;
3011 1517 3110 1572 sed
3154 1516 3384 1571 vincere
3414 1515 3470 1570 in
3507 1516 3650 1571 bono
3685 1533 3794 1572 rua-

2184 1605 2304 1661 lum
2333 1607 2506 1677 (Rom.
2541 1624 2638 1670 xu,
2671 1608 2726 1673 7,
2758 1607 2870 1676 21).
2904 1606 2988 1660 Ad
3023 1609 3351 1660 extremum
3403 1604 3653 1660 obtineat
3679 1621 3792 1660 eum

2183 1696 2279 1767 qui
2313 1697 2633 1751 secundum
2666 1694 2988 1750 doctrinam
3021 1699 3109 1750 est
3141 1693 3372 1749 tidelem
3405 1697 3795 1764 sermonem,ut

2183 1785 2474 1855 quomodo
2509 1799 2701 1839 sermo
2723 1783 2820 1838 Dei
2845 1782 3034 1839 ﬁdelis
3062 1788 3171 1849 est,
3206 1786 3263 1838 et
3291 1781 3455 1838 omni
3485 1782 3789 1852 acceptione

422 1863 502 1955 tio
533 1866 898 1922 sacerdotum
933 1868 1009 1923 sit
1060 1871 1166 1939 [AL
1199 1875 1329 1942 est].
1362 1875 1573 1930 Graves
1603 1875 1798 1948 itaque
1831 1893 1931 1933 eos
1961 1878 2068 1934 ha-
2101 1891 2148 1955 Β
2184 1871 2400 1944 dignus
2432 1873 2480 1944 (1
2508 1873 2639 1927 Tim.
2676 1889 2714 1938 I,
2761 1872 2846 1943 15)
2873 1889 2886 1938 ;
2922 1872 3006 1927 sic
3036 1877 3094 1927 et
3122 1870 3218 1926 ille
3247 1870 3428 1926 talem
3460 1887 3521 1926 se
3549 1870 3789 1942 praebeat.

416 1951 576 2017 bent,
610 1957 666 2008 et
696 1956 864 2026 quasi
888 1957 1211 2014 cervicibus
1241 1960 1364 2016 suis
1394 1961 1722 2033 impositos,
1755 1969 1820 2019 ut
1851 1983 1885 2020 a
1915 1966 2064 2023 bono

418 2041 712 2097 abducant
738 2059 929 2116 opere,
962 2046 1138 2103 variis
1181 2051 1685 2120 persecutionibus
1715 2052 2063 2124 inquietant.

420 2130 478 2184 Si
510 2136 700 2186 autem
726 2134 1035 2206 episcopus
1057 2141 1114 2192 et
1142 2139 1590 2211 pudicus,quem
1616 2142 1792 2197 Graci
1815 2143 2067 2219 σώφρονα

420 2224 660 2276 vocant:
693 2224 749 2275 et
777 2223 1018 2278 Latinus
1048 2225 1336 2298 interpres
1366 2229 1522 2284 verbi
1556 2231 1936 2303 ambiguitate
1968 2235 2069 2290 de-

425 2313 649 2380 ceptus,
683 2327 786 2381 pro
826 2313 1022 2382 pudico
1049 2316 1370 2383 prudentem
1427 2319 1750 2375 transtulit.
1785 2321 1842 2376 Si
1872 2327 2065 2378 autem

434 2396 603 2453 laicis
659 2397 983 2470 imperatur
1013 2408 1078 2457 ut
1106 2410 1343 2475 propter
1371 2406 1690 2462 orationem
1739 2410 2072 2466 abstineant

432 2498 496 2539 se
517 2486 588 2538 ab
620 2503 867 2542 uxorum
905 2490 1057 2545 coitu
1086 2494 1132 2559 (l
1159 2495 1388 2558 Convu,
1407 2496 1461 2562 5)
1495 2512 1507 2550 :
1542 2495 1679 2568 quid
1705 2498 1774 2553 de
1799 2499 2068 2572 episcopo

427 2573 797 2631 sentiendum
833 2582 945 2644 est,
996 2581 1094 2651 qui
1145 2583 1403 2653 quotidie
1445 2601 1544 2656 pro
1595 2585 1717 2641 suis
1753 2587 2070 2660 populique

422 2664 698 2733 peccatis,
727 2664 984 2722 illibatas
1019 2673 1130 2725 Deo
1179 2671 1485 2729 oblaturus
1514 2678 1603 2729 est
1631 2675 1898 2732 victimas
1923 2677 1951 2732 ?
1981 2695 2067 2734 re-

425 2750 692 2824 legamus
723 2755 944 2828 Regum
981 2758 1086 2829 [AL
1121 2759 1475 2835 Regnorum]
1509 2763 1709 2831 libros,
1736 2771 1792 2820 et
1820 2765 2070 2823 invenie-

424 2857 558 2897 mus
588 2844 946 2901 sacerdotem
981 2846 1316 2905 Abimelech
1341 2850 1411 2907 de
1442 2853 1693 2923 panibus
1725 2856 2069 2925 propositio-

428 2929 521 2986 nis
551 2932 811 2988 noluisse
864 2936 1026 3006 prius
1077 2937 1214 2994 dare
1243 2938 1421 2995 David
1462 2945 1519 2996 et
1547 2941 1742 3012 pueris
1774 2943 1921 3013 ejus,
1957 2945 2069 3001 nisi

424 3019 1033 3093 interrogaret,utrum
1069 3028 1272 3082 mundi
1306 3034 1504 3084 essent
1533 3030 1694 3101 pueri
1727 3049 1760 3086 a
1790 3032 2065 3089 muliere:

428 3125 544 3162 non
577 3109 781 3182 utique
831 3111 1037 3183 aliena,
1087 3115 1186 3171 sed
1231 3119 1479 3192 conjuge
1529 3119 1576 3188 (1
1604 3123 1724 3190 Reg.
1776 3139 1892 3185 xxi,
1926 3124 2064 3190 4-6).

425 3197 495 3251 Et
511 3197 624 3253 nisi
652 3216 750 3254 eos
771 3201 1033 3258 audisset
1053 3205 1125 3259 ab
1151 3205 1274 3261 heri
1298 3211 1353 3260 et
1383 3207 1812 3265 nudiustertius
1832 3227 2068 3267 vacasse

2182 1969 2245 2016 ut
2274 1977 2446 2016 omne
2477 1961 2628 2033 quod
2662 1960 2941 2032 loquitur,
2993 1961 3106 2015 fide
3162 1960 3411 2032 dignum
3443 1959 3796 2028 existimetur,

2176 2054 2233 2105 et
2254 2051 2424 2104 verba
2455 2049 2642 2120 ipsius
2673 2050 2790 2104 sint
2821 2048 3020 2122 regula
3049 2049 3330 2104 veritatis.
3355 2052 3562 2104 Potens
3589 2064 3796 2119 quoque

2177 2139 2253 2194 sit
2282 2155 2381 2194 eos
2439 2139 2538 2211 qui
2588 2138 2782 2194 saculi
2832 2139 3004 2194 istius
3044 2138 3387 2194 turbinibus
3433 2137 3792 2209 exagitantur,

2178 2228 2551 2294 consolari,et
2580 2244 2682 2298 per
2702 2245 2905 2287 sanam
2931 2228 3255 2284 doctrinam
3278 2227 3518 2282 inﬁrma
3542 2231 3797 2298 pracepta

2177 2318 2497 2374 destruere.
2531 2318 2686 2373 Sana
2716 2321 2913 2372 autem
2947 2317 3213 2372 doctrina
3239 2316 3478 2383 dicitur,
3511 2317 3579 2372 ad
3611 2315 3793 2370 distin-

2179 2407 2426 2462 ctionem
2442 2406 2729 2479 languida
2743 2406 3025 2478 infirmaq
3037 2423 3105 2461 ue
3119 2404 3796 2476 doctrina.Talisquoque

2181 2496 2350 2562 sit,ut
2370 2496 2834 2568 contradicentes
2860 2500 3066 2568 arguat
3087 2495 3393 2551 hareticos
3426 2494 3543 2550 sive
3569 2493 3793 2557 Judaos,

2178 2591 2235 2641 et
2259 2585 2457 2641 saculi
2483 2585 2656 2641 istius
2686 2585 3076 2656 sapientes.Et
3099 2583 3412 2656 superiora
3430 2583 3660 2656 quidem
3688 2596 3795 2653 qua

2177 2673 2237 2727 in
2267 2673 2522 2744 episcopi
2581 2671 2898 2728 virtutibus
2942 2672 3162 2743 posuit,
3192 2672 3262 2726 ad
3297 2671 3481 2728 vitam
3514 2671 3796 2743 pertinent.

2178 2761 2296 2816 Hoc
2326 2778 2458 2817 vero
2490 2762 2642 2834 quod
2678 2761 2758 2816 ait
2788 2779 2802 2816 :
2840 2763 2902 2819 Ut
2954 2770 3144 2832 potens
3203 2763 3274 2816 sit
3301 2761 3583 2817 consolari
3636 2761 3692 2814 in
3717 2758 3800 2812 do-

2179 2853 2356 2906 ctrina
2385 2867 2544 2917 .sana,
2599 2858 2653 2905 et
2679 2851 3106 2907 contradicentes
3148 2866 3420 2919 arguere,
3468 2847 3804 2905 referendum

2178 2944 2268 2996 est
2299 2940 2370 2995 ad
2402 2939 2881 3005 scientiam.Quia
2897 2941 2946 2994 si
2976 2938 3234 3012 episcopi
3255 2942 3499 2995 tantum
3530 2938 3605 2993 sit
3630 2939 3806 2992 sancta

2176 3033 2314 3095 vita,
2373 3028 2485 3084 sibi
2544 3032 2734 3100 potest
2790 3029 3066 3100 prodesse
3119 3027 3205 3084 sic
3259 3027 3491 3084 vivens.
3549 3031 3711 3082 Porro
3761 3022 3804 3078 si

2179 3118 2443 3173 doctrina
2472 3123 2528 3173 et
2556 3134 2826 3173 sermone
2859 3117 3032 3172 fuerit
3084 3117 3384 3188 eruditus,
3419 3119 3604 3190 potest
3631 3131 3687 3170 se
3713 3129 3804 3168 ca-

2180 3211 2463 3278 terosque.
2503 3207 2794 3262 instruere
2835 3207 2856 3240 ³
2906 3223 2918 3260 :
2969 3210 3026 3261 et
3077 3223 3190 3261 non
3224 3205 3430 3262 solum
3462 3206 3732 3261 instruere
3759 3205 3806 3257 et

1107 3258 1273 3261 ,
1306 3258 1350 3260 η
1385 3258 1810 3265 ,-__--__,-_____
1845 3258 2067 3267 mw“,
2190 3258 2450 3278 --ηηη
2908 3258 2917 3260 _
2976 3258 3024 3261 η
3226 3258 3429 3262 νώ---
3464 3258 3665 3261 ν

427 3285 502 3340 ab
533 3302 703 3358 οΡθΓθ
760 3290 1075 3362 coniugali.
1110 3309 1482 3365 nequaquam
1516 3313 1695 3367 panes
1726 3315 1874 3368 quos
1905 3299 2066 3371 prius
2099 3258 2141 3325 C
2181 3297 2387 3352 docere
2419 3313 2579 3361 suos,
2612 3296 2712 3351 sed
2745 3299 2802 3350 et
2835 3295 3198 3351 adversarios
3255 3299 3626 3367 repercutere
3656 3307 3669 3349 :
3698 3289 3800 3364 qui,

424 3379 738 3446 negaverat
768 3379 1170 3437 concessisset.
1207 3383 1458 3438 Tantum
1491 3383 1733 3440 interest
1760 3385 1911 3442 inter
1941 3404 2068 3460 pro-

426 3462 735 3532 positionis
768 3482 952 3537 panes
980 3472 1035 3522 et
1068 3485 1281 3541 corpus
1323 3471 1558 3539 Christi,
1594 3479 1883 3543 quantum
1916 3475 2068 3530 inter

422 3551 693 3606 umbram
721 3555 733 3586 ¹
769 3558 825 3609 et
853 3559 1274 3627 corpora,inter
1302 3559 1616 3633 imaginem
1652 3567 1710 3618 et
1739 3564 2063 3632 veritatem,

422 3638 581 3693 inter
635 3642 990 3714 exemplaria
1043 3647 1373 3704 futurorum
1415 3655 1474 3704 et
1512 3667 1579 3706 ea
1634 3652 1760 3722 ipsa
1798 3668 1927 3723 qua
1966 3670 2067 3726 per

423 3727 776 3798 exemplaria
795 3734 1643 3805 prafigurabantur.Quomodo
1674 3741 1869 3813 itaque
1899 3758 2066 3797 man-

423 3817 696 3883 suetudo,
728 3820 1031 3890 patientia,
1057 3824 1368 3894 sobrietas,
1391 3829 1733 3894 moderatio,
1768 3831 2065 3886 abstinen-

421 3906 505 3961 tia
535 3905 709 3974 lucri,
743 3909 1115 3983 hospitalitas
1145 3931 1379 3987 quoque
1427 3921 1484 3972 et
1530 3918 1883 3991 benignitas,
1919 3936 2065 3991 pra-

430 3995 600 4066 cipue
641 4014 769 4054 csse
817 4001 1030 4056 debent
1077 4002 1135 4057 in
1180 4003 1473 4078 episcopo,
1524 4012 1581 4061 et
1625 4007 1778 4063 inter
1827 4014 2067 4064 cunctos

431 4081 610 4140 laicos
640 4088 961 4144 eminentia
993 4106 1006 4145 :
1041 4091 1125 4146 sic
1154 4096 1210 4148 et
1239 4095 1478 4150 castitas
1522 4096 1757 4167 propria
1785 4102 1842 4152 et
1871 4101 1959 4164 (ut
1988 4099 2068 4153 ita

436 4170 681 4230 dixerim
715 4178 997 4248 pudicitia
1046 4183 1443 4250 sacerdotalis,
1505 4189 1568 4239 ut
1623 4203 1738 4241 non
1772 4185 1963 4242 solum
1996 4187 2067 4242 ab

427 4275 598 4330 opere
645 4280 708 4318 se
757 4264 1064 4324 immundo
1114 4271 1424 4342 abstineat,
1473 4275 1571 4329 sed
1624 4259 1799 4329 etiam
1846 4276 2066 4346 ajactu

435 4347 590 4403 oculi
623 4362 680 4406 et
709 4354 1077 4426 cogitationis
1110 4375 1323 4430 errore,
1386 4378 1553 4417 mens
1611 4364 1822 4419 Christi
1878 4365 2068 4437 corpis

431 4438 762 4496 confectura
826 4444 904 4500 sit
944 4445 1144 4504 libera.
1207 4449 1412 4506 Justus
1471 4469 1701 4524 quoque
1733 4458 1790 4508 et
1834 4459 2072 4510 sanctus

433 4525 743 4600 episcopus
779 4534 928 4589 703
959 4550 1088 4591 esse
1117 4537 1306 4606 debet,
1340 4544 1404 4594 ut
1424 4541 1716 4611 justitiam
1749 4542 1806 4596 in
1838 4542 2070 4614 populis

2175 3383 2290 3440 nisi
2321 3383 2559 3439 refutati
2595 3385 2811 3460 fuerint
2848 3389 3025 3454 atque
3080 3383 3360 3449 convicti,
3413 3383 3578 3440 facile
3605 3384 3802 3455 queunt

2175 3471 2535 3544 simplicium
2569 3473 2744 3528 corda
2803 3474 2953 3528 704
3013 3477 3368 3544 pervertere.
3403 3474 3505 3529 Hic
3535 3471 3690 3527 locus
3715 3469 3800 3524 ad-

2173 3576 2377 3616 versus
2408 3578 2507 3617 eos
2540 3561 2691 3627 facit,
2725 3561 2846 3634 qui,
2879 3561 3100 3617 inertia
3132 3578 3214 3630 se,
3247 3567 3304 3616 et
3335 3563 3481 3629 otio,
3515 3567 3570 3618 et
3620 3573 3804 3617 somno

2175 3650 2620 3722 dantes,putant
2638 3657 2941 3722 peccatum
2965 3667 3093 3706 esse
3115 3651 3163 3706 si
3191 3651 3536 3722 Scriptores
3565 3647 3803 3722 legerint:

2175 3743 2233 3793 et
2261 3755 2360 3794 eos
2390 3738 2490 3810 qui
2523 3737 2579 3792 in
2613 3737 2737 3808 lege
2787 3738 3018 3794 Domini
3049 3739 3419 3796 meditantur
3448 3740 3541 3795 die
3571 3754 3635 3794 ac
3662 3738 3808 3792 nocte

2177 3827 2351 3898 (Psat.
2384 3844 2424 3897 1,
2457 3826 2709 3899 2),quasi
2741 3827 3008 3899 garrulos
3031 3827 3394 3900 inutilesque
3418 3827 3802 3885 contemnunt:

2177 3934 2293 3973 non
2345 3917 2875 3972 animadvertentes
2925 3916 3272 3990 Apostolum
3333 3922 3474 3990 post
3503 3914 3806 3987 catalogurn

2177 4005 2632 4061 conversationis
2663 4005 2942 4078 episcopi,
2973 4005 3145 4061 etiam
3179 4006 3512 4063 doctrinam
3562 4002 3808 4061 similiter

2176 4095 2539 4167 praecepisse.

2250 4183 2439 4254 (Vers.
2498 4185 2579 4249 tO,
2636 4184 2745 4254 11.)
2798 4205 2825 4232 ‹‹
2875 4184 3022 4239 Sunt
3053 4185 3209 4240 enim
3244 4185 3421 4241 multi
3454 4189 3511 4242 et
3547 4201 3657 4240 non
3686 4179 3808 4237 sub-

2178 4270 2310 4337 diti,
2342 4270 2659 4342 vaniloqui,
2700 4276 2759 4327 et
2807 4271 3089 4328 mentium
3148 4273 3498 4346 deceptores
3531 4289 3544 4328 :
3579 4268 3811 4328 maxime

2179 4359 2280 4432 qui
2313 4360 2384 4414 de
2414 4359 2857 4417 circumcisione
2913 4366 3072 4430 sunt,
3131 4363 3350 4433 quibus
3381 4367 3611 4436 oportet
3650 4359 3808 4416 silen-

2179 4447 2328 4503 tium
2362 4448 2537 4503 indici
2573 4467 2585 4504 :
2620 4449 2720 4520 qui
2749 4450 3050 4506 universas
3080 4451 3437 4508 subvertunt
3465 4453 3689 4520 domos,
3719 4447 3807 4502 do-

2180 4542 2377 4592 centes
2409 4553 2535 4608 qua
2564 4553 2678 4594 non
2710 4543 2956 4610 oportet,
2989 4538 3179 4611 turpis
3235 4537 3383 4596 lucri
3416 4541 3626 4614 gratia.
3661 4559 3687 4587 ››
3715 4532 3809 4598 Olli

435 4616 652 4686 Quibus
702 4627 910 4691 praeest
966 4631 1246 4697 exerceat,
1289 4628 1540 4684 reddens
1571 4629 1887 4702 unicuique
1917 4631 2072 4702 quod
2104 4625 2151 4690 D
2181 4625 2447 4680 Ecclesia
2480 4626 2717 4681 futurus
2747 4631 2835 4682 est
2863 4627 3130 4699 princeps
3188 4627 3404 4685 habeat
3433 4625 3809 4701 eloquentiam

442 4709 736 4764 meretur:
773 4727 876 4766 nec
901 4713 1148 4785 accipiat
1177 4731 1486 4787 personam
1538 4717 1595 4772 in
1619 4718 1866 4788 judicio.
1921 4721 2074 4776 Inter

433 4790 564 4880 laici
597 4802 794 4854 autem
819 4804 874 4854 et
901 4801 1157 4874 episcopi
1180 4805 1473 4873 justitiam
1507 4805 1617 4862 hoc
1647 4807 2070 4880 interest,quod

435 4878 622 4939 laicus
655 4892 846 4957 potest
875 4907 1153 4962 apparere
1176 4893 1380 4964 justus
1422 4895 1480 4949 in
1515 4897 1738 4967 paucis,
1769 4878 2077 4969 episcopus

437 4984 570 5025 vero
627 4974 684 5028 in
733 4981 818 5031 tot
861 4994 1125 5037 exercere
1170 4981 1463 5052 justitiam
1520 4987 1713 5056 potest
1740 4986 1780 5052 ‘-',
1824 4990 1965 5057 quot
2020 4991 2078 5042 et

441 5057 708 5117 subditos
739 5063 932 5122 habet.
980 5069 1228 5125 Sanctus
1275 5077 1470 5128 autem
1521 5075 1674 5144 quod
1705 5077 1896 5130 Grace
1927 5072 2074 5134 ὅσιος

438 5145 672 5220 dicitur,
711 5154 896 5223 magis
924 5155 976 5210 id
1011 5158 1321 5229 signiﬁcat,
1355 5178 1489 5216 cum
1523 5162 1652 5232 ipsa
1683 5163 1961 5218 sanctitas
1990 5168 2078 5218 est

440 5236 616 5291 mista
647 5239 932 5311 pietati,et
960 5246 1029 5299 ad
1066 5251 1244 5303 Deum
1277 5251 1540 5306 refertur.
1575 5253 1754 5316 Quem
1781 5252 1936 5307 enim
1971 5269 2076 5307 nos

435 5330 916 5393 sanctum,Graci
947 5334 1100 5407 ἅγιον
1135 5343 1376 5395 vocant:
1401 5358 1576 5413 quem
1601 5347 1798 5397 autem
1820 5341 1904 5396 illi
1929 5341 2077 5395 ὀσιον

507 5471 523 5505 ¹
557 5471 828 5528 Fortasse
867 5476 1082 5533 rectius
1128 5479 1186 5534 in
1237 5484 1535 5540 vetustiori
1583 5484 1947 5541 Cisterciensi
1980 5501 2074 5541 co-

435 5541 582 5608 dice,
616 5548 914 5627 quentem“
941 5550 1199 5627 interest“
1222 5552 1366 5627 inter
1411 5557 1799 5627 propositionis
1825 5573 1994 5627 panes
2023 5560 2079 5611 et

432 5615 862 5700 carpens-Christi
890 5623 914 5671 ν
933 5635 1064 5700 quae
1090 5615 1421 5700 {ti/ferentia
1460 5615 1604 5683 inter
1652 5615 1931 5700 umbram,
1964 5631 2072 5684 etc.

437 5687 547 5744 sub
577 5687 974 5763 interrogandi
1007 5687 1162 5750 nota.

2183 4731 2315 4769 cum
2373 4715 2498 4769 vita
2551 4713 2881 4786 integritate
2934 4715 3236 4786 sociatam,
3269 4733 3342 4772 ne
3373 4734 3557 4790 opera
3609 4715 3814 4784 absque

2184 4819 2452 4859 sermone
2483 4803 2603 4859 sint
2631 4804 2828 4867 tacita.
2892 4809 2948 4860 et
2997 4805 3153 4861 dicta
3207 4807 3377 4861 factis
3425 4802 3813 4862 deﬁcientibus

2187 4892 2536 4948 erubescant
2569 4910 2581 4947 :
2618 4893 2869 4948 maxime
2896 4910 3027 4950 cum
3060 4894 3178 4949 sint
3208 4912 3324 4951 non
3357 4893 3671 4967 pauci,sed
3703 4890 3814 4963 plu-

2187 4997 2279 5036 res
2315 4999 2327 5037 :
2380 4997 2484 5036 nec
2515 4981 2753 5050 subditi,
2789 4982 2886 5037 sed
2917 4982 3192 5055 protervi,
3225 4984 3326 5056 qui
3386 5000 3506 5039 non
3539 4983 3736 5038 curent
3762 4975 3817 5031 il-

2184 5068 2287 5125 lud
2316 5069 2639 5126 Psalmista
2671 5071 2863 5127 dicere
2896 5087 2908 5127 :
2941 5072 3130 5128 Nonne
3156 5073 3391 5144 subjecta
3441 5077 3523 5129 est
3558 5073 3661 5128 Deo
3704 5067 3818 5123 ani-

2184 5175 2275 5214 ma
2303 5176 2429 5214 mea
2458 5160 2629 5230 (Psal.
2662 5177 2772 5227 LXI,
2801 5160 2907 5232 2)?
2935 5161 3044 5217 Sed
3104 5161 3317 5217 bonam
3375 5162 3487 5234 [AL
3522 5155 3814 5222 bonarum]

2187 5248 2470 5304 mentium
2503 5253 2979 5321 sementem,qua
3003 5250 3343 5307 naturaliter
3362 5250 3545 5307 habet
3565 5245 3816 5305 notitiam

2186 5337 2309 5406 Dei,
2368 5337 2531 5394 inani
2600 5338 2980 5410 persuasione
3029 5343 3374 5413 pervertant.
3437 5343 3561 5395 Hoc
3617 5334 3816 5409 quippe

2255 5483 2276 5517 ³
2307 5473 2430 5538 Duo
2491 5498 2658 5548 mss.,
2717 5483 2866 5538 debet
2899 5499 3001 5556 pro
3050 5487 3221 5556 potest
3271 5501 3284 5540 :
3338 5481 3619 5552 idemque
3673 5491 3814 5536 mox,

2263 5573 2360 5605 ιοε-
2395 5570 2496 5605 Dro
2529 5549 2698 5605 ὅσιος.

2187 5551 2360 5627 ἃγιος,
2395 5570 2496 5625 pro
2529 5551 2698 5614 ὅσιος.
2899 5551 2917 5556 ⁷
3050 5551 3066 5556 ”
3522 5551 3537 5552 ί

2255 5625 2277 5659 ³
2306 5625 2490 5681 Iidem
2521 5641 2689 5693 mss.,
2717 5627 2891 5698 potest
2915 5629 3142 5683 caeteros
3171 5639 3375 5700 quoque
3404 5625 3706 5678 instruere.
