4066 6190
349 397 469 468 603

1192 398 1708 466 COMMENTAR.
1752 399 1835 461 IN
1879 391 2130 460 EPlS'l‘.
2176 344 2281 459 AD
2323 395 2600 471 TITUM,
2645 397 2817 460 CAP.
2863 396 2913 458 Ῑ.

3634 392 3755 457 606

349 536 498 596 mihi
528 534 752 594 Paulus
782 535 1013 594 videtur
1041 536 1314 609 sensisse,
1349 554 1481 593 cum
1539 535 1682 593 dicit
1722 533 1996 613 φρεναπάσ
2030 531 2082 599 Α
2116 535 2271 600 ferri,
2306 537 2378 593 de
2410 535 2624 608 quibus
2655 531 2927 607 superius
2956 532 3046 589 est
3069 527 3303 588 locutus
3337 549 3350 587 :
3384 529 3629 589 Maxime
3657 530 3758 603 qui

346 646 437 682 ται
472 644 485 683 :
521 643 637 683 non
670 631 736 682 ut
764 626 1121 703 simpliciter.
1139 627 1383 682 Latinus
1427 628 1715 697 interpres
1747 629 2001 681 transtu-

352 716 440 784 lit,
473 716 803 788 deceptores,
836 715 936 771 sed
964 718 1234 771 mentium
1261 716 1586 788 deceptores.
1642 717 1709 771 Et
1763 715 1998 788 quidem

356 807 483 862 sine
521 805 960 876 Scripturarum
1010 804 1356 876 auctoritate
1403 804 1720 875 garrulitas
1751 821 1866 860 non
1897 805 2000 860 ha-

353 895 519 951 beret
548 894 745 965 ﬁdem,
780 893 887 949 nisi
920 893 1254 949 viderentur
1301 909 1634 965 perversam
1675 894 2001 948 doctrinam

357 984 533 1047 etiam
586 982 802 1038 divinis
853 982 1207 1038 testimoniis
1279 984 1569 1039 roborare.
1633 984 1697 1038 Hi
1746 987 1885 1038 sunt
1932 984 2004 1037 de

358 1070 809 1128 circumcisione
837 1072 1156 1145 Judai,qui
1183 1077 1324 1129 tunc
1357 1073 1639 1145 temporis
1665 1077 2003 1129 nascentem

355 1160 573 1219 Christi
605 1160 926 1217 Ecclesiam
960 1162 1295 1218 subvertere
1343 1163 1702 1232 nitebantur,
1735 1166 1790 1218 et
1818 1162 2003 1219 intro-

357 1250 571 1306 ducere
594 1254 881 1322 pracepta
908 1249 1164 1321 legalia':
1199 1253 1271 1305 de
1296 1252 1514 1323 quibus
1544 1257 1604 1306 et
1658 1252 1730 1307 ad
1792 1252 2003 1307 Roma-

356 1356 467 1395 nos
498 1345 552 1394 et
584 1339 653 1394 ad
689 1338 925 1395 Galatas
983 1339 1215 1412 plenius
1253 1341 1472 1397 Paulus
1529 1341 1886 1413 exsequitur.
1937 1341 2006 1395 Et

356 1424 464 1485 nos
497 1432 630 1484 ante
662 1444 880 1500 paucos
911 1445 1163 1498 menses,
1195 1429 1305 1484 tria
1339 1429 1638 1485 volumina
1692 1429 1750 1484 in
1782 1429 2007 1502 Episto-

359 1517 430 1573 la
459 1516 532 1572 ad
563 1515 799 1572 Galatas
831 1516 1240 1588 explanatione
1269 1517 1640 1574 dictavimus.
1700 1517 1874 1587 Tales
1901 1517 2005 1573 ho-

363 1606 556 1661 mines
613 1605 826 1661 Doctor
884 1604 1173 1674 Ecclesia,
1229 1607 1321 1663 cui
1401 1607 1610 1663 anima
1656 1606 2006 1680 pepulorum

365 1694 595 1751 credita
624 1701 785 1761 sunt,
816 1695 1251 1769 Scripturarum
1282 1698 1455 1753 debet
1483 1696 1701 1753 ratione
1732 1712 2008 1769 superare

362 1789 421 1841 et
449 1783 748 1839 silentium
779 1783 896 1840 illis
924 1784 1396 1842 testimoniorum
1418 1785 2006 1858 pondereimponere,

361 1872 461 1945 qui
494 1889 609 1928 non
641 1890 845 1939 unam,
880 1879 982 1929 aut
1011 1891 1230 1946 paucas
1268 1877 1496 1944 domos,
1549 1876 1647 1931 sed
1708 1874 2011 1930 universas
2041 1902 2088 1967 Β

359 1978 494 2018 cum
525 1961 786 2017 dominis
818 1961 1175 2034 familiisque
1226 1964 1600 2029 subvertunt,
1635 1965 1908 2020 docentes
1938 1963 2011 2018 de

360 2050 626 2107 ciborum
658 2050 1108 2119 diﬂ‘erentiis,de
1138 2053 1367 2109 sabbati
1390 2054 1519 2125 jam
1537 2052 1676 2108 olim
1700 2051 2011 2108 abolitione

366 2140 438 2196 de
466 2139 930 2197 circumcisionis
959 2141 1204 2212 injuria;
1237 2146 1413 2213 atque
1435 2143 1657 2197 utinam
1687 2141 1796 2197 hoc
1815 2140 2011 2213 ipsum

365 2231 487 2284 zelo
518 2228 655 2283 ﬁdei
688 2228 963 2297 facerent,
996 2246 1065 2286 ex
1096 2236 1260 2302 parte
1291 2230 1490 2302 aliqua
1539 2234 1737 2302 posset
1765 2229 2010 2301 ignosci,

366 2317 596 2371 dicente
627 2316 900 2387 Apostolo
933 2334 946 2372 :
984 2317 1278 2389 Conﬁteor,
1310 2318 1492 2373 zelum
1518 2319 1618 2374 Dei
1663 2316 1891 2386 habent,
1920 2316 2013 2372 sed

368 2421 477 2460 non
509 2404 809 2461 secundum
835 2408 1123 2462 scientiam
1164 2409 1339 2477 (Rom.
1400 2425 1455 2474 χ,
1485 2407 1540 2477 2)
1575 2423 1589 2474 ;
1621 2421 1819 2461 verum
1874 2405 2014 2477 quia

370 2494 518 2549 deus
547 2497 639 2549 est
664 2498 865 2550 venter
889 2494 1177 2568 ipsorum,
1208 2494 1397 2567 turpis
1426 2494 1573 2551 lucri
1594 2494 1783 2567 gratia
1810 2493 2013 2550 volunt

375 2582 642 2656 pr0prios
692 2584 877 2639 facere
921 2583 1262 2656 discipulos,
1298 2586 1443 2643 705
1506 2589 1573 2640 ut
1602 2584 1767 2654 quasi
1826 2583 2010 2656 magi-

371 2671 476 2727 stri
508 2688 542 2727 a
566 2672 954 2728 sectatoribus
985 2673 1110 2728 suis
1138 2672 1387 2729 alantur.
1434 2673 1756 2729 Possumus
1812 2677 2011 2728 autem

366 2758 624 2819 etaliter
649 2759 1018 2834 interpretari
1046 2762 1153 2818 hoc
1185 2763 1339 2834 quod
1392 2761 1615 2818 dictum
1662 2765 1770 2829 est,
1831 2762 2013 2833 turpis

371 2850 516 2905 lucri
539 2850 743 2920 gratia:
776 2854 842 2905 ut
870 2850 1499 2923 putemusApostolum
1522 2850 1821 2907 communi
1838 2850 2011 2905 verbo

370 2954 569 3007 usum,
602 2955 718 3009 quo
750 2956 953 2995 omnes
977 2939 1230 2995 haretici
1263 2956 1395 2995 cum
1454 2956 1725 3012 perversa
1780 2940 2008 3005 docent,

368 3042 432 3083 se
462 3026 771 3082 hominum
804 3026 990 3084 solent
1018 3044 1278 3085 asserere
1332 3028 1654 3085 lueratores
1686 3046 1699 3084 :
1732 3045 1865 3084 cum
1895 3043 2008 3083 non

363 3115 605 3172 lucrum
635 3115 733 3182 sit,
768 3116 867 3172 sed
900 3117 1171 3188 perditio,
1203 3118 1432 3173 animas
1486 3117 1812 3172 interficere
1843 3116 2011 3171 dece-

374 3209 634 3276 ptorum.
672 3203 907 3271 Contra,
930 3206 1028 3276 qui
1059 3211 1351 3261 errantem
1382 3205 1620 3262 fratrem
1651 3206 2017 3273 suumjuxta‘

374 3292 755 3365 Evangelium
789 3294 1154 3365 corripuerit,
1208 3295 1258 3350 si
1299 3295 1474 3350 fuerit
1525 3294 1620 3350 ille
1676 3309 2011 3359 conversus,
2043 3265 2087 3332 (ἶ

368 3381 629 3438 lucratus
660 3385 752 3437 est
798 3398 932 3438 eum
982 3384 1203 3455 (Matth.
1265 3401 1425 3449 xvm,
1496 3385 1597 3452 35).
1642 3382 1802 3447 Quod
1857 3382 2014 3438 enim

377 3471 573 3542 majus
606 3471 837 3526 lucrum
878 3476 1070 3543 potest
1122 3489 1271 3541 esse,
1329 3477 1432 3527 aut
1485 3471 1628 3545 quid
1684 3470 2015 3544 pretiosius,

378 3576 562 3632 quam
591 3559 641 3615 si
673 3560 992 3617 humanam
1026 3560 1283 3618 animam
1315 3561 1448 3633 quis
1483 3560 1742 3616 lucretur
1767 3560 1794 3615 ‘?
1814 3558 2019 3616 Omnis

371 3647 559 3721 igitur
589 3649 792 3705 doctor
821 3648 1108 3716 Ecclesia,
1140 3650 1238 3721 qui
1271 3650 1343 3705 ad
1374 3650 1548 3705 ﬁdem
1603 3649 1814 3705 Christi
1862 3653 2022 3704 recta

369 3738 597 3793 ratione
624 3739 957 3810 persuadet,
990 3738 1275 3795 honestus
1304 3737 1561 3795 lucrator
1587 3742 1696 3795 est.
1730 3739 1799 3793 Et
1827 3736 2020 3794 omnis

372 3825 686 3882 hareticus
715 3826 814 3898 qui
848 3826 1203 3898 quibusdam
1235 3826 1546 3900 prastigiis
1573 3827 1843 3883 homines
1873 3824 2024 3881 fallit

372 3919 432 3971 et
462 3914 704 3982 fallitur,
748 3915 1012 3988 loquitur
1046 3932 1178 3989 qua
1206 3933 1320 3973 non
1353 3921 1598 3990 oportet,
1627 3915 1817 3989 turpis
1876 3914 2022 3970 lucri

372 4003 584 4076 gratia.
1078 4026 1085 4035 '

453 4094 639 4163 (Vere.
675 4094 743 4148 12
772 4095 962 4167 seqq.)
993 4117 1021 4144 ‹‹
1057 4094 1206 4149 Dixit
1235 4092 1473 4167 quidam
1505 4110 1575 4149 ex
1601 4093 1723 4150 illis
1752 4094 2024 4167 preprius

379 4197 584 4239 eorum
640 4183 921 4255 prepheta
988 4183 1345 4239 :Cretenses
1400 4199 1633 4255 semper
1686 4184 2020 4252 mendaces,

383 4269 553 4325 mala
601 4270 821 4339 bestia,
900 4275 1128 4328 ventres
1185 4271 1354 4344 pigri.
1432 4272 1858 4343 Testimonium
1914 4272 2023 4328 hoc

377 4373 581 4414 verum
616 4364 725 4427 est,
752 4360 826 4416 ob
859 4376 1037 4431 quam
1069 4375 1309 4415 causam
1340 4360 1578 4432 increpa
1607 4359 1707 4417 illo
1736 4361 1946 4417 acriter
1979 4364 2020 4431 ί,

380 4450 449 4501 ut
479 4448 607 4504 sani
638 4448 758 4504 sint
787 4448 844 4503 in
878 4448 1013 4515 ﬁde,
1044 4464 1163 4504 non
1193 4448 1559 4504 attendentes
1579 4448 1838 4505 Judaicis
1860 4450 2023 4505 fabu-

377 4533 478 4605 lis,
510 4540 566 4591 et
596 4537 889 4593 mandatis
919 4537 1226 4594 hominum
1258 4537 1656 4593 aversantium
1714 4555 1776 4593 se
1805 4556 1839 4593 a
1875 4538 2021 4594 veri-

2107 631 2172 687 de
2198 629 2617 685 circumcisione
2661 628 2832 682 sunt:
2868 640 2998 696 quos
3052 626 3259 695 oportet
3314 623 3607 693 refrenari,
3662 620 3760 692 qui

2110 721 2391 775 universas
2417 718 2601 773 domos
2630 718 2969 780 subvertant,
3001 712 3251 768 docentes
3279 726 3405 783 qua
3445 726 3554 765 non
3601 726 3757 780 apor-
3858 712 3863 719 ’

2108 812 2182 864 tet
2208 810 2385 880 turpis
2416 809 2560 863 lucri
2586 807 2770 875 gratia
2801 805 2964 875 (vers.
3002 804 3087 867 10,
3147 803 3255 867 11),
3311 804 3377 856 ut
3425 804 3706 870 sequatur
3736 814 3750 853 :

2110 899 2265 954 Dixit
2292 896 2516 969 quidam
2537 912 2607 951 ex
2636 894 2750 949 illis
2779 893 3035 965 proprius
3076 906 3264 947 eorum
3296 890 3576 960 propheta.
3612 885 3756 951 Quia

2111 1002 2245 1042 vero
2291 985 2350 1041 in
2399 984 2561 1040 nullo
2610 982 3026 1056 prophetarum
3071 979 3211 1052 quid
3280 978 3433 1051 apud
3492 977 3754 1032 Judaam

2110 1074 2404 1131 vaticinati
2438 1078 2597 1142 sunt,
2638 1072 2733 1127 hic
2763 1071 3099 1126 hexameter
3117 1067 3442 1125 versiculus
3471 1063 3760 1137 reperitur

2112 1163 2341 1219 videtur
2370 1162 2513 1219 mihi
2546 1160 2861 1233 dupliciter
2907 1158 3245 1230 legendum,
3314 1159 3380 1211 ut
3433 1154 3543 1210 hoc
3599 1153 3755 1224 quod

2113 1253 2194 1309 ait
2226 1269 2239 1308 :
2270 1254 2431 1308 Dixit
2459 1241 2685 1324 quidanm
2714 1266 2784 1305 ex
2810 1248 2927 1304 illis
2951 1249 3212 1319 proprius
3255 1261 3446 1301 eorum
3470 1244 3760 1316 propheta,

2113 1359 2248 1398 cum
2281 1339 2684 1411 superioribus
2714 1337 3039 1409 copuletur,
3071 1335 3237 1406 hujus
3270 1337 3351 1390 rei
3393 1335 3577 1404 gratia
3626 1332 3759 1387 reli-

2115 1433 2213 1503 qui
2239 1435 2291 1486 te
2320 1431 2507 1496 Creta,
2542 1438 2602 1484 ut
2628 1446 2691 1485 ea
2722 1445 2840 1501 qua
2862 1428 3105 1490 deerant,
3127 1424 3430 1493 corrigeres
3477 1424 3645 1492 (vers.
3678 1420 3755 1491 5).

2115 1524 2171 1576 et
2200 1524 2483 1591 sequatur
2513 1535 2527 1575 :
2560 1520 2717 1574 Dixit
2740 1518 2965 1589 quidam
3011 1531 3080 1571 ea:
3110 1514 3225 1570 illis
3268 1512 3528 1585 proprius
3572 1525 3763 1567 eorum

2114 1609 2400 1680 propheta,
2433 1610 2491 1664 id
2524 1612 2615 1664 est
2656 1606 3043 1663 Cretensium.
3102 1603 3215 1660 Sed
3272 1600 3411 1673 quia
3461 1598 3648 1655 multa
3698 1598 3759 1653 in

2118 1699 2310 1754 medio
2360 1702 2521 1765 sunt,
2570 1705 2625 1753 et
2667 1697 2776 1753 hoc
2825 1695 3151 1751 absurdum
3207 1691 3457 1755 videtur,
3506 1692 3565 1744 et
3616 1688 3760 1743 forte

2118 1804 2289 1844 nemo
2320 1786 2565 1859 recipiat
2596 1804 2609 1841 :
2643 1790 2949 1858 propterea
2983 1800 3113 1839 cum
3178 1778 3600 1853 superioribus,
3632 1793 3760 1849 qua

2122 1877 2309 1947 magis
2329 1875 2522 1932 vicina
2552 1878 2693 1931 sunt
2718 1873 2887 1931 aliter
2913 1872 3238 1945 aptandum
3256 1872 3446 1935 est,ut
3473 1867 3757 1941 legamus:

2121 1965 2258 2021 Sunt
2284 1966 2437 2020 enim
2464 1965 2630 2020 multi
2657 1972 2709 2019 et
2742 1964 2893 2019 106
2922 1978 3039 2017 non
3086 1959 3309 2026 subditi,
3352 1957 3659 2029 vaniloqui,
3709 1961 3763 2009 et

2119 2055 2388 2109 mentium
2416 2053 3007 2124 deceptores,ma.nime
3049 2057 3232 2106 autem
3275 2049 3372 2118 qui
3415 2045 3479 2102 de
3525 2046 3761 2100 circum-

2120 2144 2325 2199 cisione
2368 2150 2496 2198 sunt
2524 2144 2682 2214 (vers.
2716 2141 2805 2213 10)
2840 2159 2854 2208 ;
2887 2156 3036 2213 quos
3066 2137 3282 2193 multos
3333 2142 3387 2190 et
3413 2150 3531 2189 non
3561 2128 3762 2187 subdi-

2120 2236 2231 2294 tos,
2265 2231 2628 2303 vaniloquos,
2661 2235 2720 2286 et
2752 2228 3038 2285 mentium
3090 2227 3449 2297 deceptores,
3491 2237 3625 2277 cum
3669 2218 3762 2274 his

2122 2321 2223 2392 qui
2258 2320 2330 2375 de
2384 2318 2828 2376 circumcisione
2875 2321 3037 2383 sunt,
3084 2317 3314 2388 oportet
3363 2308 3632 2374 refenari,
3664 2306 3764 2379 qui

2130 2409 2432 2465 universas
2461 2410 2667 2465 domos
2710 2409 3074 2472 subvertunt,
3135 2405 3407 2460 docentes
3461 2415 3588 2471 qua
3646 2413 3762 2452 non

2119 2503 2347 2570 oportet
2376 2499 2565 2571 turpis
2595 2497 2740 2553 lucri
2770 2496 2959 2569 gratia
2990 2513 3004 2551 :
3038 2494 3185 2550 dixit
3230 2489 3472 2564 quidam
3530 2504 3600 2543 ex
3645 2483 3763 2541 illis

2120 2588 2393 2661 proprius
2422 2604 2624 2644 eorum
2657 2586 2939 2659 propheta
2971 2602 2984 2641 :
3017 2588 3084 2639 ut
3111 2582 3170 2637 id
3203 2581 3357 2654 quod
3390 2574 3763 2648 ait,pr0prius

2118 2694 2307 2735 eorum
2329 2677 2616 2749 propheta,
2647 2693 2763 2732 non
2794 2673 3125 2747 specialiter
3178 2672 3251 2727 ad
3289 2669 3548 2732 Judaos,
3579 2669 3636 2721 et
3663 2680 3764 2720 eos

2120 2766 2374 2822 maxime
2404 2766 2504 2837 qui
2538 2766 2609 2821 de
2637 2763 3083 2821 circumcisione
3110 2764 3270 2829 sunt,
3307 2758 3407 2815 sed
3440 2756 3512 2812 ad
3546 2753 3764 2809 multos

2119 2854 2424 2921 referatur,
2459 2854 2559 2925 qui
2592 2870 2704 2909 non
2738 2850 2959 2907 subditi
3010 2852 3169 2913 sunt,
3227 2850 3284 2903 et
3337 2841 3659 2913 vaniloqui,
3708 2842 3764 2895 et

2121 2943 2407 3000 mentium
2463 2944 2819 3014 deceptores,
2879 2939 2980 3011 qui
3037 2937 3241 3008 utique
3295 2934 3435 3006 quia
3489 2932 3549 2986 in
3600 2931 3766 2985 Creta

2120 3036 2307 3099 erant,
2338 3030 2639 3088 Cretenses
2670 3029 2852 3085 fuisse
2880 3025 3152 3083 credendi
3195 3026 3352 3079 sunt.
3406 3018 3636 3081 Dicitur
3659 3033 3763 3072 au-

2120 3123 2237 3176 tem
2270 3120 2381 3175 iste
2409 3117 2734 3175 versiculus
2764 3118 2823 3172 in
2854 3113 3216 3187 Epimenidis
3263 3108 3553 3168 Cretensis
3583 3109 3763 3180 poeta

2123 3208 2373 3266 oraculis
2420 3207 2658 3280 reperiri
2701 3208 2723 3241 ²
2775 3231 2790 3273 ;
2838 3221 3012 3277 quem
3073 3198 3599 3274 impraesentiarum
3644 3194 3764 3251 sive

2126 3296 2382 3354 illudens
2412 3298 2521 3369 (Al.
2561 3295 2853 3367 alludens)
2912 3291 3256 3367 prophetam
3310 3285 3552 3355 vocavit,
3609 3282 3764 3356 quod

2126 3386 2349 3444 scilicet
2376 3386 2527 3442 tales
2564 3382 2903 3449 Christiani,
2955 3380 3103 3438 tales
3160 3379 3376 3435 habere
3430 3374 3768 3431 mereantur

2128 3475 2445 3548 prophetas
2474 3491 2487 3530 :
2521 3473 2814 3545 quomodo
2846 3476 2903 3528 et
2954 3468 3249 3543 propheta
3294 3468 3460 3523 erant
3504 3460 3645 3519 Baal
3671 3460 3768 3531 (Ill

2132 3547 2255 3636 Reg.
2286 3581 2445 3631 xvm,
2480 3564 2589 3634 19),
2622 3566 2681 3618 et
2709 3560 3004 3634 propheta
3040 3555 3420 3623 confusionis,
3452 3556 3510 3609 et
3563 3548 3661 3607 alii
3691 3547 3772 3603 of-

2128 3653 2462 3710 fensionum
2495 3669 2510 3708 :
2543 3656 2600 3708 et
2623 3665 3006 3723 quoscunque
3026 3641 3592 3717 vitiosospropbetas
3620 3636 3774 3693 Scri-

2128 3747 2303 3814 ptura
2334 3745 2798 3797 commemorat:
2843 3738 2963 3794 sive
3008 3752 3161 3805 vere,
3206 3733 3344 3806 quia
3391 3731 3463 3786 de
3509 3725 3774 3785 Oraculis

2130 3828 2429 3900 scripserit
2460 3832 2636 3900 atque
2665 3825 2987 3899 responsis,
3020 3841 3146 3896 qua
3177 3826 3235 3879 et
3262 3822 3391 3893 ipsa
3421 3819 3614 3873 futura
3638 3831 3777 3888 pra-

2131 3917 2427 3981 nuntient,
2452 3921 2512 3973 et
2536 3934 2603 3973 ea
2633 3933 2761 3987 qua
2792 3901 3036 3971 ventura
3064 3917 3207 3968 sunt
3250 3909 3436 3966 multo
3467 3910 3599 3963 ante
3629 3921 3774 3976 pra-

2131 4006 2346 4063 dicant.
2413 4005 2678 4078 Denique
2752 4004 2877 4075 ipse
2959 4002 3107 4058 liber
3184 3999 3537 4056 Oraculorum
3602 3990 3775 4048 titulo

2132 4079 2491 4168 pranotatur
2521 4111 2534 4148 :
2569 4110 2744 4166 quem
2776 4092 2915 4163 quia
2935 4090 3244 4145 videbatur
3264 4085 3527 4142 divinum
3552 4080 3775 4154 aliquid

2132 4185 2556 4257 repromittere,
2590 4187 2891 4255 prepterea
2918 4176 3264 4250 Apostolum
3297 4174 3552 4248 arbitror
3577 4171 3771 4241 inspe-

2131 4273 2310 4344 xisse,
2347 4278 2412 4328 ut
2434 4272 2656 4327 videret
2685 4269 2823 4342 quid
2869 4266 3178 4340 gentilium
3232 4261 3510 4319 divinatio
3542 4257 3775 4333 pollice-

2131 4369 2295 4418 retur
2328 4379 2340 4418 :
2374 4347 2432 4417 et
2460 4362 2519 4416 in
2555 4365 2815 4430 tempore
2846 4357 3099 4412 abusum
3129 4369 3257 4410 esse
3289 4348 3605 4415 versiculor
3630 4346 3772 4403 scri-

2130 4452 2366 4507 bentem
2400 4449 2473 4504 ad
2501 4449 2697 4505 Titum
2730 4445 2830 4517 qui
2861 4448 2987 4500 erat
3011 4447 3215 4499 Creta:
3252 4445 3318 4496 ut
3343 4439 3520 4495 falsos
3541 4437 3773 4493 Creten~

2133 4539 2287 4595 sium
2320 4539 2587 4595 doctores
2619 4533 2852 4609 proprio
2891 4530 3096 4588 insula
3116 4524 3773 4587 doctoreconvinceret".

380 4627 527 4682 tate.
569 4648 599 4675 »
627 4627 921 4691 Quantum
952 4627 1022 4682 ad
1050 4631 1273 4682 textum
1328 4626 1638 4697 sermonis,
1681 4632 1735 4682 et
1786 4628 1858 4683 ad
1898 4644 2029 4683 con-
2058 4634 2104 4698 D
2136 4627 2254 4684 Hoc-
2299 4632 2493 4685 autem
2542 4624 2761 4681 Paulus
2808 4639 2922 4677 non
2966 4619 3157 4677 solum
3212 4618 3271 4673 in
3330 4616 3439 4671 hoc
3496 4614 3642 4683 loco,
3674 4611 3776 4667 sed

380 4712 688 4771 tinentiam
722 4715 831 4771 loci
862 4714 1250 4788 pertinet,hoc
1281 4715 1437 4787 quod
1468 4714 1568 4770 ait:
1605 4718 1767 4771 Dixit
1802 4715 2027 4786 quidam

382 4815 445 4857 ev
475 4803 593 4859 illis
607 4805 867 4876 proprius
896 4819 1092 4860 eorum
1118 4804 1400 4876 prapheta,
1448 4803 1678 4860 videtur
1707 4804 1777 4858 ad
1808 4820 1907 4860 eos
1938 4821 2024 4859 re-

460 4951 474 5021 t
507 4945 878 5021 Cisterciens.
910 4964 1079 5018 mss.,
1110 4948 1349 5018 graviter
1377 4964 1480 5019 pro
1518 4948 1748 5015 acriter,
1798 4946 2026 5021 longius

385 5033 420 5072 a
447 5020 663 5090 Graec,
696 5017 1011 5090 ἀποτόμως.

456 5088 883 5162 {Epimenidis
912 5089 1138 5162 laudari
1192 5088 1263 5144 ab
1323 5088 1599 5162 Apostolo
1640 5090 2024 5162 sententiam,

386 5158 656 5217 nihil'est
683 5160 953 5217 dubium.
983 5161 1147 5226 Quod
1177 5176 1312 5216 vero
1343 5158 1523 5216 tradit
1548 5166 1605 5215 Β.
1638 5160 1828 5229 Pater,
1864 5179 1932 5216 ex
1960 5178 2026 5216 eo

389 5231 635 5314 fortasse
664 5232 1011 5314 prophetam
1040 5249 1177 5288 eum
1208 5230 1511 5314 appellari,
1564 5234 1697 5314 quia
1725 5232 1788 5314 de
1819 5233 2025 5314 oracu-

390 5249 635 5289 rortasse
664 5249 1011 5305 propnetam
1040 5249 1177 5288 eum
1208 5249 1511 5359 appellari,
1564 5249 1697 5303 quia
1725 5249 1788 5288 ae
1819 5249 2025 5289 uracu—

390 5303 804 5376 (ascripserit,
854 5320 1174 5375 versusque
1229 5303 1328 5359 ile
1367 5320 1434 5358 ex
1491 5321 1557 5359 eo
1608 5308 1840 5375 petatur
1882 5304 2027 5361 libro

385 5372 482 5445 qui
532 5372 890 5431 Oracutorum
933 5372 1097 5431 titulo
1131 5383 1495 5447 praenotatur,
1550 5372 1846 5447 utcunque
1894 5393 2025 5449 pro-

387 5445 528 5517 bant
572 5452 632 5501 et
676 5451 963 5514 Socrates,
1020 5463 1101 5517 III,
1157 5448 1244 5515 16,
1313 5451 1371 5501 et
1418 5446 1782 5517 Nicephorus
1829 5465 1886 5511 Χ,
1934 5448 2024 5504 26.

950 5489 963 5514 ,
1020 5489 1101 5515 ἀι’
1159 5489 1244 5515 ου’
1314 5489 1370 5501 νυ
1420 5489 1699 5515 ιιινννιευι
1715 5489 1782 5501 ιγυ
1832 5489 1886 5511 α,
1936 5489 2024 5504 νυ.

386 5516 652 5573 Fortasse
682 5519 857 5575 etiam
892 5491 1131 5574 Luciani
1158 5491 1511 5573 Scholiastes
1550 5491 1671 5573 t'om
1704 5518 1746 5572 Ι.
1774 5491 1886 5572 sub,
1915 5518 2025 5573 ini-

385 5588 564 5664 ti_um_
599 5606 613 5645 :
644 5657 656 5664 _
683 5590 740 5643 Ὀ
811 5585 1166 5664 Ἐπιμξνξδημς
1193 5662 1217 5664 _
1250 5589 1401 5663 Κρῆς
1430 5659 1440 5664 _
1466 5590 1533 5657 ἦν
1600 5586 2028 5664 Χρησμολὸγᾳς,

385 5659 449 5737 o_-5
480 5656 569 5737 noti
597 5657 686 5737 ad,
732 5656 953 5737 Χρῆτεέ
992 5659 1072 5713 ἀεὶ
1122 5656 1366 5737 «peperat,
1421 5656 2029 5737 L_o_~{iov,'Epirnenides

388 5734 658 5787 Cretensis
702 5732 850 5789 vates
913 5741 1054 5799 erat,
1103 5732 1258 5799 cuius
1322 5739 1374 5787 et
1438 5732 1539 5787 ma
1603 5734 1876 5789 sententia
1926 5735 2027 5801 est,

2134 4717 2310 4772 etiam
2360 4716 2417 4770 in
2472 4714 2603 4770 aliis
2656 4713 2863 4769 fecisse
2910 4705 3385 4780 deprehenditur.
3430 4704 3490 4758 In
3537 4699 3779 4756 Actibus

2136 4805 2351 4879 quippe
2365 4801 2926 4876 apostolorum,cum
2939 4796 3346 4853 concionaretu
3356 4791 3456 4847 rad
3472 4787 3778 4862 populum,

2139 4949 2409 5004 Cretenses
2438 4960 2658 5016 semper
2676 4941 2998 5016 mendaces.
3017 4940 3296 5016 Caterum
3348 4933 3446 5016 qui
3478 4929 3779 5016 divinandi

2136 5018 2369 5075 laudem
2402 5007 2727 5090 Epimenidi
2758 5009 3092 5090 tribuerint,
3141 5013 3471 5090 occurrunt.
3513 5007 3780 5090 exat-nti-

2139 5073 2491 5163 quis—multi
2527 5106 2540 5143 :
2584 5086 2763 5154 Plato,
2813 5084 2879 5137 de
2907 5073 3144 5163 Legihus
3169 5078 3271 5163 lib.
3303 5094 3344 5163 ξι
3379 5095 3393 5145 ;
3442 5073 3781 5163 .Aris‘tolteles

2137 5146 2356 5218 Iihetor.
2409 5161 2509 5215 lib.
2588 5175 2665 5222 v1,
2716 5146 2842 5226 cap.
2906 5146 3020 5226 17':
3065 5150 3416 5226 Plutarchus
3440 5147 3500 5226 i_n
3548 5146 3779 5226 Spione,

2139 5233 2401 5288 Laertius
2423 5231 2524 5286 lib.
2560 5247 2598 5296 ι,
2633 5218 2866 5299 aliique,
2900 5222 3302 5299 Epimenidem
3326 5218 3783 5299 _c_elebrem_poe-

2138 5309 2260 5359 tam
2291 5304 2545 5373 epicum,
2576 5289 2807 5355 natione
2838 5289 3198 5373 Cretensem,
3225 5292 3369 5373 dicit
3389 5295 3454 5373 et
3501 5289 3781 5373 Apuleius

2136 5375 2239 5430 lib.
2266 5391 2307 5429 ιι
2328 5360 2602 5430 Ῥιονίἀόν.
2634 5388 2647 5438 ;
2681 5375 2738 5426 et
2773 5385 2903 5424 cum
2953 5366 3100 5421 mira
3134 5360 3339 5438 multa,
3378 5361 3523 5438 licet
3550 5360 3784 5438 'fabulis

2137 5446 2423 5511 immista,
2454 5446 2524 5501 de
2553 5433 2681 5515 ipso
2711 5441 3142 5515 traderentuna
3171 5433 3507 5515 concivihiis
3537 5433 3688 5515 suis,
3719 5435 3785 5515 ut

2139 5503 2431 5574 testantur
2461 5503 2719 5571 Laertius
2750 5518 2807 5568 et
2835 5511 3033 5567 Cicero
3067 5507 3167 5563 lib.
3202 5525 3242 5570 1,
3275 5506 3342 5561 de
3363 5506 3573 5571 Divin.,
3603 5503 3783 5559 veluti

2134 5590 2395 5662 propheta
2425 5589 2752 5662 futurorum
2788 5581 3066 5656 praseius
3096 5584 3186 5635 est
3215 5578 3470 5662 habitus:

2205 5647 2382 5716 3'Duo
2412 5647 2996 5725 Cisterciensfmss”
3039 5652 3264 5724 proprio
3313 5648 3511 5704 insula
3552 5647 3782 5705 auctore

2138 5733 2418 5789 intererat.
