4066 6190
252 361 374 422 609
1098 352 1614 420 COMMENTAR.
1662 357 1739 420 IN
1785 356 2033 423 EPIST.
2081 360 2185 422 AD
2226 356 2501 434 'l‘lTUM,
2547 360 2723 422 CAP.
2769 362 2817 424 Ι.
3547 365 3669 426 610

255 492 415 551 enim
446 490 558 547 hoc
588 493 935 562 angumento
966 487 1194 557 dicere;
1228 489 1367 561 quia
1398 491 1551 563 apud
1585 491 1907 547 Athenien-
1937 494 1993 560 Α
2022 493 2259 565 (ΙΙηΤίηι.
2296 510 2334 567 1,
2372 493 2479 569 13.).
2511 492 2619 559 Qui
2650 493 2800 559 hanc
2850 494 3065 569 habent,
3107 495 3239 573 ﬁdei
3287 501 3363 569 et,
3388 498 3671 565 doctrinm,

259 598 369 638 ses
387 580 659 653 ignotum
712 578 896 636 Deum
945 576 1131 639 colere
1178 594 1239 634 se
1289 579 1453 646 dixit,
1500 596 1675 652 quem
1723 579 1808 641 illi.
1852 582 1910 636 in
2021 582 2335 655 sanitatem
2363 588 2538 661 atque
2564 584 3035 656 verborum,non
3067 576 3411 663 attendent‘
3459 588 3665 643 Judai-

261 688 368 727 ara
388 670 834 733 adnotaverunt,
869 667 1078 723 debere
1110 666 1355 725 Paulum
1406 674 1463 724 et
1511 675 1736 736 cratera,
1786 687 1912 742 quae
2022 670 2350 726 cistabulis
2378 677 2434 726 et
2465 671 2757 726 mandatis
2803 671 3111 743 hominum
3171 676 3559 751 aversantium
3606 693 3669 737 se

260 765 333 821 in
352 756 707 829 arascripta-
729 757 977 821 fuerant,
997 755 1511 829 sequipetreaquss
1533 758 1915 814 Athenienses
2024 777 2056 814 a
2082 760 2339 818 veritate.
2371 760 2830 831 Acquiescamus
2880 761 3179 832 paulisper
3223 762 3441 818 Judaeis
3489 772 3546 819 et
3572 780 3667 831 eo-

266 848 579 911 faciebant,
610 847 799 902 facere
823 860 835 899 :
861 843 999 915 quia
1030 860 1162 899 cum
1195 844 1652 909 Atheniensibus
1699 846 1758 901 in
1791 846 1932 917 σαι..

266 946 403 996 tura
438 935 633 1009 ignoti
680 932 786 995 Dei
835 949 923 995 ex,
959 937 1127 1004 parte,
1176 939 1571 999 consenserat.
1630 935 1799 991 Absit
1854 939 1955 1005 ut,“

268 1029 686 1101 argumentum
715 1020 1203 1081 etscholasticam
1226 1021 1573 1094 elegantiam
1605 1023 1661 1078 in
1696 1023 1918 1091 calum:-

270 1118 435 1175 niam
462 1112 715 1171 traham.
749 1109 935 1169 Nema
959 1114 1049 1171 est
1078 1114 1196 1169 tam
1231 1110 1498 1183 sicarius,
1530 1116 1587 1167 et
1635 1116 1759 1179 tam,
1789 1128 1920 1187 pars

270 1204 477 1271 ricida,
506 1196 988 1266 tam,veneﬂ'cus,
1040 1196 1143 1270 qui
1174 1215 1291 1267 non
1339 1197 1563 1271 aliquid
1623 1199 1757 1267 boni
1816 1199 1921 1269 ali,

272 1291 507 1365 quando
526 1287 756 1345 fecerit.
790 1286 943 1359 Ergo,
969 1286 1233 1353 siunurn
1265 1287 1485 1343 bonum
1528 1286 1690 1344 illius
1720 1288 1922 1357 videns
1950 1354 1953 1357 λ

272 1381 612 1455 probavero,
643 1382 700 1433 et
728 1374 786 1431 in
819 1373 1043 1430 caeteris
1075 1375 1551 1441 mihiincumbet
1584 1378 1921 1447 necessitas,

272 1486 403 1543 qua:
425 1466 583 1527 mala
609 1463 826 1529 fuerint
845 1463 1207 1536 approbandi
1222 1464 1253 1519 ‘I
1266 1462 1331 1519 Si
1349 1464 1623 1522 inimicus
1644 1466 1924 1522 adversus

188 1562 191 1565 ί
274 1574 386 1615 nos
409 1557 683 1629 jurgetur
711 1558 770 1609 et
799 1552 1081 1620 clamitet,
1109 1569 1301 1608 nonne
1333 1552 1484 1608 inter
1512 1554 1686 1609 verba
1716 1552 1922 1623 simul-

273 1646 420 1703 tatis
449 1649 506 1701 et
534 1644 666 1699 rixae
696 1641 917 1714 aliquid
956 1640 1229 1713 loquetur
1273 1642 1577 1698 veritatis?
1623 1643 1785 1715 quod
1806 1647 1863 1697 et
1892 1659 1927 1698 a

277 1735 455 1793 nobis
482 1748 714 1806 quoque
737 1731 1017 1789 adversus
1049 1718 1198 1802 quos
1228 1728 1507 1803 loquitur,
1553 1747 1666 1786 non
1720 1746 1928 1803 usque-

274 1838 512 1897 quaque
544 1820 1007 1893 reprehenditur.
1074 1820 1276 1891 Itaque
1334 1824 1391 1874 et
1441 1819 1833 1876 Callimachus
1873 1824 1930 1876 et

276 1911 680 1986 Epimenides,
714 1925 829 1965 non
859 1908 989 1964 ideo
1019 1924 1153 1964 vera
1181 1908 1475 1978 dixerunt,
1516 1908 1719 1965 Jovem
1750 1910 1924 1966 deum

274 2017 435 2065 esse,
460 2005 520 2056 et
558 1997 788 2070 reliqua
816 2013 944 2069 quis
975 1996 1034 2051 in
1081 2012 1284 2051 eorum
1334 1996 1696 2053 carminibus
1743 1997 1927 2053 conti-

276 2095 518 2155 nentur,
550 2087 691 2161 quia
720 2085 1024 2142 Cretenses
1054 2083 1292 2141 fallaces
1348 2089 1529 2148 sunt;
1587 2087 1686 2142 sed
1747 2087 1804 2141 in
1863 2103 1930 2143 eo

276 2176 692 2238 tantummodo
720 2190 921 2233 verum
979 2172 1155 2231 locuti
1190 2178 1348 2245 sunt,
1408 2174 1548 2246 quia
1602 2175 1930 2249 ingenitum

279 2266 646 2326 Cretensium
676 2263 884 2320 vitium
915 2279 1253 2335 expressere
1303 2262 1629 2319 mendacii:
1665 2263 1763 2334 qui
1794 2261 1934 2335 quia

282 2356 518 2414 fallaces
548 2358 708 2424 sunt,
742 2370 866 2409 non
890 2352 1093 2409 statim
1124 2356 1183 2408 et
1208 2368 1409 2408 verum
1459 2368 1574 2408 non
1614 2351 1931 2425 aliquando

282 2446 576 2504 dixerunt.
596 2441 712 2503 Nec
741 2441 896 2498 enim
925 2440 1156 2513 Jupiter
1184 2441 1328 2497 deus
1369 2439 1585 2498 idcirco
1609 2458 1725 2498 non
1758 2445 1931 2513 esset,

283 2534 337 2593 si
387 2534 690 2593 Cretenses
735 2547 871 2587 vera
928 2528 1349 2603 loquerentur;
1403 2529 1504 2585 sed
1562 2534 1759 2586 tamen
1817 2530 1934 2586 illis

280 2622 637 2693 tacentibus,
670 2618 767 2692 qui
796 2624 1067 2675 mortuus
1096 2623 1245 2684 erat,
1275 2617 1368 2677 dei
1419 2618 1767 2675 vocabulum
1818 2635 1935 2675 non

283 2712 547 2769 haberet.
595 2708 850 2781 Denique
879 2713 946 2763 ut
974 2708 1233 2763 sciamus
1260 2706 1605 2780 Apostolum
1654 2725 1769 2763 non
1806 2705 1934 2770 ,for-

286 2800 463 2869 tuito,
494 2805 551 2856 et
583 2803 649 2855 ut
690 2797 832 2854 libet
876 2796 1209 2853 transitoria
1256 2796 1343 2868 (ut
1393 2795 1481 2851 illi
1531 2796 1934 2869 arbitrantur),

288 2890 392 2948 sed
422 2887 787 2946 considerate
815 2890 875 2942 et
904 2884 1343 2958 circumspecte,
1378 2888 1437 2940 et
1465 2901 1531 2941 ex
1585 2886 1745 2941 omni
1772 2889 1961 2958 parte-

288 2995 354 3037 se
382 2980 782 3051 protegentem
814 2974 1092 3029 adversus
1139 2972 1444 3035 Cretenses
1499 2972 1791 3030 locutum:
1845 2974 1937 3031 Te-

286 3068 635 3134 stimonium,
666 3063 880 3136 inquit,
912 3062 1011 3118 hoc
1044 3077 1238 3117 verum
1265 3066 1340 3117 est
1362 3079 1383 3123 ;
1432 3079 1547 3119 non
1596 3067 1783 3118 totum
1816 3078 1939 3118 car-

291 3172 453 3224 men,
485 3155 563 3211 de
581 3169 699 3227 quo
727 3151 1131 3208 testimonium
1165 3156 1493 3222 sumptum,
1544 3136 1659 3206 non
1705 3150 1939 3206 univer-

2028 865 2178 915 rum,
2213 849 2310 919 qui
2346 851 2497 929 apud
2549 866 2649 904 eos
2696 848 2990 924 sapientes
3042 842 3359 929 vocantur,
3397 851 3681 929 patienter

2028 936 2279 1008 ineptias
2337 924 2709 1013 audiamus:
2752 943 2826 999 et,
2865 942 3004 992 tunc
3081 924 3497 1015 intelligemus
3551 928 3679 1013 quas

2028 1031 2169 1093 sunt
2217 1025 2325 1096 (At.
2359 1025 2497 1098 sint)
2551 1026 2805 1102 δας]δὶοῶ
2869 1026 3088 1103 fabulaea
3136 1012 3263 1085 sine
3302 1012 3691 1104 auctoritate-

2028 1114 2361 1185 Scriptura,
2396 1113 2527 1187 sine,
2554 1113 2677 1189 ulla
2713 1116 3035 1171 assertione
3083 1116 3349 1189 rationis,
3400 1104 3697 1197 animalia!

2030 1202 2297 1281 quaedam
2326 1207 2382 1256 et
2421 1202 2685 1258 fabulosa
2727 1203 3109 1283 ﬁngentium,
3147 1205 3219 1259 de
3251 1205 3467 1277 quibus
3500 1192 3713 1285 Isaias,

2032 1289 2417 1363 prophetavit,
2439 1290 2641 1345 dicens
2666 1308 2678 1346 :
2710 1291 2962 1369 Populus,
2996 1292 3086 1347 hic
3115 1293 3283 1350 labiis
3309 1311 3396 1349 me
3425 1284 3679 1364 honorat,

2030 1394 2123 1433 cor
2151 1382 2334 1447 autem
2365 1395 2555 1435 eorum
2598 1380 2763 1463 longe,
2790 1385 2868 1435 est
2897 1397 2930 1436 a
2972 1397 3079 1437 me.
3126 1381 3258 1437 Sine
3286 1399 3457 1446 causa,
3498 1393 3685 1446 autem

2032 1484 2122 1522 me
2148 1468 2365 1522 colunt:
2394 1467 2639 1531 docentes
2686 1468 2961 1531 doctrinas
2996 1472 3045 1525 et
3092 1471 3354 1526 mandata
3396 1471 3684 1527 hominum

2033 1558 2161 1627 (Isa.
2221 1572 2375 1621 xxxx,
2431 1556 2539 1629 13).
2602 1556 2758 1620 Quod
2822 1558 3224 1617 testimonium
3304 1559 3568 1615 Salvator
3622 1560 3680 1615 in

2036 1644 2343 1718 Evangelia
2371 1646 2782 1717 comprobans,
2815 1647 3009 1723 arguit
3036 1664 3135 1703 eos
3194 1647 3308 1720 legi
3360 1648 3459 1703 Dei
3518 1666 3684 1705 man-

2036 1735 2174 1790 data
2198 1733 2503 1789 hominum
2537 1735 2881 1808 praetulisse.
2924 1737 3063 1792 Deus
3101 1738 3297 1809 quippe
3325 1739 3437 1794 ait:
3469 1740 3687 1795 Honora

2035 1831 2248 1895 patrem
2302 1832 2357 1878 et
2409 1826 2681 1878 matrem:
2732 1822 2816 1878 Illi
2879 1841 3011 1881 vero
3087 1826 3493 1883 tradiderunt:
3546 1827 3705 1896 Quia,

2039 1914 2350 1984 quicunque
2377 1912 2583 1968 dixerit
2623 1914 2776 1983 patri
2801 1921 2855 1968 et
2902 1916 3113 1969 matri:
3160 1932 3364 1981 munus
3409 1916 3686 1987 quodcun-

2037 2017 2141 2073 que
2193 2003 2271 2056 est
2329 2016 2399 2057 ex
2454 2016 2557 2071 me,
2606 2001 2709 2056 tibi
2732 2002 2999 2072 proderit,
3048 2010 3100 2058 et
3150 2020 3257 2059 non
3306 2003 3689 2075 honoriﬁcabit

2035 2093 2249 2169 patrem
2276 2105 2438 2144 suum
2484 2092 2536 2144 et
2581 2097 2815 2145 matrem
2871 2090 3074 2160 (Matth.
3112 2109 3206 2157 xv,
3238 2092 3294 2163 8,
3347 2093 3403 2158 9,
3435 2093 3488 2160 3,
3521 2095 3598 2165 6).
3629 2093 3686 2148 Si

2041 2177 2173 2249 quis
2204 2181 2335 2249 post
2362 2177 2674 2250 adventum
2709 2177 2922 2234 Christi
2954 2180 3300 2246 conciditur,
3332 2185 3389 2237 et
3429 2198 3542 2238 non
3576 2183 3687 2238 cir-

2041 2266 2431 2324 cumciditur:
2489 2266 2749 2327 Judaicia
2805 2267 2985 2325 servit
3043 2267 3256 2327 fabulis
3285 2275 3341 2324 et
3396 2270 3691 2328 mandatis

2041 2354 2345 2411 hominum
2415 2354 2810 2417 aversantium
2868 2354 3172 2413 veritatem
3234 2356 3340 2431 (Al.
3402 2357 3688 2439 veritate].

2040 2445 2166 2500 Non
2198 2444 2354 2500 enim
2385 2443 2484 2515 qui
2514 2444 2568 2498 in
2604 2444 2915 2500 manifesto
2944 2445 3193 2507 Iudaeus
3214 2452 3321 2514 est,
3356 2448 3459 2502 sed
3501 2447 3601 2520 qui
3631 2448 3692 2504 in

2043 2532 2306 2590 occulto:
2340 2537 2398 2588 et
2442 2532 2810 2589 circumcisio
2849 2534 3039 2593 cordis
3089 2534 3148 2589 in
3180 2536 3414 2608 spiritu,
3447 2553 3564 2593 non
3593 2536 3690 2592 lit-

2044 2627 2170 2677 tera
2194 2623 2368 2694 (Rom.
2404 2621 2587 2691 11,28,
2618 2619 2731 2692 29).
2792 2621 2850 2677 Si
2908 2622 3044 2694 quis
3101 2622 3321 2680 Pascha
3378 2623 3518 2698 agit,
3579 2641 3695 2680 non

2044 2712 2103 2766 in
2137 2709 2356 2783 azymis
2386 2709 2740 2766 sinceritatis
2779 2715 2837 2765 et
2887 2711 3187 2767 veritatis:
3236 2717 3303 2767 ut
3354 2712 3698 2768 exterminet

2047 2816 2115 2855 ex
2145 2798 2342 2854 anima
2371 2816 2478 2854 sua
2508 2814 2682 2855 omne
2724 2803 2888 2854 vetus
2939 2800 3290 2855 fermentum
3346 2801 3580 2863 malitia:
3640 2806 3698 2856 et

2048 2888 2319 2961 nequitia:
2376 2888 2426 2959 (I
2454 2889 2578 2944 Cor.
2611 2904 2663 2954 v,
2720 2888 2776 2955 7,
2809 2887 2902 2957 8):
2963 2887 3076 2943 iste
3130 2888 3379 2942 attendit
3446 2888 3727 2958 fabulas,.

2048 2981 2105 3033 et
2134 2976 2376 3032 umbras
2408 2975 2694 3048 sequitur,
2724 2975 2967 3032 veritate
3003 2975 3287 3048 neglecta.
3320 2976 3377 3032 Si
3418 2977 3553 3049 quis
3579 2993 3694 3032 non

2054 3079 2367 3136 resurgens
2397 3081 2528 3120 cum
2561 3064 2811 3131 Christo,
2857 3080 2960 3119 nec
2991 3081 3254 3137 quaerens
3281 3082 3350 3121 ea
3395 3083 3522 3137 quae
3574 3083 3701 3123 sur-

2051 3169 2183 3209 sum
2216 3157 2377 3217 sunt,
2404 3152 2503 3208 sed
2538 3168 2666 3224 quas
2704 3152 2979 3208 deorsum
3030 3152 3252 3226 (Coloss.
3288 3172 3371 3227 ιιι,
3407 3155 3479 3226 1),
3521 3156 3698 3212 dicit:

290 3260 428 3303 sum
467 3258 652 3315 opus:
688 3240 788 3298 sed
823 3245 1050 3296 tantum
1084 3242 1193 3295 hoc
1221 3238 1650 3310 testimonium,
1695 3239 1790 3307 hic
1821 3255 1940 3294 ver-
1970 3227 2015 3292 C
2052 3245 2136 3298 Ne
2163 3243 2431 3312 tetigeris,
2461 3257 2531 3297 ne
2576 3242 2899 3312 gustaveris,
2949 3258 3019 3298 ne
3049 3245 3376 3299 tractaveris
3405 3259 3531 3316 quae
3576 3253 3705 3310 sunt

294 3331 523 3390 siculus
558 3347 674 3404 quo
705 3330 1018 3385 mendaces
1058 3331 1358 3384 vocantur.
1391 3328 1462 3384 Et
1491 3327 1691 3401 utique
1755 3327 1859 3400 qui
1885 3327 1946 3382 in

298 3437 424 3477 una
450 3424 678 3476 tantum
710 3417 1001 3492 poematis
1032 3420 1198 3489 parte
1227 3417 1542 3486 consensit,
1576 3420 1781 3474 caetera
1811 3432 1959 3495 con-q

300 3511 522 3567 futasse
550 3507 876 3564 credendus
924 3510 1032 3562 est.
1083 3505 1383 3572 Quomodo
1414 3510 1611 3561 autem
1643 3505 1949 3561 Cretenses

299 3597 636 3669 mendaces,
668 3597 725 3652 et
753 3595 922 3652 stulti
953 3593 1188 3664 Galatea,
1222 3593 1308 3650 vel
1337 3594 1483 3650 dura
1501 3595 1721 3650 cervice
1747 3591 1946 3663 lsrael,

298 3686 389 3745 vel
416 3702 781 3759 unaquaeque
812 3684 1110 3758 provincia
1151 3682 1385 3755 proprio
1434 3683 1574 3739 vitio
1620 3683 1948 3754 denotetur,

298 3777 359 3832 in
392 3774 656 3849 Epistula
684 3773 845 3829 Pauli
876 3772 947 3829 ad
980 3771 1217 3828 Galatas
1256 3772 1664 3828 disseruimus.
1712 3772 1780 3827 Et
1811 3770 1953 3845 quia

297 3864 446 3921 nihil
480 3862 735 3935 amplius
762 3867 850 3917 est
909 3860 1064 3932 quod
1123 3860 1217 3915 hic
1248 3859 1545 3931 possimus
1594 3859 1818 3926 afferre,
1848 3859 1949 3915 illo

296 3950 556 4010 contenti
601 3968 828 4008 sumus.
889 3949 1275 4015 Quamobrem
1336 3948 1594 4021 increpa,
1652 3949 1750 4019 ait,
1820 3947 1952 4004 illos

292 4041 548 4098 acriter:
582 4040 893 4096 mendaces
941 4038 1160 4111 quippe
1217 4041 1376 4103 sunt,
1410 4041 1467 4093 et
1513 4037 1678 4092 malae
1729 4037 1948 4105 bestiis,

293 4136 355 4187 et
380 4134 615 4186 ventres
638 4128 788 4201 pigri
814 4145 827 4184 :
861 4128 961 4198 qui
997 4128 1142 4182 falsa
1168 4125 1545 4198 persuadent,
1571 4126 1671 4200 qui
1695 4127 1948 4182 ferarum

293 4218 413 4276 ritu
445 4217 794 4291 sanguinem
826 4216 1035 4273 sitiunt
1084 4215 1500 4286 deceptorum:
1544 4220 1603 4270 et
1650 4230 1766 4270 non
1816 4230 1950 4270 cum

300 4292 539 4366 silentio
568 4311 895 4380 operantcs,
927 4321 1101 4361 suum
1136 4319 1344 4377 panem
1392 4303 1769 4371 manducent,
1803 4319 1952 4375 quo-

304 4412 437 4452 rum
471 4396 616 4452 deus
650 4394 801 4450 πθ
828 4400 1032 4449 venter
1058 4397 1166 4459 est,
1196 4398 1253 4448 et
1285 4390 1472 4465 gloria
1523 4392 1581 4447 in
1612 4392 1955 4448 confusione

304 4501 549 4542 eorum:
610 4488 667 4539 et
694 4484 952 4556 increpa,
997 4485 1061 4537 ut
1117 4480 1244 4537 sani
1304 4481 1424 4537 sint
1449 4481 1508 4536 in
1543 4481 1675 4536 fide.
1726 4479 1807 4536 De
1837 4496 1956 4553 qua

303 4574 442 4630 fidei
472 4572 723 4630 sanitate
751 4576 810 4629 et
838 4572 897 4626 in
930 4567 1425 4642 consequentibus
1446 4568 1740 4642 loquitur:
1773 4570 1954 4625 Senes
1985 4592 2031 4657 Β

300 4662 532 4720 sobrios
562 4678 711 4730 esse,
743 4661 1043 4727 honestos,
1076 4659 1343 4734 pudicos,
1404 4675 1581 4714 sanos
1613 4658 1670 4713 in
1729 4658 1842 4714 ﬁde
1897 4662 1955 4715 et

300 4751 607 4819 charitate,
640 4756 697 4807 et
726 4749 1044 4823 patientia:
1079 4748 1151 4804 ad
1201 4763 1378 4820 quam
1429 4746 1563 4802 ﬁdei
1614 4746 1954 4803 similitudi-

298 4857 460 4910 nem,
494 4838 769 4911 doctrinze
792 4854 1026 4912 quoque
1060 4838 1283 4894 sanitas
1315 4834 1660 4909 appellatur.
1695 4836 1834 4905 Erit,
1876 4835 1958 4890 ait

300 4929 413 5000 (Al.
445 4928 639 5002 enim],
690 4936 900 4999 tempus
947 4924 1162 4999 quando
1204 4938 1360 4981 sanae
1405 4923 1673 4981 doctrinae
1710 4939 1821 4979 non
1865 4939 1955 4980 ac-

301 5020 579 5091 quiescent
630 5017 781 5073 Sunt
813 5021 869 5072 et
898 5031 1199 5072 sermones
1230 5013 1523 5077 sanitatis,
1547 5013 1617 5071 de
1647 5012 1861 5085 quibus
1882 5012 1955 5071 ad

302 5107 683 5164 Timotheum
716 5107 775 5161 in
833 5105 1027 5178 prima
1071 5102 1327 5177 Epistola
1384 5102 1684 5173 loquitur:
1737 5104 1800 5157 Si
1829 5103 1957 5174 quis

288 5197 467 5252 aliter
520 5197 696 5266 docet,
754 5198 805 5250 et
856 5209 964 5248 non
1022 5192 1319 5264 acquiescit
1388 5192 1539 5247 sanis
1615 5192 1958 5247 sermonibus

302 5284 527 5347 Domini
552 5284 733 5340 nostri
775 5284 903 5341 Iesu
941 5283 1168 5353 Christi,
1199 5290 1250 5336 et
1282 5296 1401 5353 quae
1436 5280 1737 5336 secundum
1781 5283 1957 5351 pieta-

298 5383 416 5437 tem
443 5363 705 5431 doctrinm
733 5371 778 5445 (ι
810 5371 943 5427 Tim.
977 5386 1049 5438 vn,
1084 5372 1159 5439 3).
1200 5370 1273 5425 Et
1319 5369 1380 5424 in
1428 5369 1724 5424 secunda:
1758 5370 1956 5425 Exem-

304 5464 460 5537 plum
487 5462 690 5519 habens
718 5476 984 5516 sanorum
1032 5460 1325 5515 verborum
1369 5474 1490 5531 quas
1538 5476 1573 5514 a
1613 5473 1701 5513 me
1753 5458 1962 5513 audisti

2053 3332 2116 3386 in
2143 3331 2490 3402 corruptione
2521 3330 2748 3401 (Caloss.
2780 3347 2841 3397 ιι,
2873 3330 2984 3403 21),
3029 3330 3158 3404 ipso
3214 3349 3325 3388 usu
3377 3320 3703 3389 secundum

2056 3424 2344 3492 praecepta
2372 3424 2429 3474 et
2459 3418 2751 3475 doctrinas
2780 3419 3110 3487 hominum,
3150 3421 3260 3476 iste
3304 3422 3575 3495 sequitur
3599 3423 3703 3494 ju-

2057 3506 2247 3564 stitias
2297 3523 2409 3563 non
2455 3507 2659 3573 bonas,
2694 3511 2749 3563 et
2796 3513 3083 3580 praecepta
3128 3526 3244 3565 non
3290 3509 3445 3566 bona
3474 3511 3701 3582 (Ezech.

2056 3614 2151 3666 xx,
2181 3596 2294 3669 25).
2335 3595 2444 3651 Ubi
2500 3600 2696 3651 autem
2755 3602 2843 3652 est
2880 3597 3120 3664 veritas,
3147 3586 3224 3653 'et
3252 3597 3344 3654 lex
3402 3600 3547 3654 711
3587 3599 3705 3670 spi-

2059 3685 2310 3756 ritualis,
2339 3684 2909 3756 ubijustiticationes
2939 3686 3126 3751 bonae,
3157 3692 3215 3743 et
3247 3692 3529 3761 praecepta
3567 3691 3707 3743 sunt

2058 3774 2319 3847 optima:
2353 3790 2480 3845 quae
2513 3773 2613 3845 qui
2646 3773 2863 3842 fecerit,
2893 3775 3045 3830 vivet
3073 3778 3130 3831 in
3162 3775 3247 3831 eis
3279 3776 3437 3847 (Ibid.
3469 3776 3583 3847 21).

2128 3866 2317 3931 (Vers.
2355 3862 2465 3934 15.)
2499 3884 2526 3911 «
2555 3861 2764 3919 Omnia
2801 3864 3021 3920 munda
3052 3864 3311 3934 mundis,
3364 3865 3707 3936 coinquina-

2062 3951 2134 4007 tis
2167 3955 2360 4007 autem
2391 3954 2448 4006 et
2484 3949 2823 4007 infidelibus
2870 3951 3015 4007 nihil
3072 3953 3396 4008 mundum:
3448 3954 3547 4007 sed
3584 3952 3706 4025 pol-

2060 4039 2183 4095 luta
2216 4043 2305 4095 est
2341 4040 2544 4095 eorum
2575 4042 2631 4093 et
2662 4055 2827 4095 mens
2859 4045 2912 4095 et
2945 4040 3321 4096 conscientia.
3356 4061 3382 4092 n
3436 4040 3582 4106 Quia
3614 4057 3711 4096 su-

2061 4128 2255 4201 perius
2286 4127 2550 4183 dixerat:
2610 4127 2748 4182 Sunt
2798 4129 2947 4183 enim
3001 4129 3172 4183 multi
3223 4133 3274 4183 et
3328 4144 3439 4184 non
3479 4128 3710 4196 subditi,

2061 4217 2371 4289 vaniloqui,
2402 4224 2453 4272 et
2503 4215 2828 4287 deccptores,
2882 4218 3127 4271 maxime
3167 4217 3265 4288 qui
3313 4216 3377 4273 de
3420 4206 3721 4273 circumci-J

2060 4306 2213 4361 sione
2238 4313 2366 4361 sunt
2392 4305 2556 4376 (vers.
2592 4304 2702 4375 10),
2744 4308 2799 4359 et
2848 4304 2918 4359 de
2969 4304 3060 4359 his
3091 4304 3190 4376 qui
3235 4305 3306 4361 ab
3355 4305 3440 4362 eis
3487 4303 3715 4380 decepti

2064 4394 2315 4460 fuerant,
2386 4396 2813 4463 consequenter
2867 4391 3214 4449 addiderat:
3297 4395 3524 4467 Increpa
3590 4394 3716 4451 illas

2064 4484 2287 4547 (it-riter,
2319 4485 2378 4535 ut
2406 4481 2534 4535 sani
2559 4481 2671 4536 sint
2697 4481 2754 4535 in
2784 4480 2915 4550 ﬁde,
2964 4497 3076 4536 non
3105 4482 3444 4541 intendentes
3468 4482 3716 4540 Judaicis

2062 4570 2268 4642 fabulis
2297 4577 2348 4625 et
2399 4567 2675 4624 mandatis
2703 4568 3017 4628 .hominum
3071 4573 3447 4627 aversantium
3506 4574 3714 4627 verita-

2065 4664 2174 4715 tem
2222 4659 2380 4730 (vers.
2418 4658 2645 4725 13,14).
2698 4657 2766 4713 Et
2813 4660 3105 4730 quomodo
3154 4661 3225 4715 ad
3260 4659 3498 4715 Galatas
3529 4665 3587 4715 et
3642 4659 3715 4715 ad

2068 4748 2360 4803 Romanos
2389 4745 2729 4818 plenissime
2758 4746 3113 4818 disputatur,
3149 4748 3433 4821 putabant
3462 4749 3613 4803 inter
3640 4746 3718 4803 ci-

2070 4839 2172 4891 bos
2200 4852 2329 4891 esse
2359 4835 2722 4902 distantiam,
2773 4852 2906 4890 cum
2941 4834 3123 4907 aliqui
3156 4836 3382 4895 mundi.
3419 4834 3601 4908 aliqui
3630 4835 3717 4891 vi-

2065 4926 2343 4980 derentur
2371 4924 2685 4991 immundi,
2721 4928 3025 4996 propterea
3065 4941 3220 4979 nunc
3270 4924 3481 4979 infert:
3519 4922 3721 4981 Omnia

2064 5014 2273 5069 munda
2301 5013 2547 5079 mundis,
2572 5012 2665 5067 his
2682 5012 2945 5068 videlicet
2966 5013 3062 5085 qui
3098 5014 3156 5067 in
3187 5012 3419 5069 Christo
3449 5013 3716 5083 credunt,

2066 5108 2122 5158 et
2153 5104 2347 5157 sciunt
2377 5118 2612 5156 omnem
2646 5107 2974 5155 creaturam
3018 5101 3232 5156 bonam
3269 5117 3432 5157 esse:
3486 5106 3543 5156 et
3572 5098 3718 5156 nihil

2068 5190 2462 5261 aiijiciendum
2496 5189 2649 5260 quod
2681 5204 2812 5243 cum
2846 5191 3169 5259 gratiarum
3202 5189 3430 5245 actione
3470 5189 3717 5262 percipi-

2065 5284 2182 5334 tur.
2218 5278 2593 5348 Coinquinatis
2622 5281 2803 5333 autem
2832 5286 2882 5333 et
2911 5277 3223 5349 inﬁdelibus
3242 5278 3388 5334 nihil
3417 5279 3719 5334 mundum:

2068 5369 2209 5441 quia
2238 5366 2460 5439 polluta
2486 5371 2576 5421 est
2619 5382 2822 5422 eorum
2877 5371 2934 5421 et
2992 5383 3160 5423 mens
3216 5372 3274 5422 et
3322 5367 3716 5423 conscientia:
3762 5396 3765 5399 -

2071 5462 2376 5531 prOpterea
2404 5456 2579 5510 etiam
2622 5471 2750 5526 quae
2800 5456 3021 5511 munda
3071 5460 3212 5511 sunt
3268 5473 3369 5528 per
3424 5462 3719 5525 naturam,

381 5572 401 5606 ¹
459 5568 666 5631 Hiulco
722 5583 901 5644 penes
944 5565 1348 5644 Martianaeum
1404 5581 1607 5636 sensu,
1654 5580 1766 5627 non
1825 5564 2177 5627 attendentes.
2221 5564 2353 5637 Mox
2409 5560 2822 5625 Cistercienses
2873 5579 3041 5634 mss.,
3085 5566 3137 5633 et
3191 5562 3496 5635 mendaciis
3546 5563 3721 5643 homi-

308 5645 469 5715 num,
486 5645 628 5714 δια,
659 5635 764 5719 pr'o
791 5637 1087 5712 mandatis,
1112 5635 1282 5699 falso.
