4066 6190
348 286 460 346 611

1588 285 1649 345 S.
1699 278 2010 346 EUSEBll
2056 276 2501 344 HIERONYMI

3632 279 3747 343 612

348 419 432 476 eis
461 418 770 474 immunda
798 416 971 473 ﬁunt.
1024 414 1150 472 Non
1209 414 1365 489 quod
1425 416 1512 472 vel
1567 417 1854 471 mundum
1912 416 1990 470 sit
2016 422 2073 489 Α
2103 415 2281 470 animi
2316 413 2613 469 fortitudo.
2649 414 2716 468 Et
2746 412 3211 485 quotiescunque
3261 411 3551 468 vincimur
3588 413 3747 471 vitiis

344 507 587 580 aliquid,
620 505 709 562 vel
739 505 1116 562 immundum
1140 522 1152 562 :
1178 506 1300 570 sed,
1327 522 1430 579 pro
1453 505 1734 579 qualitate
1754 521 1990 561 vescen-

341 597 513 664 tium,
548 601 605 653 et
634 595 923 652 mundum
954 595 1214 665 mundis,
1256 598 1314 650 et
1362 594 1736 650 immundum
1784 597 1988 649 conta-

344 685 584 742 minatis
614 686 734 740 ﬂat.
764 683 1036 757 Alioquin
1066 682 1329 740 infideles
1354 699 1618 756 quosque
1647 687 1821 754 atque
1861 680 1989 754 pol-

341 774 519 843 lutos,
549 773 726 830 etiam
758 774 926 847 panis
956 772 1398 844 benedictionis,
1430 775 1487 828 et
1533 770 1682 828 calix
1728 770 1987 827 Domini-

344 880 449 921 cus
479 880 593 920 non
619 863 788 935 juvat
834 862 880 935 (Ι
930 862 1051 918 Cor.
1085 879 1141 931 x,
1205 862 1327 934 10);
1390 861 1530 934 quia
1587 860 1688 933 qui
1746 858 1987 932 indigne

343 952 661 1009 comederit
687 951 760 1007 de
790 966 938 1024 pane
966 949 1086 1019 illo,
1118 955 1177 1006 et
1205 950 1277 1005 de
1326 947 1505 1005 calice
1559 948 1790 1016 biberit,
1829 947 1987 1020 judi-

340 1040 497 1096 cium
526 1039 640 1096 sibi
670 1039 987 1095 manducat
1015 1042 1073 1093 et
1122 1037 1271 1094 bibit
1327 1038 1374 1109 (ι
1405 1036 1526 1095 Cor.
1557 1052 1635 1104 χι,
1691 1036 1803 1109 29).
1862 1036 1981 1092 Ad-

338 1133 514 1186 ventu
543 1127 755 1185 Christi
785 1132 1032 1200 purgata
1062 1130 1200 1183 sunt
1228 1126 1442 1182 omnia.
1494 1128 1627 1192 Quae
1670 1124 1769 1182 ille
1811 1140 1983 1181 mun-

338 1218 515 1290 davit,
547 1234 653 1274 nos
681 1216 1115 1274 communicare
1143 1232 1259 1271 non
1297 1231 1635 1288 possumus.
1684 1215 1795 1271 Sed
1843 1231 1981 1271 con-

336 1307 715 1364 siderandum
771 1321 864 1378 ne,
918 1303 1033 1361 ista
1084 1307 1423 1375 tractantes,
1482 1302 1846 1360 occasionem
1893 1300 1979 1359 illi

326 1396 533 1453 haeresi
575 1397 805 1466 demus,
863 1410 992 1466 quae
1043 1395 1216 1465 juxta
1268 1392 1679 1466 Apocalypsim
1738 1392 1877 1465 (cap.
1910 1408 1974 1461 ιι,

323 1488 436 1553 20),
469 1490 526 1540 et
557 1485 753 1556 ipsum
787 1500 1022 1556 quoque
1053 1481 1383 1555 apostolum
1416 1480 1665 1537 Paulum
1714 1480 1974 1536 scriben-

320 1577 441 1628 tem
474 1573 545 1628 ad
578 1572 931 1639 Corinthios,
984 1575 1152 1645 putat
1194 1571 1265 1626 de
1323 1569 1663 1642 idolothytis
1708 1585 1837 1625 esse
1878 1585 1973 1625 ve-

320 1663 605 1718 scendum
637 1662 685 1732 (Ι
718 1663 845 1716 Cor.
877 1677 1002 1727 vm,
1032 1661 1128 1731 7):
1164 1660 1303 1732 quia
1333 1659 1532 1715 omnia
1564 1659 1787 1714 munda
1834 1662 1974 1714 sunt

2100 508 2275 575 atque
2306 502 2578 575 peccatis,
2610 502 2779 559 toties
2810 502 2995 558 Deum
3043 517 3348 575 negamus.
3398 501 3471 558 Ut
3518 502 3628 574 [AL
3656 504 3743 576 Et]

2098 592 2439 663 econtrario,
2471 590 2697 663 quoties
2729 591 2875 672 bene
2915 590 3056 663 quid
3087 590 3341 664 agimus,
3394 590 3581 647 Deum
3613 607 3744 648 con-

2097 681 2349 737 fitemur.
2382 681 2497 737 Nec
2526 680 2931 737 arbitrandum
2971 684 3057 736 est
3093 679 3153 735 in
3210 679 3308 737 die
3348 679 3560 751 judicii
3613 679 3743 738 illos

2096 773 2325 826 tantum
2354 787 2389 826 a
2418 769 2518 826 Dei
2549 769 2694 826 Filio
2749 769 3144 843 denegandos,
3186 769 3290 841 qui
3344 769 3404 824 in
3462 770 3741 843 martyrio

2093 857 2391 914 Christum
2422 858 2821 926 denegarunt:
2849 859 2950 915 sed
2990 874 3094 931 per
3140 858 3341 915 omnia
3390 874 3588 931 opera,
3619 875 3740 916 ser-

2094 962 2319 1019 mones,
2347 946 2763 1020 cogitationes,‘
2808 946 3096 1016 Christus,
3125 945 3214 1004 vel
3263 952 3511 1020 negatus
3567 952 3741 1022 negat

2090 1034 2179 1091 vel
2212 1037 2515 1093 confessus
2543 1036 2868 1093 confitetur.
2903 1040 2980 1092 De
3020 1035 3130 1092 hac
3183 1039 3324 1109 puto
3377 1037 3739 1095 confessione

2092 1128 2150 1180 et
2179 1124 2487 1198 discipulis
2514 1124 2807 1198 pracepit,
2839 1124 3037 1182 dicens
3063 1143 3077 1182 :
3107 1126 3278 1201 Erilis
3312 1125 3458 1182 mihi
3493 1128 3651 1184 testes
3677 1128 3737 1182 in

2088 1212 2419 1283 Jerusalem,
2452 1218 2505 1270 et
2532 1216 2590 1270 in
2622 1215 2776 1271 omni
2808 1214 3006 1272 Iudaea
3049 1218 3101 1271 et
3154 1213 3433 1283 Samaria,
3465 1218 3518 1270 et
3568 1232 3738 1288 usque

2086 1302 2161 1359 ad
2187 1305 2492 1360 extremum
2521 1307 2686 1361 terrae
2714 1303 2865 1376 (Aet.
2902 1321 2942 1373 1,
2973 1303 3051 1376 8),
3084 1302 3229 1360 utin
3257 1303 3537 1361 omnibus
3564 1304 3736 1361 bonis

2086 1392 2363 1465 operibus
2392 1396 2568 1464 atque
2614 1391 3008 1461 sermonibus,
3041 1409 3207 1449 mens
3269 1392 3563 1450 Christum
3622 1393 3733 1466 ipsi

2086 1479 2283 1535 dedita
2312 1480 2678 1537 confiteatur.
2712 1480 2812 1536 Est
2842 1485 2899 1536 et
2939 1478 3205 1554 quaedam
3236 1479 3534 1538 laudanda
3562 1498 3733 1555 nega-

2085 1566 2185 1635 tio,
2219 1567 2289 1623 de
2338 1584 2456 1638 qua
2501 1572 2558 1624 et
2586 1569 2710 1640 ipse
2767 1567 3082 1640 Apostolus
3110 1570 3226 1625 ait:
3286 1570 3349 1626 Ut
3406 1570 3731 1642 abnegantes

2082 1656 2418 1727 impietatem
2446 1662 2500 1712 et
2555 1659 2847 1713 saecularia
2875 1657 3170 1730 desideria,
3225 1662 3399 1727 caste,
3457 1662 3509 1715 et
3555 1660 3726 1731 juste,

319 1750 579 1805 mundis.
614 1754 780 1805 Nunc
806 1749 964 1805 enim
1013 1747 1288 1820 Apostolo
1320 1765 1434 1804 non
1468 1747 1578 1802 fuit
1597 1747 1964 1819 propositum
2000 1789 2046 1854 Β
2080 1748 2133 1800 et
2179 1747 2272 1815 pie
2313 1747 2567 1801 vivamus
2618 1747 2677 1801 in
2744 1754 3013 1816 praesenti
3063 1747 3306 1804 saeculo:
3355 1752 3730 1821 exspectantes

323 1840 394 1894 de
425 1837 516 1893 his
549 1855 676 1910 quae
706 1837 1088 1894 immolantur
1107 1837 1472 1892 dmmonibus
1501 1837 1838 1908 disputare:
1864 1835 1965 1891 sed

324 1927 603 1984 adversus
676 1926 935 1995 Judaaos,
991 1926 1091 1999 qui
1159 1926 1484 1981 secundum
1541 1924 1686 1997 legis
1741 1923 1965 1981 abolitae

320 2015 715 2088 disciplinam,
750 2017 1014 2088 quaedam
1050 2016 1289 2085 munda,
1312 2014 1575 2087 quaedam
1609 2012 1969 2069 arbitraban-

320 2111 418 2161 tur
444 2105 771 2161 immunda.
805 2106 920 2161 Non
967 2107 1137 2171 enim,
1180 2103 1392 2176 inquit,
1434 2119 1723 2175 possumus
1770 2118 1965 2159 mem

318 2197 545 2251 Domini
593 2196 953 2267 participare,
1003 2202 1051 2249 et
1114 2210 1316 2248 mensa;
1372 2193 1811 2250 daemoniorum:
1867 2209 1967 2248 nec

315 2285 558 2340 valemus
605 2283 773 2339 simul
826 2283 1006 2337 bibere
1059 2283 1285 2337 calicem
1336 2283 1575 2349 Domini,
1633 2286 1687 2337 et
1739 2282 1966 2337 calicem

314 2372 712 2430 daemoniorum
767 2374 816 2443 (I
844 2371 964 2427 Cor.
996 2388 1052 2439 x,
1107 2371 1197 2440 20,
1253 2371 1361 2436 21).
1423 2370 1486 2425 In
1540 2369 1708 2426 nobis
1766 2370 1963 2442 itaque

316 2465 406 2515 est
434 2460 739 2516 comedere
775 2458 862 2515 vel
918 2459 1139 2514 munda
1167 2459 1255 2513 vel
1314 2459 1642 2514 immunda.
1692 2459 1752 2514 Si
1803 2458 1959 2516 enim

316 2549 522 2604 mundi
552 2564 782 2615 sumus,
816 2548 1038 2603 munda
1087 2547 1259 2602 nobis
1298 2552 1387 2602 est
1433 2552 1718 2603 creatura.
1769 2547 1825 2602 Si
1855 2564 1958 2603 au-

314 2642 432 2693 tem
482 2637 772 2693 immundi
820 2641 879 2692 et
923 2635 1210 2702 infideles,
1263 2637 1410 2690 ﬁunt
1456 2635 1625 2692 nobis
1686 2635 1960 2694 universa

312 2726 687 2782 communia:
745 2725 867 2781 sive
926 2741 1028 2797 per
1085 2724 1511 2781 inhabitantem
1567 2724 1626 2779 in
1684 2726 1958 2782 cordibus

312 2814 532 2872 nostris
588 2814 881 2885 heresim,
957 2814 1105 2870 712
1164 2812 1282 2869 sive
1353 2829 1455 2886 per
1537 2814 1953 2870 conscientiam

307 2905 673 2961 delictorum.
708 2908 882 2960 Porro
932 2903 980 2960 si
1039 2902 1397 2959 conscientia
1449 2908 1650 2958 nostra
1700 2920 1807 2959 nos
1839 2921 1954 2961 non

307 2992 765 3066 reprehenderit,
798 2998 855 3048 et
896 2992 1278 3048 habuerimus
1310 2992 1582 3047 ﬁduciam
1616 2991 1846 3064 pietatis
1880 2993 1950 3048 ad

308 3083 620 3137 Dominum
650 3099 663 3138 :
694 3082 996 3137 arabimus
1025 3079 1255 3152 spiritu,
1288 3081 1588 3136 arabimus
1618 3086 1677 3137 et
1715 3088 1947 3138 mente:

2078 1833 2290 1890 beatam
2337 1836 2487 1892 713
2544 1852 2696 1907 spem
2740 1839 2793 1892 et
2846 1836 3139 1892 adventum
3195 1835 3496 1892 Salvatoris
3548 1839 3731 1893 nostri

2074 1924 2182 1978 Dei
2210 1922 2329 1995 (Tit.
2362 1941 2427 1984 ιι.
2461 1925 2569 1996 12).
2599 1923 2783 1988 Quam
2831 1924 3200 1997 negationem
3250 1925 3352 1997 qui
3407 1927 3723 1999 negaverit,

2074 2014 2131 2066 et
2159 2012 2327 2083 sequi
2357 2011 2604 2068 voluerit
2651 2011 3007 2069 Salvatorem
3055 2012 3427 2086 loquentem:
3481 2015 3723 2082 Quicun-
3798 2058 3803 2061 -

2073 2116 2174 2173 que
2202 2101 2435 2156 voluerit
2463 2100 2568 2172 [AL
2602 2101 2741 2173 vult]
2771 2103 2956 2158 venire
2997 2101 3067 2157 ad
3101 2118 3209 2169 me,
3252 2102 3483 2173 abneget
3526 2109 3724 2160 semet-

2074 2190 2252 2261 ipsum
2282 2190 2531 2261 (Luc.1x,
2564 2191 2676 2262 23),
2709 2194 2918 2247 exutus
2948 2196 3196 2247 veterem
3253 2191 3549 2249 hominem
3582 2210 3720 2250 cum

2073 2279 2346 2351 operibus
2375 2280 2524 2350 ejus,
2556 2282 2614 2334 et
2643 2279 2882 2335 indutus
2921 2296 3159 2347 novum,
3207 2286 3489 2353 sequetur
3534 2287 3720 2339 Deum

2071 2383 2270 2424 suum.
2302 2368 2602 2435 Quomodo
2651 2372 2845 2424 autem
2879 2385 2942 2424 se
2973 2369 3106 2441 quis
3136 2369 3404 2443 abneget,
3453 2376 3720 2428 contem-

2069 2455 2354 2528 plandum
2384 2461 2492 2513 est.
2536 2457 2795 2521 Pudicus
2850 2457 3282 2530 fornicatorem,
3336 2461 3492 2532 quod
3550 2461 3719 2534 prius

2072 2545 2276 2612 fuerat,
2300 2549 2511 2618 negat:
2546 2545 2781 2618 sapiens
2812 2546 3271 2620 imprudentem,
3309 2550 3509 2620 justus
3557 2551 3717 2623 inju-

2067 2638 2246 2702 stum,
2306 2635 2471 2690 fortis
2528 2635 2851 2691 infirmum.
2920 2636 2990 2691 Et
3036 2641 3103 2691 ut
3160 2638 3218 2692 in
3278 2654 3592 2707 commune
3646 2639 3718 2697 de

2066 2723 2340 2779 omnibus
2374 2722 2599 2796 loquar,
2633 2723 2801 2780 toties
2833 2740 3118 2796 negamus
3171 2743 3298 2797 nos,
3342 2729 3573 2799 quoties
3604 2730 3721 2801 pri-

2065 2828 2167 2867 ora
2195 2812 2335 2867 vitia
2365 2812 2677 2878 calcantes,
2709 2812 3034 2869 desinimus
3072 2830 3201 2870 esse
3259 2817 3410 2887 quod
3464 2817 3715 2885 luimus,

2063 2905 2122 2956 et
2149 2900 2465 2973 incipimus
2494 2918 2624 2956 esse
2654 2902 2806 2974 quod
2840 2906 2971 2957 ante
3004 2919 3118 2959 non
3150 2904 3390 2961 fuimus.

2133 2989 2295 3062 (Cap.
2322 2989 2393 3045 ΙΙ.
2426 3022 2493 3030 -
2523 2989 2688 3046 Vers.
2723 2991 2795 3062 1).
2828 3012 2854 3043 ιι
2874 2992 2960 3046 Tu
2984 3008 3114 3048 vero
3141 2993 3375 3066 loquere
3396 3012 3523 3067 quae
3546 2998 3716 3055 decet

2065 3094 2267 3134 sanam
2303 3079 2651 3135 doctrinam.
2688 3101 2716 3129 ››
2774 3080 2945 3135 Aliud
2985 3085 3075 3137 est
3121 3098 3327 3138 sanam
3383 3085 3713 3144 doctrinam

308 3170 631 3244 psallemus
669 3169 900 3241 spiritu,
934 3148 1254 3240 psallemus
1286 3175 1344 3224 et
1374 3174 1568 3225 mente
1612 3171 1659 3242 (l
1685 3170 1805 3226 Cor.
1836 3188 1951 3242 xxv,
1984 3148 2026 3214 (ἶ
2064 3167 2244 3238 loqui,
2275 3166 2435 3224 aliud
2465 3184 2534 3223 ea
2563 3184 2689 3239 quae
2729 3185 2884 3224 sanae
2942 3170 3296 3227 conveniunt
3350 3173 3557 3229 docere
3612 3177 3713 3232 do-

311 3261 436 3327 15):
489 3264 547 3315 et
593 3258 792 3331 procul
844 3259 1064 3313 erimus
1116 3258 1188 3313 ab
1248 3257 1339 3313 his
1395 3259 1467 3314 de
1525 3258 1739 3331 quibus
1800 3277 1954 3315 nunc

308 3347 622 3404 scribitur:
656 3349 873 3403 Polluta
911 3360 988 3403 est
1017 3362 1206 3402 eorum
1233 3355 1284 3402 et
1311 3364 1463 3401 mens
1499 3357 1552 3403 et
1599 3350 1948 3404 conscientia.

378 3438 565 3508 (Vers.
603 3437 712 3508 16).
748 3459 774 3486 ‹‹
810 3436 1174 3521 Conﬁteptur
1205 3452 1265 3492 se
1313 3452 1486 3492 nosse
1530 3436 1736 3502 Deum,
1787 3438 1953 3494 factis

308 3531 503 3581 autem
536 3529 787 3596 negant:
821 3524 1227 3594 exsecrabiles,
1258 3529 1315 3580 et
1345 3525 1761 3592 inobedientes,
1796 3532 1854 3581 et
1879 3527 1951 3582 ad

310 3629 484 3667 omne
514 3629 661 3684 opus
709 3615 925 3668 bonum
974 3613 1224 3684 reprobi.
1259 3636 1286 3663 »
1321 3613 1387 3667 Hi
1448 3630 1697 3684 quorum
1732 3614 1954 3686 polluta

308 3705 397 3756 est
425 3705 482 3756 et
513 3717 679 3757 mens
708 3706 764 3756 et
792 3700 1164 3767 conscientia,
1209 3701 1393 3757 Deum
1426 3718 1488 3756 se
1546 3719 1718 3757 nosse
1774 3703 1952 3759 conﬁ-

304 3793 524 3856 tentur,
559 3790 726 3845 factis
755 3795 950 3845 autem
983 3794 1219 3862 negant,
1253 3790 1578 3845 secundum
1614 3791 1753 3847 illud
1796 3794 1949 3864 quod

303 3879 361 3934 in
398 3879 547 3935 Isaia
579 3878 830 3934 dicitur:
894 3877 1146 3950 Populus
1201 3878 1291 3933 hic
1346 3879 1509 3934 labiis
1564 3897 1650 3935 me
1698 3882 1948 3950 honorat,

302 3985 396 4025 cor
442 3978 639 4025 autem
691 3986 885 4024 eorum
926 3969 1084 4039 longe
1132 3971 1211 4023 est
1266 3985 1301 4023 a
1357 3985 1442 4023 me
1493 3970 1618 4036 (lsa.
1651 3987 1803 4037 χχιχ,
1839 3972 1947 4044 13).

301 4059 600 4123 Quomodo
631 4058 811 4131 igitur
842 4057 1013 4112 labiis
1046 4057 1141 4128 qui
1173 4056 1439 4124 honorat,
1463 4063 1519 4113 et
1550 4060 1722 4114 corde
1753 4060 1949 4131 procul

302 4147 554 4202 recedit:
581 4148 662 4202 ita
694 4152 875 4202 Deum
899 4163 1168 4203 sermone
1190 4145 1321 4218 quis
1343 4147 1649 4217 confitens,
1674 4148 1948 4219 Operibus

302 4239 493 4306 negat.
528 4235 758 4308 Negans
786 4240 983 4291 autem
1017 4236 1290 4307 operibus
1320 4234 1527 4307 Deum,
1584 4238 1948 4294 confessione

300 4322 579 4379 simulata
628 4329 780 4380 recte
835 4322 1211 4380 exsecrabilis
1259 4327 1316 4379 et
1372 4328 1653 4396 profanus
1712 4330 1837 4382 est:
1891 4333 1948 4382 et

298 4410 461 4466 nulla
513 4411 776 4467 veritatis
834 4413 1057 4468 ratione
1113 4429 1450 4484 persuasus,
1506 4412 1848 4470 inobediens
1889 4420 1947 4471 et

2062 3257 2260 3312 ctrina:
2286 3275 2298 3312 :
2332 3256 2429 3328 qui
2456 3257 2515 3311 in
2537 3255 2716 3312 altero
2746 3255 2995 3330 simplex
3018 3262 3248 3314 tantum
3280 3258 3569 3318 institutio
3598 3269 3708 3320 est:

2060 3345 2121 3400 in
2153 3344 2333 3402 altero
2365 3363 2498 3400 cum
2540 3361 2605 3401 eo
2646 3346 2799 3418 quod
2851 3346 3085 3418 docens,
3127 3348 3254 3402 vitae
3303 3366 3533 3421 quoque
3582 3368 3710 3409 cor-

2063 3435 2237 3489 rectio
2264 3439 2372 3490 cst.
2406 3435 2513 3502 Qui
2540 3438 2689 3490 enim
2711 3434 2933 3490 solverit
2962 3452 3137 3490 unum
3164 3436 3229 3492 de
3280 3439 3560 3497 mandatis
3589 3443 3711 3498 istis

2059 3524 2334 3591 minimis,
2366 3528 2416 3578 et
2462 3522 2703 3579 docuerit
2730 3525 2810 3579 sic
2856 3525 3125 3594 homines,
3177 3526 3443 3584 minimus
3487 3530 3707 3586 vocabi-

2058 3614 2152 3665 tur
2203 3612 2263 3665 in
2336 3627 2504 3679 regno
2553 3612 2809 3667 calorum
2862 3612 3069 3683 (Matth.
3129 3631 3183 3682 v,
3246 3615 3370 3687 19):
3460 3618 3709 3675 Domino

2061 3700 2427 3771 praecipiente
2458 3700 2783 3772 discipulis,
2820 3717 2934 3756 non
2963 3700 3164 3767 solum
3228 3703 3286 3758 in
3331 3707 3715 3768 meditatione

2058 3788 2490 3859 Scripturarum
2518 3805 2617 3843 eos
2655 3787 2920 3844 laborare
2952 3790 3195 3857 debere,
3215 3799 3279 3847 ut
3308 3810 3435 3865 qum
3484 3801 3711 3871 scripta

2059 3881 2217 3943 sunt,
2259 3877 2556 3950 replicent,
2585 3886 2637 3933 et
2669 3880 2925 3933 condant
2976 3878 3035 3933 in
3070 3882 3360 3937 memoriae
3392 3884 3708 3946 thesauro:

2058 3967 2159 4021 sed
2195 3955 2367 4038 prius.
2387 3966 2602 4022 faciant
2643 3983 2771 4039 quae
2829 3974 3117 4041 praecepta
3172 3977 3331 4026 sunt.
3394 3975 3715 4048 Quicunque

2056 4071 2182 4111 vero
2230 4058 2422 4125 fecerit
2469 4058 2521 4111 et
2578 4055 2839 4126 docuerit,
2894 4058 2994 4112 ille
3051 4059 3330 4116 vocabitur
3376 4080 3610 4136 magnus
3649 4068 3712 4122 in

2057 4159 2223 4215 regno
2249 4145 2509 4199 caelorum
2538 4145 2745 4216 (Ibid)
2779 4144 2899 4201 Nisi
2932 4149 3086 4202 enim
3121 4164 3500 4223 supergressa
3532 4154 3710 4211 fuerit

2057 4237 2254 4289 nostra
2277 4232 2510 4304 justitia
2556 4234 2894 4290 Scribarum
2934 4235 3230 4306 justitiam
3280 4244 3338 4295 et
3384 4240 3705 4300 Pharisaeo-

2055 4339 2209 4388 rum,
2242 4339 2356 4377 non
2389 4338 2704 4393 possumus
2737 4323 2960 4395 ingredi
2995 4341 3175 4397 regna
3225 4327 3502 4384 ctelorum
3540 4332 3701 4403 (Ibid.

2052 4412 2164 4483 20).
2193 4411 2298 4477 Qui
2334 4427 2512 4483 supra
2542 4411 2725 4483 Moysi
2760 4413 3097 4469 cathedram
3147 4415 3441 4487 sedentes,
3480 4419 3706 4493 dicunt

296 4498 635 4556 incredulus
691 4500 1035 4573 appellatur.
1098 4501 1260 4556 Unde
1308 4501 1498 4556 evenit
1556 4507 1618 4556 ut
1668 4504 1737 4558 ad
1772 4507 2108 4578 omneDet
2163 4518 2279 4556 non
2336 4500 2579 4568 faciunt,
2636 4504 2694 4555 et
2742 4499 2987 4574 alligant
3044 4519 3222 4559 onera
3286 4505 3703 4579 importabilia,

295 4605 445 4662 opus
474 4589 693 4645 bonum
753 4590 1036 4662 reprobus
1079 4590 1190 4645 sit:
1251 4591 1404 4662 quod
1460 4590 1705 4660 scilicet,
1762 4593 1941 4649 etiam

293 4694 361 4737 ea
401 4695 528 4750 quae
586 4678 836 4734 naturali
900 4677 1158 4734 bonitate
1215 4684 1526 4750 superatus
1587 4680 1734 4736 forte
1789 4682 1943 4738 bona

293 4767 512 4839 fecerit,
542 4785 656 4825 non
716 4768 834 4825 sint
865 4767 1035 4835 bona,
1097 4768 1238 4822 dum
1296 4768 1509 4824 mentis
1566 4769 1941 4840 perversitate

278 4861 433 4911 .sunt
462 4858 728 4930 reproba.
777 4856 1127 4913 Existimant
1171 4857 1410 4927 quidam
1468 4857 1527 4911 in
1584 4873 1650 4913 eo
1709 4864 1939 4915 tantum

291 4942 477 5001 Deum
509 4930 731 5018 negari,
763 4947 813 5003 si
844 4947 904 5002 in
936 4945 1335 5018 persecutione
1366 4945 1498 5017 quis
1538 4963 1571 5000 a
1619 4946 1938 5018 gentilibus

291 5033 772 5105 comprehensus,
805 5052 868 5092 se
899 5036 1156 5093 renuerit
1184 5034 1580 5090 Christianum
1621 5035 1729 5106 [Αἰ.
1761 5035 1933 5093 addit.

291 5124 466 5193 esse.)
524 5122 633 5178 Sed
709 5140 840 5183 ecce
896 5124 1231 5198 Apostolus,
1289 5123 1564 5180 omnibus
1621 5141 1749 5196 quae
1806 5141 1935 5198 per-

286 5224 454 5266 versa
491 5216 631 5267 sunt
674 5213 863 5281 factis,
923 5214 1106 5270 Deum
1161 5212 1371 5269 asserit
1424 5212 1717 5286 denegari.
1774 5213 1935 5270 Chri-

290 5302 419 5354 stus
474 5301 763 5373 sapientia
836 5306 943 5371 est,
996 5302 1254 5373 justitia,
1332 5300 1566 5372 veritas,
1629 5304 1933 5374 sanctitas,

288 5386 587 5445 fortitudo.
650 5389 907 5464 Negatur
965 5408 1068 5463 per
1141 5391 1539 5464 insipientiam
1625 5393 1931 5465 sapientia,

287 5492 391 5550 per
446 5477 817 5552 iniquitatem
863 5480 1118 5552 justitia,
1178 5497 1281 5553 per
1353 5480 1723 5537 mendacium
1792 5483 1935 5539 veri-

196 5620 213 5641 ,
284 5572 397 5643 tas,
429 5583 533 5646 per
558 5567 988 5650 turpitudinem
1019 5568 1321 5639 sanctitas,
1352 5585 1455 5645 per
1472 5569 1932 5633 imbecillitatem

2053 4608 2178 4664 quze
2210 4588 2532 4645 cervicibus
2564 4588 2870 4644 hominum
2913 4590 3247 4663 imponunt,
3307 4600 3364 4650 et
3421 4596 3531 4669 ipsi
3596 4600 3703 4654 mi-

2051 4681 2209 4736 nimo
2249 4677 2429 4751 digito
2489 4676 2698 4733 nolunt
2749 4693 2817 4734 ea
2871 4680 3207 4753 contingere
3265 4675 3483 4756 (Matth.
3536 4704 3701 4754 χχιιι,

2048 4768 2182 4839 2-11).
2241 4768 2358 4823 Hoc
2418 4765 2598 4840 igitur
2653 4783 2808 4823 nunc
2868 4770 3174 4841 Apostolus
3227 4772 3446 4839 Titum,
3506 4775 3697 4831 filium

2051 4859 2109 4913 in
2159 4857 2387 4913 Christo
2421 4860 2478 4911 et
2525 4855 2878 4939 discipulum
2936 4875 3133 4927 suum,
3181 4861 3348 4917 docet
3405 4868 3570 4919 utea
3621 4863 3704 4920 lo-

2049 4953 2265 5019 quatur
2305 4962 2432 5018 qua:
2463 4962 2618 5001 sanae
2647 4945 2923 5001 doctrinas
2967 4949 3346 5007 conveniant:
3389 4952 3530 5024 quia
3556 4957 3701 5010 tunc

2049 5036 2327 5093 doctrinas
2357 5034 2435 5091 sit
2464 5034 2706 5107 sanitas,
2740 5051 2875 5092 cum
2901 5037 3156 5095 doctoris
3184 5039 3452 5097 doctrina
3480 5042 3704 5115 pariter

2045 5129 2105 5182 et
2138 5125 2257 5181 vita
2284 5124 2671 5181 consentiant.

2119 5213 2302 5285 (Vers.
2324 5213 2401 5285 2).
2436 5213 2615 5270 Senes
2646 5214 2871 5272 sobrios
2899 5231 3052 5284 esse,
3083 5218 3382 5290 honestos,
3429 5220 3699 5293 pudicos,

2045 5320 2222 5360 sanos
2252 5303 2311 5357 in
2352 5302 2484 5373 (ide,
2517 5307 2576 5358 et
2600 5302 2901 5375 charitate,
2930 5312 2988 5364 et
3016 5309 3319 5382 patientia.
3357 5331 3384 5358 »
3434 5308 3699 5365 Genera-

2044 5393 2177 5448 liter
2205 5392 2335 5448 Tito
2366 5396 2499 5447 ante
2529 5393 2871 5466 prazcipiens
2901 5398 3042 5469 quid
3074 5397 3199 5471 ipse
3247 5396 3406 5470 loqui
3456 5398 3697 5455 deberet

2044 5483 2116 5539 ad
2149 5486 2412 5549 cunctos,
2444 5480 2505 5536 in
2536 5497 2602 5537 eo
2641 5483 2793 5554 quod
2827 5483 2947 5542 ait:
3007 5488 3081 5543 Tu
3130 5503 3255 5545 vero
3302 5488 3526 5560 loquere
3576 5504 3695 5559 qua:

2040 5572 2227 5634 decent
2255 5588 2459 5634 sanam
2485 5570 2792 5635 doctrinam
2822 5574 2983 5660 (vers.
3022 5577 3073 5656 1)
3111 5594 3267 5638 nunc
3295 5594 3398 5661 per
3427 5576 3698 5664 singulae
