4066 6190
261 309 372 369 613
1096 305 1610 372 COMMENTAR.
1659 307 1737 369 IN
1781 303 2028 369 EPIST.
2076 307 2179 370 AD
2222 310 2493 375 TITUM.
2541 311 2713 374 CAP.
2758 312 2835 374 II.
3205 314 3216 326 ’
3545 326 3661 384 614

267 440 488 513 species
527 439 668 513 quid
717 457 1196 514 unamquamque
1243 444 1471 497 aetatem
1521 442 1780 508 deceat‘,
1811 457 1905 495 ex-
1937 443 1991 508 Α
2023 458 2137 498 non
2183 443 2510 510 aemulatur,
2546 461 2658 499 non
2709 445 2965 516 inﬂatur,
3000 465 3112 503 non
3163 452 3283 523 agit
3333 469 3657 527 perperam,

268 531 448 603 ponit.
500 531 653 584 714
700 529 962 585 Primum
1012 531 1250 585 senibus
1298 530 1437 585 viris
1486 529 1908 594 convenientia,
2021 548 2133 585 non
2167 531 2493 599 inhoneste,
2527 549 2639 588 non
2673 534 2744 587 ad
2778 534 3138 592 iracundiam
3173 541 3517 612 concitatur,
3546 563 3661 600 non

269 618 480 675 deinde
509 635 661 674 anus
691 619 830 689 quid
862 619 1082 688 deceat,
1101 619 1271 674 tertio
1293 636 1420 690 quae
1440 618 1911 674 adolescentibus
2021 620 2234 691 cogitat
2266 619 2505 686 malum,
2542 639 2653 675 non
2697 623 2912 692 gaudet
2951 623 3056 693 (At.
3090 631 3436 702 congaudet]
3487 649 3664 704 super

270 713 403 780 apta
444 708 585 774 sint,
612 713 732 762 tam
783 708 1047 763 maribus
1096 707 1378 775 videlicet,
1430 724 1605 780 quam
1658 706 1910 772 feminis,
2021 707 2350 778 iniquitate,
2383 710 2726 779 congaudet,
2760 715 2957 766 autem
2989 714 3234 782 veritati,
3257 721 3456 774 omnia
3485 723 3662 776 susti-

270 797 403 853 licet
434 798 493 852 in
527 800 806 869 praecepto
859 796 1172 852 mulierum
1202 797 1524 852 vetularum
1570 797 1640 851 de
1690 795 1912 851 adoles-
2024 802 2140 859 net,
2186 798 2384 852 omnia
2426 799 2628 863 credit,
2659 799 2856 853 omnia
2894 808 3106 871 sperat,
3140 805 3337 859 omnia
3365 810 3664 878 praestola-

273 885 539 942 centibus
570 884 802 940 feminis
845 885 1121 946 mandata
1162 886 1517 956 subjecerit:
1556 890 1618 940 ut
1647 901 1762 940 non
1794 889 1914 939 tam
2027 889 2121 940 tur
2174 887 2218 954 (I
2244 889 2366 940 (lor.
2402 903 2521 952 xm,
2552 887 2682 957 4-8).
2735 888 2800 942 Et
2857 890 2996 959 quia
3052 892 3303 948 charitas
3363 913 3664 968 nunquam

275 976 399 1047 ipse
431 971 662 1029 doceret
707 972 1191 1043 adolescentulas,
1243 990 1419 1045 quam
1470 974 1614 1045 quid
1644 991 1677 1028 a
1709 971 1917 1028 vetulis
2027 974 2260 1037 excidit,
2301 975 2402 1045 qui
2452 974 2509 1029 in
2553 974 2855 1030 charitatis
2903 983 2994 1032 est
3042 981 3310 1046 sanitate,
3363 1001 3666 1057 nunquam

273 1065 640 1126 docerentur,
686 1068 1013 1134 exponeret.
1048 1064 1316 1118 Extremo
1364 1063 1434 1118 de
1484 1061 1682 1126 servis,
1714 1067 1770 1118 et
1819 1077 1921 1132 per
2028 1069 2084 1118 et
2114 1063 2239 1135 ipse
2279 1063 2514 1118 corruit.
2549 1062 2848 1135 Siquidem
2903 1083 3006 1121 nec
3034 1069 3347 1126 tribulatio
3376 1090 3533 1144 eum,
3566 1093 3670 1132 nec

273 1151 536 1225 singulas
566 1156 783 1217 aetates,
815 1157 873 1206 et
912 1152 1293 1220 conditiones,
1329 1152 1413 1207 sic
1462 1153 1729 1208 decenter
1777 1167 1919 1222 praa-
2032 1152 2324 1223 angustia,
2358 1168 2459 1207 nec
2511 1152 2712 1220 fames,
2750 1170 2852 1208 nec
2896 1158 3249 1224 persecutio,
3285 1176 3388 1215 nec
3420 1163 3678 1233 auditas,

277 1247 444 1314 cepta
468 1240 790 1308 constituit,
825 1246 889 1295 ut
918 1257 1109 1296 sermo
1153 1241 1281 1311 ejus
1312 1241 1436 1295 vita
1472 1257 1818 1311 morumque
1849 1237 1926 1293 sit
2036 1258 2140 1297 nec
2173 1239 2517 1311 periculum,
2553 1257 2656 1295 nec
2705 1241 2936 1313 gladius
2966 1260 3235 1314 separare
3285 1251 3494 1319 poterit
3527 1269 3558 1307 a
3589 1270 3681 1308 sa-

279 1329 499 1404 regula.
534 1330 714 1385 Senes
761 1328 939 1401 igitur
967 1329 1194 1385 sobrios
1225 1346 1354 1385 esse
1373 1332 1414 1399 ³,
1447 1329 1565 1384 sive
1594 1328 1923 1400 vigilantes,
2036 1331 2216 1386 nitate
2263 1329 2584 1394 charitatis,
2618 1346 2794 1400 quam
2847 1331 3114 1388 habuerit
3164 1335 3219 1390 in
3271 1336 3496 1394 Christo
3537 1341 3679 1397 Jesu

282 1420 425 1492 quia
453 1415 711 1494 νηφάλιοι
737 1418 890 1490 apud
919 1417 1147 1474 Graecos
1175 1423 1492 1490 utrumque
1521 1425 1730 1474 sonat:
1757 1417 1930 1473 hone-
2038 1420 2214 1490 (Rom.
2239 1435 2358 1487 VIII,
2383 1419 2494 1486 35).
2523 1419 2665 1484 Quid
2703 1419 2771 1474 de
2796 1420 2990 1491 gladio
3020 1427 3076 1477 et
3109 1425 3333 1481 caeteris
3357 1428 3688 1486 minoribus

283 1515 429 1575 stos,
453 1514 517 1563 ut
544 1508 728 1562 aetatis
755 1507 1098 1578 gravitatem
1123 1524 1355 1562 morum
1383 1507 1636 1578 gravitas
1669 1507 1926 1572 decoret;
2039 1507 2409 1578 loquar,qua:
2433 1524 2546 1561 non
2572 1514 2818 1578 possunt
2839 1524 2972 1564 eum
2998 1511 3271 1582 dividere,
3291 1530 3390 1584 qut
3413 1518 3688 1574 sanitatis

287 1598 554 1670 pudicos,
587 1613 657 1652 ne
690 1596 744 1651 in
777 1595 968 1652 aliena
1013 1600 1182 1651 aetate
1213 1595 1527 1663 luxurient,
1561 1612 1631 1651 ne
1676 1597 1797 1667 jam
1831 1596 1930 1651 fri-
2042 1596 2300 1668 possidet
2331 1594 2674 1650 charitat-em
2708 1614 2720 1651 :
2755 1613 2888 1652 cum
2922 1615 3028 1654 nec
3069 1617 3246 1668 mors,
3284 1620 3384 1658 nec
3415 1605 3550 1672 vita,
3588 1624 3690 1662 nec

287 1685 428 1760 gido
471 1687 541 1741 ad
589 1684 892 1740 libidinem
926 1685 1229 1756 sanguine,
1263 1684 1526 1757 exemplo
1574 1684 1692 1739 sint
1739 1683 1930 1740 adole-
2042 1683 2254 1756 angeli,
2284 1699 2388 1738 nec
2429 1683 2811 1754 principatus,
2838 1703 2940 1742 nec
2969 1691 3297 1758 praesentia,
3332 1709 3436 1748 nec
3470 1695 3689 1761 futura,

285 1774 589 1830 scentibus
638 1774 710 1829 ad
760 1774 1013 1828 ruinam.
1049 1773 1234 1828 Sanos
1266 1774 1323 1829 in
1356 1774 1491 1837 ﬁde,
1517 1773 1588 1828 de
1635 1790 1752 1844 qua
1798 1773 1932 1827 ﬁdei
1963 1803 2012 1867 Β
2045 1788 2150 1827 nec
2203 1771 2499 1834 fortitudo,
2552 1789 2656 1828 nec
2705 1773 2970 1842 altitudo,
3019 1793 3121 1832 nec
3169 1781 3550 1850 profundum,
3586 1801 3693 1839 nec

284 1864 540 1920 sanitate
569 1878 749 1934 supra
773 1861 1049 1917 diximus.
1081 1865 1262 1916 Sanos
1287 1866 1481 1917 autem
1537 1879 1653 1918 non
1703 1866 1934 1916 tantum
1966 1859 2008 1867 ’⁷
2046 1861 2160 1916 alia
2189 1859 2462 1931 quaelibet
2490 1867 2755 1916 creatura
2786 1864 2970 1934 possit
3001 1881 3274 1937 separare
3295 1885 3428 1926 eum
3453 1871 3554 1942 qui
3587 1872 3691 1928 ha-

285 1953 350 2008 in
382 1952 517 2020 ﬁde,
549 1966 749 2008 verum
791 1957 848 2006 et
895 1951 953 2005 in
1001 1950 1302 2018 charitate,
1335 1955 1392 2006 et
1435 1951 1491 2004 in
1543 1950 1841 2023 patientia,
1876 1954 1940 2004 ut

284 2058 426 2098 cum
457 2041 711 2112 primam
745 2039 877 2095 fidei
910 2039 1224 2095 habuerint
1269 2039 1604 2106 sanitatem,
1637 2039 1879 2094 audiant
1908 2055 1942 2093 a

281 2130 584 2186 Salvatore
616 2147 630 2184 :
662 2129 821 2184 Fides
869 2132 965 2184 tua
1019 2133 1068 2183 te
1116 2129 1328 2183 salvum
1366 2129 1493 2199 fecit
1523 2129 1706 2200 (Mare.
1741 2145 1794 2193 x,
1825 2130 1938 2195 52).

280 2220 360 2276 Et
388 2219 525 2274 alibi
564 2237 576 2274 :
609 2219 789 2290 Neque
829 2219 978 2273 enim
1007 2219 1063 2272 in
1099 2217 1264 2272 Israel
1293 2220 1508 2272 tantam
1555 2217 1715 2287 ﬁdem
1756 2219 1944 2273 inveni

284 2309 501 2381 (Matth.
527 2325 650 2375 vm,
677 2308 784 2378 10).
813 2307 880 2368 Et
906 2313 1139 2379 propter
1170 2307 1437 2362 eamdem
1471 2306 1602 2362 ﬁdei
1633 2307 1942 2362 sanitatem

293 2400 446 2453 ﬁant
485 2396 590 2452 ﬁlii
637 2395 903 2463 Abrahae,
931 2395 1001 2450 de
1030 2394 1146 2466 quo
1200 2395 1483 2466 scriptum
1533 2399 1622 2451 est
1655 2413 1667 2450 :
1705 2394 1945 2449 Credidit

292 2484 578 2543 Abraham
627 2490 758 2555 Deo,
792 2488 847 2538 et
902 2492 1225 2554 reputatum
1279 2487 1358 2539 est
1414 2485 1504 2539 illi
1557 2484 1626 2538 ad
1670 2485 1948 2557 justitiam

294 2575 514 2648 (Genes.
548 2590 639 2645 xv,
671 2573 748 2644 6).
783 2572 850 2627 Et
901 2571 1169 2628 Habacuc
1220 2572 1291 2627 de
1348 2572 1458 2628 hac
1508 2572 1641 2628 ﬁdei
1699 2573 1950 2628 sanitate

293 2678 770 2721 commemorans
821 2660 902 2716 ait
936 2662 1159 2717 :Justus
1191 2669 1372 2716 autem
1413 2678 1482 2727 ea;
1509 2662 1617 2733 ﬁde
1661 2679 1786 2717 mea
1819 2662 1950 2716 vivit

296 2753 413 2824 [AL
449 2751 614 2821 vivet]
656 2749 884 2819 (Habae.
918 2766 980 2818 11,
1015 2751 1089 2820 4),
1124 2749 1329 2822 Relege
1377 2751 1446 2805 ad
1501 2750 1768 2807 Hebraeos
1820 2752 1952 2824 Epi-

304 2841 522 2898 stolam
572 2838 733 2894 Pauli
782 2837 1025 2911 apostoli
1070 2839 1210 2910 (sive
1257 2840 1662 2912 cujuscunque
1716 2840 1954 2896 alterius

307 2948 439 2988 eam
474 2947 601 2987 esse
633 2933 826 3002 putas,
859 2928 998 3000 quia
1037 2929 1164 2999 jam
1207 2929 1358 2983 inter
1404 2928 1828 2986 ecclesiasticas
1867 2934 1957 2985 est

303 3019 622 3092 recepta’),
657 3022 843 3074 totum
893 3017 1060 3072 illum
1111 3016 1438 3089 catalogum
1473 3017 1602 3072 ﬁdei
1653 3035 1953 3088 enumera,

311 3110 379 3166 in
411 3126 525 3182 quo
556 3107 839 3178 scriptum
867 3110 956 3161 est
985 3123 997 3159 :
1031 3106 1168 3160 Fide
1195 3107 1375 3174 maius
1403 3107 1737 3176 sacri/icium
1768 3106 1896 3161 Abel
1921 3123 1954 3160 a

2048 1951 2147 2005 bet
2178 1948 2519 2004 charitatem
2563 1951 2832 2006 sanitatis
2876 1952 2935 2007 in
2967 1953 3196 2011 Christo
3226 1957 3364 2012 Jesu
3397 1960 3570 2028 (Ibid.
3603 1963 3694 2032 38,

2051 2038 2179 2110 39)?
2206 2039 2263 2094 Si
2298 2037 2594 2094 intellecta
2637 2045 2726 2094 est
2757 2057 2790 2093 a
2820 2041 2988 2096 nobis
3021 2043 3245 2100 sanitas
3277 2046 3600 2116 charitatis,
3624 2049 3697 2104 de

2051 2125 2368 2198 Scripturis
2426 2125 2664 2198 aliquod
2725 2145 3032 2185 sumamus
3089 2133 3442 2206 exemplum,
3492 2152 3694 2193 eorum

2053 2215 2149 2287 qui
2186 2216 2242 2269 in
2277 2215 2613 2270 inﬁrmitate
2659 2222 2798 2271 sunt
2827 2217 3149 2276 charitatis.
3189 2223 3275 2276 Ait
3321 2224 3583 2282 Salvator
3627 2226 3696 2280 de

2053 2303 2325 2359 extremis
2359 2304 2718 2375 temporibus
2752 2322 2763 2360 :
2809 2307 2950 2373 Quia
2977 2323 3101 2362 cum
3129 2312 3495 2383 multiplicata
3523 2317 3701 2385 fuerit

2056 2394 2351 2465 iniquitas,
2417 2395 2732 2464 refrigescet
2810 2396 3057 2452 Charitas
3123 2401 3421 2456 multorum
3479 2403 3697 2473 (Matth.

2059 2499 2208 2551 XXIV,
2244 2483 2352 2549 12).
2387 2480 2586 2536 Calida
2628 2483 2845 2555 quippe
2898 2491 2988 2540 est
3042 2486 3295 2545 charitas
3343 2489 3402 2544 in
3455 2491 3548 2546 his
3597 2492 3702 2563 qui

2061 2573 2278 2627 fervent
2326 2569 2382 2623 in
2431 2571 2638 2642 spiritu
2675 2588 2688 2626 :
2725 2571 2940 2644 frigens
2990 2580 3186 2631 autem
3235 2583 3291 2633 et
3337 2579 3598 2651 glacialis
3645 2585 3708 2636 et

2061 2660 2251 2732 gelida
2284 2660 2339 2713 in
2375 2659 2463 2714 his
2494 2660 2591 2731 qui
2627 2660 2801 2716 ﬂatus
2845 2662 3152 2733 Aquilonis
3192 2666 3541 2724 durissimos
3574 2687 3705 2725 sus-

2063 2765 2285 2820 cepere,
2335 2751 2413 2803 Ab
2463 2751 2720 2819 aquilone
2755 2754 2906 2805 enim
2951 2753 3302 2810 exardescent
3350 2758 3496 2811 mala
3543 2774 3710 2827 super

2063 2854 2245 2893 omnes
2298 2837 2673 2893 inhabitantes
2723 2841 2926 2894 terram
2977 2842 3198 2910 (Jerem.
3237 2845 3415 2914 Ι,14).
3467 2845 3546 2900 De
3600 2848 3708 2900 hoc

2069 2928 2276 2998 frigore
2309 2925 2612 2981 charitatis
2640 2932 2696 2981 et
2727 2933 2974 2983 Ammon
3009 2929 3067 2983 in
3096 2947 3294 2986 sorore
3319 2949 3428 2987 sua
3455 2932 3711 2989 Thamar

2065 3017 2402 3086 obriguerat
2422 3015 2492 3086 (II
2515 3015 2634 3085 Reg.
2659 3032 2778 3080 vm,
2805 3017 2911 3088 14).
2929 3017 3279 3074 'l‘imendum
3302 3036 3438 3092 ergo
3470 3037 3542 3076 ne
3565 3022 3710 3078 forte

2068 3109 2125 3160 et
2158 3120 2262 3159 nos
2295 3103 2400 3158 hac
2430 3103 2772 3159 inﬁrmitate
2805 3103 3108 3161 charitatis
3135 3107 3448 3178 aliquando
3470 3126 3710 3182 supere-

312 3167 454 3255 Cain
496 3167 694 3253 obtulit
739 3195 844 3251 Deo
885 3194 1068 3263 (Hebr.
1108 3210 1185 3265 x1,
1219 3167 1297 3263 4).
1329 3195 1396 3248 Et
1427 3210 1440 3248 :
1475 3167 1656 3249 Enjoch
1704 3195 1954 3250 transla-
1986 3167 2028 3232 C
2070 3211 2220 3248 mur.
2255 3193 2688 3264 Nonnunquam
2730 3193 2886 3248 enim
2937 3195 3126 3250 evenit
3155 3167 3512 3268 ut-primum
3543 3167 3578 3254 ξι
3609 3216 3709 3254 no-

313 3294 407 3344 tus
434 3291 532 3352 est,
561 3301 630 3341 ne
655 3285 870 3340 videret
896 3287 1125 3339 mortem
1157 3283 1314 3355 (Ibid.
1345 3284 1432 3354 5);
1480 3288 1536 3338 et
1577 3283 1694 3338 Noe
1741 3284 1812 3339 de
1866 3284 1958 3339 his

317 3393 449 3449 quae
491 3375 737 3431 necdum
787 3373 1050 3439 videbat,‘
1073 3372 1188 3428 Deo
1237 3374 1478 3428 credens
1527 3373 1842 3428 fabricatus
1873 3378 1962 3429 est

317 3482 536 3532 arcam,
568 3469 626 3519 et
674 3461 966 3518 Abraham
1027 3461 1085 3516 in
1135 3466 1349 3517 terram
1410 3478 1584 3532 quam
1643 3463 1959 3530 nesciebat,

313 3570 587 3628 egressus
619 3557 708 3608 est
735 3552 900 3623 (Ibid.
927 3552 982 3616 7,
1014 3552 1112 3622 8.).
1143 3551 1212 3605 Et
1241 3567 1312 3606 ne
1342 3551 1633 3606 videretur
1662 3551 1965 3623 Scriptura

320 3643 550 3702 nullum
589 3641 931 3697 mulieribus
966 3640 1094 3694 ﬁdei
1127 3638 1457 3711 exemplum
1491 3640 1647 3710 dare,
1672 3641 1728 3694 in
1761 3641 1963 3696 eadem

317 3730 584 3805 Epistola
611 3729 905 3796 scribitur,
939 3728 1079 3800 quia
1107 3734 1165 3784 et
1194 3728 1336 3783 Sara
1379 3729 1663 3800 acceperit
1692 3728 1964 3784 virtutem

324 3822 400 3877 ad
464 3819 861 3892 recipiendum
919 3833 1140 3881 semen,
1183 3816 1368 3872 alieno
1418 3817 1543 3887 jam
1603 3818 1790 3872 aetatis
1849 3835 1966 3873 sure

320 3917 607 3983 tempore,
642 3908 779 3980 quia
804 3906 1032 3962 ﬁdelem
1066 3923 1198 3961 eum
1229 3906 1325 3976 qui
1361 3906 1792 3978 repromiserat,
1824 3906 1972 3962 arbi-

326 4005 484 4056 trata
512 4003 601 4055 est
631 3997 790 4069 (Ibid.
827 3995 932 4066 11).
963 3995 1259 4050 Laudatur
1289 3994 1366 4048 ibi
1401 3995 1544 4050 ﬁdes
1575 3995 1756 4065 Isaac,
1789 4000 1845 4050 et
1873 3996 1970 4051 Ja-

325 4087 456 4159 cob,
515 4085 752 4157 Joseph,
804 4083 982 4155 Moysi
1038 4099 1269 4156 quoque
1315 4087 1371 4138 et
1419 4082 1618 4138 Rabab
1667 4083 1827 4155 (Ibid.
1884 4085 1973 4152 18,

324 4179 421 4243 2'1,
461 4178 551 4244 22,
601 4176 690 4242 23,
740 4174 852 4243 31),
902 4177 1263 4239 caeterorum,
1316 4189 1462 4242 quos
1518 4171 1728 4228 melius
1785 4178 1976 4245 potest

329 4267 502 4334 scire,
536 4264 635 4336 qui
687 4264 875 4334 ipsam
925 4261 1245 4333 Epistolam
1286 4259 1508 4334 legerit.
1543 4263 1840 4327 Quomodo
1889 4267 1977 4318 est

333 4355 515 4427 igitur
545 4352 678 4408 ﬁdei
714 4353 857 4407 715
906 4349 1125 4405 sanitas
1160 4367 1171 4404 :
1207 4350 1287 4404 ita
1333 4350 1536 4406 eadem
1584 4350 1804 4406 sanitas
1835 4355 1893 4406 et
1917 4352 1974 4406 in

336 4442 621 4501 charitate
651 4445 758 4497 est.
791 4440 932 4506 Quis
971 4444 1165 4494 autem
1207 4440 1516 4494 sanitatem
1550 4441 1806 4512 possidet
1836 4441 1971 4496 cha-

2070 3282 2158 3338 bis
2204 3282 2264 3337 in
2307 3281 2614 3353 virginem,
2647 3281 2765 3338 sive
2810 3282 2867 3336 in
2920 3283 3246 3354 quamlibet
3300 3286 3576 3342 feminam
3637 3289 3715 3343 sit

2069 3377 2271 3429 sancta
2314 3369 2546 3426 dilectio
2580 3386 2593 3426 :
2626 3375 2682 3425 et
2730 3387 2865 3426 cum
2917 3371 3143 3428 mollita
3200 3391 3365 3432 mens
3424 3378 3598 3434 fuerit
3653 3378 3712 3433 in

2071 3461 2332 3529 affectus,
2369 3459 2647 3531 paulatim
2680 3461 2900 3516 sanitas
2943 3461 3244 3518 charitatis
3292 3465 3568 3537 languore
3599 3466 3717 3538 pal-

2073 3550 2272 3614 lescat,
2305 3554 2363 3604 et
2395 3549 2677 3604 inﬁrmari
2710 3549 2970 3621 incipiat,
3001 3557 3058 3606 et
3095 3554 3166 3606 ad
3211 3558 3528 3611 extremam
3561 3572 3714 3612 mor-

2075 3644 2191 3695 tem
2223 3638 2561 3708 diligentem
2608 3639 2770 3693 ferat.
2807 3638 2968 3694 Unde
2996 3645 3054 3695 et
3083 3643 3398 3713 Apostolus
3445 3651 3612 3700 caute
3661 3649 3718 3700 et

2077 3729 2394 3800 prudenter
2422 3727 2725 3782 Timotheo
2759 3729 3017 3800 praecipit
3062 3734 3124 3784 ut
3161 3731 3496 3788 exhortetur
3525 3733 3720 3790 adole—

2078 3816 2375 3872 scentulus
2432 3816 2488 3869 in
2544 3815 2704 3870 omni
2754 3817 3020 3873 castitate
3070 3820 3118 3889 (I
3155 3822 3288 3875 Tim.
3326 3839 3376 3886 v,
3409 3824 3484 3893 2).
3519 3823 3723 3878 Omnis

2079 3910 2274 3960 autem
2303 3903 2543 3959 castitas
2575 3904 2628 3958 in
2655 3921 2828 3959 carne
2849 3911 2905 3960 et
2935 3907 3142 3977 spiritu
3176 3914 3231 3963 et
3261 3910 3458 3964 anima
3486 3917 3575 3966 est
3605 3929 3617 3966 :
3656 3927 3726 3965 ne

2081 3993 2506 4050 scandalizetur
2535 3995 2683 4048 716
2717 3994 2952 4060 oculus;
2976 4012 3046 4050 ne
3068 3996 3124 4050 in
3152 3997 3584 4068 pulchritudine
3607 3998 3728 4053 vul-

2083 4088 2177 4137 tus
2229 4081 2454 4136 feminae
2505 4081 2787 4145 haerentes
2845 4075 3203 4154 pendeamus
3253 4087 3358 4156 [AL
3413 4087 3726 4157 impendea-

2081 4174 2222 4240 mus]
2259 4187 2270 4225 :
2307 4187 2376 4225 ne
2415 4169 2628 4225 blanda
2661 4187 2766 4225 nos
2796 4171 2998 4225 audire
3026 4173 3199 4226 verba
3229 4174 3472 4229 delectet
3507 4191 3518 4228 :
3555 4192 3625 4231 ne
3655 4176 3728 4231 ad

2083 4258 2395 4315 simulatos
2437 4274 2736 4313 sermones
2783 4275 2948 4314 mens
2980 4260 3140 4330 prius
3184 4261 3333 4317 dura
3378 4269 3728 4322 marcescat.

2085 4348 2338 4403 Caveant
2376 4364 2533 4416 ergo,
2568 4350 2631 4400 ut
2677 4346 2955 4411 diximus,
2990 4354 3111 4403 tam
3155 4351 3398 4420 juvenes
3429 4369 3606 4423 quam
3640 4369 3730 4409 se-

2086 4454 2210 4505 nes,
2246 4423 2363 4490 tam
2399 4434 2847 4490 adolescentulis
2889 4453 3066 4506 quam
3113 4439 3337 4510 vetulae,
3375 4446 3432 4496 et
3461 4441 3619 4496 omni
3651 4442 3735 4496 di-

335 4533 548 4600 ritatis,
573 4531 688 4586 nisi
721 4529 816 4585 ille
841 4530 941 4602 qui
973 4528 1228 4602 primum
1263 4533 1440 4584 Deum
1473 4527 1739 4584 dilexerit
1766 4547 1833 4584 ex
1863 4534 1983 4585 tota
2013 4537 2058 4602 Ῑ)
2088 4525 2329 4598 ligentia
2357 4523 2691 4578 custodiant
2719 4540 2818 4578 cor
2847 4541 3021 4580 suum
3049 4543 3062 4581 :
3088 4543 3157 4581 ne
3191 4545 3292 4600 per
3321 4530 3630 4585 sanitatem
3656 4530 3737 4584 di-

341 4623 542 4679 anima
570 4637 697 4688 sua,
721 4625 778 4675 et
806 4635 873 4675 ex
903 4622 1022 4673 toto
1055 4618 1225 4673 corde
1255 4633 1381 4685 suo,
1405 4622 1462 4672 et
1493 4633 1560 4671 ex
1590 4618 1727 4672 totis
1756 4618 1979 4674 viribus

341 4712 469 4768 suis
515 4696 722 4782 (Matth.
754 4725 892 4778 χχιι,
924 4706 1052 4776 37)?
1095 4707 1314 4762 Deinde
1362 4705 1573 4762 Christi
1623 4713 1978 4779 praeceptum

341 4799 586 4856 audiens
641 4797 701 4852 in
756 4795 1086 4870 proximum
1137 4812 1150 4848 :
1205 4795 1407 4864 Diliges
1458 4797 1781 4866 proximum
1827 4805 1978 4850 tuum

334 4891 478 4946 sicut
502 4889 739 4960 'teipsum
783 4885 938 4957 (Ibid.
972 4885 1084 4956 39),
1117 4883 1377 4939 diviserit
1419 4875 1764 4940 charitatem
1799 4900 1812 4940 :
1846 4884 1984 4956 quia

337 4977 402 5034 in
436 4978 528 5032 his
555 4976 788 5032 duobus
819 4974 1113 5030 mandatis
1147 4973 1357 5044 pendet
1385 4973 1578 5028 omnis
1608 4972 1697 5027 lex
1748 4978 1804 5029 et
1849 4991 1982 5046 pro-

343 5067 533 5140 phetae
583 5065 746 5138 (Ibid.
781 5064 891 5135 40).
924 5062 1029 5126 Qui
1079 5061 1256 5117 habet
1304 5060 1615 5118 sanitatem
1659 5061 1983 5129 charitatis,

418 5195 434 5227 ³
473 5191 637 5256 Mss.,
668 5189 741 5245 ad
769 5202 1213 5259 unamquamque
1239 5191 1459 5244 (etatem
1491 5201 1617 5258 quae
1645 5187 1843 5258 deceat,
1875 5193 1982 5244 etc.

415 5264 437 5297 ²
467 5262 643 5316 Addit
670 5260 961 5315 Victorius
989 5260 1260 5330 praecipit.

415 5334 438 5368 ³
464 5333 644 5389 Aliter
674 5333 956 5401 videatur,
980 5327 1234 5387 Sensisse
1266 5331 1324 5384 in
1356 5327 1627 5401 Catalogo
1659 5331 1730 5384 ad
1764 5347 1890 5402 cap.
1913 5332 1982 5386 5:

293 5408 296 5410 ’
345 5428 374 5456 ‹‹
408 5403 667 5476 Epistola
713 5419 840 5476 quae
900 5403 1085 5476 fertur
1139 5403 1210 5456 ad
1275 5401 1723 5476 llebraeosLejus
1779 5401 1988 5476 (Pauli)

374 5471 597 5533 reditur
626 5471 863 5602 propter
916 5474 1050 5543 styli
1099 5477 1505 5544 sermonisque
1537 5471 1986 5540 dissonantium,

374 5550 441 5602 ed
492 5548 577 5602 vel
671 5547 926 5602 arnahze.
967 5549 1136 5602 juxta
1185 5543 1635 5602 Tertullianum.
1691 5543 1775 5598 vel
1828 5545 1986 5600 Lucae

371 5550 441 5604 ed
492 5548 577 5604 vel
626 5543 926 5616 Barnabas,
967 5549 1136 5615 juxta
1185 5543 1635 5616 Tertullianum,
1689 5543 1804 5616 veli
1828 5545 1990 5600 Lucae

346 5619 734 5698 evangelista,
758 5614 928 5693 juxta
960 5614 1268 5696 quosdam,
1303 5614 1389 5673 vel
1422 5614 1735 5674 Clementis
1776 5615 1991 5679 Roma.

2087 4615 2373 4683 lectionis,
2406 4613 2644 4667 morbus
2697 4612 3000 4670 charitatis
3048 4614 3316 4682 introeat,
3350 4624 3406 4672 et
3439 4634 3539 4689 per
3568 4635 3735 4674 amo-

2090 4726 2212 4765 rem
2256 4707 2546 4768 sanctum,
2582 4701 2683 4755 ﬁat
2733 4717 2846 4756 non
2901 4708 3103 4759 sancta
3143 4705 3396 4772 dilectio,
3431 4724 3556 4778 quae
3606 4706 3735 4763 illos

2091 4794 2386 4872 pertrahat
2418 4791 2487 4846 ad
2520 4789 2870 4861 gehennam.
2899 4792 3004 4856 Qui
3039 4810 3218 4849 sanus
3257 4800 3348 4850 est
3377 4795 3435 4849 in
3468 4796 3600 4862 ﬁde,
3634 4797 3744 4866 qu!

2091 4903 2272 4944 sanus
2314 4883 2373 4937 in
2406 4881 2706 4948 charitate,
2739 4896 2919 4936 sanus
2950 4898 3180 4954 quoque
3232 4888 3308 4939 sit
3340 4885 3396 4940 in
3431 4884 3738 4956 patientia,

2092 4983 2148 5034 et
2180 4971 2461 5048 patientia
2492 4986 2618 5040 qum
2652 4969 2902 5024 maxime
2931 4969 2988 5024 in
3023 4973 3447 5029 tentationibus
3479 4991 3744 5047 compro-

2094 5067 2268 5121 batur
2285 5089 2297 5130 ;
2317 5059 2456 5133 quia
2472 5056 2613 5113 nihil
2632 5057 2866 5128 prodest
2883 5057 3158 5116 habuisse
3173 5077 3298 5130 quae
3317 5053 3500 5135 supra
3519 5079 3755 5118 enume-

2096 5207 2180 5243 me
2241 5188 2440 5257 postea
2497 5177 2763 5234 Ecclesiaa
2820 5179 3098 5304 episcopi,
3145 5199 3342 5254 quem,
3385 5186 3571 5251 aiunt,
3632 5183 3746 5256 ipsi

2097 5261 2460 5304 adiunctum-
2495 5251 2814 5304 sententias
2903 5251 3019 5304 nuli
3074 5255 3306 5304 nronrin
3356 5257 3659 5304 ordinasse
3689 5259 3746 5304 et

2097 5251 2460 5326 adiunctum,
2495 5251 2814 5326 sententias
2857 5251 3038 5306 Pauli‘
3074 5251 3306 5326 proprio
3332 5251 3746 5312 Vordinasse'et

2099 5321 2336 5387 ornasse
2368 5339 2652 5380 sermone.
2687 5321 2787 5376 Vel
2821 5329 2994 5394 certe,
3025 5321 3422 5394 quia-Paulus
3454 5328 3746 5384 scribebat

2101 5403 2170 5458 ad
2206 5400 2494 5468 Hebrzeos,
2527 5398 2858 5468 et‘propter‘
2891 5393 3166 5468 invidiam
3201 5399 3290 5453 sui
3322 5401 3475 5468 apud
3508 5417 3608 5454 eos
3639 5415 3745 5454 no-

2101 5473 2275 5530 minis
2307 5467 2542 5544 titu_lum
2589 5465 2644 5519 in
2679 5465 2962 5544 principio
3007 5465 3375 5544 salutationis
3407 5476 3747 5544 amputave-

2102 5547 2193 5601 rit.
2224 5564 2245 5594 ι
2282 5540 2488 5618 Confer
2526 5553 2653 5608 quae
2703 5537 2958 5618 adneum
3009 5540 3210 5618 locum
3255 5544 3424 5598 nobis
3471 5537 3750 5604 adnotata

2102 5620 2260 5690 sunt,
2295 5617 2360 5671 ut
2389 5609 2697 5686 plerosque
2727 5607 2872 5666 alios
2913 5626 3067 5670 nunc
3096 5613 3462 5674 omittamus.
