4066 6190
399 315 538 376 615.

1652 303 1717 367 S.
1765 297 2080 368 EUSEBII
2127 305 2567 369 HIERONYMI
3656 318 3750 382 616
3776 367 3778 369 .

399 446 676 510 ravimus,
702 442 814 498 nisi
846 457 1049 497 omnes
1069 438 1282 495 divitiis
1313 444 1370 495 et
1402 437 1801 505 mercimonia,
1827 437 2044 508 quibus
2074 437 2129 503 Α
2159 454 2297 493 suos
2327 440 2692 502 erubescant,
2726 444 2782 494 et
2811 444 2944 496 ante
2974 455 3208 514 gregem
3243 446 3504 514 nepotum
3535 449 3756 504 tremen-

401 539 611 591 onusta
630 533 791 588 navis
809 535 917 600 est,
932 530 991 585 in
1009 534 1358 601 tempestate
1382 533 1709 593 serventur,
1726 533 1783 582 et
1805 526 2050 598 perﬂan-

399 623 558 678 tibus
596 621 733 678 hinc
775 619 912 675 inde
959 618 1168 687 ventis,
1200 619 1423 689 absque
1465 615 1768 688 naufragio
1799 631 1888 679 ea,
1921 631 2046 685 quae

398 712 546 768 bene
575 715 742 784 parta
778 713 937 778 sunt,
968 706 1310 762 liberentur.
1344 707 1452 774 Qui
1481 706 1639 760 enim
1665 718 2046 776 perseverave-

397 803 476 856 rit
507 815 675 871 usque
703 801 760 854 in
791 799 980 868 ﬁnem,
1011 797 1100 851 hic
1126 805 1310 852 salvus
1336 795 1442 851 erit
1471 794 1656 850 Matth.
1689 810 1844 858 xxiv,
1879 793 1989 861 13).

469 895 658 960 (Vere.
680 888 715 942 3
735 894 970 959 seqq.)«
995 894 1159 940 Anus
1189 883 1462 940 similiter
1490 883 1549 938 in
1585 882 1789 938 habitu
1817 885 2041 948 sancto,

399 994 512 1035 non
544 975 912 1043 incentrices,
945 991 1060 1030 non
1108 974 1240 1029 vino
1285 973 1468 1028 multo
1517 971 1861 1038 servientes;
1896 971 2046 1025 bene

399 1069 773 1135 docentes,ut
799 1066 872 1121 ad
898 1062 1222 1119 castitatem
1257 1061 1529 1118 erudiant
1551 1059 2040 1126 adolescentulas,

397 1159 464 1211 ut
515 1160 713 1212 ament
755 1155 910 1209 viros
960 1169 1120 1221 suos,
1171 1155 1237 1206 ut
1287 1155 1486 1206 ament
1544 1149 1696 1204 filios
1731 1166 1743 1205 :
1781 1149 2045 1221 pudicas,

399 1251 620 1315 castas,
673 1243 954 1300 habentes
1009 1243 1220 1297 demus
1279 1239 1672 1312 diligentiam,
1736 1237 2048 1310 benignas,

398 1334 666 1390 subditas
694 1332 836 1388 viris
864 1333 1012 1398 suis,
1035 1335 1098 1386 ut
1127 1330 1367 1385 verbum
1399 1327 1500 1384 Dei
1531 1344 1646 1382 non
1680 1326 2047 1398 blaspheme-

396 1429 512 1478 tur.
540 1445 567 1471 ν»
599 1419 856 1477 Tametsi
883 1418 1184 1492 apostolus
1215 1419 1419 1474 Petrus
1449 1415 1807 1488 praeceperit,
1842 1419 1910 1470 ut
1936 1414 2046 1470 viri

400 1512 678 1566 uxoribus
705 1509 830 1565 suis
852 1515 1133 1579 tanquam
1165 1506 1469 1562 infirmiori
1496 1504 1731 1562 vasculo
1762 1505 2046 1559 honorem

399 1601 660 1655 tribuant
690 1599 738 1669 (ι
769 1599 914 1653 Petr.
966 1614 1052 1661 iii,
1099 1598 1178 1666 7),
1224 1612 1337 1650 non
1385 1601 1583 1650 tamen
1633 1593 2046 1649 asbitrandum

397 1695 506 1755 est,
540 1689 695 1759 quod
729 1701 893 1752 uxor,
927 1701 1053 1756 quae
1103 1684 1363 1754 corporis
1405 1682 1707 1738 vasculum
1743 1681 1919 1736 habet
1950 1681 2041 1734 in-

399 1779 657 1847 firmum,
690 1773 886 1830 statim
918 1777 974 1828 et
1004 1773 1204 1827 anima
1247 1770 1531 1826 infirmior
1561 1771 1656 1826 sit.
1692 1770 1857 1825 Unde
1891 1785 2048 1824 nunc
2080 1798 2126 1862 Β

399 1864 733 1938 praecipitur
783 1862 886 1929 eis,
922 1868 985 1916 ut
1017 1861 1074 1915 in
1130 1861 1277 1932 ipsis
1322 1876 1555 1931 quoque
1609 1857 2048 1931 illud'Apostoli

397 1953 764 2025 compleatur
800 1968 812 2006 :
854 1952 1030 2007 Virtus
1064 1953 1123 2004 in
1166 1950 1488 2020 inﬁrmitate
1515 1950 1800 2019 perﬁcitur
1830 1949 1899 2015 (ΙΙ
1923 1949 2046 2004 Cor.

396 2061 496 2108 x11,
527 2044 605 2114 9),
646 2047 703 2096 et
742 2040 972 2104 dicitur,
1008 2041 1075 2093 ut
1110 2043 1166 2092 et
1212 2039 1412 2092 omnia
1457 2036 1728 2101 habeant,
1779 2053 1907 2108 quae
1957 2052 2049 2092 se-

398 2132 571 2187 nibus
627 2129 765 2184 viris
832 2133 973 2182 sunt
1041 2132 1327 2198 precepta
1383 2127 1795 2192 communiter,
1851 2124 1908 2179 in
1980 2142 2046 2180 eo

396 2219 614 2276 scilicet
651 2218 806 2289 quod
856 2217 937 2271 ait
983 2233 994 2271 :
1043 2218 1190 2270 Anus
1237 2216 1518 2284 similiter,
1554 2214 1662 2269 hoc
1714 2219 1821 2277 est,
1857 2214 1938 2268 ita
1983 2219 2048 2270 ut

394 2309 502 2364 viri
533 2323 725 2372 senes,
757 2307 815 2360 in
867 2305 1143 2360 omnibus
1190 2303 1469 2367 honestae,
1521 2302 1748 2366 sobriae,
1796 2301 2041 2373 pudicae,

396 2415 551 2454 sana:
582 2397 639 2451 in
673 2397 805 2460 ﬁde,
839 2401 896 2448 et
925 2393 1230 2457 charitate,
1257 2397 1314 2446 et
1345 2391 1645 2462 patientia,
1679 2395 1734 2444 et
1770 2408 1871 2461 pro
1903 2407 2043 2445 sexu

396 2503 502 2542 suo
525 2487 632 2541 hoc
653 2484 907 2539 habeant
932 2482 1254 2554 proprium,
1281 2484 1343 2534 ut
1363 2477 1482 2533 sint
1507 2479 1560 2532 in
1586 2479 1789 2533 habitu
1815 2485 2041 2548 sancto,

397 2577 534 2642 sive,
578 2579 644 2629 ut
693 2571 902 2627 melius
957 2570 1170 2641 legitur
1217 2568 1274 2623 in
1308 2568 1523 2633 Graeca,
1557 2565 1609 2619 ἐν
1665 2567 2042 2637 καταστήματι

394 2662 766 2738 ἱεροπρεπεῖς,
803 2665 866 2715 ut
921 2659 1045 2730 ipse
1098 2673 1329 2729 quoque
1400 2672 1599 2711 earum
1662 2656 1929 2710 incessus
1985 2659 2043 2711 et

397 2757 610 2818 motus,
633 2748 853 2814 vultus,
883 2763 1096 2810 sermo,
1121 2745 1446 2809 silentium,
1469 2745 1784 2814 quamdam
1817 2744 2042 2799 decoris

393 2840 538 2895 sacri
603 2837 912 2910 praeferant
958 2835 1326 2906 dignitatem.
1377 2833 1447 2887 Et
1498 2833 1636 2904 quia
1692 2833 1801 2887 hoc
1857 2849 2042 2903 genus

397 2927 874 2984 muliercularum
919 2941 1047 2980 esse
1096 2923 1243 2978 solet
1271 2921 1595 2994 garrulum,
1624 2921 1795 2992 juxta
1844 2920 1986 2976 illud
2023 2939 2035 2976 :

392 3017 573 3074 Simul
609 3019 796 3072 autem
843 3023 893 3070 et
937 3015 1126 3069 otiosae
1181 3011 1398 3066 discunt
1443 3011 1738 3065 circumire
1785 3010 1974 3065 domos
2019 3029 2038 3066 .·

392 3123 504 3160 non
527 3106 704 3162 solum
731 3110 919 3159 autem
948 3104 1150 3172 otiose,
1181 3100 1275 3156 sed
1311 3105 1361 3154 et
1401 3099 1657 3159 verbosas.
1689 3102 1741 3154 et
1787 3101 2035 3166 curiosas,

2158 531 2246 581 tes
2277 526 2632 600 virgunculae
2654 528 2675 563 ³
2703 529 3174 600 componantur),
3202 529 3331 585 vino
3363 547 3424 587 se
3453 527 3644 589 dedere
3671 552 3756 606 pro

2157 613 2428 684 libidine;
2465 621 2683 672 etcum
2724 616 2878 672 inter
2919 617 3129 689 pocula
3159 617 3272 674 sibi
3319 619 3619 691 prudentes
3645 622 3757 678 visae

2158 703 2374 760 fuerint
2428 710 2488 761 et
2544 706 2826 777 facundia,
2885 722 3115 763 morum
3172 708 3338 778 quasi
3398 709 3759 768 austeritatem

2157 809 2478 860 assumere,
2509 793 2813 866 loquentes
2855 795 2965 852 hoc
3004 795 3157 868 quod
3208 797 3320 852 sibi
3351 797 3608 854 videntur
3633 815 3760 870 esse,

2156 886 2213 938 et
2243 899 2356 939 non
2389 884 2757 940 recordantes
2801 883 2943 939 illud
2990 885 3142 956 quod
3202 885 3454 942 fuerunt.
3487 885 3550 942 Et
3594 903 3624 942 a
3663 887 3764 944 vini

2156 987 2293 1044 ergo
2323 971 2504 1027 nimio
2531 977 2670 1045 potu
2695 989 2846 1028 anus
2872 973 3316 1044 prohibeantur,
3334 975 3603 1046 quoniam
3633 977 3766 1049 quod

2157 1064 2216 1116 in
2247 1060 2714 1117 adolescentibus
2764 1061 2963 1129 libido,
2995 1061 3105 1118 hoc
3151 1061 3212 1118 in
3263 1063 3505 1119 senibus
3550 1064 3767 1123 ebrietas

2157 1153 2264 1206 est.
2298 1152 2407 1205 Aut
2435 1151 2728 1222 quomodo
2759 1155 2950 1223 potest
2978 1151 3186 1207 docere
3220 1168 3370 1208 anus
3402 1152 3768 1210 adolescentu-

2157 1237 2244 1294 las
2275 1238 2627 1306 castitatem,
2659 1255 2792 1295 cum
2832 1240 2878 1295 si
2913 1239 3252 1296 ebrietatem
3282 1241 3490 1297 vetulis
3538 1241 3770 1299 mulieris

2157 1326 2589 1384 adolescentula
2604 1328 3041 1394 fueritimitata,
3061 1329 3274 1401 pudica
3293 1345 3424 1387 esse
3440 1347 3552 1387 non
3575 1332 3771 1404 possit?

2157 1417 2470 1489 Signanter
2511 1423 2707 1473 autem
2755 1417 3249 1490 expressit°zNon
3291 1420 3422 1476 vino
3467 1421 3631 1475 multo
3673 1437 3769 1475 ser-

2155 1507 2382 1560 vientes.
2403 1505 2663 1561 Servitus
2692 1506 2846 1560 enim
2879 1505 3145 1577 quwdam
3171 1511 3261 1562 est
3294 1511 3353 1563 et
3380 1512 3628 1564 extrema
3655 1525 3770 1563 con~

2157 1594 2320 1661 ditio,
2352 1595 2483 1649 vino
2516 1611 2726 1650 sensus
2776 1595 3032 1650 hominis
3064 1597 3358 1668 occupari,
3391 1602 3447 1652 et
3476 1614 3588 1651 non
3618 1613 3768 1652 suum

2158 1700 2305 1750 esse,
2339 1685 2439 1739 sed
2472 1683 2609 1738 vini.
2629 1685 2775 1747 Quia
2798 1684 2974 1756 igitur
2992 1685 3190 1739 docuit
3213 1685 3418 1755 quales
3442 1685 3624 1757 primo
3647 1702 3773 1741 anul

2159 1773 2438 1828 deberent
2484 1789 2631 1838 esse,
2663 1778 2720 1826 et
2768 1772 3026 1844 postilla
3056 1789 3182 1844 quae
3228 1789 3363 1828 cum
3399 1775 3631 1829 senibus
3657 1773 3774 1830 viris

2161 1863 2379 1917 habent
2407 1862 2761 1931 communia,
2785 1862 2957 1916 etiam
3006 1861 3241 1933 propria
3283 1879 3486 1918 earum
3517 1865 3773 1936 exposuit,

2161 1957 2225 2004 ut
2251 1951 2494 2006 honesto
2539 1955 2595 2004 et
2623 1955 2826 2005 sancto
2859 1950 3083 2016 habitu,
3117 1957 3174 2005 et
3219 1953 3383 2006 omni
3434 1953 3632 2007 decore
3674 1952 3776 2008 sint

2160 2039 2388 2112 plenae:
2433 2055 2536 2094 nec
2595 2037 3000 2108 accusatrices,
3055 2056 3160 2095 nec
3216 2039 3352 2096 aliis
3411 2041 3772 2107 detrahentes,

2157 2145 2262 2184 nec
2309 2128 2440 2183 vino
2487 2127 2759 2182 sensibus
2799 2128 3116 2198 occupatis.
3169 2129 3336 2184 Nunc
3381 2136 3774 2202 consequenter

2159 2217 2431 2272 doctrina:
2463 2217 2548 2271 eis
2581 2217 2739 2271 frena
2779 2215 3084 2288 permittit,
3117 2221 3182 2271 ut
3212 2234 3348 2272 cum
3383 2219 3526 2273 tales
3566 2218 3769 2286 fuerint,

2155 2305 2398 2360 docendi
2431 2305 2682 2360 habeant
2723 2303 3072 2374 libertatem,
3109 2310 3172 2360 ut
3209 2301 3433 2362 scilicet
3463 2309 3692 2362 doceant
3717 2323 3772 2361 ea

2155 2411 2281 2466 quae
2316 2395 2465 2449 bona
2513 2399 2670 2448 sunt.
2703 2393 2861 2448 Licet
2909 2393 3065 2448 enim
3116 2395 3174 2448 in
3225 2395 3342 2451 alio
3390 2395 3514 2451 loco
3545 2397 3770 2451 dixerit:

2154 2485 2354 2538 Docere
2407 2489 2601 2538 autem
2655 2482 2982 2537 mulieribus
3027 2499 3141 2538 non
3193 2487 3460 2555 permitte
3495 2485 3542 2556 (ι
3571 2486 3692 2540 Tim.
3722 2501 3773 2552 ii,

2157 2574 2264 2643 12),
2315 2572 2400 2626 sic
2450 2570 2892 2642 intelligendum
2952 2578 3058 2633 est,
3109 2577 3171 2626 ut
3227 2574 3286 2628 in
3345 2574 3500 2629 viros
3555 2574 3627 2630 sit
3678 2572 3776 2628 illis

2153 2661 2419 2714 doctrina
2448 2659 2699 2715 sublata.
2723 2659 3006 2714 Caeterum
3039 2659 3508 2718 adolescentulas
3537 2664 3775 2727 doceant,

2154 2748 2322 2819 quasi
2355 2746 2501 2802 tilias
2534 2764 2693 2802 suas.
2728 2747 2988 2802 Primum
3025 2749 3360 2804 castitatem
3393 2768 3404 2805 :
3439 2753 3574 2824 quia
3597 2752 3773 2806 adver-

2153 2853 2255 2891 sus
2285 2836 2434 2890 hanc
2466 2836 2653 2907 magis
2696 2836 2750 2890 in
2783 2840 2946 2890 aetate
2986 2837 3212 2892 florenti
3246 2845 3475 2911 pugnat
3505 2839 3772 2904 inimicus,

2152 2930 2208 2980 et
2234 2924 2418 2980 virtus
2465 2927 2593 2994 ejus
2635 2925 2826 2979 omnis
2857 2932 3059 2980 contra
3108 2927 3364 2984 feminas
3411 2929 3469 2983 in
3524 2928 3774 2983 umbilico

2157 3013 2306 3069 718
2338 3013 2554 3068 ventris
2611 3018 2700 3067 est
2739 3029 2750 3066 :
2793 3013 3002 3068 deinde
3055 3019 3119 3068 ut
3175 3022 3380 3071 ament
3427 3017 3576 3072 viros
3631 3032 3770 3082 suos,

2152 3103 2398 3171 diligant
2429 3101 2598 3156 Filios.
2635 3102 2769 3164 Qua
2801 3103 3065 3157 doctrina
3094 3109 3183 3158 est
3211 3121 3416 3161 amare
3447 3107 3624 3164 viros:
3656 3119 3784 3160 cum.

395 3158 822 3266 qua
848 3158 960 3246 non,
996 3158 1203 3260 oporiet
1235 3189 1282 3260 (1
1311 3190 1446 3244 Tim.
1480 3205 1533 3255 ν,
1566 3188 1651 3260 13)
1688 3204 1700 3241 :
1736 3158 2040 3259 propterea
2070 3158 2112 3224 Ο
2153 3158 2402 3246 ῙἹΟΟΓΠΟΠ
2437 3191 2494 3245 in
2527 3158 2756 3261 eloquio
2794 3191 3074 3262 docentis,
3109 3191 3206 3247 sed
3248 3158 3520 3250 incert-le—
3540 3158 3775 3250 ainanlis

395 3300 492 3338 eas
524 3283 645 3337 vult
683 3298 810 3336 esse
862 3297 975 3335 non
1034 3277 1398 3344 incentrices,
1432 3276 1488 3330 id
1520 3282 1603 3331 est
1639 3293 1754 3330 non
1805 3292 2039 3331 accusa-

392 3372 585 3439 trices,
616 3388 728 3426 non
764 3368 908 3425 tales
940 3385 1065 3439 qua:
1099 3372 1162 3421 ut
1193 3365 1322 3421 aliis
1363 3363 1644 3436 placeant,
1679 3366 1750 3419 de
1778 3364 1907 3419 aliis
1939 3366 2038 3420 de-

393 3461 648 3516 trahant.
686 3463 800 3514 Aut
831 3463 982 3512 certe
1013 3455 1153 3527 quia
1197 3456 1335 3525 ipsa:
1389 3455 1529 3508 7H
1583 3452 2037 3509 adolescentiam

388 3550 512 3618 jam
545 3554 927 3618 transgressa:
959 3550 1116 3610 sunt,
1151 3544 1222 3598 de
1253 3540 1820 3597 adolescentularum
1853 3543 2036 3596 aetati-

395 3638 506 3692 bus
538 3636 860 3707 disputent,
902 3639 959 3688 et
987 3633 1184 3686 dicant
1210 3649 1221 3686 :
1250 3630 1352 3686 llla
1401 3629 1485 3685 sic
1532 3635 1792 3695 ornatur,
1825 3630 1925 3685 illa
1954 3632 2038 3685 sic

394 3724 662 3789 comitur,
698 3723 782 3777 sic
815 3721 911 3776 illa
947 3721 1237 3792 procedit;
1271 3725 1430 3774 amat
1478 3719 1669 3780 illum,
1702 3725 1936 3775 amatur
1966 3719 2038 3774 ab

395 3813 530 3878 illo;
564 3829 697 3868 cum
732 3812 907 3866 etiam
959 3811 1008 3864 si
1060 3810 1179 3863 haec
1214 3825 1346 3863 vera
1377 3807 1514 3874 sint,
1552 3825 1663 3862 non
1713 3814 1831 3863 tam
1883 3808 2038 3880 apud

393 3907 629 3958 caeteros
685 3901 934 3956 debeant
987 3914 1282 3960 accusare,
1341 3913 1516 3966 quam
1574 3897 1760 3968 ipsam
1821 3902 2041 3952 secrete

389 3989 601 4046 Christi
633 3989 918 4045 charitate
957 3985 1266 4057 corripere,
1299 3992 1356 4041 et
1399 3985 1587 4056 magis
1618 3987 1822 4040 docere
1853 4003 1924 4040 ne
1956 3987 2038 4041 l‘a-

389 4080 523 4149 ciat,
558 4095 735 4151 quam
768 4079 826 4134 in
867 4075 1099 4150 publico
1149 4091 1421 4130 accusare
1470 4075 1623 4144 quod
1677 4074 1895 4129 fecerit.
1929 4075 2038 4129 So-

388 4170 510 4225 lent
540 4169 625 4224 his
675 4173 891 4234 aetates,
927 4164 1066 4237 quia
1112 4163 1370 4235 corporis
1421 4163 1625 4218 frixere
1666 4161 1897 4217 luxuria
1929 4164 2035 4230 [Αι.

388 4257 701 4325 luxuriam]
742 4255 917 4327 .(licet
963 4255 1080 4309 sint
1140 4251 1464 4324 plurimas',
1512 4269 1640 4322 quis
1697 4268 1800 4307 nec
1861 4268 2039 4308 canos

462 4383 477 4415 ¹
515 4379 660 4433 Editi
694 4383 828 4434 ante
873 4379 977 4432 hos
1008 4377 1139 4431 libri
1175 4375 1403 4431 nullum
1437 4376 1655 4432 habent
1706 4392 1943 4447 sensum
1977 4376 2035 4431 in

388 4451 497 4528 hac
530 4450 824 4528 pericope;
859 4450 935 4528 ibi
968 4449 1125 4503 enim
1157 4447 1367 4528 legitur
1397 4448 1504 4502 hoc
1537 4449 1708 4528 modo
1732 4465 1800 4528 .;‹‹
1833 4448 2035 4528 solent

2149 3281 2224 3335 sit
2253 3277 2685 3334 constitutum?
2717 3277 2854 3332 Vult
2874 3295 2971 3333 eas
3004 3296 3200 3335 amare
3230 3281 3392 3338 viros
3425 3299 3559 3337 suos
3588 3287 3730 3337 caste
3759 3289 3778 3335 :'

2148 3368 2270 3422 vult
2299 3369 2450 3422 inter
2493 3367 2680 3421 virum
2712 3373 2770 3422 et
2799 3365 3104 3422 mulierem
3150 3385 3279 3424 esse
3331 3371 3600 3443 pudicam
3647 3369 3772 3424 dile.

2148 3457 2396 3511 ctionem
2451 3461 2514 3509 ut
2556 3471 2689 3510 eum
2727 3455 2965 3526 pudore,
3015 3461 3071 3510 et
3119 3457 3496 3526 verecundia,
3527 3463 3580 3514 et
3626 3456 3774 3530 quasi

2149 3544 2491 3600 necessitate
2518 3560 2712 3604 sexus,
2739 3543 2941 3598 reddat
2962 3545 3156 3614 potius
3177 3545 3444 3602 debitum
3478 3547 3595 3602 viro
3615 3561 3773 3617 quam

2150 3635 2277 3704 ipsa
2307 3633 2498 3703 exigat
2545 3633 2616 3686 ab
2647 3648 2734 3696 eo,
2759 3637 2814 3686 et
2852 3648 3027 3702 opera
3073 3632 3396 3691 liberorum
3430 3642 3559 3690 ante
3597 3633 3774 3689 oculos

2150 3722 2247 3777 Dei
2281 3727 2338 3775 et
2367 3719 2705 3791 angelorum
2741 3725 3069 3791 perpetrare
3100 3738 3160 3776 se
3186 3723 3388 3777 credat
3413 3740 3424 3778 :
3458 3724 3536 3779 ita
3564 3739 3661 3779 nec
3688 3721 3776 3776 illa

2149 3809 2452 3864 erubescet
2479 3807 2651 3862 etiam
2675 3808 2696 3840 δ
2742 3813 3027 3861 secretum
3073 3807 3281 3873 cubile,
3314 3815 3378 3864 et
3411 3811 3592 3865 noctis
3633 3815 3773 3863 tene-

2151 3899 2308 3964 bras,
2369 3901 2426 3951 et
2454 3895 2718 3950 clausum
2761 3895 3093 3951 cubiculum
3141 3914 3352 3961 suum,
3409 3915 3541 3954 cum
3596 3895 3775 3953 omnia

2150 3993 2344 4058 patere
2385 3986 2480 4041 Dei
2513 3985 2698 4040 oculis
2745 3985 3029 4057 cogitarit.
3067 3985 3241 4040 Filios
3272 3993 3475 4042 autem
3527 3987 3604 4041 ita
3647 3983 3774 4040 dili-

2148 4080 2314 4148 gunt,
2349 4075 2396 4130 si
2429 4090 2529 4128 eos
2571 4074 2630 4127 in
2678 4073 2776 4128 Dei
2823 4075 3093 4128 erudiant
3139 4074 3476 4147 disciplina.
3510 4075 3772 4130 Caeterum

2151 4163 2303 4219 nolle
2341 4179 2438 4218 eos
2483 4162 2827 4218 contristare
2857 4162 3117 4218 docendo
3165 4179 3291 4233 quae
3347 4164 3502 4220 bona
3548 4169 3696 4226 sunt,
3725 4162 3775 4214 et

2150 4253 2476 4308 libertatem
2523 4251 2775 4306 tribuere
2816 4251 3091 4322 peccandi
3125 4251 3231 4322 [ΑΙ.
3265 4253 3532 4322 peccati],
3563 4267 3670 4307 non
3697 4250 3775 4304 est

2194 4377 2238 4459 .3
2268 4375 2390 4459 Duo
2423 4392 2590 4442 mss.,
2623 4374 2916 4446 Signanter
2944 4379 3127 4431 autem
3156 4380 3206 4431 et
3235 4391 3490 4448 expresse
3517 4376 3598 4431 ait
3626 4393 3644 4429 :
3671 4373 3773 4430 Non

2149 4454 2297 4517 vim),
2329 4454 2440 4502 etc.

387 4523 473 4599 ha:
521 4513 741 4599 aetates:
771 4513 912 4592 quia
968 4513 1241 4590 corporis
1288 4519 1494 4574 l'rixere
1552 4519 1845 4599 luxuriam
1877 4519 2110 4599 (licetD
2213 4513 2323 4599 ‘_l'n
2397 4517 2649 4599 editione
2707 4517 3392 4599 Erasniiana__legimus:
3437 4520 3521 4599 Ita
3571 4534 3637 4599 ne
3686 4513 3773 4570 illa

386 4594 505 4650 sint
536 4591 822 4665 plurimae,
856 4609 982 4662 qua:
1029 4608 1132 4644 nec
1173 4607 1349 4646 canos
1392 4607 1536 4665 suos
1574 4591 1943 4665 erubescant,
1978 4596 2036 4646 et

387 4670 518 4721 ante
537 4661 1116 4737 'gregcmncpotum,
1144 4665 1456 4737 trementes
1489 4661 1842 4732 virgunculae
1874 4678 2032 4737 com-

390 4733 721 4814 ponantur),
755 4733 912 4789 vino'
941 4751 1001 4789 se
1051 4733 1281 4814 dedere,
1310 4739 1493 4796 nete;
1540 4749 1643 4786 nos
1691 4733 2035 4814 auctoritate

381 4804 806 4880 exemplarium
861 4804 1408 4880 manuscriptorum
1459 4819 1697 4858 sensum
1750 4821 1815 4858 ac
1863 4805 2036 4860 verba

390 4878 695 4939 restituere
725 4878 1082 4934 curavimus.
1117 4880 1296 4930 Mam.

460 4951 480 4983 ²
512 4951 778 5014 Martiae,
811 4954 872 5004 ut
902 4947 1162 5004 voculam
1197 4946 1290 5000 hic
1321 4943 1778 5016 interserit,qua
1808 4945 2036 5002 intrusa

389 5023 546 5092 totus
579 5021 803 5092 deperit
832 5018 1293 5092 Hieronymianae
1325 5016 1624 5092 sententia:
1653 5017 1812 5092 lepor
1837 5024 1893 5071 et
1925 5018 2031 5073 vis.

387 5090 592 5145 Jocose
635 5088 855 5146 scilicet
898 5088 1071 5162 atque
1121 5088 1418 5163 eipwvtac‘o;
1449 5089 1506 5143 S.
1547 5089 1708 5142 Pater
1753 5091 2035 5163 trementes

388 5164 749 5228 virgunculas
781 5160 1034 5233 appellat
1083 5160 1231 5216 anus
1261 5160 1412 5225 illas,
1443 5177 1569 5231 quis
1620 5176 1823 5233 rugas
1846 5160 2034 5216 aniles

390 5233 636 5304 poliunt,
669 5251 733 5288 ac
778 5230 916 5288 dum
970 5251 1030 5288 se
1073 5230 1649 5304 componuntiiquasi
1699 5230 2032 5304 atlolescen~

386 5301 542 5376 tulaa,
568 5322 679 5376 prae
702 5310 864 5360 aetate
889 5301 1383 5376 trementessunt.
1411 5301 1757 5376 Hujusnioidi
1786 5301 2033 5376 feminas

390 5374 594 5447 iisdem
625 5375 793 5447 plane
821 5374 1011 5447 verbis
1046 5375 1192 5428 ridet
1221 5375 1390 5445 epist.
1424 5377 1512 5440 38,
1543 5376 1613 5431 de
1643 5375 2034 5445 Adgrotatione

386 5445 638 5508 Blesillae
665 5447 730 5501 ad
782 5445 1106 5501 Marcellam
1141 5462 1304 5500 num.
1335 5448 1368 5519 3
1399 5463 1412 5502 :
1447 5447 1586 5519 Quae
1627 5447 1859 5519 denique
1909 5455 2035 5503 ante

383 5522 638 5593 nepotum
690 5534 912 5592 gregem
965 5520 1252 5578 trementes
1297 5518 1644 5590 virgunculae
1693 5518 2030 5595 componam

384 5598 496 5669 tur,
530 5595 642 5652 etc.

2143 4591 2422 4644 erub‘scat
2451 4593 2645 4659 etiam,
2677 4597 2808 4661 etc.,
2841 4591 2998 4661 quod
3040 4590 3334 4646 Marianus
3378 4591 3624 4660 castigat
3655 4601 3768 4641 mu-

2145 4666 2276 4715 tans
2313 4662 2588 4716 erubescet
2645 4661 2702 4715 in
2750 4664 3048 4716 erubescat.
3094 4661 3179 4716 Ita
3233 4678 3304 4717 ne
3358 4662 3460 4716 illa
3513 4662 3772 4716 erubescat

2141 4735 2308 4787 etiam
2362 4735 2630 4786 secretum
2687 4733 2888 4797 cubile,
2944 4738 3050 4787 etc.
3104 4732 3372 4786 Maa'r.—e
3425 4731 3613 4788 Nostri
3669 4743 3766 4784 nis.

2146 4805 2226 4858 ita
2254 4804 2593 4859 adverbium
2627 4821 2741 4859 non
2774 4801 3120 4876 agnoscunt;
3151 4803 3471 4876 leguntque
3502 4799 3766 4876 absolute,

2143 4892 2212 4931 ne
2259 4877 2361 4931 illa
2406 4877 2700 4939 erubescet,
2733 4871 2846 4930 etc'.
2879 4875 3029 4929 Olim
3062 4871 3317 4941 eratfita
3342 4871 3411 4928 ne
3455 4875 3556 4929 illa
3599 4871 3770 4926 erube-

2143 4957 2274 5018 scet,
2317 4963 2417 5018 pro
2465 4963 2580 5017 quo
2633 4945 2922 5018 Victorius
2970 4946 3275 5002 substituit
3318 4947 3616 5018 erubescat.
3665 4941 3768 4997 Hoc

2143 5016 2498 5089 est,‘inquit,
2533 5018 2612 5072 ita
2651 5017 2847 5072 liberis
2897 5019 3269 5088 procreandis
3317 5016 3556 5089 honeste
3587 5033 3648 5070 ac
3675 5027 3765 5089 pii;

2145 5030 2251 5085 est,
2284 5030 2498 5089 inquit,
2533 5030 2612 5072 ita
2653 5030 2847 5072 liberis
2897 5030 3269 5088 procreandis
3317 5030 3556 5072 honeste
3587 5033 3648 5070 ac
3713 5030 3764 5065 u-

2145 5089 2271 5144 dice
2302 5105 2536 5161 Operam
2580 5095 2764 5158 navet,
2800 5095 2864 5144 ut
2913 5105 2982 5144 ne
3030 5089 3086 5142 in
3147 5088 3575 5161 ipsoquidem‘
3607 5030 3764 5161 cugill

2144 5166 2313 5233 turpe
2342 5157 2581 5232 ’aliquid
2633 5157 2788 5232 agat,
2842 5157 3217 5232 proptercave
3249 5157 3406 5233 illud
3434 5157 3762 5233 erubescat:

2144 5225 2417 5297 Quamvis
2461 5225 2589 5288 sint
2636 5225 2978 5304 quidm-agis
3028 5249 3129 5304 per
3173 5231 3614 5304 afﬁrmationem
3663 5225 3763 5294 legi

2143 5305 2352 5358 debere
2390 5301 2714 5369 autument,
2751 5303 2805 5357 in
2859 5301 3300 5358 hunc—modum
3335 5320 3347 5356 :
3383 5305 3462 5358 Ita
3510 5301 3606 5356 illa
3649 5311 3762 5352 eru-

2143 5373 2314 5430 bescet
2367 5377 2535 5430 etiam
2589 5379 2852 5431 secretum
2908 5375 3106 5430 cubile.
3168 5373 3285 5429 Hoc
3343 5379 3449 5438 est,
3492 5372 3537 5426 si
3602 5372 3760 5438 Deum

2143 5453 2275 5501 ante
2318 5447 2540 5519 oculos
2567 5464 2798 5519 semper
2841 5446 3096 5519 habebit,
3147 5436 3448 5519 erubescet
3495 5441 3661 5519 etiam
3706 5436 3758 5491 in

2143 5524 2361 5574 secreto
2391 5517 2567 5577 cubili
2617 5511 2840 5593 aliquid
2883 5511 3259 5577 inhonestum
3302 5533 3368 5575 ac
3416 5511 3753 5591 impudicum

2142 5606 2331 5667 agere.
