4066 6190
253 375 374 434 617

1085 375 1602 438 COMMENTAB.
1647 377 1727 437 ΙΝ
1773 374 2018 437 EPIST.
2065 376 2169 435 AD
2213 374 2488 436 TITUM.
2537 377 2710 436 CAP.
2756 375 2835 434 ΙΙ.

3543 373 3666 437 618

255 523 456 564 amare
478 505 652 578 ﬁlios,
686 507 786 562 sed
819 507 1032 564 odisse.
1085 509 1436 564 Erudiantur
1481 525 1715 582 quoque
1761 509 1898 563 ado-
1933 511 1986 576 Α
2016 525 2254 581 corpore
2290 525 2301 564 :
2336 513 2454 563 tam
2497 525 2689 580 opere,
2737 523 2914 578 quam
2964 506 3332 578 cogitatione,
3383 512 3450 563 ut
3497 507 3662 564 nulla

253 594 616 660 lescentulae,
648 600 715 652 ut
733 597 945 652 domus
985 596 1238 652 habeant
1277 598 1737 670 diligentiam.Et
1767 598 1907 670 quia

253 689 484 758 poterat
513 685 742 740 evenire
774 690 838 739 ut
871 684 1172 757 diligentia
1215 685 1428 742 domus
1476 704 1607 741 cum
1659 685 1904 742 austeri-

253 778 372 830 tate
419 779 739 846 regeretur,
794 778 849 828 et
898 789 1000 844 per
1047 773 1154 829 hoc
1199 775 1459 846 Apostoli
1524 780 1903 848 praeceptum,

252 867 524 919 matrona
553 862 809 918 severior
839 862 1002 917 ﬁeret
1031 861 1089 916 in
1122 863 1383 919 servulos
1431 884 1448 919 :
1493 865 1621 919 ideo
1669 863 1904 935 copula-

250 953 356 1020 vit,
411 951 674 1021 benignas
723 969 741 1006 :
791 955 854 1006 ut
904 956 1045 1006 tunc
1096 968 1156 1006 se
1203 953 1463 1008 crederet
1512 953 1707 1008 mariti
1759 954 1904 1009 bene

253 1042 496 1096 domum
527 1056 745 1112 regere,
779 1039 828 1094 si
859 1055 994 1094 cum
1027 1040 1384 1112 benignitate
1417 1041 1662 1113 imperet
1700 1057 1906 1098 servu-

253 1129 352 1194 lis,
387 1146 501 1184 non
532 1130 591 1185 in
622 1133 841 1185 terrore
865 1131 903 1184 ¹.
927 1129 1040 1185 Nec
1072 1146 1187 1184 non
1218 1137 1272 1184 et
1297 1131 1546 1186 subditas
1573 1134 1710 1187 viris
1739 1133 1852 1186 suis
1884 1149 1906 1185 .·

255 1234 329 1273 ne
361 1218 506 1273 forte
539 1218 761 1273 divitiis
809 1222 866 1273 et
917 1218 1219 1273 nobilitate
1262 1219 1514 1290 perﬂatze
1548 1219 1643 1275 Dei
1675 1223 1904 1274 senten-

252 1306 348 1361 tiae
370 1323 486 1363 non
518 1306 913 1374 meminerint,
939 1322 1042 1377 per
1072 1323 1248 1378 quam
1282 1308 1561 1377 subjectae
1588 1311 1728 1362 sunt
1747 1307 1904 1362 viris.

249 1395 348 1450 Ait
377 1395 594 1468 quippe
642 1394 710 1450 ad
764 1393 1069 1450 mulierem
1121 1413 1133 1450 :
1189 1395 1265 1450 Ad
1312 1398 1494 1450 virum
1545 1405 1701 1452 tuum
1731 1397 1908 1452 ’con-

251 1487 434 1540 versio
486 1488 615 1544 tua;
667 1488 718 1538 et
765 1487 883 1555 ipse
931 1486 1018 1538 tui
1062 1483 1439 1540 dominabitur
1468 1485 1622 1558 (Gen.
1670 1501 1754 1550 ιιι,
1799 1486 1906 1554 16).

254 1575 318 1628 In
352 1589 470 1644 quo
497 1575 708 1627 sanctae
756 1571 1070 1643 Scripturae
1121 1573 1551 1629 consideranda
1601 1574 1911 1645 prudentia

249 1667 349 1718 est
380 1678 394 1716 :
429 1661 566 1733 quia
613 1677 728 1716 non
773 1661 898 1716 viro
951 1660 1058 1716 hoc
1109 1661 1394 1718 Dominus
1443 1662 1521 1717 sit
1570 1661 1820 1728 locutus,
1853 1665 1910 1717 et

249 1750 468 1805 dixerit
498 1767 511 1804 :
546 1751 923 1805 Dominaberis
974 1751 1136 1805 uxori
1175 1758 1322 1812 tuae;
1355 1751 1454 1806 sed
1510 1750 1621 1822 ipsi
1656 1750 1906 1819 mulieri,

250 1845 320 1894 ut
377 1838 459 1893 illi
511 1839 816 1911 praemium
869 1838 1223 1910 relinqueret
1271 1839 1620 1912 obsequelaa,
1663 1841 1803 1895 dum
1848 1841 1907 1896 in

252 1931 536 2000 potestate
587 1929 716 2000 ejus
747 1933 854 1995 est,
890 1928 938 1983 si
981 1928 1082 1984 Dei
1113 1928 1252 1984 velit
1298 1929 1532 1984 obedire
1583 1929 1907 2001 praeceptis,

254 2015 469 2072 servire
500 2016 624 2071 viro
655 2021 712 2071 et
741 2016 954 2072 marito
996 2032 1123 2072 esse
1172 2017 1458 2088 subjecta,
1508 2022 1574 2071 ut
1625 2017 1907 2089 quodam-

255 2105 431 2160 modo
461 2109 616 2160 esset
645 2103 830 2160 libera
859 2106 1205 2174 servitus,et
1226 2104 1535 2160 dilectione
1555 2104 1747 2178 plana,
1778 2105 1908 2162 ideo

255 2194 518 2251 serviens
567 2198 658 2248 est
719 2194 861 2261 viro,
931 2193 1071 2248 dum
1129 2210 1264 2249 eum
1323 2195 1533 2250 metuit
1594 2194 1905 2250 otl‘endere.

253 2283 480 2339 Etenim
516 2299 631 2337 non
663 2287 753 2337 est
783 2289 1013 2338 creatus
1045 2284 1132 2337 vir
1162 2289 1399 2356 propter
1442 2282 1775 2349 mulierem,
1807 2284 1907 2339 sed

256 2371 471 2427 mulier
502 2376 739 2444 propter
763 2371 952 2428 virum
983 2374 1032 2440 (I
1057 2373 1177 2428 Cor.
1213 2389 1291 2439 x1,
1324 2372 1401 2444 9).
1449 2373 1516 2427 Et
1563 2389 1696 2427 cum
1734 2376 1911 2444 caput

254 2460 522 2516 mulieris
551 2460 637 2514 vir
666 2461 743 2514 sit
776 2477 788 2516 :
823 2467 999 2532 caput
1028 2465 1222 2516 autem
1255 2461 1361 2516 viri
1385 2461 1907 2532 Christus(lbid.3),

251 2565 622 2623 quaecunque
647 2550 683 2604 7
701 2550 795 2604 l9
822 2567 966 2604 uxor
987 2566 1099 2605 non
1124 2549 1436 2618 subjicitur
1473 2549 1596 2604 viro
1637 2566 1766 2618 suo,
1801 2550 1908 2604 hoc

252 2645 344 2695 est
373 2638 548 2710 capiti
582 2655 710 2704 suo,
743 2637 1006 2710 ejusdem
1034 2638 1300 2693 criminis
1323 2653 1420 2692 rea
1441 2639 1729 2709 est,cujus
1748 2643 1800 2693 et
1824 2639 1911 2692 vir

256 2729 305 2782 si
344 2743 458 2782 non
481 2725 832 2795 subjiciatur
849 2726 1076 2781 Christo
1099 2725 1273 2798 capiti
1297 2725 1687 2781 suo.Verbum
1711 2731 1907 2780 autem

254 2815 490 2871 Domini
545 2813 990 2886 blasphematur
1021 2831 1035 2868 :
1083 2813 1170 2868 vel
1202 2815 1342 2869 dum
1375 2815 1777 2870 contemnitur
1807 2813 1910 2869 Dei

255 2905 450 2975 prima
480 2904 791 2968 sententia,
823 2908 880 2958 et
901 2920 1004 2974 pro
1028 2902 1210 2958 nihilo
1243 2903 1480 2958 ducitur
1511 2919 1525 2959 :
1559 2903 1647 2960 vel
1696 2903 1907 2959 Christi

255 2994 581 3048 infamatur
611 2993 633 3026 ³
666 2991 1066 3064 Evangelium,
1093 2993 1234 3048 dum
1261 2998 1465 3048 contra
1495 2991 1678 3064 legem
1707 2994 1910 3048 ﬁdem-

260 3097 375 3154 que
409 3087 654 3149 naturae,
687 3097 754 3135 ea
784 3098 911 3153 qua:
943 3080 1276 3136 Christiana
1305 3086 1413 3148 est,
1454 3085 1511 3137 et
1555 3099 1623 3138 ex
1654 3081 1751 3136 Dei
1785 3081 1911 3153 lege

261 3170 547 3240 subjecta,
608 3171 730 3225 viro
780 3169 1070 3242 imperare
1119 3171 1414 3226 desiderat
1479 3187 1491 3223 :
1552 3187 1684 3225 cum
1735 3170 1910 3225 etiam

2017 599 2093 651 sit
2137 597 2193 652 in
2244 597 2611 652 adolescente
2660 596 2918 666 suspicio
2968 596 3376 666 turpitudinis.
3418 601 3486 651 Et
3529 597 3662 652 licet

2017 687 2256 757 quidam
2285 687 2354 740 de
2387 685 2611 740 Latinis
2642 685 2772 740 ‘ita
2801 685 3135 740 existiment
3184 685 3490 756 legendum
3525 704 3535 739 :
3570 687 3662 741 Ju-

2017 792 2177 828 venes
2206 775 2464 829 similiter
2496 775 2715 830 hortare
2746 783 2805 829 ut
2831 774 3022 846 pudici
3049 776 3182 839 sint,
3229 779 3286 829 et
3333 779 3535 844 postea
3579 775 3664 828 in-

2018 863 2226 933 ferant,
2260 865 2318 917 in
2350 864 2605 918 omnibus
2646 865 2877 934 teipsum
2921 865 3162 933 formam
3204 861 3454 934 przebens
3503 861 3664 917 bono-

2016 969 2141 1006 rum
2170 968 2397 1023 operum
2426 970 2443 1005 :
2474 957 2668 1006 tamen
2701 952 2980 1015 sciamus,
3029 953 3090 1006 in
3139 952 3411 1022 omnibus,
3443 951 3516 1007 ad
3566 967 3665 1006 su-

2016 1040 2241 1112 periora
2272 1057 2398 1096 esse
2430 1041 2819 1104 referendum,
2854 1040 2912 1096 id
2956 1045 3064 1103 est,
3114 1041 3344 1096 hortare
3376 1045 3440 1096 ut
3469 1038 3666 1112 pudici

2016 1129 2135 1185 sint
2165 1129 2223 1184 in
2257 1129 2551 1184 omnibus.
2585 1129 2900 1184 Sciendum
2935 1145 3168 1200 quoque
3197 1133 3292 1185 est
3325 1129 3480 1200 quod
3521 1146 3664 1185 con-

2015 1217 2261 1273 tinentia
2293 1235 2405 1273 non
2439 1219 2627 1273 solum
2659 1217 2719 1272 in
2752 1218 2945 1272 carnis
2975 1233 3146 1288 opere
3185 1223 3241 1272 et
3287 1218 3471 1274 animi
3523 1235 3661 1276 con-

2017 1308 2406 1379 cupiscentia;
2440 1308 2539 1362 sed
2574 1308 2632 1362 in
2663 1307 2939 1362 omnibus
2970 1307 3144 1362 rebus
3176 1307 3506 1363 necessaria
3536 1308 3616 1364 sit
3646 1325 3660 1364 :

2021 1414 2090 1452 ne
2120 1397 2370 1452 honores
2402 1396 2694 1452 indebitos
2727 1400 3074 1467 appetamus
3109 1414 3120 1451 :
3157 1411 3230 1450 ne
3274 1397 3667 1452 accendamur

2019 1485 2262 1540 avaritia
2310 1502 2322 1538 :
2372 1501 2443 1540 ne
2490 1483 2612 1539 ulla
2660 1485 2930 1556 passione
2984 1501 3348 1556 superemur.
3395 1486 3662 1556 Teipsum,

2019 1573 2232 1646 inquit,
2291 1576 2524 1644 formam
2579 1574 2834 1645 praebens
2879 1575 3143 1629 bonorum
3195 1589 3447 1646 operum.
3510 1572 3665 1629 Nihil

2019 1663 2256 1734 prodest
2284 1662 2538 1734 aliquem
2571 1663 2949 1718 exercitatum
2983 1679 3110 1719 esse
3135 1664 3190 1717 in
3227 1663 3565 1729 dicendo,ot
3593 1663 3666 1718 ad

2019 1751 2374 1823 loquendum
2407 1751 2637 1806 trivisse
2666 1750 3073 1823 linguam,nisi
3107 1751 3239 1823 plus
3270 1749 3536 1823 exemplo
3564 1751 3665 1806 do-

2018 1839 2204 1895 cuerit
2251 1856 2427 1911 quam
2482 1841 2675 1896 verbo.
2727 1840 2990 1911 Denique
3039 1840 3140 1911 qui
3183 1839 3521 1912 impudicus
3553 1845 3665 1906 est,

2024 1930 2175 1986 720
2207 1929 2476 2000 quamvis
2506 1930 2760 1985 disertus
2809 1930 2906 1996 sit,
2959 1929 3006 1983 si
3059 1930 3130 1984 ad
3186 1930 3513 1985 castitatem
3563 1946 3665 1986 au-

2019 2018 2244 2072 dientes
2283 2018 2635 2086 cohortetur,
2684 2035 2875 2072 sermo
2935 2018 3063 2088 ejus
3121 2017 3393 2072 infirmus
3450 2022 3562 2085 est,
3613 2023 3670 2073 et

2018 2107 2424 2162 auctoritatem
2449 2123 2564 2160 non
2599 2105 2775 2161 habet
2818 2105 3182 2162 cohortandi.
3214 2110 3281 2161 Et
3311 2122 3340 2161 e
3373 2106 3666 2163 contrario

2017 2195 2288 2268 quamvis
2335 2196 2411 2249 sit
2461 2195 2796 2250 rusticanus
2827 2200 2883 2250 et
2915 2195 3119 2250 tardus
3164 2196 3234 2250 ad
3285 2193 3666 2267 loquendum,

2019 2284 2067 2338 si
2102 2287 2300 2339 castus
2331 2284 2526 2349 fuerit,
2569 2283 2833 2356 exemplo
2883 2301 2988 2338 suo
3039 2284 3306 2340 homines
3357 2288 3548 2355 potest
3594 2283 3668 2340 ad

2018 2373 2146 2430 vita:
2179 2371 2628 2427 similitudinem
2670 2371 2987 2443 impellere.
3021 2373 3182 2436 Quod
3235 2376 3430 2428 autem
3475 2372 3577 2438 ait,
3607 2373 3668 2428 in

2019 2463 2449 2532 incorruptione,
2501 2461 2584 2516 sic
2631 2461 3059 2532 accipiendum,
3109 2461 3264 2532 quod
3314 2459 3668 2532 incorruptio

2018 2551 2248 2623 proprie
2279 2549 2672 2619 virginitatem
2715 2554 2898 2605 sonet.
2950 2549 3212 2622 Denique
3262 2549 3360 2621 qui
3412 2549 3670 2621 virgines

2017 2644 2176 2708 sunt,
2209 2638 2383 2710 vulgo
2416 2639 2735 2710 incorrupti
2768 2637 3050 2710 appellari
3081 2637 3298 2706 solent;
3327 2643 3384 2693 et
3406 2639 3507 2710 qui
3550 2637 3670 2693 vir-

2017 2729 2182 2800 gines
2213 2743 2339 2782 esse
2371 2727 2671 2793 desierint,
2704 2727 2961 2799 corrupti
2995 2728 3403 2793 nominantur;
3441 2731 3498 2781 et
3526 2725 3667 2780 dici-

2019 2834 2174 2881 mus,
2206 2816 2307 2870 illa
2337 2832 2467 2886 quae
2500 2815 2608 2870 fuit
2639 2815 2777 2870 olim
2810 2816 2992 2886 virgo,
3024 2819 3298 2886 corrupta
3349 2819 3457 2870 est.
3504 2813 3669 2869 Unde

2019 2909 2076 2960 et
2103 2904 2301 2958 Titum
2335 2903 2980 2973 existimo,priusquam
3031 2902 3226 2956 carnis
3269 2917 3442 2972 opere
3497 2915 3668 2966 occu-

2020 2997 2276 3065 paretur,
2312 2991 2620 3062 Evangelio
2651 2992 2981 3046 credentem
3013 2991 3307 3062 accepisse
3349 2990 3667 3062 baptisma,

2019 3086 2077 3136 et
2107 3080 2389 3152 virginem
2423 3079 2840 3150 permansisse,
2890 3083 2946 3134 et
2995 3096 3149 3134 nunc
3181 3079 3252 3134 ab
3284 3077 3578 3150 Apostolo,
3609 3082 3675 3134 ut

2019 3171 2080 3226 in
2112 3169 2548 3239 incorruptione
2581 3169 2828 3222 formem
2860 3169 2949 3223 sui
2984 3168 3240 3240 praebeat
3267 3167 3627 3224 commoneri
3657 3185 3671 3224 :

261 3259 514 3331 gentiles
548 3259 773 3314 feminae
805 3259 948 3314 viris
995 3259 1120 3314 suis
1161 3258 1418 3314 serviant
1461 3259 1757 3314 communi
1791 3258 1916 3330 lege
1945 3248 1988 3316 C
2027 3275 2203 3329 quam
2235 3258 2472 3329 quidem
2506 3257 2998 3328 incorruptionem
3034 3257 3091 3312 in
3121 3257 3425 3313 Timotheo
3447 3274 3560 3312 non
3583 3257 3674 3311 vi-

266 3353 411 3402 natu
424 3365 518 3401 rte.

339 3434 529 3506 (Vers.
561 3437 594 3489 6
625 3437 812 3508 seqq.)
848 3458 875 3486 ‹‹
905 3436 1158 3492 Juvenes
1188 3436 1460 3492 similiter
1489 3437 1811 3506 exhortare,
1854 3440 1920 3490 ut

265 3525 466 3597 pudici
501 3525 621 3580 sint
651 3526 709 3579 in
742 3525 1056 3580 omnibus:
1083 3525 1338 3596 teipsum
1386 3524 1718 3596 exemplum
1771 3542 1918 3596 prte-

265 3614 414 3668 bens
447 3614 734 3668 bonorum
766 3629 1030 3686 operum,
1066 3613 1124 3669 in
1159 3615 1447 3680 doctrina,
1475 3614 1532 3668 in
1586 3614 1920 3683 integritate

264 3707 323 3757 et
355 3702 642 3772 castitate,
677 3702 735 3756 in
768 3719 1037 3758 sermone
1080 3719 1222 3758 sano
1266 3708 1323 3758 et
1368 3701 1861 3774 irreprehensibili
1905 3720 1917 3757 :

266 3798 333 3847 ut
359 3792 460 3862 qui
492 3807 562 3846 ex
591 3792 834 3846 adverso
864 3796 1329 3862 est,revereatur,
1384 3790 1525 3845 nihil
1582 3791 1804 3846 habens
1853 3791 1922 3845 de

269 3879 442 3936 nobis
491 3880 686 3936 dicere
717 3880 877 3935 mali.
914 3903 942 3929 »
973 3880 1135 3935 Sicut
1162 3881 1218 3934 in
1251 3895 1316 3935 eo
1348 3880 1503 3951 quod
1549 3895 1730 3951 supra
1780 3896 1921 3950 prm-

268 3973 504 4040 ceperat
530 3969 731 4025 dicens
763 3985 775 4022 :
811 3974 961 4025 Anus
988 3971 1254 4024 similiter
1294 3971 1353 4023 in
1399 3968 1592 4023 habitu
1613 3972 1822 4036 sancto,
1854 3967 1926 4022 si-

273 4058 672 4112 militudinem
727 4074 948 4113 annum
1010 4057 1365 4118 dixeramus,
1428 4057 1499 4110 ad
1575 4072 1743 4122 sanes
1799 4071 1928 4110 esse

273 4145 670 4211 referendam;
706 4146 785 4200 ita
815 4163 969 4200 nunc
1007 4144 1066 4200 in
1117 4161 1184 4200 eo
1235 4145 1388 4216 quod
1423 4143 1623 4200 intulit
1655 4161 1668 4200 ;
1699 4146 1929 4199 Juvenes

270 4234 544 4288 similiter
573 4235 818 4301 hortare,
849 4244 909 4290 ut
935 4235 1129 4306 pudici
1169 4236 1300 4300 sint,
1335 4231 1786 4288 similitudinem
1829 4234 1927 4303 ju-

2026 3351 2236 3405 demus
2265 3349 2304 3402 ⁵.
2338 3351 2483 3401 Nam
2525 3363 2658 3401 cum
2680 3347 2731 3400 ei
2754 3347 3001 3401 diceret:
3035 3348 3194 3402 Nemo
3239 3346 3676 3402 adolescentiam

2025 3442 2180 3493 tuam
2228 3439 2578 3502 contemnat,-
2625 3437 2722 3491 sed
2762 3437 2943 3505 forma
2972 3439 3080 3490 esto
3108 3435 3353 3505 ﬁdelium
3383 3433 3496 3504 [ΑΙ.
3528 3436 3673 3505 ﬁlio-

2030 3533 2174 3596 rum]
2206 3528 2264 3580 in
2291 3527 2629 3589 sermone,in
2659 3527 3085 3591 conversatione,
3119 3527 3177 3579 in
3198 3526 3493 3591 charitate,
3528 3526 3588 3578 in
3609 3524 3672 3594 ﬁ-

2028 3616 2111 3682 de,
2144 3617 2203 3668 in
2233 3616 2475 3668 castitate
2505 3615 2549 3684 (l
2583 3615 2726 3670 Tim.
2765 3631 2837 3680 ιν,
2876 3615 2983 3683 12),
3017 3614 3088 3668 de
3127 3613 3564 3685 incorruptione
3594 3617 3677 3668 ta-

2029 3705 2169 3769 cuit,
2203 3708 2259 3757 et
2289 3706 2519 3757 tantum
2568 3702 2763 3774 posuit
2809 3703 3133 3757 castitatem.
3185 3701 3434 3758 Castitas
3483 3705 3681 3758 autem

2031 3798 2087 3846 et
2127 3791 2183 3845 in
2227 3790 2496 3845 coelibatu
2551 3792 2772 3862 absque
2819 3791 3150 3863 virginitate
3182 3789 3425 3860 intelligi
3475 3793 3683 3861 potest.

2036 3880 2155 3935 Nisi
2189 3881 2334 3935 forte
2366 3880 2695 3935 castitatem
2731 3879 3090 3951 accipiamus
3141 3879 3198 3932 in
3247 3884 3462 3944 mente,
3495 3879 3686 3933 incor-

2037 3969 2364 4041 ruptionem
2396 3985 2529 4022 vero
2563 3967 2618 4021 in
2653 3983 2910 4040 corpore,
2936 3969 3106 4038 juxta
3149 3966 3292 4022 illud
3349 3967 3502 4037 quod
3547 3964 3690 4019 alibi

2037 4059 2095 4112 in
2127 4056 2373 4130 virginis
2403 4055 2740 4111 deﬁnitione
2785 4056 3063 4112 scribitur
3094 4072 3106 4109 :
3146 4056 3207 4111 Ut
3237 4057 3311 4110 sit
3337 4058 3532 4109 sancta
3563 4067 3684 4108 cor-

2031 4163 2163 4219 pore
2192 4155 2241 4201 et
2272 4148 2474 4218 spiritu
2504 4147 2550 4216 (1
2580 4146 2699 4199 Cor.
2733 4162 2833 4214 vn,
2867 4146 2977 4215 34).
3023 4145 3087 4197 Et
3136 4143 3260 4214 ipse
3299 4159 3453 4196 nunc
3485 4157 3686 4197 conse-

2039 4240 2286 4308 quenter
2315 4234 2584 4304 adjunxit
2616 4250 2627 4288 :
2662 4237 2721 4288 in
2751 4233 3016 4296 doctrina,
3069 4233 3122 4286 in
3159 4233 3584 4299 incorruptione,
3618 4232 3683 4286 in

276 4339 493 4378 venum
527 4323 598 4378 ad
632 4341 802 4389 anus,
835 4328 891 4379 et
923 4341 1025 4396 per
1055 4341 1202 4378 anus
1251 4323 1322 4378 ad
1355 4339 1525 4378 senes
1573 4321 1933 4376 arbitramur
2037 4325 2326 4396 pudicitia.
2365 4328 2679 4378 Possemus
2713 4323 2817 4392 [AL
2852 4322 3192 4392 possumus]
3223 4326 3280 4375 et
3328 4321 3694 4392 pudicitiam,

277 4412 596 4483 aptandam
631 4429 645 4466 :
680 4418 743 4467 ut
774 4428 980 4468 senum
1014 4412 1269 4468 habeant
1299 4411 1697 4478 sobrietatem,
1731 4416 1784 4466 et
1828 4411 1930 4465 ho-
2042 4419 2098 4470 et
2127 4413 2622 4482 incorruptionem
2656 4412 2829 4465 etiam
2883 4410 2938 4463 in
2991 4410 3267 4464 doctrina:
3319 4411 3650 4483 integritate
3676 4409 3698 4443 ⁸

277 4501 431 4556 nesti
467 4500 586 4555 sint
614 4505 671 4556 et
713 4501 928 4573 pudici,
981 4505 1039 4556 et
1087 4501 1213 4556 sani
1268 4501 1325 4554 in
1378 4500 1511 4568 tide,
1545 4505 1599 4554 et
1629 4499 1933 4565 charitate,
2044 4500 2415 4573 interpretari
2453 4517 2464 4552 :
2518 4499 2628 4553 nisi
2681 4499 2834 4570 quod
2888 4497 3222 4569 specialiter
3268 4501 3537 4569 sequitur
3579 4514 3698 4553 ser-

275 4595 336 4643 et
371 4589 669 4661 patientia.
703 4593 935 4645 Anuum
975 4594 1172 4646 autem
1233 4589 1288 4642 in
1341 4587 1578 4642 habitus
1626 4587 1934 4643 sanctitate
1966 4615 2012 4680 D
2043 4607 2203 4646 mone
2260 4605 2392 4644 sano
2467 4592 2519 4642 et
2600 4588 3022 4659 irreprensihili,
3093 4587 3392 4659 proprium
3464 4587 3704 4641 haberet

273 4678 386 4750 [AL
420 4677 630 4732 habitu
663 4678 1081 4751 sanctitatem],
1119 4682 1183 4732 ut
1213 4695 1330 4732 non
1380 4677 1498 4731 sint
1544 4681 1932 4742 accusatores,
1966 4675 2003 4680 ⁷
2047 4695 2228 4752 super
2259 4677 2536 4733 doctrinae
2571 4675 2935 4730 institutione
2987 4679 3364 4747 praeceptum.
3397 4675 3560 4741 Quod
3607 4691 3706 4729 au-

278 4783 396 4822 non
433 4765 566 4821 vino
597 4767 782 4822 multo
815 4767 1304 4837 servientes,bene
1327 4767 1679 4836 docentes,et
1701 4770 1928 4821 caetera.
2048 4775 2162 4824 tem
2197 4768 2300 4832 ait,
2331 4782 2580 4822 sermone
2630 4766 3121 4836 irreprehensibili,
3177 4781 3290 4818 non
3339 4763 3492 4834 quod
3544 4761 3703 4817 ullus

279 4856 592 4926 Proprium
625 4860 821 4911 autem
855 4855 1423 4912 adolescentulorum
1476 4855 1586 4908 hoc
1625 4854 1840 4926 posuit,
1875 4859 1939 4908 ut
2050 4861 2221 4911 tanta;
2256 4855 2538 4910 facundia:
2570 4858 2627 4908 ct
2660 4852 2979 4925 prudentiae
3021 4854 3117 4922 sit,
3161 4860 3226 4907 ut
3269 4871 3302 4906 a
3351 4851 3583 4906 nemine
3615 4867 3703 4906 re-

280 4944 486 5018 pudici
521 4944 640 5000 sint
669 4945 727 4999 in
760 4945 1056 5011 omnibus,
1087 4950 1206 5000 tam
1251 4943 1473 5000 scilicet
1513 4947 1725 5008 mente,
1759 4959 1938 5014 quam
2054 4945 2450 5017 prehendatur
2495 4942 3036 5014 (reprehenduntur
3084 4942 3300 5013 quippe
3349 4947 3406 4996 et
3459 4939 3708 5013 apostoli

2127 5088 2147 5120 ³
2179 5087 2343 5141 Hunc
2376 5090 2570 5157 tamen
2604 5084 2798 5155 ipsum
2828 5083 3199 5157 Timotheum
3255 5086 3405 5140 inter
3452 5085 3708 5157 virgines

2057 5164 2295 5213 censent
2326 5155 2583 5227 Epistola
2613 5154 2958 5227 interpolata
2985 5156 3047 5227 S.
3075 5157 3281 5227 lgnatii
3313 5158 3382 5211 ad
3421 5154 3712 5211 Philadel-

2060 5230 2304 5302 phenos,
2337 5225 2392 5302 et
2422 5225 2742 5302 Antiochus
2772 5225 3324 5302 mgnachus'homil.
3363 5229 3482 5293 112,
3518 5232 3580 5302 ut
3627 5236 3711 5284 ta-

2059 5294 2219 5356 ceam
2246 5299 2414 5362 illud,
2447 5296 2496 5350 ἐν
2531 5294 2736 5370 ἁγνείᾳ,
2777 5299 2794 5351 ῐ
2823 5297 3058 5368 Tim.lv,
3086 5300 3170 5365 1‘2,
3202 5303 3314 5354 sive
3345 5302 3402 5354 in
3425 5301 3710 5367 castitate,

2061 5375 2131 5427 de
2160 5370 2490 5442 virginitate
2538 5369 2906 5442 interpretari
2958 5369 3482 5442 Theophylactum,
3526 5371 3713 5427 OEcu-

2061 5439 2322 5499 meniu'm
2355 5448 2543 5512 atque
2564 5439 2729 5512 alios.

2131 5517 2152 5549 δ
2185 5511 2470 5588 Describit
2500 5511 2794 5588 Victorius
2832 5519 2892 5588 _et
2935 5511 3223 5584 pudicitiae
3256 5515 3720 5588 incorruptionem

2061 5589 2225 5644 etiam
2258 5587 2316 5642 in
2345 5584 2604 5640 doctrina
2635 5583 2980 5655 integritate,
3015 5589 3128 5643 etc.

361 5088 376 5120 ¹
411 5090 680 5144 Fortasse
711 5088 905 5143 verius
937 5087 994 5143 in
1027 5104 1144 5142 uno
1193 5085 1561 5142 Cisterciensi
1596 5102 1728 5150 ms.,
1769 5087 1818 5140 si
1847 5085 1946 5142 hoc

285 5160 629 5232 benignitate
655 5161 976 5232 impetraret
1001 5177 1034 5214 a
1061 5159 1316 5227 servulis,
1348 5173 1455 5232 non
1489 5164 1718 5232 terrore.

362 5232 385 5262 ²
417 5229 694 5286 Voculam
736 5229 903 5286 tuum
945 5231 1060 5286 duo
1110 5247 1140 5285 e
1190 5230 1408 5285 nostris
1458 5245 1599 5284 mss.
1649 5229 1942 5300 ignorant,

284 5318 419 5374 quae
452 5301 602 5374 sacri
636 5307 831 5374 tamen
855 5306 944 5374 est
978 5307 1193 5374 textus.

358 5373 384 5406 ³
412 5372 659 5444 Supplet
692 5372 988 5429 Victorius
1038 5373 1129 5428 vel
1172 5389 1294 5428 cum
1352 5372 1557 5427 Christi
1610 5371 1945 5442 infamatur,

283 5449 404 5501 etc.

364 5517 388 5548 ⁴
418 5514 522 5570 Hic
572 5531 804 5587 quoque
848 5516 1042 5583 verba,
1095 5515 1161 5570 de
1191 5513 1613 5587 Latinis,__duo
1653 5529 1684 5567 θ
1734 5513 1953 5587 nostris

287 5602 443 5644 mss.
498 5585 769 5658 nesciunt
811 5603 823 5643 :
858 5591 1132 5642 caeterum
1185 5586 1313 5658 ipsa
1359 5585 1679 5658 hodienum
1728 5585 1955 5641 obtinet

289 5657 607 5717 sententiis
639 5658 962 5728 distinctio,
992 5674 1172 5732 quam
1201 5657 1427 5731 respuit
1453 5657 1512 5714 S.
1542 5657 1728 5716 Pater.

591 5785 856 5850 Panos.
902 5784 1114 5850 XXVI.
3361 5783 3442 5844 20
