4066 6190
425 363 545 427 619

1678 358 1745 420 S.
1792 354 2105 421 EUSEBII
2148 354 2594 422 HlERONYMI

3670 340 3768 433 eeo

431 501 489 553 et
517 491 887 569 evangelista
920 492 991 549 ab
1022 490 1311 547 hmreticis
1342 493 1399 547 et
1425 489 1744 564 gentibus),
1774 491 1875 547 sed
1921 491 2075 563 quod
2104 492 2158 559 Α
2187 490 2245 546 in
2277 491 2387 547 hac
2415 492 2710 564 subjectae
2741 491 2880 549 viris
2911 493 3037 550 suis
3085 493 3331 550 asseruit
3392 511 3598 569 uxores,
3624 503 3769 572 quasi

433 586 580 642 nihil
612 585 858 657 dignum
889 580 1340 655 reprehensione
1378 579 1533 635 dicat
1582 584 1684 635 aut
1721 579 1912 647 faciat,
1946 578 2082 636 licet

436 671 755 729 adversarii
784 671 905 727 sint
934 670 1006 726 ad
1038 667 1583 741 reprehendendum
1615 668 1822 740 parati.
1846 669 1915 723 Et
1943 667 2082 739 quia

439 766 578 818 sunt
608 759 777 816 multi
808 776 923 815 non
953 757 1194 825 subditi,
1226 756 1525 828 vaniloqui
1553 762 1610 811 et
1652 756 1937 812 mentium
1983 756 2080 812 de-

440 855 724 922 ceptores,
761 848 861 920 qui
893 847 1142 902 oderunt
1171 844 1230 901 in
1262 844 1447 917 portis
1475 849 1843 917 arguentem,
1875 848 1933 900 et
1961 861 2081 900 ser-

441 955 678 995 monem
700 942 969 994 sanctum
986 934 1733 1005 abominantur,propterea
1751 932 2083 1006 exemplum

443 1045 551 1085 nos
583 1027 643 1082 in
672 1026 949 1082 omnibus
978 1023 1340 1095 praebeamus
1370 1021 1430 1076 in
1460 1022 1817 1090 doctrina,in
1850 1021 2085 1094 integri-

440 1123 579 1189 tate,
616 1117 760 1172 721
799 1115 857 1169 in
888 1112 1185 1186 pudicitia,
1229 1112 1289 1166 in
1334 1127 1604 1167 sermone
1649 1127 1789 1167 sano
1837 1115 1897 1167 et
1941 1111 2084 1166 irre-

444 1203 827 1280 prehensibili
861 1222 874 1259 :
908 1207 973 1258 ut
1001 1201 1316 1257 adversarii
1339 1200 1466 1256 vitae
1491 1204 1549 1255 et
1578 1200 1852 1255 doctrinae
1874 1205 2085 1256 nostrae

444 1295 693 1353 sanitate
714 1291 1026 1366 perterriti,
1061 1307 1173 1347 non
1207 1291 1459 1346 audeant
1484 1305 1782 1356 accusare,
1814 1287 1924 1344 hoc
1975 1294 2083 1352 est,

443 1382 590 1440 nihil
617 1381 933 1439 verisimile
984 1380 1042 1434 in
1093 1379 1463 1435 accusatione
1502 1378 1855 1450 conﬁngere.
1887 1377 1953 1432 Et
1998 1393 2086 1432 re-

442 1490 579 1530 vera
611 1488 795 1543 usque
847 1469 1020 1542 hodie
1066 1468 1333 1523 videmus
1384 1467 1696 1524 nonnullos
1726 1466 1785 1521 in
1815 1465 2089 1522 Ecclesiis

445 1564 810 1636 (quanquam
870 1559 991 1614 haec
1049 1574 1180 1613 rara
1235 1558 1356 1612 avis
1404 1557 1501 1627 sit)
1562 1561 1734 1612 tantae
1785 1554 2088 1629 gravitatis

446 1649 936 1720 continentiaque
965 1663 1114 1709 esse,
1147 1651 1213 1702 ut
1240 1647 1413 1702 etiam
1463 1646 1538 1700 ab
1585 1645 1934 1701 adversariis
1980 1647 2089 1700 ha-

448 1742 626 1797 beant
658 1736 1149 1803 testimonium,et
1176 1734 1423 1806 dicatur,
1456 1734 1558 1789 Vir
1586 1751 1838 1808 magnus
1864 1739 1955 1790 est
1972 1733 2089 1804 ille,

2191 581 2393 645 eodem
2440 581 2615 638 verbo
2646 586 2705 638 et
2729 581 2790 637 in
2830 583 3012 640 servis
3041 586 3098 639 et
3127 582 3188 637 in
3217 583 3481 642 uxoribus
3524 603 3649 643 usus
3691 590 3769 645 sit.

2190 669 2630 732 Quodammodo
2660 671 2817 726 enim
2865 671 3112 727 maritus
3160 671 3353 728 uxoris
3394 678 3478 729 est
3518 674 3773 734 dominus.

2188 760 2322 830 Ipse,
2356 758 2566 831 inquit,
2598 759 2977 816 dominabitur
3023 762 3115 816 tui
3165 760 3315 832 (Gen.
3356 779 3437 830 III,
3467 764 3566 835 16).
3594 765 3712 821 Erat
3734 771 3780 822 et

2190 846 2453 903 Salvator
2498 848 2803 919 subjectus
2850 844 3191 921 parentibus
3242 850 3364 907 suis
3409 851 3549 923 (Luc.
3595 870 3651 917 ιι,
3684 855 3783 924 51),

2192 935 2291 991 sed
2324 951 2459 991 cum
2491 936 2685 992 adhuc
2714 937 3023 993 duodecim
3055 938 3075 973 ²
3106 944 3261 994 esset
3305 954 3596 1009 annorum,
3626 945 3675 996 et
3707 942 3784 995 ni-

2193 1024 2277 1078 hil
2306 1024 2566 1081 differret
2595 1042 2628 1081 a
2658 1042 2846 1094 servo,
2900 1027 3180 1083 Dominus
3227 1027 3484 1083 omnium
3517 1044 3530 1084 :
3572 1028 3784 1084 necdum

2193 1112 2352 1168 enim
2382 1114 2454 1168 ad
2487 1114 2802 1186 perfectam
2826 1114 2930 1169 viri
2959 1119 3185 1171 aetatem
3218 1132 3343 1187 quae
3373 1121 3561 1189 posset
3587 1115 3789 1172 haeredi-

2194 1206 2375 1258 tatem
2406 1218 2625 1273 capere,
2660 1208 3017 1274 pervenerat.
3068 1205 3177 1261 Sed
3226 1209 3284 1260 et
3328 1204 3463 1260 alibi
3494 1205 3560 1260 de
3585 1221 3644 1261 eo
3671 1205 3787 1261 scri-

2195 1295 2363 1362 ptum
2395 1296 2486 1347 est
2518 1308 2530 1346 :
2567 1292 2707 1359 Quia
2735 1308 2861 1347 cum
2887 1293 3129 1365 subjecta
3158 1296 3213 1350 ei
3237 1296 3446 1365 fuerint
3477 1296 3672 1361 omnia,
3687 1299 3794 1350 tunc

2197 1382 2312 1451 ipse
2339 1380 2489 1450 ﬁlius
2516 1381 2843 1452 subjicietur
2887 1384 2940 1437 ei
2987 1384 3084 1452 qui
3128 1383 3239 1438 sibi
3287 1384 3512 1455 subjecit
3541 1385 3722 1453 omnia,
3747 1391 3795 1439 ut

2195 1470 2266 1523 sit
2296 1470 2436 1524 Deus
2466 1471 2652 1526 omnia
2681 1472 2738 1524 in
2770 1471 3029 1527 omnibus
3073 1474 3122 1541 (Ι
3172 1472 3294 1528 Cor.
3343 1489 3434 1539 xv,
3481 1473 3588 1541 28).
3633 1471 3794 1543 Subji—

2198 1558 2435 1613 ciuntur
2466 1564 2659 1614 autem
2691 1559 2743 1614 ei
2768 1559 2988 1625 omnia,
3020 1575 3155 1615 cum
3178 1561 3391 1616 dixerit
3421 1578 3435 1617 :
3465 1562 3706 1616 Dominus
3721 1561 3799 1616 Do-

2196 1649 2349 1702 mino
2377 1664 2513 1716 meo,
2544 1649 2670 1705 sede
2720 1665 2755 1704 a
2805 1649 3018 1704 dextris
3063 1651 3221 1718 meis,
3281 1650 3448 1706 donec
3485 1666 3674 1722 ponam
3711 1651 3799 1705 ini-

2198 1737 2365 1792 micos
2390 1745 2511 1792 tuos
2535 1737 2835 1793 scabetlum
2878 1738 3082 1810 pedum
3124 1748 3347 1795 tuorum
3396 1740 3564 1811 (Psal.
3611 1755 3710 1807 cxx,
3746 1740 3801 1809 1).

450 1833 508 1885 et
537 1831 750 1883 sanctae
783 1824 1264 1893 conversationis,
1297 1822 1613 1896 probisque
1644 1823 1926 1894 moribus,
1977 1822 2091 1879 nisi
2125 1865 2172 1930 B
2202 1827 2267 1881 In
2299 1825 2582 1896 subjectis
2603 1826 2786 1882 servis
2805 1826 3092 1883 Dominus
3123 1828 3531 1900 subjicitur.Et
3558 1826 3807 1900 quomodo

451 1920 610 1974 esset
642 1915 969 1972 hazreticus.
999 1914 1179 1969 Nemo
1210 1917 1297 1968 est
1327 1913 1483 1968 enim
1535 1917 1654 1968 tam
1696 1913 2094 1969 immoderata:

451 2005 854 2079 impudentiae,
887 2007 950 2058 ut
979 2001 1119 2058 solis
1148 2002 1342 2058 radios
1390 2002 1577 2074 possit
1621 2019 1897 2059 accusare
1936 2007 2101 2058 tene-

451 2098 676 2163 brosus,
705 2099 761 2150 et
789 2094 1012 2149 clarum
1044 2091 1242 2147 lumen
1273 2090 1522 2165 caligine
1554 2091 1740 2148 noctis
1781 2092 2101 2169 effundere.

455 2185 619 2242 Unde
649 2188 706 2239 et
733 2182 1051 2256 Apostolus
1103 2181 1225 2237 haec
1273 2181 1476 2236 eadem
1518 2197 1845 2253 praecavens
1875 2182 1957 2238 ait
1990 2201 2002 2238 :
2041 2186 2104 2242 Ut

456 2279 709 2347 auferam
766 2274 1098 2328 occasionem
1158 2272 1174 2305 ¹
1240 2271 1329 2325 his
1386 2272 1481 2341 qui
1529 2272 1721 2326 volunt
1765 2275 2104 2330 occasionem

455 2365 526 2436 (Il
575 2363 695 2419 Cor.
728 2378 806 2433 xu,
855 2362 962 2429 12).
1015 2360 1213 2414 Potest
1256 2362 1452 2416 autem
1498 2358 1551 2415 is
1597 2360 1697 2431 qui
1748 2378 1816 2416 ex
1863 2363 2102 2419 adverso

457 2456 569 2523 est,
601 2456 658 2507 et
686 2447 956 2506 diabolus
989 2447 1254 2519 intelligi,
1276 2447 1375 2518 qui
1406 2455 1713 2504 accusator
1735 2455 1826 2504 est
1856 2450 2102 2507 fratrum

456 2545 816 2604 nostrorum,
848 2541 912 2592 ut
938 2536 1194 2592 Joannes
1222 2535 1584 2608 evangelista
1615 2536 1889 2608 praedicat
1915 2539 2099 2610 (Apoc.

457 2646 559 2697 x11,
595 2627 684 2699 10)
718 2644 731 2682 :
766 2627 867 2698 qui
896 2641 1030 2681 cum
1062 2623 1206 2680 nihil
1238 2623 1511 2680 habuerit
1560 2624 1698 2680 mali
1744 2628 1900 2698 quod
1934 2628 2104 2683 nobis

458 2716 1033 2791 objiciat,erubescit,
1061 2720 1119 2770 et
1148 2714 1490 2770 criminator
1520 2732 1634 2771 non
1670 2715 1878 2787 poterit
1907 2716 2102 2772 crimi-

457 2806 885 2864 nari.Diabolus
915 2808 1109 2860 autem
1142 2803 1200 2858 in
1234 2802 1435 2858 Latina
1460 2802 1664 2876 lingua
1690 2806 2105 2863 criminatorem

459 2901 648 2954 sonat.

532 2985 719 3058 (Vers.
751 2983 949 3056 9,10.)
981 3005 1009 3034 «
1040 2981 1199 3038 Servi
1247 2981 1503 3038 dominis
1553 2983 1677 3039 suis
1728 2982 1948 3040 subditi
1987 2983 2107 3040 sint

461 3076 520 3131 in
566 3073 842 3131 omnibus
875 3090 887 3128 :
919 3074 1038 3129 sint
1084 3071 1404 3144 placentes,
1455 3088 1572 3127 non
1624 3073 2102 3143 contradicentes,

461 3180 578 3220 non
612 3164 903 3230 furantes;
953 3162 1054 3218 sed
1097 3177 1330 3217 omnem
1380 3162 1554 3217 fidem
1599 3162 1973 3218 ostendentes
2003 3163 2105 3218 bo-

2211 1931 2313 1987 pro
2364 1915 2533 1970 nobis
2580 1915 2797 1971 dicitur
2841 1931 2971 1972 esse
3018 1916 3421 1987 maledictum,
3450 1934 3579 1974 cum
3609 1933 3710 1973 non
3750 1915 3810 1971 sit

2211 2004 2608 2074 maledictum,
2642 2005 2742 2060 sed
2770 2021 2907 2062 vera
2947 2006 3278 2062 benedictio
3331 2025 3345 2063 :
3395 2007 3478 2062 ita
3520 2023 3618 2079 pro
3650 2005 3808 2071 nobis,

2210 2092 2299 2149 vel
2346 2094 2648 2164 subjectus
2695 2093 2991 2164 scribitur,
3014 2094 3107 2151 .vel
3139 2113 3256 2152 non
3289 2097 3590 2169 subjectus
3619 2112 3632 2151 :
3664 2096 3709 2150 si
3731 2099 3811 2150 aut

2210 2181 2431 2238 subditi
2462 2183 2746 2238 fuerimus
2772 2184 3012 2250 Deo,aut
3037 2201 3152 2242 non
3178 2185 3665 2251 subditi.Quidam
3685 2184 3812 2239 hunc

2211 2269 2405 2327 locum
2437 2271 2517 2326 ita
2542 2272 2745 2343 legunt
2776 2288 2789 2328 :
2820 2271 2984 2328 Servi
3023 2272 3266 2330 dominis
3315 2276 3433 2331 suis
3477 2274 3675 2331 subditi
3707 2277 3812 2342 sint,

2212 2364 2269 2415 et
2296 2364 2608 2432 postquam
2659 2360 2774 2416 huc
2823 2378 3008 2433 usque
3059 2362 3455 2432 distinxerint,
3490 2362 3814 2427 inferunt,in

2212 2449 2463 2504 omnibus
2508 2450 2763 2521 placeant
2812 2467 2831 2505 :
2879 2467 3013 2505 cum
3063 2451 3124 2505 in
3172 2456 3369 2509 Graeco
3417 2452 3566 2509 alius
3602 2452 3672 2508 sit
3704 2450 3815 2508 ordo

2202 2530 2500 2605 lectionis,
2534 2537 2591 2593 id
2623 2544 2733 2606 est,
2763 2541 2908 2594 servi
2934 2539 3174 2596 dominis
3222 2544 3346 2598 suis
3395 2541 3595 2598 subditi
3638 2542 3735 2596 sint
3771 2539 3815 2593 in

2213 2626 2498 2689 omnibus;
2529 2631 2593 2682 ut
2623 2632 2925 2699 sequatur,
2960 2626 3284 2702 εὐαρέστους
3336 2628 3469 2685 εἶναι
3501 2648 3514 2687 :
3549 2630 3692 2703 quod
3737 2642 3820 2683 nos

2212 2714 2346 2771 licet
2375 2732 2490 2771 non
2522 2715 2710 2788 plene,
2742 2722 2937 2774 tamen
2969 2734 3037 2774 ex
3068 2724 3231 2791 parte
3264 2719 3466 2793 aliqua
3495 2714 3821 2791 interpretari

2214 2821 2552 2877 possumus,
2584 2814 2645 2861 ut
2674 2808 3048 2879 complaceant
3076 2808 3192 2864 sibi
3216 2826 3237 2863 :
3274 2825 3348 2866 ne
3376 2809 3635 2866 videlicet
3681 2821 3826 2878 super

2213 2893 2543 2950 conditione
2575 2911 2683 2951 sua
2709 2895 2976 2952 videatur
3021 2898 3105 2953 eis
3148 2897 3251 2953 Dei
3304 2898 3509 2971 iniqua
3553 2895 3824 2954 sententia.

2214 2984 2321 3040 Sed
2346 2984 2638 3056 quomodo
2662 3001 2883 3058 pauper
2898 2986 3066 3057 justa
3092 3002 3443 3044 mensuram
3465 3004 3627 3044 suam
3648 2980 3828 3042 salvari

2214 3077 2435 3145 potest;
2466 3077 2522 3128 et
2552 3073 2763 3129 mulier
2792 3074 2852 3129 in
2884 3091 3057 3132 sexus
3086 3076 3441 3133 inﬁrmitate
3470 3094 3504 3131 a
3559 3090 3722 3148 regno
3749 3067 3832 3127 Dei

2216 3178 2332 3218 non
2363 3161 2712 3234 excluditur,
2745 3167 2804 3219 et
2832 3164 3023 3220 omnis
3053 3164 3327 3223 conditio
3360 3165 3674 3223 secundum
3718 3158 3837 3217 ordi-

461 3270 622 3320 nam,
675 3255 739 3307 ut
785 3251 1112 3308 doctrinam
1159 3249 1473 3305 Salvatoris
1516 3251 1700 3306 nostri
1748 3251 1848 3307 Dei
1897 3255 2107 3307 ornent
2136 3237 2179 3305 C
2219 3268 2351 3308 nem
2382 3268 2557 3308 suum
2578 3252 3002 3308 beatitudinem
3032 3270 3238 3326 capere
3268 3260 3511 3327 potest:
3539 3253 3617 3308 ita
3643 3256 3696 3307 et
3712 3244 3833 3306 servi

461 3343 523 3400 in
555 3342 850 3399 omnibus.
882 3360 909 3393 υ
943 3339 1226 3403 Quoniam
1261 3339 1549 3394 Dominus
1597 3342 1654 3394 et
1705 3339 1969 3395 Salvator
2008 3356 2109 3396 no-

463 3436 603 3502 ster,
636 3430 737 3503 qui
768 3430 829 3484 in
861 3427 1169 3501 Evangelio
1220 3426 1301 3482 ait
1357 3442 1371 3483 :

466 3875 603 3932 licet
619 3880 685 3931 ut
703 3873 853 3948 parti
877 3872 1145 3929 Ecclesiae
1167 3872 1566 3945 membrisque
1589 3873 1848 3945 corporis
1870 3872 2109 3929 Christi.

466 3965 534 4022 Et
561 3965 855 4038 quomodo
887 3962 1159 4036 superius
1189 3978 1380 4031 senes,
1414 3978 1584 4031 anus,
1626 3961 2113 4032 adolescentulas,

456 4056 725 4127 juvenes,
760 4054 902 4128 quid
948 4052 1115 4108 Titus
1165 4051 1396 4108 erudire
1444 4052 1679 4107 deberet
1725 4051 1956 4107 edocuit
1990 4051 2114 4108 :ita

464 4161 623 4202 nunc
661 4144 845 4200 servis
891 4147 1028 4214 apta
1077 4144 1364 4214 praecepta
1392 4140 1714 4196 constituit.
1759 4141 2018 4197 Primum
2048 4144 2115 4198 ut

466 4233 688 4291 subditi
718 4234 835 4288 sint
865 4231 1124 4287 dominis
1157 4230 1282 4287 suis
1313 4229 1373 4285 in
1404 4230 1773 4285 omnibus.In
1804 4229 1898 4286 his
1914 4235 2110 4287 autem

467 4323 765 4389 omnibus,
798 4338 925 4393 quas
956 4337 1073 4376 non
1104 4324 1246 4377 sunt
1273 4318 1569 4376 contraria
1596 4319 1711 4375 Deo
1748 4336 1762 4375 :
1797 4324 1860 4375 ut
1907 4319 1956 4375 si
2006 4320 2109 4375 do-

464 4412 663 4469 minus
692 4428 760 4467 ea
778 4412 949 4483 jubet
977 4427 1109 4482 quae
1156 4427 1270 4466 non
1321 4414 1461 4467 sunt
1504 4409 1751 4466 adversa
1796 4408 2111 4482 Scripturis

464 4501 703 4570 sanctis,
740 4499 1089 4572 subjiciatur
1118 4516 1319 4556 servus
1350 4497 1607 4555 domino.
1640 4497 1742 4554 Sin
1783 4515 1915 4555 vero
1967 4515 2109 4555 con-

1430 3429 1611 3484 Venite
1655 3427 1724 3482 ad
1773 3445 1880 3499 me,
1927 3443 2113 3484 omnes

464 3522 561 3591 qui
609 3520 872 3575 laboratis
918 3526 970 3573 et
1016 3518 1233 3573 onerati
1276 3516 1426 3584 estis,
1478 3519 1528 3570 et
1570 3532 1667 3585 ego
1724 3517 1969 3587 reﬁciam
2024 3532 2114 3573 vos

466 3608 685 3680 (Matth.
726 3624 806 3677 χι,
836 3606 951 3677 28),
985 3604 1205 3661 nullam
1256 3604 1667 3672 conditionem,
1714 3609 1966 3672 aetatem,
2016 3622 2114 3662 se-

464 3713 627 3766 xum,
662 3713 695 3751 a
722 3694 1086 3751 beatitudine
1116 3694 1438 3750 arbitratur
1466 3692 1723 3749 alienum
1765 3711 1778 3750 :
1808 3699 2116 3767 propterea

468 3802 626 3842 nunc
655 3783 970 3859 Apostolus
999 3789 1056 3839 et
1086 3783 1270 3839 servis
1301 3787 1589 3855 praecepta
1637 3782 1962 3851 constituit,
1996 3782 2114 3840 sci-

2220 3340 2622 3412 complaceant
2653 3340 2764 3396 sibi
2815 3342 2971 3413 quod
3022 3341 3172 3397 servi
3223 3343 3363 3400 sint
3396 3360 3410 3399 :
3444 3348 3504 3399 et
3534 3358 3643 3398 non
3670 3336 3851 3395 idcirco

2220 3432 2428 3500 putent
2474 3429 2592 3485 Deo
2642 3446 2704 3485 se
2754 3429 2970 3486 servire
3018 3447 3134 3486 non
3187 3447 3397 3503 posse,
3448 3432 3587 3504 quia
3631 3421 3840 3498 subjecti

2220 3517 2339 3573 sint
2367 3517 2738 3587 hominibus;
2772 3520 2873 3574 sed
2909 3518 2967 3574 in
2999 3535 3066 3575 eo
3093 3521 3281 3592 magis
3327 3520 3555 3594 placere
3599 3510 3847 3574 voluntati

2221 3606 2342 3674 Dei,
2376 3605 2428 3662 si
2458 3611 2514 3661 et
2541 3607 2798 3664 dominis
2828 3608 2953 3664 suis
2983 3607 3207 3664 subditi
3239 3609 3471 3666 fuerint
3498 3610 3556 3664 in
3587 3605 3846 3665 omnibus,

2222 3699 2281 3750 et
2309 3694 2774 3767 complacuerint
2820 3695 2931 3752 sibi
2982 3696 3042 3751 in
3093 3697 3442 3756 conditione
3473 3713 3613 3765 sua;
3643 3698 3697 3751 et
3724 3686 3854 3765 quod

2222 3784 2492 3856 deinceps
2521 3784 2837 3857 Apostolus
2864 3786 3124 3858 praecipit
3171 3793 3605 3861 exsequantur,
3648 3788 3708 3840 ut
3749 3793 3841 3836 non

2224 3874 2343 3929 sint
2370 3875 2855 3945 contradicentes,
2912 3891 3028 3930 non
3080 3876 3372 3934 furantes.
3403 3875 3505 3933 Vel
3558 3872 3845 3931 maximum

2223 3977 2523 4019 servorum
2552 3963 2757 4019 vitium
2790 3967 2902 4031 est,
2934 3963 3190 4020 dominis
3217 3966 3646 4031 contradicere,
3667 3965 3721 4018 et
3737 3971 3846 4015 cum

2223 4051 2442 4124 aliquid
2468 4048 2780 4124 jdsserint,
2816 4068 3014 4109 secum
3068 4052 3417 4113 mussitare.
3452 4055 3650 4127 Itaque
3678 4049 3848 4106 Titum

2222 4145 2556 4196 commonet
2601 4146 2666 4196 ut
2716 4158 2818 4211 per
2867 4142 3195 4199 doctrinam
3243 4159 3464 4200 sanam
3511 4144 3583 4199 ab
3640 4139 3725 4196 his
3768 4132 3849 4207 qui

2221 4228 2538 4285 Christiani
2588 4230 2737 4286 servi
2786 4236 2944 4299 sunt,
2993 4231 3339 4288 istiusmodi
3382 4232 3610 4288 auferat
3652 4223 3850 4303 passio-

2221 4326 2377 4374 nem.
2413 4319 2472 4375 Si
2504 4318 2660 4375 enim
2694 4336 2822 4392 quae
2852 4319 3127 4377 dominus
3158 4321 3313 4378 728
3347 4322 3605 4395 imperat
3646 4325 3851 4373 necesse

2219 4407 2397 4464 habet
2427 4424 2630 4465 servus
2666 4408 2911 4483 implere
2960 4426 2973 4466 :
3016 4426 3120 4466 cur
3166 4410 3279 4466 hoc
3324 4412 3530 4484 ipsum
3582 4422 3691 4465 non
3735 4414 3849 4458 cum

2220 4496 2373 4553 bona
2400 4497 2575 4554 faciat
2601 4496 2927 4567 voluntate;
2978 4499 3081 4555 sed
3126 4502 3184 4555 et
3231 4499 3557 4555 dominum
3603 4491 3851 4556 offendat,

461 4591 644 4647 traria
673 4590 954 4662 praecipit,
983 4589 1173 4661 magis
1199 4588 1433 4644 obediat
1481 4587 1725 4660 spiritus
1775 4604 1953 4659 quam
1984 4604 2110 4644 cor-
2139 4611 2187 4678 Β
2219 4592 2278 4642 et
2323 4592 2519 4643 tamen
2562 4588 2740 4644 faciat
2785 4588 2807 4622 ³
2852 4588 3008 4660 quod
3047 4588 3328 4659 jubetur;
3365 4587 3624 4645 maxime
3652 4597 3774 4678 cum
3801 4579 3851 4677 et

460 4681 622 4757 poris
648 4681 907 4736 domino.
946 4679 1261 4751 Diligenter
1310 4676 1592 4732 attendite
1640 4677 1932 4748 quomodo
1972 4692 2107 4733 con-

459 4788 608 4846 grua
654 4768 920 4843 personis
978 4772 1265 4840 praecepta
1319 4766 1610 4821 decernat.
1660 4766 1833 4833 Servi,
1888 4766 2102 4839 inquit,

458 4862 698 4917 dominis
720 4862 835 4916 suis
870 4860 1082 4915 subditi
1125 4860 1239 4914 sint
1289 4859 1346 4912 in
1393 4856 1641 4912 omnibus
1670 4857 1884 4928 (Ephcs.
1918 4874 1992 4927 v1,
2023 4858 2102 4928 5).

462 4952 526 5006 In
560 4951 673 5006 alio
706 4951 830 5007 loco
862 4949 1174 5021 disputans
1213 4949 1284 5003 de
1332 4945 1490 5014 ﬁliis,
1525 4946 1605 5001 ait
1637 4963 1649 5002 :
1682 4946 1835 5013 Filii,
1866 4946 2101 5017 obcdite,

452 5042 779 5113 parentibus
835 5040 1071 5112 (Coloss.
1138 5054 1220 5105 ιιι,
1270 5037 1381 5105 20).
1433 5034 1609 5089 Filios
1670 5034 1884 5106 quippe
1941 5037 2106 5092 decet

456 5130 801 5201 parentibus
831 5131 1066 5186 obedire
1101 5148 1113 5186 :
1147 5144 1344 5184 servos
1370 5141 1501 5181 vero
1523 5125 1831 5196 imperanti
1866 5125 2102 5182 domino

456 5235 586 5275 esse
616 5220 931 5290 subjectos.
965 5220 1081 5274 Nec
1110 5217 1253 5273 illud
1296 5222 1575 5289 putamus
1611 5215 1760 5270 122
1791 5231 1918 5271 csse
1964 5232 2101 5270 con-

455 5309 728 5379 trarium,
757 5309 911 5380 quod
944 5308 1002 5363 in
1036 5308 1151 5363 alia
1181 5305 1435 5379 Epistola
1469 5323 1480 5361 :
1514 5302 1795 5371 Mulieres,
1829 5304 1929 5373 ait,
1969 5305 2097 5359 sub-

439 5400 615 5470 jectae
659 5399 775 5452 sint
823 5400 961 5452 viris
1008 5396 1218 5468 (Ep/tes.
1271 5412 1324 5463 v,
1373 5396 1477 5463 22;
1534 5393 1734 5451 Coloss.
1784 5410 1868 5462 ιιι,
1903 5392 2013 5463 18),
2044 5398 2102 5449 et

526 5525 541 5558 ¹
595 5522 897 5579 Contrario
956 5520 1221 5592 falsoque
1285 5519 1675 5593 sensuilegit‘
1723 5517 2098 5593 Martianazus

451 5599 512 5653 ut
545 5597 778 5726 oﬂieiram
821 5590 1159 5651 occasionem
1189 5610 1208 5650 :
1238 5592 1336 5664 qui
1383 5596 1441 5650 et
1479 5590 1624 5649 falsb
1663 5590 1883 5665 laudat,
1916 5592 1936 5647 l
1966 5590 2094 5650 Cor.

447 5684 572 5729 vni,
677 5709 690 5724 .
1149 5708 1171 5727 ρ

557 5708 572 5738 ,
605 5708 690 5726 διο

2223 4676 2371 4733 Deus
2399 4678 2472 4733 ad
2504 4693 2720 4750 aquam
2752 4675 3227 4735 contradictionis
3257 4679 3531 4735 offensus
3567 4672 3679 4732 sit?
3713 4671 3774 4728 Et
3802 4666 3852 4721 in

2213 4767 2326 4824 alio
2355 4766 2480 4824 loco
2511 4769 2582 4823 de
2612 4771 3018 4823 murmurante
3043 4766 3258 4840 populo
3289 4765 3579 4839 loquatur
3608 4781 3621 4818 :
3653 4760 3851 4818 Desinat

2215 4874 2249 4912 a
2278 4874 2363 4912 me
2389 4859 2759 4911 murmuratio
2807 4873 3017 4925 eorum,
3063 4866 3115 4912 et
3156 4872 3267 4912 non
3312 4857 3638 4914 morientur
3682 4850 3849 4922 (Nam.

2213 4962 2325 5014 xw,
2360 4947 2469 5018 11).
2502 4944 2639 5001 Post
2680 4945 3197 5002 contradictionem
3239 4950 3300 5001 et
3346 4944 3514 5001 aliud
3572 4948 3845 4998 servorum

2212 5034 2416 5090 vitium
2451 5033 2716 5089 doctrina
2744 5034 2958 5090 Christi
2988 5034 3257 5107 corrigat,
3288 5050 3364 5089 ne
3390 5034 3557 5108 fures
3590 5031 3720 5088 sint.
3753 5027 3851 5082 Fur

2212 5127 2408 5179 autem
2439 5140 2554 5179 non
2586 5124 2777 5179 solum
2806 5124 2864 5179 in
2897 5123 3352 5194 majoribus,sed
3375 5124 3564 5179 etiam
3596 5120 3655 5175 in
3678 5117 3845 5173 mino-

2211 5212 2373 5268 ribus
2396 5212 2717 5284 judicatur.
2750 5212 2873 5268 Non
2906 5212 3062 5267 enim
3097 5212 3155 5266 id
3187 5212 3343 5284 quod
3387 5212 3553 5267 furto
3604 5207 3843 5265 ablatum

2210 5306 2316 5371 est,
2366 5302 2466 5358 sed
2522 5319 2687 5358 mens
2735 5302 2986 5357 furentis
3038 5302 3382 5356 attenditur.
3450 5295 3750 5364 Quomodo
3790 5291 3841 5344 in

2210 5391 2590 5449 fornicatione
2641 5396 2698 5447 et
2744 5390 3050 5459 adulterio,
3086 5408 3198 5446 non
3248 5389 3468 5445 idcirco
3519 5387 3743 5444 diversa
3777 5378 3846 5436 sit

2278 5518 2299 5551 ’
2328 5516 2648 5573 Praeferunt
2677 5516 2793 5571 duo
2822 5532 2853 5572 e
2883 5496 3103 5571 nostris
3130 5531 3272 5571 mss.
3302 5510 3591 5569 undecim.

2275 5590 2297 5627 ⁸
2327 5589 2413 5647 Ita
2444 5604 2588 5647 mss.
2620 5593 2807 5645 Antea
2835 5592 2960 5647 erat
2985 5590 3036 5648 et
3060 5586 3279 5646 tandem
3303 5586 3508 5663 faciat,
3540 5587 3652 5644 etc.
