4066 6190
308 396 311 397 ν
353 334 469 395 621

1185 333 1706 399 COMMENTAR.
1752 335 1831 397 IN
1876 335 2126 398 EPIST.
2176 336 2279 397 AD
2322 335 2597 409 TITUM,
2643 338 2817 399 CAP.
2863 338 2941 399 II.

3645 344 3762 402 692

357 462 667 521 fornicatio
711 466 812 519 aut
862 463 1238 536 adulterium,
1285 467 1335 521 si
1394 466 1639 539 pulchra
1684 468 1768 524 vel
1820 440 2002 524 dives.
2036 471 2089 536 Α
2120 466 2232 522 hilo
2260 468 2497 522 salvebis
2524 484 2610 523 eos
2659 468 2827 539 (Psal.
2862 485 2949 534 LV,
2995 469 3070 540 8).
3104 470 3237 533 Quae
3272 472 3459 544 gratia
3488 474 3763 530 omnibus

360 553 641 611 deformis
689 557 793 608 aut
838 570 1079 625 pauper,
1134 555 1408 611 meretrix
1452 557 1541 612 vel
1587 557 1851 613 adultera
1891 556 2004 612 sit:

361 643 463 699 sed
510 640 941 714 qualiscunque
988 641 1088 697 illa
1137 643 1329 710 fuerit,
1380 662 1499 700 una
1543 650 1633 701 est
1682 645 2007 712 fornicatio,

360 730 450 787 vel
490 730 870 786 adulterium.
920 736 1009 785 Ita
1047 735 1104 786 et
1154 731 1212 786 in
1266 732 1440 799 furto,
1492 738 2011 805 quantumcunque

363 836 566 877 servus
596 817 921 886 abstulerit,
954 819 1091 874 furti
1120 821 1339 876 crimen
1370 821 1634 878 incurrit.
1671 823 1830 879 Unde
1862 827 1919 878 et
1951 823 2011 878 in

365 908 549 982 Moysi
580 907 711 993 lege
753 908 909 962 fures
964 925 1387 981 nonnunquam
1436 911 1779 984 septuplum
1827 913 2008 983 (Prov.

364 1016 443 1069 v1,
475 998 588 1069 31),
639 1013 1063 1069 nonnunquam
1113 999 1507 1071 quadruplum
1557 1000 1747 1073 (Exod.
1790 1018 1929 1067 xxii,
1960 1001 2014 1072 1)

365 1087 606 1143 reddere
663 1085 1117 1157 compelluntur,
1177 1092 1233 1141 et
1288 1087 1583 1143 interdum
1634 1090 2017 1145 obtruncatur

366 1175 526 1248 (Ibid.
570 1176 665 1246 2);
725 1174 1021 1230 interdum
1078 1176 1349 1231 venditur
1395 1179 1489 1231 fur
1545 1177 1671 1249 ipse
1726 1194 1828 1249 pro
1862 1179 2016 1233 furto

368 1262 531 1336 (Ibid.
562 1266 639 1335 3).
670 1264 741 1319 de
770 1263 987 1334 quibus
1018 1281 1250 1336 nupuer
1278 1266 1442 1321 vobis
1475 1266 1535 1321 in
1568 1266 1814 1322 Levitico
1845 1282 2016 1337 expo-

369 1355 561 1410 suisse
599 1368 693 1408 me
751 1352 1012 1408 memini.
1073 1353 1132 1409 Si
1182 1359 1379 1409 autem
1429 1354 1537 1410 hoc
1586 1346 1916 1427 prohibitur
1960 1355 2017 1409 in

371 1460 556 1510 servo,
590 1446 811 1514 quanto
842 1443 1032 1515 magis
1082 1443 1139 1497 in
1191 1442 1411 1498 libero:
1464 1461 1535 1498 ne
1574 1448 1676 1498 aut
1709 1444 1892 1515 judex
1924 1461 2019 1498 ra-

298 1604 303 1607 η
371 1534 520 1606 piat,
547 1537 647 1587 aut
675 1531 843 1586 miles
865 1548 980 1586 non
1013 1535 1324 1587 contentus
1345 1532 1654 1604 stipendiis
1676 1534 1801 1588 suis
1828 1533 2022 1588 aliena

374 1619 677 1677 devastat?
705 1619 949 1675 Pulchre
971 1620 1210 1691 quidam
1237 1620 1323 1675 vir
1352 1620 1615 1692 apprime
1638 1621 1852 1694 gravis,
1885 1637 2021 1676 cum

375 1711 427 1767 ei
451 1709 994 1781 cujusdamjudicis
1015 1708 1353 1764 laudaretur
1376 1710 1700 1783 integritas,
1725 1714 1781 1765 et
1805 1709 2025 1766 diceret

374 1800 447 1855 de
477 1815 543 1854 eo
575 1796 672 1854 ille
726 1796 827 1870 qui
875 1796 1172 1865 laudabat,
1220 1797 1342 1853 Non
1394 1803 1484 1855 est
1533 1799 1660 1853 fur:
1702 1799 2059 1871 respondit,

342 1887 678 1960 .Optimum
710 1902 943 1943 servum
984 1887 1215 1955 faceret,
1273 1887 1321 1943 si
1370 1904 1475 1943 nec
1525 1888 1807 1960 fugitivus
1832 1893 2022 1944 esset:

374 1979 435 2033 in
459 1981 693 2033 tantum
717 1974 855 2030 furti
893 1975 1151 2047 suspicio
1177 1976 1251 2031 ab
1289 1976 1448 2031 omni
1492 1975 1673 2032 libero
1710 1976 1881 2032 debet
1900 1993 2031 2033 esse

377 2066 586 2123 aliena.
621 2065 751 2121 Sint
795 2064 990 2136 itaque
1040 2066 1187 2121 servi
1241 2064 1462 2120 subditi
1518 2066 1773 2122 dominis
1813 2067 1938 2122 suis
1969 2066 2028 2120 in

378 2155 678 2225 omnibus,
728 2153 847 2209 sint
893 2152 1322 2226 complacentes
1371 2155 1692 2210 conditioni
1751 2172 1913 2213 suae:
1966 2159 2033 2210 ut

379 2262 494 2301 non
541 2245 729 2300 ferant
780 2259 983 2315 aspere
1043 2245 1402 2313 servitutem,
1453 2260 1570 2299 non
1629 2244 2033 2300 contradicunt

381 2333 657 2401 dominis,
702 2348 817 2387 non
869 2332 1155 2404 furentur,
1203 2338 1258 2387 et
1307 2338 1439 2405 post
1487 2333 1608 2389 haec
1654 2333 1710 2388 in
1753 2334 2032 2389 omnibus

381 2422 559 2477 ﬁdem
598 2421 815 2476 bonam
863 2421 1196 2486 ostendant,
1247 2425 1311 2476 ut
1358 2422 1685 2477 doctrinam
1728 2422 2032 2479 salvatoris

381 2511 486 2568 Dei
519 2509 702 2566 nostri
734 2513 943 2565 ornent
973 2509 1031 2564 in
1080 2510 1377 2567 omnibus.
1429 2511 1488 2566 Si
1519 2512 1677 2567 enim
1719 2512 1875 2584 apud
1909 2528 2032 2567 car-

382 2599 548 2656 nales
587 2598 858 2655 dominos
889 2599 949 2654 in
976 2599 1221 2655 minimo
1251 2600 1452 2656 ﬁdeles
1487 2600 1719 2671 fuerint,
1754 2599 2036 2673 incipient

384 2689 471 2745 eis
500 2688 654 2761 apud
687 2688 872 2743 Deum
904 2688 1128 2758 majora
1156 2689 1464 2744 committi.
1494 2689 1675 2745 Ornat
1705 2694 1901 2745 autem
1934 2689 2035 2745 do-

384 2777 633 2833 ctrinam
672 2776 918 2843 Domini,
972 2777 1071 2849 qui
1120 2793 1189 2833 ea
1219 2794 1345 2848 quae
1394 2778 1710 2834 conditioni
1751 2796 1874 2834 suae
1902 2782 2039 2851 apta

385 2871 547 2935 sunt,
583 2866 738 2921 facit.
788 2866 859 2921 Et
888 2883 918 2921 e
965 2866 1192 2922 diverso
1240 2867 1545 2923 confundit
1592 2884 1742 2939 eam,
1790 2869 1890 2939 qui
1920 2885 2038 2924 non

387 2960 479 3012 est
508 2957 809 3026 subjectus
838 2955 897 3010 in
929 2955 1225 3022 omnibus,
1276 2957 1369 3011 cui
1408 2957 1661 3013 conditio
1692 2974 1801 3013 sua
1829 2956 2038 3029 displi-

393 3051 503 3116 cet,
534 3045 634 3117 qui
656 3044 1050 3100 contradictor
1069 3050 1242 3117 atque
1266 3046 1566 3102 fraudator
1588 3048 1643 3102 in
1678 3045 1838 3101 nullo
1866 3047 2040 3101 ﬁdem

392 3134 605 3189 bonam
639 3134 912 3190 ostendit.
948 3134 1247 3197 Quomodo
1271 3135 1427 3190 enim
1457 3141 1650 3207 potest
1670 3136 1775 3205 [AL
1813 3134 2042 3207 poterit]

389 3220 582 3277 ﬁdelis
611 3237 741 3277 esse
770 3221 828 3276 in
862 3222 1198 3278 substantia
1242 3221 1364 3289 Dei,
1398 3223 1499 3295 qui
1551 3223 1770 3279 carnali
1801 3223 2040 3279 domino
2070 3208 2113 3275 C

390 3310 568 3365 ﬁdem
598 3309 867 3366 exhibere
898 3326 1011 3365 non
1045 3309 1279 3382 potuit?

461 3487 824 3560 724(Vers.
879 3489 938 3543 11
995 3492 1184 3561 seqq.)
1212 3512 1239 3539 «
1270 3489 1466 3545 Illuxit
1513 3490 1668 3546 enim
1719 3491 1907 3563 gratia
1936 3491 2041 3547 Dei

382 3576 704 3633 Salvatoris
751 3578 1027 3634 omnibus
1074 3578 1438 3645 hominibus,
1490 3579 1765 3635 erudiens
1816 3597 1924 3635 nos
1955 3586 2039 3650 ut,

384 3667 743 3738 abnegantes
772 3665 1133 3737 impietatem
1165 3670 1223 3721 et
1251 3666 1553 3722 saecularia
1588 3668 1897 3734 desideria,
1930 3685 2042 3740 pu-

387 3754 537 3820 dice,
571 3754 828 3825 etjuste,
878 3759 932 3810 et
964 3755 1054 3827 pie
1096 3755 1362 3811 vivamus
1409 3755 1468 3809 in
1513 3755 1621 3811 hoc
1662 3757 1915 3812 saeculo:
1948 3773 2043 3811 ex-

390 3846 726 3916 spectantes
753 3844 985 3899 beatam
1029 3860 1215 3916 spem,
1249 3849 1305 3898 et
1352 3844 1661 3899 adventum
1694 3844 1887 3917 gloriae
1922 3862 2045 3901 ma-

391 3933 493 4004 gni
523 3932 647 3999 Dei,
704 3937 761 3988 et
811 3932 1125 3989 Salvatoris
1185 3933 1370 3989 nostri
1426 3933 1568 3988 Jesu
1627 3932 1883 3989 Christi:
1945 3933 2048 4005 qui

395 4021 560 4076 dedit
588 4021 973 4093 semetipsum
1006 4039 1110 4095 pro
1162 4021 1351 4086 nobis,
1384 4026 1449 4077 ut
1500 4038 1605 4078 nos
1638 4023 1948 4108 redimeret
1975 4023 2047 4078 ab

395 4110 557 4165 omni
590 4109 919 4180 iniquitate,
951 4114 1009 4165 et
1052 4110 1367 4166 mandaret
1414 4110 1528 4166 sibi
1569 4110 1849 4183 populum
1884 4127 2055 4184 egre-

397 4199 587 4272 ginm,
619 4197 1016 4256 simulatorem
1050 4199 1338 4256 bonorum
1370 4217 1633 4271 cperam.
1668 4220 1694 4251 ιι
1733 4204 1872 4256 Post
1904 4205 2054 4256 cata-

398 4288 599 4361 logum
628 4288 905 4344 doctrina:
937 4289 1006 4344 ad
1039 4289 1258 4357 Titum,
1303 4289 1445 4361 quid
1478 4306 1669 4357 senes,
1711 4289 1851 4361 quid
1881 4306 2051 4359 anus,

401 4375 545 4447 quid
579 4376 1043 4433 adolescentulas
1067 4382 1124 4433 et
1144 4380 1417 4449 juvenes,
1449 4379 1588 4450 quid
1621 4379 1693 4433 ad
1726 4384 2053 4435 extremum

401 4479 602 4518 servos
638 4463 870 4541 erudire
902 4465 1156 4535 deberet,
1190 4470 1345 4520 recte
1389 4482 1544 4520 nunc
1594 4465 1827 4521 intulit:
1862 4467 2057 4523 Illuxit

2116 556 2457 612 hominibus
2484 556 2614 613 ideo
2647 556 2856 625 illuxit,
2893 562 2957 612 ut
2982 559 3238 613 erudiret
3268 578 3374 616 nos
3408 563 3765 633 abnegantes

2118 644 2479 716 impietatem.
2501 651 2556 700 et
2577 646 2879 701 saecularia
2908 646 3218 717 desideria,
3248 650 3472 719 pudice,
3503 658 3559 704 et
3580 654 3763 721 juste,

2120 740 2178 788 et
2208 734 2297 804 pie
2330 734 2514 789 vivere
2567 735 2625 789 in
2671 735 2779 790 hoc
2837 734 3066 791 aesculo.
3118 735 3262 798 Quid
3312 737 3388 791 sit
3434 744 3627 793 autem
3659 742 3765 795 ab-

2122 837 2333 893 negare
2380 821 2740 893 impietatem
2800 828 2857 877 et
2903 824 3204 879 saecularia
3250 825 3559 894 desideria,
3604 844 3671 882 ex
3700 845 3766 883 eo

2122 911 2277 982 quod
2330 928 2509 981 supra
2553 912 2952 982 exposuimus,
2980 913 3149 967 Deum
3167 913 3570 982 conﬁlenturse
3592 932 3766 983 nosse,

2120 1001 2283 1070 factis
2310 1009 2501 1055 autem
2527 1005 2732 1070 negant
2763 1001 2888 1071 (Tit,
2924 1019 2962 1065 ι,
3012 1002 3121 1072 16),
3155 1002 3402 1075 intelligi
3434 1021 3605 1076 posse
3634 1022 3770 1060 con-

2123 1088 2296 1153 ﬁdeo,
2328 1092 2384 1143 et
2413 1104 2515 1159 per
2536 1088 2826 1144 contraria
2846 1090 3097 1145 disserta
3119 1093 3428 1147 contraria.
3463 1094 3774 1149 Saecularia

2125 1193 2260 1248 ergo
2275 1177 2864 1249 desideriasunt,quaa
2886 1195 2919 1232 a
2945 1179 3149 1233 mundi
3172 1180 3344 1235 istius
3361 1182 3623 1254 principe
3642 1200 3777 1256 sug-

2127 1270 2444 1337 geruntur:
2478 1271 2691 1321 etcum
2714 1267 2835 1322 sint
2856 1268 3071 1338 saeculi,
3096 1285 3229 1323 cum
3254 1270 3449 1324 saeculi
3482 1272 3659 1343 hujus
3676 1290 3780 1328 nu-

2129 1355 2199 1409 be
2218 1360 2649 1425 pertranseunt.
2676 1356 2789 1412 Nos
2808 1360 3001 1412 autem
3022 1373 3155 1411 cum
3182 1359 3388 1429 pudice
3406 1360 3653 1429 etjuste,
3673 1378 3777 1417 nec

2130 1458 2368 1514 corpore
2400 1443 2640 1510 scilicet,
2694 1461 2801 1499 nec
2845 1450 3037 1501 mente
3089 1452 3411 1517 peccantes,
3463 1448 3777 1505 vixerimus

2129 1530 2189 1585 in
2221 1531 2469 1596 Christo,
2528 1533 2620 1603 pie
2675 1549 2909 1604 quoque
2967 1535 3228 1590 vivemus
3280 1536 3339 1591 in
3391 1537 3497 1592 hoc
3530 1538 3777 1593 saeculo:

2132 1636 2259 1690 quae
2290 1618 2479 1690 pietas
2522 1625 2818 1692 exspectat
2866 1623 3091 1677 beatam
3142 1640 3330 1694 spem,
3379 1631 3437 1680 et
3467 1627 3782 1682 adventum

2132 1707 2327 1780 gloria:
2361 1709 2554 1780 magni
2578 1709 2701 1775 Dei,
2735 1714 2791 1765 et
2812 1709 3125 1766 Salvatoris
3158 1713 3342 1768 nostri
3370 1714 3512 1770 Jesu
3546 1715 3780 1772 Christi.

2131 1797 2291 1852 Sicut
2319 1797 2474 1852 enim
2507 1798 2779 1870 impietas
2827 1800 3024 1872 magni
3065 1801 3167 1855 Dei
3200 1803 3540 1859 reformidat
3570 1806 3782 1860 adven-

2133 1890 2282 1951 tum,
2314 1885 2395 1941 ita
2452 1903 2659 1942 secura
2686 1888 2757 1943 de
2814 1905 2987 1959 opere
3040 1906 3167 1956 suo,
3223 1895 3279 1946 et
3333 1892 3404 1947 de
3460 1893 3573 1948 ﬁde
3612 1892 3784 1948 illum

2137 1975 2320 2046 pietas
2351 1974 2738 2047 praestolatur.
2774 1977 2881 2031 Ubi
2912 1982 3002 2032 est
3030 1994 3262 2050 semper
3291 1979 3464 2035 Arius
3485 1981 3512 2035 ?
3544 1982 3641 2036 ubi
3674 1983 3785 2036 Eu-

2138 2063 2371 2119 nomius
2429 2064 2710 2119 coluber?
2768 2064 3015 2137 Magnus
3074 2067 3228 2123 Deus
3282 2068 3454 2124 Jesus
3495 2070 3785 2138 Christus,

2135 2151 2397 2207 Salvator
2425 2152 2661 2217 dicitur,
2700 2169 2814 2208 non
2865 2154 3290 2227 primogenitus
3339 2157 3530 2213 omnis
3560 2164 3790 2213 creatu-

2139 2256 2236 2310 rae“,
2271 2258 2385 2297 non
2418 2240 2672 2297 Verbum
2705 2243 2805 2298 Dei
2837 2248 2893 2298 et
2913 2244 3237 2315 sapientia;
3267 2246 3365 2300 sed
3390 2247 3563 2303 Jesus
3593 2248 3788 2303 Chris-

2141 2335 2267 2388 stus
2293 2347 2305 2384 :
2341 2347 2468 2401 quae
2488 2331 2770 2387 vocabula
2800 2333 3089 2403 assumpti
3113 2333 3371 2390 hominis
3402 2342 3559 2391 sunt.
3592 2336 3790 2408 Neque

2138 2433 2272 2473 vero
2304 2416 2485 2471 alium
2530 2416 2733 2473 Jesum
2781 2418 3098 2489 Christum,
3136 2421 3282 2477 725
3320 2420 3502 2477 alium
3532 2422 3790 2479 Verbum

2142 2505 2415 2573 dicimus,
2452 2510 2516 2561 ut
2545 2523 2694 2562 nova
2737 2507 2974 2563 haeresis
3022 2508 3455 2567 calumniatur:
3489 2512 3589 2568 sed
3622 2529 3793 2569 eum-

2143 2596 2274 2651 dem
2306 2600 2363 2651 et
2393 2599 2525 2650 ante
2558 2594 2788 2665 saecula,
2837 2601 2893 2651 et
2924 2601 3055 2669 post
3102 2598 3334 2665 saecula,
3368 2605 3425 2656 et
3454 2606 3588 2658 ante
3620 2620 3793 2657 mun-

2144 2686 2308 2754 dum,
2355 2687 2412 2739 et
2467 2689 2598 2756 post
2648 2685 2913 2752 Mariam,
2974 2687 3090 2742 imo
3150 2704 3218 2743 ex
3260 2688 3463 2756 Maria,
3512 2707 3794 2762 magnum

2145 2775 2330 2830 Deum
2392 2773 2760 2845 appellamus
2829 2774 3184 2831 Salvatorem
3264 2782 3531 2832 nostrum
3588 2779 3795 2835 Jesum

2147 2863 2464 2928 Christum,
2515 2863 2614 2934 qui
2676 2863 2836 2918 dedit
2890 2864 3275 2935 semetipsum
3334 2882 3436 2937 pro
3496 2867 3685 2938 nobis,
3735 2871 3799 2922 ut

2149 2951 2400 3025 pretioso
2432 2950 2718 3022 sanguine
2748 2968 2855 3007 suo
2897 2968 3002 3007 nos
3047 2953 3359 3009 redimeret
3388 2955 3459 3009 ab
3491 2956 3650 3010 omni
3684 2956 3797 3009 ini-

2151 3041 2393 3113 quitate,
2427 3044 2484 3095 et
2514 3041 2822 3095 mundaret
2862 3040 2971 3095 sibi
3024 3040 3302 3112 populum
3352 3041 3656 3117 περιοῦπιοκ
3696 3045 3801 3115 (ita

2152 3129 2367 3201 quippe
2397 3127 2645 3183 habetur
2675 3127 2732 3181 in
2764 3128 3000 3199 Graeco),
3034 3135 3090 3183 et
3119 3130 3406 3185 bonorum
3440 3148 3683 3204 operum
3716 3133 3800 3189 fa-

2152 3221 2306 3274 ceret
2334 3215 2737 3271 amulatorem.
2773 3217 2933 3288 Saepe
2975 3234 3205 3274 mecum
3248 3220 3624 3276 considerans
3656 3221 3797 3293 quid

2149 3306 2259 3363 sibi
2290 3304 2460 3361 vellet
2488 3306 2729 3360 verbum
2780 3304 3114 3380 περιώσιον,
3150 3311 3208 3363 et
3254 3327 3287 3363 a
3319 3310 3662 3380 sapentibus
3692 3328 3801 3366 saa-

2149 3393 2265 3450 culi
2300 3393 2478 3464 hujus
2523 3394 2888 3466 interrogans
2939 3395 2988 3450 si
3038 3396 3183 3451 forte
3232 3396 3446 3453 alicubi
3496 3398 3799 3470 legissent,

2150 3500 2453 3555 nunquam
2486 3482 2742 3539 invenire
2768 3484 2929 3555 potui
2961 3484 3061 3555 qui
3096 3485 3242 3539 mihi
3272 3487 3413 3559 quid
3442 3488 3803 3561 significaret

2150 3578 2482 3644 exponeret.
2516 3572 2907 3637 Quamobrem
2957 3572 3296 3645 compulsus
3343 3593 3473 3631 sum
3522 3577 3592 3631 ad
3623 3577 3805 3632 Vetus

2151 3662 2617 3718 Instrumentum
2649 3678 2965 3729 recurrere,
3000 3664 3157 3718 unde
3208 3664 3535 3720 arbitrabar
3564 3671 3620 3721 et
3652 3673 3805 3739 Apo-

2153 3749 2369 3807 stolum
2402 3750 2727 3821 sumpsisse
2757 3750 2914 3821 quod
2958 3750 3198 3806 dixerat.
3246 3753 3523 3809 Hebraeus
3551 3755 3708 3811 enim
3739 3772 3809 3812 ex

2156 3839 2410 3894 Hebraeis
2466 3843 2523 3893 et
2577 3841 2900 3894 secundum
2959 3839 3145 3913 legem
3179 3840 3504 3898 Pharisaeus
3536 3845 3802 3916 (Philipp.

2158 3945 2240 3999 ιιι,
2290 3929 2368 3999 5),
2420 3928 2621 3999 utique
2671 3927 2729 3982 id
2781 3929 3031 3989 ponebat
3079 3930 3134 3984 in
3188 3931 3447 4002 Epistola
3490 3949 3617 4002 sua,
3652 3934 3808 4003 quod

2157 4017 2217 4072 in
2246 4016 2428 4072 Veteri
2462 4018 2833 4072 Testamento
2867 4017 3079 4089 legisse
3110 4034 3173 4072 se
3205 4025 3460 4073 noverat.
3500 4021 3565 4074 In
3602 4022 3811 4077 Deuts-

2159 4105 2424 4161 ronomio
2474 4104 2670 4176 itaque
2724 4106 2945 4177 reperi:
3000 4106 3269 4173 Quoniam
3314 4109 3545 4179 poyulus
3593 4119 3814 4166 sanctus

2158 4202 2219 4250 lu
2248 4195 2474 4249 Domino
2499 4195 2605 4248 Deo
2650 4197 2761 4261 tuo,
2813 4197 2863 4249 ct
2907 4197 2967 4248 in
2997 4203 3046 4248 te
3093 4196 3419 4266 complacuit
3450 4197 3676 4255 Domino
3706 4200 3814 4255 Deo

2161 4287 2298 4344 tuo;
2328 4290 2387 4336 ul
2414 4298 2551 4336 esses
2599 4284 2652 4336 ei
2680 4284 2741 4337 in
2784 4283 3048 4353 populum
3094 4282 3425 4357 περιοῦπιον,
3466 4302 3534 4341 ea:
3563 4289 3817 4343 omnibus

2158 4372 2376 4443 pupulis
2406 4372 2502 4442 qui
2546 4376 2673 4424 sunt
2717 4387 2883 4442 super
2925 4374 3125 4442 faciem
3174 4381 3338 4429 terrae
3385 4376 3562 4446 (Deut.
3606 4394 3704 4447 v11,
3736 4378 3815 4448 6).

2165 4461 2234 4515 Et
2265 4460 2322 4514 in
2355 4459 2673 4514 centesimo
2706 4460 2999 4517 tricesimo
3034 4467 3243 4534 quarto
3296 4464 3544 4533 psalmo,
3580 4465 3678 4519 ubi
3711 4481 3819 4520 nos

403 4553 553 4607 enim
582 4554 765 4621 gratia
795 4553 895 4608 Dei
923 4552 1232 4610 Saluatoris
1275 4554 1526 4610 omnibus
1567 4554 1899 4611 hominibus.
1931 4556 2056 4611 Non
2092 4576 2135 4639 ι)
2166 4550 2477 4615 habemus,
2507 4549 2738 4603 Psallile
2764 4552 2979 4604 nomini
3008 4553 3143 4622 ejus,
3197 4554 3458 4623 quoniam
3503 4570 3668 4608 suave
3694 4561 3772 4608 est
3803 4568 3816 4608 :

404 4644 496 4696 est
523 4642 679 4696 enim
712 4641 912 4714 aliqua
941 4642 1270 4699 dilferentia
1302 4643 1468 4699 liberi
1502 4648 1556 4698 et
1587 4644 1758 4709 servi,
1793 4644 1973 4699 Graeci
2003 4650 2060 4700 et

407 4729 671 4796 Barbari,
703 4731 1033 4788 circumcisi
1060 4738 1118 4788 et
1147 4731 1418 4788 habentis
1446 4717 1820 4804 praeputium,
1852 4734 2059 4789 mulie-

407 4818 493 4874 ris
524 4824 582 4874 et
619 4819 769 4875 viri:
821 4821 924 4875 sed
981 4822 1178 4876 cuncti
1223 4820 1282 4876 in
1332 4820 1561 4876 Christo
1613 4838 1795 4877 unum
1827 4838 2059 4890 sumus,

410 4907 667 4964 universi
726 4909 799 4964 ad
858 4909 961 4965 Dei
1018 4926 1265 4983 regnum
1322 4927 1619 4980 vocamur,
1679 4927 1884 4966 omnes
1932 4915 2066 4983 post

410 4995 693 5052 oll’ensam
725 4998 880 5054 Patri
913 5003 1113 5054 nostro
1161 4998 1576 5054 reconciliandi
1611 5016 1820 5055 sumus
1854 5002 1869 5034 ί
1897 5017 1910 5068 ;
1947 5017 2062 5055 non

410 5100 518 5158 per
572 5086 780 5141 merita
834 5092 1056 5156 nostra,
1116 5088 1216 5143 sed
1249 5103 1352 5159 per
1398 5088 1648 5160 gratiam
1706 5088 2062 5145 Salvatoris:

411 5171 503 5227 vel
550 5174 705 5245 quod
748 5173 859 5230 'Dei
909 5175 1096 5231 Patris
1142 5175 1339 5231 vivens
1391 5182 1448 5231 et
1497 5176 1830 5233 subsistens
1877 5178 2068 5250 gratia

411 5261 542 5333 ipse
572 5262 648 5318 sit
678 5262 983 5320 Christus:
1033 5264 1121 5319 vel
1151 5266 1306 5336 quod
1356 5264 1567 5320 Christi
1617 5266 1713 5320 Dei
1752 5265 2067 5324 Salvatoris

409 5348 536 5405 haec
566 5352 642 5406 sit
669 5353 861 5423 gratia
890 5371 904 5420 ;
932 5357 990 5408 et
1021 5369 1136 5408 non
1161 5358 1359 5409 nostro
1382 5353 1588 5409 merito
1619 5353 1823 5409 salvati
1854 5356 2065 5427 simus,

409 5440 738 5497 secundum
767 5440 911 5498 illud
962 5441 1118 5515 quod
1147 5442 1208 5497 in
1237 5441 1350 5499 alio
1378 5442 1505 5499 loco
1537 5442 1788 5500 dicitur:
1839 5444 1945 5500 Pro
1976 5446 2065 5500 ni-

485 5586 502 5621 ¹
537 5583 702 5641 Unus
727 5584 964 5641 Cisterc.
999 5601 1134 5654 ms.,
1168 5586 1509 5643 reconciliati
1535 5604 1744 5644 sumus.

483 5656 506 5694 ’
537 5656 604 5719 In
634 5655 862 5735 aliquot
908 5673 1053 5716 mss.
1087 5656 1390 5719 codicibus
1438 5658 1692 5733 legimus
1730 5659 1826 5719 hic
1854 5659 2073 5735 sogola:

2168 4639 2429 4711 quoniam
2454 4638 2616 4694 Iacob
2644 4639 2811 4708 elegit
2839 4639 2949 4694 sibi
2989 4641 3270 4696 Dominus.
3320 4642 3496 4697 Israel
3527 4644 3583 4696 in
3612 4656 3822 4713 posses-

2167 4730 2339 4795 sione,
2368 4728 2475 4783 sibi
2522 4728 2694 4798 (Psal.
2756 4746 2975 4799 cxxxiv,
3027 4730 3081 4798 3,
3141 4730 3234 4799 li):
3288 4746 3391 4801 pro
3446 4746 3511 4785 eo
3546 4731 3699 4801 quod
3734 4734 3825 4785 est

2169 4819 2233 4872 in
2259 4820 2626 4888 possessione,
2658 4817 2713 4871 in
2775 4816 2969 4873 Graeco
3030 4818 3315 4889 scriptum
3372 4823 3462 4875 est
3515 4817 3590 4879 είς
3635 4837 3824 4893 περιου

2170 4905 2422 4977 σιασμὸν,
2484 4907 2638 4977 quod
2717 4907 2952 4978 quidem
3016 4908 3166 4962 726
3238 4907 3451 4979 Aquila
3508 4912 3565 4963 et
3621 4910 3829 4979 quinta

2172 4995 2360 5050 Editio
2414 4991 2491 5054 είς
2551 4992 2859 5068 περιούσιον
2925 5001 3362 5067 expresserunt.
3444 4998 3830 5070 Septuaginta

2172 5101 2307 5139 vero
2362 5089 2419 5139 et
2492 5084 2827 5151 Theodotio,
2898 5084 3318 5158 περιουσιασμόν
3384 5086 3827 5155 transferentes,

2175 5172 2693 5228 commutationem
2727 5172 2962 5245 syllabae
2995 5174 3198 5244 fecere,
3252 5191 3365 5229 non
3398 5192 3629 5231 sensus.
3668 5176 3834 5249 Sym-

2178 5261 2423 5316 machus
2456 5261 2652 5333 igitur,
2689 5278 2791 5332 pro
2822 5278 2888 5339 eo
2911 5262 3067 5333 quod
3099 5267 3187 5318 est
3210 5262 3270 5318 in
3297 5263 3491 5319 Graeco
3510 5262 3827 5339 περιούσιον

2177 5351 2236 5406 in
2269 5351 2503 5406 Hebraeo
2533 5367 2744 5406 summa
2804 5336 2998 5423 (.1510)
3028 5353 3068 5423 ’,
3122 5353 3407 5424 expressit
3451 5336 3742 5427 ἐξαίρετον,
3772 5353 3833 5409 id
3876 5374 3885 5377 “

2176 5443 2264 5496 est
2292 5441 2573 5511 egregium
2604 5439 2690 5495 vel
2716 5441 3055 5513 praecipuum
3082 5459 3101 5503 ;
3144 5457 3247 5513 pro
3276 5458 3391 5514 quo
3421 5443 3595 5500 verbo
3627 5443 3685 5499 in
3719 5441 3836 5499 alio

2177 5582 2265 5660 vel
2294 5583 2542 5660 sogolla‘:
2567 5582 2630 5660 in
2665 5600 2782 5640 uno
2813 5590 3008 5660 autem
3060 5585 3452 5660 pulcherrimo
3503 5591 3559 5643 et
3589 5587 3835 5660 antiquo

2177 5655 2372 5717 inveni
2400 5655 2685 5732 scriptum
2732 5657 2927 5731 regula
2969 5655 3077 5734 pro
3120 5660 3332 5735 segula.
3375 5656 3613 5718 Veteres
3658 5655 3836 5739 porrq
