4066 6190
306 377 427 443 625

1145 378 1661 442 COMMENTAB.
1710 378 1789 439 ΙΝ
1834 374 2079 439 EPIST.
2124 375 2227 437 AD
2274 376 2546 452 TlTUM,
2593 380 2763 441 CAP.
2814 378 2918 440 lll.

3605 375 3723 439 626

310 511 430 568 duo
461 507 768 583 superiora
794 509 853 567 in
884 528 1194 569 commune
1225 512 1526 569 referatur.
1581 512 1779 584 Neque
1807 509 1962 566 enim
1993 510 2049 577 Α
2070 507 2337 581 lectores,
2370 512 2590 578 mditui,
2624 516 2680 568 et
2711 529 2915 567 omnes
2946 511 3184 568 omnino
3232 510 3333 585 qui
3382 510 3581 569 domui
3613 510 3716 568 Dei

312 600 586 658 convenit
616 600 831 668 dicere,
863 600 1161 658 consolare
1203 618 1336 657 cum
1385 601 1544 657 omni
1594 600 1859 672 imperio,
1907 604 1966 655 et
2073 600 2352 655 serviunt.
2388 602 2533 667 Quia
2563 602 2936 658 vehementer
2966 600 3279 657 Ecclesium
3318 601 3530 658 Christi
3567 601 3717 659 129

311 689 553 764 loquere
581 706 721 747 cum
752 691 910 746 omni
943 690 1211 762 imperio,
1260 691 1362 748 sed
1411 689 1841 757 tantummodo,
1872 689 1959 743 in-

312 796 486 853 crepa
515 795 651 836 cum
681 780 842 836 omni
873 780 1141 853 imperio.

384 871 550 927 Nemo
579 872 629 925 te
653 873 982 927 contemnat.
1017 868 1322 926 Existimat
1348 869 1565 942 aliquis
1594 870 1704 925 hoc
1762 868 1958 941 ipsum

308 975 467 1016 nunc
497 959 567 1015 ad
601 959 800 1015 Titum
832 958 1010 1015 scribi
1040 960 1192 1030 quod
1223 960 1294 1015 ad
1328 959 1703 1015 Timotheum
1735 958 1958 1013 dictum

304 1053 434 1105 est:
466 1050 634 1105 Nemo
664 1048 1086 1106 adolescentiam
1117 1053 1270 1104 tuam
1297 1053 1612 1105 contemnat
1631 1050 1683 1120 (Ι
1711 1049 1844 1104 Tim.
1880 1063 1956 1113 IV,

305 1137 415 1209 12).
450 1136 567 1194 Nos
596 1153 731 1193 vero
754 1137 925 1207 juxta
973 1136 1153 1193 Graeci
1205 1136 1494 1193 sermonis
1542 1136 1956 1201 differentiam,

299 1225 459 1283 aliud
492 1229 773 1298 putamus
803 1225 1136 1298 significare
1198 1224 1615 1302 περιφρονείτω,
1676 1225 1830 1297 quod
1861 1224 1956 1278 hic

298 1314 598 1381 scribitur,
647 1318 706 1370 et
750 1313 908 1370 aliud
958 1312 1387 1392 καταφρονείτω,
1439 1315 1595 1387 quod
1643 1315 1717 1369 ad
1756 1313 1953 1369 Timo-

297 1404 505 1462 theum
537 1403 765 1459 dictum
796 1408 907 1475 est,
942 1405 1093 1461 728
1126 1409 1184 1461 et
1214 1403 1654 1477 praepositiones
1705 1402 1829 1476 περὶ
1864 1401 1952 1458 vel

296 1492 438 1548 κατὰ
488 1509 727 1550 sensum
785 1494 975 1550 facere
1025 1492 1345 1550 diversum.
1395 1493 1558 1557 Quod
1609 1496 1804 1547 autem
1838 1508 1952 1548 non

299 1582 567 1654 fortuito,
599 1586 655 1638 et
684 1586 749 1638 ut
777 1581 937 1652 libet,
970 1582 1188 1639 Paulus
1242 1582 1563 1655 apostolus,
1612 1599 1727 1638 non
1759 1580 1951 1637 solum

298 1671 641 1729 nominibus
671 1674 730 1727 et
760 1672 973 1740 verbis,
1006 1688 1210 1728 verum
1233 1671 1407 1728 etiam
1435 1670 1950 1745 praepositionibus

296 1760 547 1817 diversis
569 1763 768 1816 utatur
786 1777 889 1833 pro
913 1761 1191 1816 varietate
1214 1777 1549 1830 causarum,
1572 1759 1946 1833 perspicuum

2072 688 2341 761 destruit,
2370 691 2643 748 meliores
2672 691 2852 747 laicos
2882 707 3009 747 esse
3041 707 3219 763 quam
3250 690 3507 747 clericos.

2142 778 2161 849 (
2193 778 2331 851 Cap.
2369 780 2464 835 III.
2498 788 2566 820 —‘—
2595 782 2759 837 Vers.
2800 782 2847 847 1,
2879 781 2957 852 2.)
2990 804 3018 830 ‹‹
3051 782 3315 836 Admone
3344 779 3478 835 illos
3500 780 3712 852 princi-

2069 866 2244 938 pibus
2275 874 2331 924 et
2361 870 2748 941 potestatibus
2796 870 3068 926 subditos
3117 887 3267 936 esse,
3318 869 3553 925 obedire
3586 884 3599 924 :
3635 868 3707 924 ad

2069 973 2241 1013 omne
2272 975 2420 1031 opus
2449 961 2665 1015 bonum
2715 965 2947 1032 paratos
2990 976 3155 1016 esse:
3218 958 3515 1015 neminem
3554 956 3709 1013 blas-

2067 1046 2367 1118 pbemare,
2395 1066 2508 1104 non
2542 1049 2827 1121 litigiosos
2858 1064 3020 1104 esse:
3052 1065 3179 1104 esse
3227 1049 3544 1118 modestos,
3575 1062 3709 1102 om-

2068 1152 2201 1191 nem
2236 1139 2607 1193 ostendentes
2642 1137 3152 1193 mansuetudinem
3184 1138 3255 1192 ad
3288 1153 3494 1192 omnes
3524 1135 3712 1191 homi-

2067 1241 2190 1281 nes.
2228 1248 2255 1275 »
2287 1226 2425 1282 Tale
2454 1228 2595 1299 quid
2628 1232 2685 1283 et
2714 1228 2785 1282 ad
2829 1231 3123 1283 Romanos
3171 1226 3486 1282 scribitur:
3520 1225 3711 1283 Omnis

2064 1318 2259 1373 anima
2286 1317 2638 1388 potestatibus
2666 1317 3041 1388 superioribus
3089 1316 3306 1371 subdita
3352 1318 3443 1371 sit.
3488 1316 3607 1371 Non
3630 1316 3712 1370 est

2063 1407 2215 1461 enim
2242 1409 2485 1477 potestas
2515 1408 2628 1462 nisi
2654 1424 2689 1461 a
2720 1408 2825 1461 Deo
2857 1407 3038 1478 (Rom.
3089 1424 3215 1474 xm,
3252 1407 3329 1473 1).
3377 1404 3539 1468 Quod
3573 1403 3705 1474 qui-

2064 1495 2195 1549 dem
2213 1499 2583 1565 praeceptum,
2600 1495 2782 1563 ethic,
2808 1500 2864 1551 et
2884 1495 2963 1551 ibi
2988 1499 3292 1567 propterea
3305 1498 3445 1566 puto
3458 1493 3704 1561 editum,

2062 1583 2203 1656 quia
2216 1584 2379 1639 Judze
2394 1583 2608 1639 Galileei
2630 1590 2733 1656 per
2758 1583 2903 1656 illud
2925 1589 3160 1657 tempus
3186 1585 3399 1656 dogma
3420 1582 3611 1638 adhuc
3627 1581 3705 1637 vi-

2061 1674 2251 1747 gebat,
2275 1677 2332 1729 et
2355 1673 2607 1729 habebat
2622 1673 2907 1745 plurimos
2922 1678 3260 1743 sectatores,
3275 1673 3445 1744 cujus
3457 1673 3583 1727 etin
3599 1676 3706 1726 Ac-

2058 1762 2216 1819 tibus
2246 1762 2642 1835 apostolorum
2678 1764 2742 1818 fit
2774 1763 3009 1830 mentio,
3044 1763 3347 1835 Scriptura
3375 1762 3658 1817 referente
3685 1776 3697 1815 :

294 1849 421 1906 ﬁeri
451 1848 666 1921 poterit
694 1866 763 1905 ex
792 1865 859 1905 eo
890 1850 1046 1922 quod
1076 1849 1194 1905 ait:
1256 1850 1454 1906 Mulier
1502 1852 1652 1905 enim
1701 1866 1770 1905 ex
1806 1851 1944 1919 viro,
1976 1881 2024 1946 B
2056 1853 2191 1908 Ante
2211 1852 2305 1908 hos
2333 1854 2483 1907 enim
2510 1852 2625 1908 dies
2670 1855 2915 1909 surrexit
2959 1853 3209 1919 Theodas,
3258 1846 3479 1920 dicens,
3516 1866 3702 1923 quem-

289 1940 383 1995 vir
411 1954 537 1993 vero
564 1954 667 2010 per
684 1939 976 1995 mulierem
1014 1941 1060 2009 (l
1089 1940 1192 1995 Cor
1221 1956 1298 2007 x1,
1332 1938 1439 2010 12).
1471 1940 1541 1994 Et
1592 1937 1728 1994 alibi
1756 1956 1769 1994 :
1801 1941 1946 2009 Quia
1976 1937 2021 1946 “’
2053 1941 2175 1997 dam
2207 1958 2264 1996 se
2281 1957 2394 1996 esse
2416 1958 2715 2010 magnum:
2738 1943 2829 1997 cui
2850 1943 3089 2013 appositi
3107 1949 3235 1995 sunt
3258 1942 3368 1996 viri
3386 1941 3545 2011 quasi
3561 1956 3699 2011 qua-

290 2043 362 2084 ea:
388 2042 449 2082 eo
478 2032 531 2083 et
560 2043 660 2101 per
687 2043 813 2084 eum
860 2038 915 2083 et
954 2030 1014 2083 in
1068 2030 1183 2097 ipso
1239 2036 1367 2083 sunt
1423 2029 1609 2083 omnia
1660 2029 1832 2099 (Rom.
1860 2046 1940 2096 x1,

288 2116 402 2187 36).
437 2116 554 2172 Nec
587 2133 701 2173 non
735 2120 792 2172 et
819 2116 990 2184 illud,
1022 2118 1235 2173 Paulus
1263 2118 1537 2189 apostolus
1583 2134 1693 2172 non
1742 2118 1813 2172 ab
1843 2119 1941 2173 ho-

291 2205 558 2273 minibus,
581 2221 760 2279 neque
803 2222 902 2277 per
929 2205 1207 2262 hominem
1267 2205 1481 2279 (Galat.
1517 2225 1556 2277 ι,
1608 2208 1681 2278 1).
1732 2207 1942 2263 Existi-

293 2310 527 2350 mamus
557 2294 757 2367 itaque
787 2293 1186 2370 καταφρόνησιν
1235 2296 1306 2350 ad
1366 2299 1767 2367 contemptum
1817 2312 1946 2367 pro-

294 2382 423 2457 prie
452 2383 757 2455 pertinere,
790 2383 882 2439 vel
914 2400 1045 2440 cum
1080 2384 1215 2456 quis
1250 2384 1402 2440 inter
1429 2384 1746 2456 equuleum
1779 2383 1946 2440 lami-

298 2487 526 2544 nasque
543 2472 856 2541 distentus,
880 2473 1201 2529 contemnit
1225 2472 1507 2544 dolorem,
1534 2478 1592 2530 et
1610 2490 1712 2529 nec
1724 2473 1943 2545 judicia

300 2561 835 2630 comminationem,
869 2579 972 2619 nec
1020 2563 1459 2618 circumstantis
1509 2561 1707 2635 populi
1747 2562 1942 2618 iremi~

296 2657 424 2706 tum
468 2651 873 2724 pertimescit:
927 2652 1026 2707 sed
1085 2668 1188 2724 pro
1246 2652 1609 2708 confessione
1658 2652 1942 2725 martyrii,

295 2739 570 2796 universa
582 2739 873 2814 supplicia
891 2740 1213 2797 contemnit
1231 2745 1289 2797 et
1307 2742 1572 2814 despicit.
1588 2742 1629 2797 E
1652 2743 1941 2798 contrario

294 2831 493 2883 autem
516 2833 605 2885 est
630 2832 687 2886 et
708 2828 900 2885 malus
923 2833 1317 2903 contemptus,
1335 2831 1407 2886 de
1429 2847 1545 2903 quo
1570 2835 1628 2885 et
1649 2832 1937 2899 Habacuc,

295 2916 515 2989 Spiritu
548 2922 750 2973 sancto
779 2918 839 2973 in
870 2935 932 2974 se
958 2917 1255 2991 loquente,
1288 2923 1570 2975 testatur:
1609 2919 1787 2976 Videte
1807 2936 1939 2975 con-

294 3009 619 3078 temptores:
669 3015 720 3063 et
766 3009 1020 3079 inspicite
1050 3011 1067 3044 ¹
1112 3017 1166 3064 et
1212 3009 1590 3065 admiramini
1628 3010 1937 3078 mirabilia,

294 3100 352 3151 et
373 3094 767 3167 disperdimini
793 3099 1018 3165 (Habac.
1050 3114 1089 3165 ι,
1118 3099 1192 3164 5).
1227 3097 1403 3154 Juxta
1431 3098 1586 3170 quod
1640 3100 1710 3153 ad
1742 3099 1937 3153 Timo-

292 3183 502 3240 tbeum
533 3201 766 3257 quoque
786 3185 1073 3257 scriptum
1100 3184 1356 3242 diximus
1382 3204 1394 3242 :
1438 3188 1601 3243 Nemo
1630 3186 1941 3242 adolescen-

2053 2029 2350 2101 dringenta
2371 2032 2505 2102 (Act.
2539 2048 2590 2101 ν,
2623 2032 2711 2101 36)
2738 2049 2751 2098 ;
2786 2034 2863 2100 et,
2894 2039 3034 2101 post,
3060 2031 3208 2085 hunc
3235 2031 3482 2085 surrexit
3499 2031 3559 2083 in
3579 2028 3694 2084 die-

2055 2118 2152 2174 bus
2180 2136 2371 2175 census
2398 2120 2575 2175 Judas
2600 2120 2868 2176 Galilscus
2893 2119 3052 2191 (Ibid.
3077 2120 3166 2190 37)
3184 2136 3203 2173 :
3257 2118 3357 2190 qui
3408 2118 3558 2172 inter
3586 2133 3695 2173 ca:-

2052 2212 2175 2263 tera
2196 2208 2303 2263 hoc
2324 2207 2493 2280 quasi
2517 2207 2813 2279 probabile
2844 2209 3173 2280 proferebat
3198 2225 3266 2263 ex
3285 2206 3432 2279 lege,
3465 2204 3693 2262 nullum

2054 2297 2261 2353 debere
2293 2296 2607 2352 Dominum
2640 2296 2750 2351 nisi
2783 2296 2975 2352 solum
3013 2299 3192 2352 Deum
3242 2294 3470 2351 vocari:
3513 2299 3570 2350 et
3598 2311 3697 2351 eos

2053 2385 2155 2458 qui
2183 2387 2256 2441 ad
2291 2385 2575 2457 templum
2610 2386 2866 2440 decimas
2896 2386 3207 2453 deferrent,
3240 2383 3445 2439 Caesari
3478 2383 3702 2438 tributa

2054 2491 2167 2529 non
2200 2474 2457 2529 reddere.
2491 2476 2624 2540 Quae
2656 2474 2895 2529 haeresis
2928 2474 2984 2528 in
3040 2477 3273 2529 tantum
3323 2474 3598 2539 creverat,
3631 2474 3698 2526 ut

2053 2563 2225 2618 etiam
2260 2563 2688 2619 Pharisaeorum
2719 2567 2775 2618 et
2808 2562 3053 2617 multam
3088 2567 3311 2634 partem
3335 2560 3535 2633 populi
3557 2576 3696 2615 con-

2052 2653 2353 2707 turbaret:
2387 2651 2470 2707 ita
2501 2658 2567 2707 ut
2597 2653 2668 2707 ad
2698 2652 3013 2707 Dominum
3047 2668 3279 2724 quoque
3311 2654 3578 2706 nostrum
3610 2666 3698 2705 re—

2051 2742 2300 2797 ferretur
2328 2741 2446 2796 haec
2479 2741 2759 2813 quaestio:
2793 2744 2941 2798 Licet
2989 2742 3199 2797 Caesari
3244 2740 3382 2795 dare
3422 2739 3697 2793 tributum

2050 2848 2124 2886 an
2152 2848 2263 2886 non
2293 2831 2479 2899 (Matii.
2528 2848 2664 2901 xxn,
2700 2832 2787 2903 17)
2808 2835 2831 2881 ?
2861 2830 3083 2897 Quibus
3129 2829 3414 2884 Dominus
3436 2826 3697 2899 pruden-

2048 2922 2136 2975 ter
2165 2925 2446 2991 cauteque
2468 2920 2826 2989 respondens
2848 2919 2929 2974 ait
2950 2936 2962 2973 :
2980 2918 3207 2973 Reddite
3225 2932 3353 2987 quae
3367 2925 3495 2971 sunt
3510 2919 3690 2972 Casa-

2049 3011 2128 3065 ris
2159 3011 2382 3079 Caisari,
2408 3013 2461 3063 et
2490 3023 2616 3080 qtae
2643 3016 2771 3061 sunt
2794 3009 2905 3076 Dei,
2949 3012 3059 3062 Deo
3090 3007 3282 3078 (Ibid.,
3310 3007 3422 3077 21).
3458 3004 3563 3059 Cui
3596 3021 3686 3059 re-

2049 3098 2351 3171 sponsioni
2385 3097 2602 3152 Paulus
2630 3096 2929 3168 apostolus
2960 3112 3307 3167 congruens,
3341 3095 3509 3151 docet
3531 3093 3689 3166 prin-

2051 3187 2343 3260 cipatibus
2399 3191 2458 3241 et
2516 3185 2899 3257 potestatibus
2955 3186 3257 3240 credentes
3303 3185 3511 3240 debere
3566 3198 3696 3239 esse
3796 3250 3807 3263 λ

291 3274 431 3329 tiam
459 3247 611 3329 tuam
638 3247 952 3330 contemnat
977 3275 1026 3347 (Ι
1051 3276 1198 3333 Tim.
1251 3292 1331 3345 Iv,
1390 3275 1499 3346 12),
1550 3275 1605 3330 id
1660 3279 1767 3347 est,
1798 3274 1940 3331 Nolo
1971 3247 2014 3313 Ω
2053 3247 2369 3349 subjectos,
2402 3247 2589 3347 ’Δρέαὶ
2623 3274 2840 3347 quippe
2888 3291 3014 3345 quae
3062 3274 3339 3346 leguntur
3383 3272 3445 3328 in
3476 3273 3692 3342 Greco,

291 3366 352 3417 te
382 3360 556 3417 talem
586 3362 861 3421 exhibeas
895 3367 959 3419 ut
989 3363 1181 3435 possis
1212 3365 1285 3420 ab
1321 3362 1515 3437 aliquo
1568 3364 1774 3419 merito
1804 3381 1944 3420 con-

294 3450 505 3506 temni.
538 3449 935 3528 Ηεριφρόνησις
965 3456 1161 3508 autem
1194 3451 1338 3508 illud
1370 3456 1562 3522 sonat,
1585 3453 1739 3508 sicut
1766 3452 1942 3508 Stoici

294 3545 493 3595 tamen
521 3544 816 3608 asserunt,
850 3540 952 3614 qui
982 3540 1357 3614 distinguunt
1381 3541 1535 3597 inter
1560 3543 1735 3598 verba
1764 3542 1946 3598 subti-

293 3625 448 3696 liter,
471 3645 605 3685 cum
636 3630 736 3703 qui
768 3630 1070 3686 confidens
1092 3630 1205 3685 sibi
1226 3647 1288 3687 se
1317 3630 1430 3687 alio
1460 3646 1588 3687 esse
1618 3631 1943 3697 meliorem,

295 3717 549 3789 despicit
576 3734 709 3774 eum
743 3734 916 3791 quem
947 3719 1280 3775 inferiorem
1312 3723 1502 3792 putat,
1534 3724 1590 3775 et
1638 3737 1834 3792 super,
1885 3721 1942 3775 id

294 3810 384 3862 est
413 3806 572 3879 plus,
628 3809 886 3881 sapiens,
935 3807 1310 3865 humiliorem
1359 3809 1656 3865 existimat
1699 3810 1943 3883 dignum

293 3911 425 3952 esse
453 3900 814 3969 contemptu.
847 3894 983 3952 Tale
1035 3898 1178 3969 quid
1229 3897 1628 3954 intumescens
1658 3899 1944 3971 superbiai

291 3984 571 4051 vanitate,
632 3987 691 4040 et
734 3984 948 4041 coelum
1000 3986 1197 4058 ipsum
1260 3985 1562 4058 solemque
1613 3986 1945 4059 despiciens

292 4074 451 4147 apud
483 4072 711 4130 Graecos
740 4074 980 4147 quidam
1039 4074 1259 4130 dixisse
1316 4074 1697 4131 deluditur':
1757 4075 1944 4151 ’Δερο-

293 4156 449 4216 ϐατῶ
479 4161 569 4215 καὶ
598 4165 913 4240 περιφρονῶ
970 4162 1062 4216 τὸν
1123 4159 1307 4232 ἥλιον,
1368 4165 1523 4235 quod
1584 4181 1689 4221 nos
1742 4164 1944 4221 Latine

291 4267 617 4325 possumus
646 4250 860 4318 dicere,
894 4252 1109 4308 Scando
1137 4268 1235 4324 per
1290 4268 1494 4324 aerem,
1554 4257 1605 4309 et
1648 4255 1831 4326 pluris
1860 4271 1946 4310 me

292 4342 430 4396 noui
450 4355 568 4396 esse
603 4356 769 4413 quam
800 4342 989 4397 solem.
1025 4334 1423 4418 Περιφρόνησις
1450 4358 1607 4415 ergo,
1640 4360 1766 4415 quae
1791 4360 1945 4399 nunc

295 4428 371 4486 ad
391 4428 593 4485 Titum
616 4429 872 4501 ponitur,
907 4428 1074 4485 illum
1106 4445 1343 4486 sensum
1367 4429 1580 4487 habet:
1636 4431 1817 4487 Nemo
1847 4449 1944 4488 eo-

294 4535 429 4573 rum
462 4517 562 4589 qui
594 4516 654 4573 in
685 4518 957 4575 Ecclesiis
987 4523 1150 4585 sunt,
1206 4522 1263 4575 te
1312 4520 1571 4593 segniter
1622 4526 1829 4593 agente
1860 4521 1943 4577 sic

2054 3364 2241 3437 magis
2265 3365 2610 3435 principatus
2642 3379 2813 3433 quam
2835 3365 3110 3434 princzpes
3140 3366 3352 3417 sonant
3378 3378 3390 3416 :
3425 3365 3483 3417 et
3506 3361 3696 3434 ipsam

2054 3454 2391 3527 significant
2438 3456 2807 3523 potestatem,
2861 3470 2975 3507 non
3027 3468 3125 3507 eos
3169 3451 3272 3522 qui
3324 3451 3381 3505 in
3415 3453 3699 3523 potestate

2054 3547 2194 3600 sunt
2224 3542 2511 3598 homines.
2536 3542 2645 3596 Sed
2678 3540 2818 3612 quia
2846 3541 3089 3611 dixerat,
3122 3541 3360 3596 Admone
3399 3541 3521 3595 illos
3544 3534 3704 3612 prin}

2052 3632 2329 3705 cipatibus
2357 3634 2407 3686 et
2453 3632 2804 3703 potestatibus
2850 3629 3089 3685 subditos
3130 3645 3275 3685 esse:
3330 3633 3559 3701 poterat
3606 3628 3700 3684 his

2053 3721 2154 3792 qui
2176 3723 2463 3776 tormenta
2486 3719 2822 3783 formidant,
2842 3719 3067 3773 occasio
3083 3718 3152 3773 ad
3176 3719 3511 3790 negandum
3535 3718 3695 3773 dari:

2044 3811 2217 3883 juxta
2239 3808 2496 3880 Apostoli
2525 3807 2744 3862 dictum
2763 3824 2824 3863 se
2846 3813 3175 3863 assererent
3194 3806 3622 3879 principatibus
3644 3810 3701 3863 et

2053 3898 2440 3971 potestatibus
2470 3914 2598 3953 esse
2629 3897 2944 3967 subjectos,
2978 3902 3035 3952 et
3080 3896 3271 3959 facere
3321 3897 3477 3968 quod
3519 3894 3699 3966 jube-

2054 3992 2217 4055 rent;
2271 3991 2572 4059 propterea
2621 3985 2906 4056 subjecit:
2960 3983 3192 4040 0bedire
3245 3984 3323 4039 ad
3378 3999 3538 4038 omne
3566 3999 3699 4054 opus

2056 4078 2278 4132 bonum.
2311 4074 2368 4129 Si
2401 4074 2619 4130 bonum
2652 4079 2741 4129 est
2767 4074 2924 4145 quod
2977 4072 3238 4144 praecipit
3286 4071 3605 4143 imperator
3642 4074 3700 4125 et

2053 4181 2289 4237 praeses,
2307 4163 2569 4234 jubentis
2604 4163 2926 4233 obsequere
2961 4159 3257 4215 voluntati.
3288 4159 3389 4214 Sin
3412 4174 3545 4215 vero
3576 4176 3699 4215 ma-

2052 4257 2198 4321 lum,
2231 4257 2288 4308 et
2336 4255 2539 4308 contra
2586 4251 2770 4306 Deum
2816 4249 3003 4321 sapit:
3057 4248 3409 4320 respondeei
3455 4247 3597 4304 illud
3628 4249 3701 4304 de

2053 4342 2294 4397 Actibus
2339 4339 2777 4412 apostolorum:
2828 4337 3064 4394 Oberlirc
3108 4342 3319 4408 oportet
3377 4338 3483 4393 Deo
3526 4340 3702 4410 magis

2054 4448 2220 4502 quam
2247 4430 2562 4486 hominibus
2594 4429 2731 4498 (Act.
2769 4445 2821 4493 ν,
2854 4428 2965 4498 29).
3000 4430 3119 4481 Hoc
3140 4426 3332 4498 ipsum
3357 4430 3413 4482 et
3434 4427 3504 4482 de
3520 4427 3701 4483 servis

2054 4518 2453 4591 intelligamus
2484 4517 2637 4588 apud
2671 4516 2964 4584 dominos,
3016 4519 3072 4570 et
3120 4515 3191 4569 de
3238 4514 3519 4571 uxoribus
3545 4516 3702 4587 apud

298 4605 475 4672 vivat,
509 4610 575 4662 ut
604 4623 665 4663 se
695 4610 860 4679 putet
888 4616 1017 4664 ease
1048 4606 1374 4665 meliorem.
1408 4607 1607 4675 Qualis
1628 4609 1784 4664 enim
1816 4610 1946 4665 zedi-
1975 4619 2023 4684 D
2054 4608 2228 4674 viros,
2262 4612 2316 4662 et
2350 4608 2420 4662 de
2452 4605 2591 4660 filiis
2622 4606 2777 4677 apud
2811 4608 3100 4676 parentes,
3135 4605 3291 4675 quod
3322 4603 3381 4658 in
3421 4602 3538 4659 illis
3568 4608 3699 4659 tan-

297 4693 495 4750 ﬁcatio
526 4695 638 4750 erit
666 4695 958 4768 discipuli,
991 4695 1041 4751 si
1073 4712 1134 4751 se
1163 4695 1454 4768 intelligat
1496 4696 1776 4770 magistro
1819 4714 1948 4755 esse

294 4784 583 4855 majorem
604 4783 811 4840 ‘tUnde
841 4801 955 4840 non
989 4784 1178 4841 solum
1209 4786 1487 4857 episcopi,
1535 4786 1856 4858 presbyteri
1886 4792 1945 4841 et

292 4870 529 4928 diaconi
558 4871 771 4929 debent
828 4889 1178 4947 magnopere
1208 4872 1510 4945 providere
1569 4878 1632 4928 ut
1669 4879 1943 4929 cunctum

292 4958 584 5033 populum
616 4961 708 5017 cui
733 4960 1067 5034 praesident,
1096 4961 1534 5018 conversatione
1561 4966 1617 5018 et
1638 4979 1905 5019 sermone
1924 4965 1946 4997 ³

290 5048 664 5120 precedent:
698 5066 902 5106 verum
936 5055 993 5106 et
1051 5050 1291 5107 inferior
1345 5051 1584 5124 gradus,
1625 5052 1942 5121 exorcistaz,

368 5174 382 5208 ¹
416 5177 664 5248 Deerant
681 5191 857 5248 penes
881 5174 1285 5248 Martianaaum
1307 5175 1479 5231 verba
1498 5175 1943 5246 etadmiramini,

290 5261 426 5317 qua:
457 5261 592 5319 cum
622 5245 697 5301 in
714 5245 846 5302 aliis
878 5246 1070 5319 libris,
1102 5251 1227 5302 tum
1262 5248 1551 5319 praecipue
1583 5248 1753 5319 inea
1783 5252 1941 5311 sunt,

336 5332 418 5372 ua
463 5316 861 5391 Hieronymus
929 5318 1116 5373 utitur
1167 5316 1281 5370 τῶν
1339 5316 1467 5372 LXX
1525 5318 1810 5385 versione,
1854 5319 1941 5371 καὶ

326 5387 606 5458 αυμάσατε
633 5387 731 5443 Octo
742 5388 929 5459 μάσια,
962 5393 1070 5445 etc.

339 5457 782 5585 1:IStrepsiades
803 5460 961 5533 apud
979 5459 1433 5532 Aristophanem
1450 5460 1508 5515 in
1524 5457 1744 5537 Νὲφελη
1769 5475 1944 5515 scena

391 5546 531 5585 ima.

291 5546 531 5588 umma.

365 5601 390 5636 ⁸
420 5600 732 5674 Victorius,
753 5602 1187 5674 conversatione,
1215 5617 1462 5674 sermone
1486 5619 1551 5658 ac
1577 5601 1828 5666 scientia,
1853 5617 1940 5657 re-

289 5673 495 5731 stituit
523 5675 597 5732 ad
627 5671 939 5733 lectionem
991 5671 1253 5730 Gratiani
1288 5690 1412 5744 VIII,
1444 5690 1503 5745 q.
1539 5676 1590 5746 1,
1644 5689 1770 5745 cap.
1804 5674 1942 5741 Qua-

2056 4702 2183 4753 tum
2208 4697 2460 4751 debeant
2491 4694 2767 4763 dominis,
2794 4693 2956 4762 viris,
2990 4693 3330 4765 parentibus
3382 4708 3511 4749 esse
3546 4693 3698 4748 780

2055 4785 2326 4857 subjecti,
2360 4802 2487 4857 qua:
2518 4787 2721 4838 contra
2752 4781 2852 4837 Dei
2898 4780 3176 4836 mandata
3222 4796 3341 4835 non
3389 4779 3629 4835 veniunt
3653 4781 3695 4835 ⁸.

2056 4873 2219 4940 Quod
2252 4889 2385 4928 vero
2408 4873 2677 4941 sequitur
2701 4912 2713 4925 .
2750 4876 2980 4926 Paratas
3008 4886 3121 4925 esse
3163 4868 3474 4941 dupliciter
3502 4868 3697 4942 legen-

2057 4963 2219 5028 dum,
2243 4967 2304 5017 ut
2332 4961 2417 5015 vel
2447 4960 2857 5031 subaudiatur,
2892 4960 2963 5013 ad
2994 4975 3165 5014 omne
3187 4974 3334 5030 opus
3356 4958 3574 5013 bonum
3598 4975 3699 5031 pa-

2056 5056 2213 5108 ratos
2246 5049 2529 5107 essezvel
2583 5053 2737 5105 certe
2788 5066 2919 5103 cum
2979 5047 3383 5119 superioribus
3433 5047 3701 5120 copulato

2057 5177 2168 5254 lis;
2220 5174 2537 5254 suliditquc
2588 5172 2668 5226 ibi
2718 5171 2870 5254 ultra
2918 5171 3184 5254 aedituos,
3238 5187 3386 5241 quos
3428 5170 3702 5254 custodes

2055 5247 2270 5301 aedium
2302 5241 2617 5300 Gratianus
2639 5248 2821 5309 vocat,
2850 5243 3203 5297 nicnlionem
3229 5258 3458 5313 quoque
3482 5241 3605 5297 fieri
3629 5243 3701 5298 de

2055 5316 2359 5389 acolythis.
2399 5317 2512 5371 lloc
2545 5332 2677 5370 vero
2714 5316 2858 5389 satis
2888 5316 3119 5389 abunde
3139 5320 3374 5389 erat,_ut
3395 5313 3703 5386 interpola-

2054 5359 2248 5444 tumJa
2276 5388 2555 5443 Gratiano
2587 5390 2806 5441 textum
2835 5386 2891 5441 S.
2930 5385 3114 5439 Patris
3146 5359 3509 5451 intelligeret.

2122 5462 2143 5494 ⁴
2174 5459 2550 5515 Cistcnciens.
2586 5475 2753 5524 niss.,
2784 5474 2891 5512 non
2915 5462 3161 5529 fuerant,
3212 5463 3268 5513 et
3318 5474 3473 5524 mox,
3513 5456 3697 5528 dupli-

2050 5534 2193 5612 citer
2213 5530 2657 5612 intelligendum,
2688 5546 2788 5612 pro
2816 5531 3123 5612 tegentium.

2122 5605 2141 5636 ⁵
2166 5603 2282 5657 Alii
2315 5600 2478 5670 editi,
2516 5603 2571 5655 in
2602 5600 2788 5657 animo
2817 5600 3189 5689 prae/igerent.
