4066 6190
382 357 497 424 627

1635 354 1699 417 S.
1747 353 2057 419 EUSEBII
2106 354 2548 424 HIERONYMI

3640 355 3735 429 628

385 496 495 552 hoc
523 493 679 565 quod
719 492 819 559 ait,
851 490 1068 549 obedire
1096 491 1168 547 ad
1196 506 1352 547 omne
1379 506 1511 562 opus
1543 492 1766 559 bonum,
1797 495 1857 547 et
1892 490 2038 547 huc-
2067 491 2122 558 Α
2150 506 2286 547 vera
2306 496 2362 548 et
2389 493 2645 565 genuina
2692 497 2750 551 et
2796 491 2983 550 solida
3021 492 3428 562 mansuetudo,
3469 493 3642 553 nescio
3676 514 3738 555 an

388 601 575 655 usque
633 581 821 651 finito,
881 581 1049 652 quasi
1109 581 1264 636 aliud
1324 581 1624 653 proprium
1683 584 1740 635 et
1787 580 2036 652 speciale

387 677 746 746 praeceptum
776 672 875 741 sit,
923 674 1149 743 paratos
1197 688 1330 737 esse,
1376 672 1545 742 juxta
1596 670 1740 726 illud
1791 671 1946 742 quod
1978 671 2036 725 in

388 762 638 818 Levitico
669 761 955 832 scriptum
983 764 1105 815 est:
1142 761 1365 814 Hirrum
1411 762 1506 831 qui
1559 761 1829 815 emittitur
1867 760 2039 815 male-

391 852 550 908 dicta
597 851 792 920 populi
838 851 1216 916 sustinentem,
1266 849 1418 903 tradi
1458 850 1517 904 in
1562 866 1757 904 manus
1805 850 2041 904 hominis

386 942 578 1013 parati
609 941 797 1011 (Leuit.
827 956 938 994 XVI.
974 939 1085 1009 21).
1120 938 1179 993 Si
1211 939 1344 1010 quis
1376 954 1511 1009 ergo
1542 943 1782 1010 paratus
1833 942 1941 1003 est,
1979 941 2043 993 ut

397 1030 787 1101 ἀποπομπαῖνιν
822 1032 1035 1097 teneat,
1072 1033 1128 1083 et
1147 1029 1355 1083 educat
1384 1029 1492 1099 [AL
1550 1028 1824 1099 deducat]
1872 1027 2040 1082 illum

396 1120 456 1175 in
487 1121 808 1186 desertum,
841 1123 897 1172 et
929 1117 1003 1171 ibi
1039 1133 1172 1171 eum
1206 1117 1525 1188 disperdat,
1557 1122 1614 1172 et
1661 1124 1947 1187 quantum
1981 1118 2043 1171 in

399 1226 462 1265 se
492 1213 601 1274 est,
634 1214 788 1263 sorte
820 1205 1246 1262 maledictionis
1280 1206 1640 1273 exterminat,
1675 1205 1728 1261 is
1755 1223 1884 1261 cum
1910 1206 2044 1261 obe-

402 1298 590 1365 dierit,
626 1297 787 1353 omni
819 1296 975 1369 operi
1009 1297 1162 1351 bono
1193 1295 1370 1351 etiam
1404 1299 1642 1366 paratus
1692 1296 1820 1350 erit.
1853 1296 2049 1350 Potest

403 1392 599 1443 autem
632 1391 685 1442 et
716 1386 884 1441 aliter
914 1385 1116 1456 accipi,
1149 1389 1373 1455 paratos
1401 1400 1550 1439 esse:
1582 1388 1646 1438 ut
1675 1384 1873 1439 omnia
1898 1400 2050 1455 quae~

404 1493 634 1548 cunque
655 1476 882 1532 evenire
903 1479 1167 1546 possunt,
1196 1474 1307 1529 sibi
1324 1474 1381 1527 in
1398 1463 1592 1528 animo
1609 1474 2046 1543 praefigurent‘:

405 1572 628 1622 etcum
659 1563 992 1627 acciderint,
1028 1562 1171 1617 nihil
1220 1562 1387 1633 quasi
1440 1579 1651 1616 novum
1702 1561 2050 1628 sustineant,

406 1656 507 1710 sed
542 1654 624 1710 eis
658 1657 983 1726 praeparata
1036 1651 1156 1707 sint
1203 1632 1419 1706 omnia.
1471 1651 1755 1706 Neminem
1798 1666 2051 1722 quoque,

410 1745 804 1815 btasphcmare,
834 1759 945 1796 non
998 1739 1342 1812 simpliciter
1396 1740 1701 1812 accipitur.
1750 1740 1864 1797 Nec
1894 1739 2051 1795 enim

2145 597 2278 636 eum
2313 598 2440 638 esse
2469 588 2845 639 mansuetum
2881 580 3068 655 pessit
3110 583 3382 639 omnibus
3424 586 3738 655 persuaderi.

2218 671 2380 742 (Vers
2410 673 2443 727 3
2474 672 2658 744 seqq.)
2689 695 2718 722 ‹‹
2751 673 2994 728 Fuimus
3024 671 3182 727 enim
3234 671 3530 744 aliquando
3577 678 3627 729 et
3653 692 3743 733 nos

2148 760 2332 828 stulti,
2364 761 2784 829 inobedientes,
2817 765 3099 826 errantes,
3146 763 3451 817 servientes
3478 762 3746 820 desideriis

2149 855 2208 906 et
2236 850 2634 922 voluptatibus
2655 850 2857 919 variis,
2882 851 2940 905 in
2967 848 3195 905 malitia
3211 854 3266 906 et
3292 850 3352 906 in
3378 849 3582 906 invidia
3599 867 3746 924 agen-

2148 943 2258 1005 tes,
2291 939 2502 1005 odiosi,
2535 940 2797 996 odientes
2827 939 3195 995 alterutrum.
3229 938 3370 995 Cum
3402 943 3584 994 autem
3611 939 3751 994 boni-

2149 1031 2241 1084 tas
2271 1031 2328 1083 et
2354 1028 2698 1084 humanitas
2730 1027 2923 1084 illuxit
2951 1027 3271 1084 Salvatoris
3301 1027 3477 1083 nostri
3502 1028 3625 1083 Dei:
3657 1043 3753 1083 non

2153 1132 2222 1172 ex
2252 1116 2530 1189 Operibus
2552 1117 2824 1187 justitiae,
2857 1133 2984 1188 qua
3019 1117 3265 1173 fecimus
3296 1133 3404 1173 nos
3426 1135 3440 1185 ;
3465 1116 3560 1172 sed
3577 1132 3758 1172 secun~

2155 1206 2296 1261 dum
2329 1206 2789 1262 misericordiam
2824 1222 2991 1262 suam
3042 1205 3288 1262 salvavit
3337 1222 3462 1269 nos,
3507 1220 3602 1276 per
3627 1204 3758 1259 lava-

2156 1311 2321 1350 crum
2341 1295 2798 1365 regenerationis
2815 1299 2871 1351 et
2893 1293 3286 1350 renovationis
3308 1293 3558 1365 Spiritus
3576 1294 3756 1361 sancti,

2158 1400 2331 1456 quem
2362 1384 2563 1439 eil‘udit
2597 1401 2773 1457 super
2804 1402 2909 1440 nos
2940 1383 3246 1456 opulenter
3277 1399 3382 1456 per
3406 1382 3598 1438 Jesum
3627 1380 3762 1436 Chri-

2160 1478 2315 1529 stum
2339 1473 2691 1529 Salvatorem
2717 1477 3005 1538 nostrum,
3022 1477 3086 1528 ut
3099 1471 3408 1544 justiﬁcati
3426 1470 3577 1527 illius
3589 1470 3763 1543 gratia,

2161 1561 2419 1618 haeredes
2446 1562 2775 1618 efﬁciamur
2799 1563 3128 1618 secundum
3159 1577 3326 1634 spem
3356 1561 3481 1615 vitae
3503 1563 3723 1615 aeternae.
3743 1579 3765 1607 υ

2161 1655 2389 1719 Quaerat
2413 1652 2631 1725 aliquis
2653 1653 2945 1725 quomodo
2978 1651 3199 1708 Paulus
3231 1650 3407 1707 fuerit
3448 1648 3670 1715 stultus,
3697 1647 3767 1703 in-

2163 1741 2455 1813 credulus,
2488 1758 2711 1809 errans,
2752 1747 2818 1797 et
2866 1741 3124 1797 serviens
3173 1740 3353 1796 variis
3401 1736 3687 1795 desideriis
3727 1738 3779 1792 et"

410 1833 510 1899 ait,
535 1831 828 1887 neminem
852 1830 1148 1886 hominem
1172 1829 1578 1901 blasphemare
1604 1846 1616 1885 :
1640 1830 1739 1885 sed
1763 1827 2051 1897 absolute,
2085 1860 2133 1924 B
2161 1829 2560 1903 voluptatibus
2592 1830 2648 1886 in
2684 1830 2927 1897 malitia,
2962 1835 3018 1886 et
3049 1829 3109 1885 in
3160 1829 3404 1899 invidia,
3453 1827 3692 1892 odiosus,
3727 1827 3775 1881 et

411 1921 705 1978 neminem
762 1937 873 1975 non
928 1919 1226 1991 angelum,
1281 1936 1395 1975 non
1439 1918 1697 1991 aliquam
1730 1922 2055 1973 creaturam

415 2010 534 2066 Dei.
567 2009 775 2067 Omnia
805 2010 1020 2082 quippe
1071 2026 1198 2081 quae
1250 2025 1283 2063 a
1330 2009 1443 2064 Deo
1495 2009 1643 2063 facta
1692 2011 1850 2070 sunt,
1891 2006 2058 2062 valde

412 2101 567 2157 bona
588 2104 744 2156 sunt.
778 2099 1010 2172 Quando
1041 2097 1276 2153 Michael
1303 2099 1666 2165 archangelus
1693 2114 1817 2152 cum
1845 2097 2058 2152 diabolo

413 2190 727 2263 disputabat
774 2188 837 2243 de
887 2189 1070 2260 Moysi
1095 2204 1340 2257 corpore,
1372 2203 1485 2242 non
1511 2189 1626 2258 fuit
1654 2204 1824 2243 ausus
1853 2191 2060 2258 inferre

402 2279 685 2349 judicium
734 2277 1081 2349 blasphemiae
1130 2276 1221 2331 sed
1268 2275 1430 2341 dixit,
1476 2275 1705 2346 imperet
1762 2279 1867 2333 tibi
1920 2278 2060 2332 Deus

414 2366 599 2438 (Iudae
625 2367 702 2434 9).
737 2366 794 2421 Si
832 2365 1011 2437 igitur
1040 2364 1282 2419 Michael
1319 2382 1433 2419 non
1467 2364 1576 2419 fuit
1601 2382 1783 2421 ausus
1806 2364 2056 2434 diabolo,

413 2458 471 2509 et
497 2458 651 2509 certe
684 2452 1091 2507 maledictione
1123 2452 1491 2524 dignissimo,
1515 2452 1809 2523 judicium
1846 2453 2061 2508 inferre

413 2542 793 2614 blasphemiae
821 2558 833 2597 :
870 2545 1087 2611 quanto
1119 2540 1306 2611 magis
1339 2558 1443 2595 nos
1476 2543 1547 2596 ab
1569 2542 1727 2596 omni
1753 2541 2059 2598 maledicto

415 2631 546 2704 puri
561 2647 689 2687 esse
701 2630 1021 2687 debemus?
1034 2629 1642 2685 Merebaturdiabolus
1658 2630 2057 2686 maledictum:

418 2721 521 2778 sed
556 2737 657 2793 per
685 2718 1023 2791 archangeli
1044 2735 1109 2774 os
1130 2717 1498 2790 blasphemia
1520 2718 1674 2774 exire
1697 2736 1809 2775 non
1835 2719 2058 2775 debuit.

417 2809 627 2882 Relege
657 2812 880 2865 veteres
909 2807 1111 2879 libros,
1144 2813 1199 2863 et
1230 2808 1358 2863 vide
1389 2824 1514 2879 quae
1546 2808 1736 2863 tribus
1780 2808 1838 2862 in
1871 2810 2064 2863 mente

420 2899 651 2955 Garizin
685 2897 1017 2954 constitutae
1050 2897 1187 2966 sint,
1222 2901 1287 2951 ut
1316 2896 1722 2952 benedicerent
1751 2896 1987 2969 populo,
2010 2900 2067 2951 et

419 3005 548 3059 quas
584 2989 644 3043 in
695 2993 891 3044 monte
940 2987 1142 3055 altero,
1189 2992 1254 3042 ut
1297 2986 1712 3042 maledicerent
1758 2987 1934 3059 (Deut.
1985 3003 2063 3054 x1,

424 3079 514 3148 29)
548 3078 774 3145 Ruben,
808 3078 909 3149 qui
941 3076 1336 3132 maculaverat
1363 3076 1599 3131 thorum
1633 3075 1890 3147 parentis
1912 3075 2063 3143 (Gen.

421 3184 550 3235 xxv,
582 3168 694 3237 22),
729 3171 787 3221 et
835 3165 1091 3221 Zabulon
1135 3165 1492 3222 novissimus
1541 3164 1698 3221 filius
1744 3166 1855 3220 Lis:
1904 3164 2065 3233 (Ibid.

423 3228 547 3323 23),,
571 3259 629 3309 et
658 3228 1025 3309 (ancillarum
1075 3254 1241 3309 liberi
1299 3254 1453 3323 (Gen,
1502 3271 1666 3321 xxxv,
1718 3256 1808 3319 25,
1856 3228 1968 3325 26),
2011 3254 2069 3308 in
2103 3228 2145 3295 C

424 3349 621 3400 monte
673 3343 851 3399 chal
886 3344 991 3414 (Al.
1026 3342 1191 3413 Eliel)
1238 3346 1555 3414 ponuntur,
1609 3347 1674 3397 ut
1723 3342 2075 3398 maledicunt

421 3435 506 3489 eis
538 3434 639 3505 qui
673 3432 1080 3488 maledictione
1112 3435 1253 3486 sunt
1282 3431 1443 3503 digni
1497 3432 1673 3503 (Deut.
1706 3448 1906 3496 xxvm,
1960 3431 2070 3502 13).

425 3523 691 3593 Longum
725 3520 899 3576 estsi
946 3537 1102 3575 nunc
1150 3536 1485 3575 enumerem
1537 3520 1828 3591 quomodo
1871 3520 2070 3586 Jacob,

426 3609 526 3681 qui
559 3610 631 3663 ad
664 3608 1127 3664 benedictionem
1177 3612 1479 3663 vocaverat
1524 3607 1673 3662 filios
1732 3607 1970 3663 dicens:
2010 3609 2076 3665 Ut

429 3699 744 3754 benedicam
774 3698 923 3753 vobis
978 3698 1132 3768 (Gen.
1193 3714 1345 3768 κως,
1406 3697 1481 3768 4),
1543 3700 1743 3768 postea
1798 3697 1967 3768 quasi
2014 3696 2072 3751 in

427 3786 832 3842 benedictione
891 3785 1201 3855 consociet,
1271 3786 1599 3840 maledictus
1653 3787 1811 3855 furor
1864 3802 2072 3856 eorum,

427 3878 560 3948 quia
590 3891 800 3946 procare
831 3874 993 3943 (Ibid.
1026 3876 1124 3945 7):
1156 3879 1211 3929 et
1247 3874 1369 3945 ipse
1398 3874 1681 3929 Dominus
1711 3873 1987 3945 loquatur
2015 3873 2073 3928 in

427 3965 676 4021 Genesi:
710 3964 998 4020 Maledicta
1048 3972 1197 4019 terra
1236 3965 1296 4018 in
1344 3965 1600 4034 aperibus
1648 3964 1759 4018 tuis
1787 3963 1954 4033 (Gen._
1990 3979 2075 4031 ιιι,

428 4055 539 4125 17).
574 4058 692 4109 Hoc
725 4070 880 4108 nunc
910 4056 1140 4107 tantum
1174 4052 1392 4108 dixisse
1424 4052 1699 4117 sufﬁciat,
1734 4053 1888 4122 quod
1922 4050 2075 4107 blas-

426 4143 706 4215 phemare
764 4141 975 4197 Christi
1052 4139 1373 4210 discipulos
1443 4156 1555 4195 non
1638 4144 1903 4212 oportet:
1972 4155 2077 4195 nec

428 4233 584 4301 quod
618 4230 874 4298 additur,
908 4246 1023 4285 esse
1053 4231 1335 4300 litigiosos.
1399 4231 1543 4285 731
1590 4229 1648 4284 Si
1681 4230 1837 4284 enim
1869 4245 2077 4284 sumus

429 4319 536 4375 ﬁlii
570 4321 755 4392 pacis,
790 4326 847 4375 et
867 4320 1139 4377 volumus
1161 4336 1338 4390 super
1361 4336 1466 4374 nos
1489 4334 1690 4390 pacem
1718 4317 2079 4389 requiescere

430 4410 581 4481 (Luc.
614 4427 669 4481 χ,
701 4410 778 4481 6),
810 4414 867 4465 et
897 4410 1253 4464 accessimus
1303 4409 1373 4463 ad
1422 4407 1751 4467 Jerusalem
1783 4407 2077 4463 caelestem

430 4499 615 4571 (Hebr.
649 4516 750 4565 xu,
782 4499 897 4570 22),
930 4515 1055 4570 qua:
1107 4514 1173 4553 ex
1217 4514 1357 4568 pace
1406 4513 1618 4552 nomen
1667 4495 1909 4568 accepit,
1944 4513 2078 4551 cum

2170 1921 2393 1987 odiens,
2424 1924 2739 1991 antequam
2773 1919 3092 1977 Salvatoris
3123 1915 3312 1974 nostri
3359 1917 3584 1973 bonitas
3628 1919 3775 1986 atque

2167 2008 2477 2065 clementia
2525 2026 2628 2081 per
2673 2008 2970 2064 lavacrum
3043 2008 3317 2064 secunda:
3362 2002 3775 2080 regenerationis

2169 2115 2300 2155 eum
2324 2097 2549 2155 salvum
2585 2098 2801 2153 faceret
2832 2115 2844 2152 :
2881 2114 2997 2153 non
3028 2113 3097 2153 ex
3107 2096 3356 2169 justitiae
3387 2095 3649 2167 operibus
3675 2107 3776 2163 qus

2168 2188 2403 2254 fecerat,
2438 2187 2538 2243 sed
2568 2204 2637 2243 ex
2657 2185 3062 2243 misericordia
3083 2202 3212 2250 sua,
3241 2186 3430 2241 eﬁ'uso
3450 2181 3779 2239 abundanter

2170 2282 2228 2334 et
2254 2276 2414 2349 large
2443 2293 2621 2347 super
2650 2275 2945 2348 apostolos
2968 2278 3145 2346 atque
3165 2275 3470 2330 credentes
3492 2289 3588 2344 per
3606 2270 3775 2326 Jesum

2168 2366 2464 2423 Christum
2497 2365 2719 2437 Spiritu
2749 2369 2989 2420 sancto:
3045 2369 3131 2433 ut,
3179 2363 3573 2419 haereditatem
3613 2356 3777 2432 gratis

2170 2455 2488 2521 consecuti,
2540 2470 2702 2526 spem
2756 2453 2886 2510 vitae
2930 2453 2990 2508 in
3033 2456 3387 2525 perpetuum
3428 2448 3774 2524 possiderent.

2169 2545 2237 2600 Et
2268 2549 2419 2600 certe
2449 2543 2700 2615 legimus
2730 2559 2862 2599 eum
2896 2542 3219 2599 secundum
3263 2540 3554 2613 justitiam
3594 2553 3706 2610 qua
3729 2533 3777 2588 in

2168 2632 2295 2705 lege
2326 2636 2417 2688 est
2463 2632 2590 2687 sine
2637 2630 2874 2703 querela
2922 2630 3104 2686 fuisse
3157 2629 3567 2686 circumcisum
3610 2631 3780 2681 octava

2171 2722 2265 2777 die
2294 2738 2307 2776 :
2332 2720 2636 2776 Hebraeum
2658 2737 2726 2776 ex
2748 2720 3025 2786 Hebrieis,
3048 2720 3379 2776 secundum
3408 2718 3587 2790 legem
3612 2710 3782 2770 Phari-

2174 2827 2379 2875 saaum,
2402 2810 2474 2865 de
2499 2809 2657 2864 tribu
2681 2809 2991 2881 Benjamin
3017 2806 3293 2880 (Philipp.
3319 2823 3402 2876 ιιι,
3425 2808 3502 2879 5).
3528 2804 3784 2863 eruditum

2177 2899 2249 2954 ad
2282 2898 2459 2970 pedes
2490 2896 2853 2968 Gamalielis,
2887 2902 2946 2952 et
2974 2897 3045 2953 ab
3076 2896 3335 2953 infantia
3374 2895 3551 2952 sacris
3592 2888 3787 2947 Litteris

2174 2987 2511 3043 institutum
2541 2986 2680 3057 (Act.
2697 2986 2932 3059 xxu,3).
2952 2986 3039 3041 Ad
3064 2985 3218 3057 quod
3244 2985 3642 3058 respondetur,
3665 2977 3789 3034 182

2175 3076 2410 3132 Judaeos
2436 3074 2538 3147 qui
2559 3079 2695 3131 ante
2716 3075 3034 3131 adventum
3065 3073 3297 3130 Salvato
3310 3075 3393 3129 ris
3420 3077 3478 3130 et
3506 3070 3798 3144 passionem

2182 3166 2331 3236 ejus,
2363 3169 2421 3220 et
2450 3164 2965 3235 resurrectionem,
2998 3163 3058 3219 in
3093 3164 3244 3237 Lege
3272 3162 3497 3220 versati
3523 3164 3670 3225 sunt,
3692 3156 3800 3211 licet

2183 3271 2300 3310 non
2333 3253 2588 3326 plenam,
2619 3257 2880 3308 attamen
2913 3251 3113 3324 aliqua
3142 3267 3212 3307 ex
3232 3256 3411 3323 parte
3431 3249 3690 3306 habuisse
3700 3244 3805 3316 jus-

2183 3343 2376 3398 titiam
2404 3359 2416 3397 :
2450 3343 2606 3398 sicut
2634 3341 2870 3398 Simeon
2904 3355 3138 3412 quoque
3167 3344 3225 3396 et
3254 3345 3297 3393 A
3319 3356 3437 3396 nna
3475 3333 3803 3411 prophetissa

2182 3432 2242 3487 in
2269 3430 2486 3503 templo
2521 3430 2615 3486 Dei
2638 3428 2896 3485 serviens
2926 3434 3018 3485 est
3047 3433 3282 3500 reperta
3319 3430 3466 3500 (Luc.
3498 3445 3559 3498 η,
3602 3425 3684 3495 25,
3711 3420 3802 3489 36).

2184 3524 2502 3590 Postquam
2525 3534 2657 3574 vero
2680 3517 2935 3590 populus
2957 3516 3393 3574 conclamavit:
3428 3515 3680 3586 Cruci/iga
3694 3525 3799 3567 cru-

2182 3609 2338 3679 ciﬁge
2368 3624 2491 3662 eum
2511 3625 2529 3661 :
2558 3623 2670 3662 non
2697 3607 2961 3663 habemus
2992 3621 3171 3677 regem
3215 3607 3341 3662 nisi
3371 3606 3630 3663 Caesarem
3655 3601 3803 3672 (Joan.

2182 3714 2296 3762 XIX,
2331 3696 2460 3768 15);
2490 3699 2586 3752 et:
2621 3696 2859 3767 Sanguis
2884 3695 3007 3767 ejus
3030 3710 3193 3767 super
3237 3711 3366 3763 nos,
3415 3698 3470 3751 et
3510 3706 3663 3764 super
3687 3687 3802 3759 ﬁlios

2182 3788 2393 3841 nostros
2426 3785 2648 3857 (Matth.
2682 3801 2858 3852 xxvu,
2889 3784 3005 3855 25),
3038 3789 3093 3838 el
3122 3782 3397 3840 ablatum
3429 3786 3517 3839 est
3544 3782 3612 3836 ab
3639 3777 3716 3834 eis
3741 3788 3807 3829 re-

2185 3890 2368 3947 gnum
2400 3873 2523 3941 Dei,
2556 3877 2613 3929 et
2642 3873 2923 3929 traditum
2961 3872 3118 3946 genti
3155 3871 3401 3929 facienti
3451 3871 3664 3927 fructus
3700 3864 3806 3936 ejus

2185 3963 2396 4035 (Matth.
2430 3980 2543 4032 xxx,
2580 3964 2706 4031 43):
2742 3977 2810 4018 ex
2838 3978 2905 4018 eo
2935 3966 3221 4033 tempore,
3262 3961 3412 4033 quia
3459 3961 3518 4015 in
3547 3955 3809 4013 Christum

2187 4064 2302 4109 n0n
2334 4051 2601 4117 credidit,
2635 4051 2745 4106 fuit
2773 4049 3015 4123 stultus,
3048 4050 3448 4120 errabundus,
3481 4040 3806 4103 incredulus.

2186 4145 2244 4197 et
2274 4141 2533 4196 serviens
2562 4139 2738 4195 variis
2775 4138 3201 4212 voluptatibus.
3236 4142 3332 4194 An
3363 4155 3480 4194 non
3534 4135 3693 4192 nobis
3718 4126 3810 4203 [Δί.

2186 4229 2373 4299 vobis]
2403 4228 2631 4283 videtur
2660 4227 2877 4284 Paulus
2908 4227 3090 4283 fuisse
3120 4226 3366 4295 stultus,
3400 4224 3629 4299 quando
3656 4218 3810 4277 habe-

2188 4318 2289 4373 bat
2319 4316 2506 4373 zelum
2529 4316 2651 4383 Dei,
2676 4318 2776 4372 sed
2810 4333 2926 4372 non
2959 4317 3285 4373 secundum
3323 4315 3625 4373 scientiam
3658 4311 3809 4383 (ROM-

2188 4424 2243 4474 x,
2277 4407 2373 4479 2);
2398 4411 2456 4462 et
2476 4407 2939 4478 persequebatur
2977 4404 3298 4461 Ecclesiam
3326 4424 3339 4462 :
3374 4410 3433 4461 et
3454 4396 3811 4476 lapidantiu‘m

2191 4496 2554 4567 Stephanum
2577 4494 2931 4550 vestimenta
2952 4493 3222 4549 servabat
3250 4492 3398 4565 (Act.
3431 4510 3529 4560 vn,
3551 4489 3638 4560 39)
3656 4486 3683 4541 ?
3699 4495 3810 4541 cum

433 4588 525 4643 his
577 4589 677 4659 qui
728 4588 978 4643 oderunt
1027 4602 1248 4658 pacem,
1294 4586 1616 4641 habeamus
1664 4602 1863 4657 pacem
1907 4585 2078 4655 (Psal.
2113 4591 2159 4656 Ι)
2188 4584 2248 4639 in
2280 4588 2509 4639 tantum
2533 4582 2650 4639 odii
2674 4588 2876 4637 contra
2897 4581 3249 4638 Salvatorem
3274 4582 3594 4654 instigatus
3611 4585 3811 4633 exarse-

433 4693 544 4745 cxx,
569 4680 668 4746 7):
700 4681 759 4732 et
788 4680 1077 4749 quantum
1103 4675 1163 4730 in
1191 4674 1360 4730 nobis
1390 4680 1479 4729 est
1509 4690 1640 4729 cum
1673 4673 1948 4729 omnibus
1976 4672 2080 4729 ho-

440 4766 701 4822 minibus
734 4766 921 4838 pacati
980 4765 1168 4819 simus
1199 4764 1376 4835 (Rom.
1405 4779 1505 4828 χιι,
1540 4763 1666 4829 18):
1721 4779 1836 4817 non
1885 4760 2079 4817 solum

435 4872 571 4910 cum
605 4856 905 4924 modestis,
940 4854 1040 4908 sed
1072 4851 1247 4907 etiam
1288 4868 1421 4907 cum
1460 4851 1703 4919 rixosis;
1756 4850 1894 4922 quia
1925 4849 2085 4905 nulla

432 4943 620 4998 virtus
651 4948 741 4999 est
769 4944 920 4999 ferre
950 4948 1324 4998 mansuetos:
1359 4940 1668 5011 locumque
1717 4941 1923 4995 demus
1963 4940 2082 5006 irae,

434 5048 670 5087 omnem
703 5032 1077 5087 ostendentes
1111 5029 1626 5085 mansuetudinem
1659 5029 1729 5083 ad
1761 5044 1965 5083 omnes
1987 5027 2084 5083 ho-

436 5120 625 5175 mines
657 5136 668 5174 :
704 5137 817 5176 non
852 5121 1008 5192 quod
1042 5137 1200 5175 vanae
1232 5118 1427 5191 gloria:
1481 5117 1770 5174 desiderio
1820 5134 1926 5173 nos
1956 5133 2082 5173 esse

436 5214 776 5265 mansuetos
809 5209 1084 5265 omnibus
1136 5207 1478 5264 hominibus
1522 5208 1826 5263 ostendero
1875 5207 2081 5262 debea-

435 5314 609 5354 mus:
644 5299 745 5353 sed
778 5300 919 5353 dum
954 5314 1159 5353 omnes
1190 5298 1496 5365 fuerimus,
1528 5300 1584 5351 et
1628 5295 1857 5368 injuriae
1903 5296 2081 5351 vicem

437 5404 551 5443 non
586 5387 983 5457 rependimus,
1017 5386 1145 5458 ipsa
1163 5403 1338 5458 opera
1360 5386 1587 5441 notiora
1606 5386 1896 5440 universis
1919 5386 2081 5440 fiant.

438 5476 635 5531 Potest
684 5474 897 5547 aliquis
948 5476 1020 5530 ob
1062 5474 1408 5545 jactantiam
1456 5480 1512 5529 et
1560 5473 1892 5546 opinionem
1925 5472 2083 5545 vulgi

439 5580 762 5636 auramque
791 5562 1129 5636 popularem
1154 5561 1431 5617 simulare
1450 5563 1601 5633 apud
1622 5562 1906 5635 quosdam
1927 5578 2088 5616 man-

441 5654 837 5722 suetudinem,
870 5655 927 5709 et
958 5653 1175 5724 tingere
1205 5651 1545 5707 bonitatem.
1580 5651 1688 5706 Sed
1722 5651 1820 5706 ubi
1854 5667 1968 5707 non
1999 5653 2089 5706 est

2189 4673 2284 4739 rit,
2320 4678 2385 4727 ut
2434 4672 2657 4728 litteras
2711 4687 2745 4726 a
2794 4670 3199 4727 sacerdotibus
3243 4671 3553 4743 acciperet,
3593 4672 3812 4739 pergens

2194 4766 2539 4817 Damascum
2564 4760 2634 4815 ad
2659 4776 2758 4816 eos
2781 4759 2878 4831 qui
2903 4759 2960 4813 in
2989 4758 3289 4815 Christum
3316 4756 3679 4815 crediderant
3702 4746 3810 4804 vin-

2194 4850 2430 4906 ciendos
2461 4850 2595 4920 (Act.
2621 4865 2698 4916 1x,
2730 4850 2787 4920 2)
2814 4852 2840 4902 γ
2867 4852 2986 4902 Aut
3016 4846 3168 4904 ullas
3212 4851 3442 4920 poterat
3486 4844 3691 4900 habere
3710 4835 3811 4892 vir-

2195 4942 2349 4995 tutes
2381 4938 2508 4994 sine
2536 4937 2753 4993 virtute
2782 4937 2883 4993 Dei
2913 4936 3125 4992 Christi
3154 4936 3317 5003 Jesu,
3349 4938 3455 4991 aut
3500 4929 3810 4989 aestuantem

2195 5029 2494 5083 ﬂammam
2530 5026 2896 5099 restinguere
2942 5024 3308 5097 voluptatum
3359 5039 3497 5081 cum
3544 5034 3652 5076 non
3682 5010 3814 5071 esset

2194 5116 2482 5188 templum
2517 5116 2614 5172 Dei
2647 5117 2696 5188 (Ι
2741 5117 2869 5172 Cor.
2921 5131 3003 5183 In,
3061 5115 3196 5187 16)?
3243 5116 3379 5180 Quae
3432 5117 3622 5167 autem
3652 5101 3815 5171 major

2196 5209 2385 5278 potest
2406 5222 2534 5261 esse
2558 5204 2784 5260 malitia
2808 5208 2866 5260 et
2890 5203 3128 5273 invidia,
3153 5219 3329 5276 quam
3352 5206 3553 5258 contra
3571 5192 3809 5278 absentes

2197 5274 2473 5366 epistolas
2504 5309 2759 5359 sumere,
2796 5296 2853 5348 et
2882 5292 3102 5364 ubique
3149 5274 3358 5348 Christi
3405 5292 3628 5345 vastare
3656 5274 3809 5371 disci:

2198 5381 2405 5456 pulos;
2438 5381 2590 5437 nolle
2640 5382 2835 5454 ipsum
2885 5379 3113 5436 salvum
3166 5380 3328 5437 fieri:
3382 5383 3441 5433 et
3486 5370 3696 5433 cateris
3720 5370 3805 5456 qui

2193 5450 2337 5528 salvi
2369 5487 2498 5527 esse
2520 5450 2806 5541 poterant,
2840 5468 3098 5525 invidere
3123 5484 3137 5526 :
3161 5468 3353 5524 odisse
3383 5460 3730 5550 Christiano}
3754 5450 3804 5550 fit

2197 5563 2618 5632 consequenter
2644 5559 2715 5614 ab
2746 5557 3021 5614 omnibus
3050 5557 3252 5615 odium
3301 5546 3655 5629 promereri?
3680 5543 3802 5632 Oili!

2197 5630 2612 5720 autem—major
2641 5663 2820 5717 error,
2852 5646 2987 5705 etin
3038 5643 3387 5712 obedientia,
3436 5645 3493 5699 et
3536 5630 3797 5699 veooniiﬂa
