  <div class='ocr_page' id='page_1' title='image "/cluster/home/n/w/nwhite01/storage/ocr_20150623/26/hvd.32044052772472/326.png"; bbox 0 0 4066 6190; ppageno 0'>
   <div class='ocr_carea' id='block_1_1' title="bbox 341 318 470 397">
    <p class='ocr_par' dir='ltr' id='par_1_1' title="bbox 341 318 470 397">
     <span class='ocr_line' id='line_1_1' title="bbox 341 318 470 397; baseline -0.07 0"><span class='ocrx_word' id='word_1_1' title='bbox 341 318 470 397; x_wconf 69' lang='lat'><strong>639.</strong></span> 
     </span>
    </p>
   </div>
   <div class='ocr_carea' id='block_1_2' title="bbox 1183 325 2957 412">
    <p class='ocr_par' dir='ltr' id='par_1_2' title="bbox 1183 325 2957 412">
     <span class='ocr_line' id='line_1_2' title="bbox 1183 325 2957 412; baseline 0.006 -22"><span class='ocrx_word' id='word_1_2' title='bbox 1183 325 1696 390; x_wconf 82' lang='lat' dir='ltr'><strong>COMMENTAR.</strong></span> <span class='ocrx_word' id='word_1_3' title='bbox 1744 326 1820 390; x_wconf 81' lang='grc' dir='ltr'>ΙΝ</span> <span class='ocrx_word' id='word_1_4' title='bbox 1865 326 2115 393; x_wconf 84' lang='lat' dir='ltr'><strong>EPIST.</strong></span> <span class='ocrx_word' id='word_1_5' title='bbox 2159 328 2264 393; x_wconf 85' lang='lat' dir='ltr'><strong>AD</strong></span> <span class='ocrx_word' id='word_1_6' title='bbox 2307 332 2581 412; x_wconf 84' lang='lat' dir='ltr'><strong>TITUM,</strong></span> <span class='ocrx_word' id='word_1_7' title='bbox 2628 338 2802 401; x_wconf 87' lang='lat' dir='ltr'><strong>CAP.</strong></span> <span class='ocrx_word' id='word_1_8' title='bbox 2850 335 2957 402; x_wconf 88' lang='grc' dir='ltr'><strong>ΙΙΙ.</strong></span> 
     </span>
    </p>
   </div>
   <div class='ocr_carea' id='block_1_3' title="bbox 3643 336 3762 403">
    <p class='ocr_par' dir='ltr' id='par_1_3' title="bbox 3643 336 3762 403">
     <span class='ocr_line' id='line_1_3' title="bbox 3643 336 3762 403; baseline -0.017 0"><span class='ocrx_word' id='word_1_9' title='bbox 3643 336 3762 403; x_wconf 85' lang='grc'><strong>630</strong></span> 
     </span>
    </p>
   </div>
   <div class='ocr_carea' id='block_1_4' title="bbox 340 459 3763 542">
    <p class='ocr_par' dir='ltr' id='par_1_4' title="bbox 340 459 3763 542">
     <span class='ocr_line' id='line_1_4' title="bbox 340 459 3763 542; baseline 0.006 -29"><span class='ocrx_word' id='word_1_10' title='bbox 340 470 545 530; x_wconf 84' lang='lat' dir='ltr'><strong>quam,</strong></span> <span class='ocrx_word' id='word_1_11' title='bbox 592 459 907 531; x_wconf 81' lang='lat' dir='ltr'><strong>postquam</strong></span> <span class='ocrx_word' id='word_1_12' title='bbox 959 460 1265 535; x_wconf 80' lang='lat' dir='ltr'><strong>respiravit</strong></span> <span class='ocrx_word' id='word_1_13' title='bbox 1312 462 1457 530; x_wconf 90' lang='lat' dir='ltr'><strong>dies,</strong></span> <span class='ocrx_word' id='word_1_14' title='bbox 1490 467 1548 520; x_wconf 89' lang='lat' dir='ltr'><strong>et</strong></span> <span class='ocrx_word' id='word_1_15' title='bbox 1593 465 1997 537; x_wconf 62' lang='lat' dir='ltr'><strong>praeterierunt</strong></span> <span class='ocrx_word' id='word_1_16' title='bbox 2024 464 2075 532; x_wconf 82' lang='grc' dir='ltr'><strong>Α</strong></span> <span class='ocrx_word' id='word_1_17' title='bbox 2110 484 2281 541; x_wconf 83' lang='lat' dir='ltr'><strong>posse</strong></span> <span class='ocrx_word' id='word_1_18' title='bbox 2311 467 2437 526; x_wconf 89' lang='lat' dir='ltr'><strong>sine</strong></span> <span class='ocrx_word' id='word_1_19' title='bbox 2474 470 3021 542; x_wconf 87' lang='lat' dir='ltr'><strong>Christo.Haeretici,</strong></span> <span class='ocrx_word' id='word_1_20' title='bbox 3044 492 3193 531; x_wconf 89' lang='lat' dir='ltr'><strong>vano</strong></span> <span class='ocrx_word' id='word_1_21' title='bbox 3224 491 3560 533; x_wconf 83' lang='lat' dir='ltr'><strong>sermonum</strong></span> <span class='ocrx_word' id='word_1_22' title='bbox 3611 480 3763 533; x_wconf 85' lang='lat' dir='ltr'><strong>stre-‘</strong></span> 
     </span>
    </p>
   </div>
   <div class='ocr_carea' id='block_1_5' title="bbox 343 544 3755 640">
    <p class='ocr_par' dir='ltr' id='par_1_5' title="bbox 343 544 3755 640">
     <span class='ocr_line' id='line_1_5' title="bbox 343 544 3755 640; baseline 0.007 -40"><span class='ocrx_word' id='word_1_23' title='bbox 343 544 591 615; x_wconf 74' lang='lat' dir='ltr'><strong>umbris,</strong></span> <span class='ocrx_word' id='word_1_24' title='bbox 617 544 806 620; x_wconf 80' lang='lat' dir='ltr'><strong>legem</strong></span> <span class='ocrx_word' id='word_1_25' title='bbox 838 548 1112 607; x_wconf 81' lang='lat' dir='ltr'><strong>abolitam</strong></span> <span class='ocrx_word' id='word_1_26' title='bbox 1128 550 1273 609; x_wconf 88' lang='lat' dir='ltr'><strong>velle</strong></span> <span class='ocrx_word' id='word_1_27' title='bbox 1302 559 1626 622; x_wconf 89' lang='lat' dir='ltr'><strong>servare,et</strong></span> <span class='ocrx_word' id='word_1_28' title='bbox 1655 556 1847 612; x_wconf 86' lang='lat' dir='ltr'><strong>dicere</strong></span> <span class='ocrx_word' id='word_1_29' title='bbox 1876 573 1889 614; x_wconf 89' lang='lat'><strong>:</strong></span> <span class='ocrx_word' id='word_1_30' title='bbox 1920 559 1998 613; x_wconf 87' lang='lat' dir='ltr'><strong>Ne</strong></span> <span class='ocrx_word' id='word_1_31' title='bbox 2105 558 2230 631; x_wconf 87' lang='lat' dir='ltr'><strong>pitu</strong></span> <span class='ocrx_word' id='word_1_32' title='bbox 2254 567 2691 635; x_wconf 81' lang='lat' dir='ltr'><strong>concrepantes,</strong></span> <span class='ocrx_word' id='word_1_33' title='bbox 2710 568 2980 636; x_wconf 68' lang='lat' dir='ltr'><strong>quaerunt</strong></span> <span class='ocrx_word' id='word_1_34' title='bbox 3004 582 3179 637; x_wconf 86' lang='lat' dir='ltr'><strong>quem</strong></span> <span class='ocrx_word' id='word_1_35' title='bbox 3206 566 3462 623; x_wconf 89' lang='lat' dir='ltr'><strong>invenire</strong></span> <span class='ocrx_word' id='word_1_36' title='bbox 3482 583 3599 623; x_wconf 90' lang='lat' dir='ltr'><strong>non</strong></span> <span class='ocrx_word' id='word_1_37' title='bbox 3623 583 3755 640; x_wconf 72' lang='lat' dir='ltr'><strong>pos~</strong></span> 
     </span>
    </p>
   </div>
   <div class='ocr_carea' id='block_1_6' title="bbox 341 638 1992 717">
    <p class='ocr_par' dir='ltr' id='par_1_6' title="bbox 341 638 1992 717">
     <span class='ocr_line' id='line_1_6' title="bbox 341 638 1992 717; baseline 0.008 -28"><span class='ocrx_word' id='word_1_38' title='bbox 341 638 750 706; x_wconf 81' lang='lat' dir='ltr'><strong>attrectaveris,</strong></span> <span class='ocrx_word' id='word_1_39' title='bbox 783 654 854 693; x_wconf 83' lang='lat' dir='ltr'><strong>ne</strong></span> <span class='ocrx_word' id='word_1_40' title='bbox 882 641 1199 711; x_wconf 73' lang='lat' dir='ltr'><strong>contigeris,</strong></span> <span class='ocrx_word' id='word_1_41' title='bbox 1232 658 1303 698; x_wconf 91' lang='lat' dir='ltr'><strong>ne</strong></span> <span class='ocrx_word' id='word_1_42' title='bbox 1333 646 1644 714; x_wconf 68' lang='lat' dir='ltr'><strong>gustaveris</strong></span> <span class='ocrx_word' id='word_1_43' title='bbox 1674 646 1895 717; x_wconf 83' lang='lat' dir='ltr'><strong>(Coloss.</strong></span> <span class='ocrx_word' id='word_1_44' title='bbox 1930 665 1992 716; x_wconf 79' lang='lat' dir='ltr'><strong>Ir,</strong></span> 
     </span>
    </p>
   </div>
   <div class='ocr_carea' id='block_1_7' title="bbox 2104 649 3751 725">
    <p class='ocr_par' dir='ltr' id='par_1_7' title="bbox 2104 649 3751 725">
     <span class='ocr_line' id='line_1_7' title="bbox 2104 649 3751 725; baseline 0.005 -22"><span class='ocrx_word' id='word_1_45' title='bbox 2104 653 2263 704; x_wconf 88' lang='lat' dir='ltr'><strong>sunt.</strong></span> <span class='ocrx_word' id='word_1_46' title='bbox 2280 649 2616 723; x_wconf 86' lang='lat' dir='ltr'><strong>Philosophi</strong></span> <span class='ocrx_word' id='word_1_47' title='bbox 2640 670 2871 725; x_wconf 92' lang='lat' dir='ltr'><strong>quoque</strong></span> <span class='ocrx_word' id='word_1_48' title='bbox 2892 658 2948 709; x_wconf 89' lang='lat' dir='ltr'><strong>et</strong></span> <span class='ocrx_word' id='word_1_49' title='bbox 2968 653 3199 709; x_wconf 88' lang='lat' dir='ltr'><strong>barbari</strong></span> <span class='ocrx_word' id='word_1_50' title='bbox 3221 655 3291 710; x_wconf 89' lang='lat' dir='ltr'><strong>de</strong></span> <span class='ocrx_word' id='word_1_51' title='bbox 3310 655 3424 711; x_wconf 91' lang='lat' dir='ltr'><strong>Deo</strong></span> <span class='ocrx_word' id='word_1_52' title='bbox 3444 656 3602 711; x_wconf 89' lang='lat' dir='ltr'><strong>varia</strong></span> <span class='ocrx_word' id='word_1_53' title='bbox 3622 673 3751 712; x_wconf 88' lang='lat' dir='ltr'><strong>sen-</strong></span> 
     </span>
    </p>
   </div>
   <div class='ocr_carea' id='block_1_8' title="bbox 340 724 3747 819">
    <p class='ocr_par' dir='ltr' id='par_1_8' title="bbox 340 724 3747 819">
     <span class='ocr_line' id='line_1_8' title="bbox 340 724 3747 819; baseline 0.007 -40"><span class='ocrx_word' id='word_1_54' title='bbox 340 724 458 795; x_wconf 86' lang='grc'><strong>21),</strong></span> <span class='ocrx_word' id='word_1_55' title='bbox 505 728 565 781; x_wconf 90' lang='lat' dir='ltr'><strong>et</strong></span> <span class='ocrx_word' id='word_1_56' title='bbox 621 732 941 798; x_wconf 89' lang='lat' dir='ltr'><strong>apparente</strong></span> <span class='ocrx_word' id='word_1_57' title='bbox 997 728 1183 787; x_wconf 86' lang='lat' dir='ltr'><strong>solido</strong></span> <span class='ocrx_word' id='word_1_58' title='bbox 1239 731 1369 789; x_wconf 89' lang='lat' dir='ltr'><strong>cibo</strong></span> <span class='ocrx_word' id='word_1_59' title='bbox 1426 738 1484 789; x_wconf 88' lang='lat' dir='ltr'><strong>et</strong></span> <span class='ocrx_word' id='word_1_60' title='bbox 1534 734 1708 798; x_wconf 89' lang='lat' dir='ltr'><strong>virili,</strong></span> <span class='ocrx_word' id='word_1_61' title='bbox 1736 735 1993 793; x_wconf 70' lang='lat' dir='ltr'><strong>infantiae</strong></span> <span class='ocrx_word' id='word_1_62' title='bbox 2102 736 2335 810; x_wconf 88' lang='lat' dir='ltr'><strong>tientes,</strong></span> <span class='ocrx_word' id='word_1_63' title='bbox 2366 724 2726 812; x_wconf 63' lang='lat' dir='ltr'><strong>quasierunt</strong></span> <span class='ocrx_word' id='word_1_64' title='bbox 2750 744 2955 799; x_wconf 88' lang='lat' dir='ltr'><strong>Deum.</strong></span> <span class='ocrx_word' id='word_1_65' title='bbox 2979 744 3088 799; x_wconf 88' lang='lat' dir='ltr'><strong>Sed</strong></span> <span class='ocrx_word' id='word_1_66' title='bbox 3121 743 3261 816; x_wconf 85' lang='lat' dir='ltr'><strong>quia</strong></span> <span class='ocrx_word' id='word_1_67' title='bbox 3281 761 3395 799; x_wconf 90' lang='lat' dir='ltr'><strong>non</strong></span> <span class='ocrx_word' id='word_1_68' title='bbox 3418 749 3571 800; x_wconf 87' lang='lat' dir='ltr'><strong>recte</strong></span> <span class='ocrx_word' id='word_1_69' title='bbox 3595 762 3747 819; x_wconf 75' lang='lat' dir='ltr'><strong>quae-</strong></span> 
     </span>
    </p>
   </div>
   <div class='ocr_carea' id='block_1_9' title="bbox 339 811 3745 905">
    <p class='ocr_par' dir='ltr' id='par_1_9' title="bbox 339 811 3745 905">
     <span class='ocr_line' id='line_1_9' title="bbox 339 811 3745 905; baseline 0.006 -37"><span class='ocrx_word' id='word_1_70' title='bbox 339 811 493 869; x_wconf 89' lang='lat' dir='ltr'><strong>lacte</strong></span> <span class='ocrx_word' id='word_1_71' title='bbox 542 830 754 887; x_wconf 87' lang='lat' dir='ltr'><strong>cupere</strong></span> <span class='ocrx_word' id='word_1_72' title='bbox 804 817 990 888; x_wconf 90' lang='lat' dir='ltr'><strong>potari</strong></span> <span class='ocrx_word' id='word_1_73' title='bbox 1017 819 1084 874; x_wconf 71' lang='lat'><strong>1‘?</strong></span> <span class='ocrx_word' id='word_1_74' title='bbox 1114 819 1462 893; x_wconf 82' lang='lat' dir='ltr'><strong>Diligentius</strong></span> <span class='ocrx_word' id='word_1_75' title='bbox 1508 825 1901 893; x_wconf 90' lang='lat' dir='ltr'><strong>attendamus,</strong></span> <span class='ocrx_word' id='word_1_76' title='bbox 1935 832 1993 883; x_wconf 88' lang='lat' dir='ltr'><strong>et</strong></span> <span class='ocrx_word' id='word_1_77' title='bbox 2101 826 2346 894; x_wconf 89' lang='lat' dir='ltr'><strong>sierunt,</strong></span> <span class='ocrx_word' id='word_1_78' title='bbox 2380 811 2616 887; x_wconf 73' lang='lat' dir='ltr'><strong>iuerunt</strong></span> <span class='ocrx_word' id='word_1_79' title='bbox 2653 848 2854 888; x_wconf 88' lang='lat' dir='ltr'><strong>eorum</strong></span> <span class='ocrx_word' id='word_1_80' title='bbox 2902 833 3072 888; x_wconf 77' lang='lat' dir='ltr'><strong>fatuis</strong></span> <span class='ocrx_word' id='word_1_81' title='bbox 3123 811 3495 905; x_wconf 60' lang='lat' dir='ltr'><strong>quastiones,</strong></span> <span class='ocrx_word' id='word_1_82' title='bbox 3538 811 3745 905; x_wconf 31' lang='lat' dir='ltr'><strong>putans</strong></span> 
     </span>
    </p>
   </div>
   <div class='ocr_carea' id='block_1_10' title="bbox 338 901 1989 983">
    <p class='ocr_par' dir='ltr' id='par_1_10' title="bbox 338 901 1989 983">
     <span class='ocr_line' id='line_1_10' title="bbox 338 901 1989 983; baseline 0.01 -26"><span class='ocrx_word' id='word_1_83' title='bbox 338 901 715 961; x_wconf 82' lang='lat' dir='ltr'><strong>inveniemus</strong></span> <span class='ocrx_word' id='word_1_84' title='bbox 745 905 806 961; x_wconf 91' lang='lat' dir='ltr'><strong>in</strong></span> <span class='ocrx_word' id='word_1_85' title='bbox 839 909 1109 979; x_wconf 73' lang='lat' dir='ltr'><strong>praesenti</strong></span> <span class='ocrx_word' id='word_1_86' title='bbox 1154 910 1408 983; x_wconf 88' lang='lat' dir='ltr'><strong>capitulo</strong></span> <span class='ocrx_word' id='word_1_87' title='bbox 1447 914 1989 973; x_wconf 81' lang='lat' dir='ltr'><strong>manifestissimam</strong></span> 
     </span>
    </p>
   </div>
   <div class='ocr_carea' id='block_1_11' title="bbox 338 990 1991 1075">
    <p class='ocr_par' dir='ltr' id='par_1_11' title="bbox 338 990 1991 1075">
     <span class='ocr_line' id='line_1_11' title="bbox 338 990 1991 1075; baseline 0.009 -28"><span class='ocrx_word' id='word_1_88' title='bbox 338 990 709 1050; x_wconf 84' lang='lat' dir='ltr'><strong>Trinitatem.</strong></span> <span class='ocrx_word' id='word_1_89' title='bbox 771 995 1106 1069; x_wconf 88' lang='lat' dir='ltr'><strong>Benignitas</strong></span> <span class='ocrx_word' id='word_1_90' title='bbox 1164 1000 1381 1073; x_wconf 89' lang='lat' dir='ltr'><strong>quippe</strong></span> <span class='ocrx_word' id='word_1_91' title='bbox 1436 1006 1613 1075; x_wconf 90' lang='lat' dir='ltr'><strong>atque</strong></span> <span class='ocrx_word' id='word_1_92' title='bbox 1682 1004 1991 1062; x_wconf 89' lang='lat' dir='ltr'><strong>clementia</strong></span> 
     </span>
    </p>
   </div>
   <div class='ocr_carea' id='block_1_12' title="bbox 337 1079 1986 1165">
    <p class='ocr_par' dir='ltr' id='par_1_12' title="bbox 337 1079 1986 1165">
     <span class='ocr_line' id='line_1_12' title="bbox 337 1079 1986 1165; baseline 0.009 -28"><span class='ocrx_word' id='word_1_93' title='bbox 337 1079 656 1139; x_wconf 88' lang='lat' dir='ltr'><strong>Salvatoris</strong></span> <span class='ocrx_word' id='word_1_94' title='bbox 687 1085 872 1141; x_wconf 88' lang='lat' dir='ltr'><strong>nostri</strong></span> <span class='ocrx_word' id='word_1_95' title='bbox 919 1087 1042 1155; x_wconf 88' lang='lat' dir='ltr'><strong>Dei,</strong></span> <span class='ocrx_word' id='word_1_96' title='bbox 1075 1104 1190 1145; x_wconf 91' lang='lat' dir='ltr'><strong>non</strong></span> <span class='ocrx_word' id='word_1_97' title='bbox 1244 1090 1487 1148; x_wconf 88' lang='lat' dir='ltr'><strong>alterius</strong></span> <span class='ocrx_word' id='word_1_98' title='bbox 1513 1108 1689 1165; x_wconf 84' lang='lat' dir='ltr'><strong>quam</strong></span> <span class='ocrx_word' id='word_1_99' title='bbox 1738 1095 1835 1151; x_wconf 91' lang='lat' dir='ltr'><strong>Dei</strong></span> <span class='ocrx_word' id='word_1_100' title='bbox 1880 1096 1986 1152; x_wconf 88' lang='lat' dir='ltr'><strong>Pa-</strong></span> 
     </span>
    </p>
   </div>
   <div class='ocr_carea' id='block_1_13' title="bbox 332 1169 1981 1251">
    <p class='ocr_par' dir='ltr' id='par_1_13' title="bbox 332 1169 1981 1251">
     <span class='ocr_line' id='line_1_13' title="bbox 332 1169 1981 1251; baseline 0.01 -28"><span class='ocrx_word' id='word_1_101' title='bbox 332 1169 465 1236; x_wconf 85' lang='lat' dir='ltr'><strong>tris,</strong></span> <span class='ocrx_word' id='word_1_102' title='bbox 498 1186 603 1242; x_wconf 92' lang='lat' dir='ltr'><strong>per</strong></span> <span class='ocrx_word' id='word_1_103' title='bbox 628 1170 925 1230; x_wconf 86' lang='lat' dir='ltr'><strong>lavacrum</strong></span> <span class='ocrx_word' id='word_1_104' title='bbox 957 1177 1434 1251; x_wconf 82' lang='lat' dir='ltr'><strong>regenerationis,</strong></span> <span class='ocrx_word' id='word_1_105' title='bbox 1466 1185 1523 1236; x_wconf 90' lang='lat' dir='ltr'><strong>et</strong></span> <span class='ocrx_word' id='word_1_106' title='bbox 1552 1183 1981 1239; x_wconf 90' lang='lat' dir='ltr'><strong>renovationem</strong></span> 
     </span>
    </p>
   </div>
   <div class='ocr_carea' id='block_1_14' title="bbox 332 1256 1984 1341">
    <p class='ocr_par' dir='ltr' id='par_1_14' title="bbox 332 1256 1984 1341">
     <span class='ocr_line' id='line_1_14' title="bbox 332 1256 1984 1341; baseline 0.01 -29"><span class='ocrx_word' id='word_1_107' title='bbox 332 1256 593 1330; x_wconf 87' lang='lat' dir='ltr'><strong>Spiritus</strong></span> <span class='ocrx_word' id='word_1_108' title='bbox 640 1262 849 1329; x_wconf 87' lang='lat' dir='ltr'><strong>sancti,</strong></span> <span class='ocrx_word' id='word_1_109' title='bbox 900 1280 1075 1335; x_wconf 91' lang='lat' dir='ltr'><strong>quem</strong></span> <span class='ocrx_word' id='word_1_110' title='bbox 1124 1266 1330 1324; x_wconf 79' lang='lat' dir='ltr'><strong>eti‘udit</strong></span> <span class='ocrx_word' id='word_1_111' title='bbox 1372 1286 1549 1341; x_wconf 85' lang='lat' dir='ltr'><strong>super</strong></span> <span class='ocrx_word' id='word_1_112' title='bbox 1580 1285 1703 1327; x_wconf 79' lang='lat' dir='ltr'><strong>‘nos</strong></span> <span class='ocrx_word' id='word_1_113' title='bbox 1752 1273 1984 1329; x_wconf 89' lang='lat' dir='ltr'><strong>abunde</strong></span> 
     </span>
    </p>
   </div>
   <div class='ocr_carea' id='block_1_15' title="bbox 328 1346 1980 1432">
    <p class='ocr_par' dir='ltr' id='par_1_15' title="bbox 328 1346 1980 1432">
     <span class='ocr_line' id='line_1_15' title="bbox 328 1346 1980 1432; baseline 0.011 -32"><span class='ocrx_word' id='word_1_114' title='bbox 328 1361 436 1417; x_wconf 91' lang='lat' dir='ltr'><strong>per</strong></span> <span class='ocrx_word' id='word_1_115' title='bbox 463 1346 670 1404; x_wconf 85' lang='lat' dir='ltr'><strong>Jesum</strong></span> <span class='ocrx_word' id='word_1_116' title='bbox 700 1349 999 1408; x_wconf 89' lang='lat' dir='ltr'><strong>Christum</strong></span> <span class='ocrx_word' id='word_1_117' title='bbox 1041 1354 1395 1413; x_wconf 89' lang='lat' dir='ltr'><strong>Salvatorem</strong></span> <span class='ocrx_word' id='word_1_118' title='bbox 1442 1362 1730 1431; x_wconf 87' lang='lat' dir='ltr'><strong>nostrum,</strong></span> <span class='ocrx_word' id='word_1_119' title='bbox 1756 1361 1980 1432; x_wconf 85' lang='lat' dir='ltr'><strong>justifi-</strong></span> 
     </span>
    </p>
   </div>
   <div class='ocr_carea' id='block_1_16' title="bbox 325 1435 1977 1520">
    <p class='ocr_par' dir='ltr' id='par_1_16' title="bbox 325 1435 1977 1520">
     <span class='ocr_line' id='line_1_16' title="bbox 325 1435 1977 1520; baseline 0.01 -29"><span class='ocrx_word' id='word_1_120' title='bbox 325 1435 533 1491; x_wconf 71' lang='lat' dir='ltr'><strong>cavit’</strong></span> <span class='ocrx_word' id='word_1_121' title='bbox 561 1454 666 1494; x_wconf 92' lang='lat' dir='ltr'><strong>nos</strong></span> <span class='ocrx_word' id='word_1_122' title='bbox 706 1438 763 1494; x_wconf 91' lang='lat' dir='ltr'><strong>in</strong></span> <span class='ocrx_word' id='word_1_123' title='bbox 808 1441 988 1497; x_wconf 88' lang='lat' dir='ltr'><strong>vitam</strong></span> <span class='ocrx_word' id='word_1_124' title='bbox 1042 1449 1338 1503; x_wconf 66' lang='lat' dir='ltr'><strong>(sternam.</strong></span> <span class='ocrx_word' id='word_1_125' title='bbox 1373 1448 1545 1505; x_wconf 70' lang='lat' dir='ltr'><strong>Sal-us</strong></span> <span class='ocrx_word' id='word_1_126' title='bbox 1592 1452 1977 1520; x_wconf 87' lang='lat' dir='ltr'><strong>credentium,</strong></span> 
     </span>
    </p>
   </div>
   <div class='ocr_carea' id='block_1_17' title="bbox 327 1526 1981 1598">
    <p class='ocr_par' dir='ltr' id='par_1_17' title="bbox 327 1526 1981 1598">
     <span class='ocr_line' id='line_1_17' title="bbox 327 1526 1981 1598; baseline 0.011 -18"><span class='ocrx_word' id='word_1_127' title='bbox 327 1526 680 1596; x_wconf 78' lang='lat' dir='ltr'><strong>mysterium</strong></span> <span class='ocrx_word' id='word_1_128' title='bbox 710 1528 1015 1588; x_wconf 88' lang='lat' dir='ltr'><strong>Trinitatis</strong></span> <span class='ocrx_word' id='word_1_129' title='bbox 1061 1539 1171 1591; x_wconf 88' lang='lat' dir='ltr'><strong>est.</strong></span> <span class='ocrx_word' id='word_1_130' title='bbox 1202 1535 1309 1591; x_wconf 88' lang='lat' dir='ltr'><strong>Alii</strong></span> <span class='ocrx_word' id='word_1_131' title='bbox 1355 1537 1511 1593; x_wconf 90' lang='lat' dir='ltr'><strong>hunc</strong></span> <span class='ocrx_word' id='word_1_132' title='bbox 1559 1538 1753 1596; x_wconf 90' lang='lat' dir='ltr'><strong>locum</strong></span> <span class='ocrx_word' id='word_1_133' title='bbox 1785 1541 1866 1596; x_wconf 91' lang='lat' dir='ltr'><strong>ita</strong></span> <span class='ocrx_word' id='word_1_134' title='bbox 1896 1542 1981 1598; x_wconf 91' lang='lat' dir='ltr'><strong>in-</strong></span> 
     </span>
    </p>
   </div>
   <div class='ocr_carea' id='block_1_18' title="bbox 329 1611 1979 1700">
    <p class='ocr_par' dir='ltr' id='par_1_18' title="bbox 329 1611 1979 1700">
     <span class='ocr_line' id='line_1_18' title="bbox 329 1611 1979 1700; baseline 0.012 -32"><span class='ocrx_word' id='word_1_135' title='bbox 329 1611 627 1685; x_wconf 88' lang='lat' dir='ltr'><strong>telligunt,</strong></span> <span class='ocrx_word' id='word_1_136' title='bbox 659 1621 724 1672; x_wconf 93' lang='lat' dir='ltr'><strong>ut</strong></span> <span class='ocrx_word' id='word_1_137' title='bbox 768 1634 883 1675; x_wconf 91' lang='lat' dir='ltr'><strong>non</strong></span> <span class='ocrx_word' id='word_1_138' title='bbox 934 1621 1006 1677; x_wconf 90' lang='lat' dir='ltr'><strong>de</strong></span> <span class='ocrx_word' id='word_1_139' title='bbox 1052 1623 1231 1679; x_wconf 86' lang='lat' dir='ltr'><strong>Paulo</strong></span> <span class='ocrx_word' id='word_1_140' title='bbox 1277 1631 1337 1682; x_wconf 90' lang='lat' dir='ltr'><strong>et</strong></span> <span class='ocrx_word' id='word_1_141' title='bbox 1385 1629 1689 1700; x_wconf 88' lang='lat' dir='ltr'><strong>apostolis,</strong></span> <span class='ocrx_word' id='word_1_142' title='bbox 1721 1631 1822 1686; x_wconf 89' lang='lat' dir='ltr'><strong>sed</strong></span> <span class='ocrx_word' id='word_1_143' title='bbox 1868 1631 1979 1686; x_wconf 90' lang='lat' dir='ltr'><strong>sub</strong></span> 
     </span>
    </p>
   </div>
   <div class='ocr_carea' id='block_1_19' title="bbox 326 1701 1978 1790">
    <p class='ocr_par' dir='ltr' id='par_1_19' title="bbox 326 1701 1978 1790">
     <span class='ocr_line' id='line_1_19' title="bbox 326 1701 1978 1790; baseline 0.012 -34"><span class='ocrx_word' id='word_1_144' title='bbox 326 1701 731 1773; x_wconf 81' lang='lat' dir='ltr'><strong>apostolorum</strong></span> <span class='ocrx_word' id='word_1_145' title='bbox 782 1724 1050 1782; x_wconf 88' lang='lat' dir='ltr'><strong>persona,</strong></span> <span class='ocrx_word' id='word_1_146' title='bbox 1086 1713 1157 1769; x_wconf 90' lang='lat' dir='ltr'><strong>de</strong></span> <span class='ocrx_word' id='word_1_147' title='bbox 1187 1713 1317 1771; x_wconf 88' lang='lat' dir='ltr'><strong>aliis</strong></span> <span class='ocrx_word' id='word_1_148' title='bbox 1347 1716 1571 1773; x_wconf 88' lang='lat' dir='ltr'><strong>dictum</strong></span> <span class='ocrx_word' id='word_1_149' title='bbox 1621 1724 1830 1790; x_wconf 88' lang='lat' dir='ltr'><strong>putent</strong></span> <span class='ocrx_word' id='word_1_150' title='bbox 1861 1739 1874 1776; x_wconf 91' lang='lat'><strong>:</strong></span> <span class='ocrx_word' id='word_1_151' title='bbox 1910 1724 1978 1775; x_wconf 90' lang='lat' dir='ltr'><strong>ut</strong></span> 
     </span>
    </p>
   </div>
   <div class='ocr_carea' id='block_1_20' title="bbox 2098 917 3740 995">
    <p class='ocr_par' dir='ltr' id='par_1_20' title="bbox 2098 917 3740 995">
     <span class='ocr_line' id='line_1_20' title="bbox 2098 917 3740 995; baseline 0.004 -23"><span class='ocrx_word' id='word_1_152' title='bbox 2098 917 2247 973; x_wconf 90' lang='lat' dir='ltr'><strong>tium</strong></span> <span class='ocrx_word' id='word_1_153' title='bbox 2279 918 2462 975; x_wconf 88' lang='lat' dir='ltr'><strong>Deum</strong></span> <span class='ocrx_word' id='word_1_154' title='bbox 2493 920 2769 977; x_wconf 87' lang='lat' dir='ltr'><strong>humanis</strong></span> <span class='ocrx_word' id='word_1_155' title='bbox 2801 922 3074 978; x_wconf 79' lang='lat' dir='ltr'><strong>sensibus</strong></span> <span class='ocrx_word' id='word_1_156' title='bbox 3105 939 3277 995; x_wconf 91' lang='lat' dir='ltr'><strong>posse</strong></span> <span class='ocrx_word' id='word_1_157' title='bbox 3307 921 3740 995; x_wconf 87' lang='lat' dir='ltr'><strong>comprehendi.</strong></span> 
     </span>
    </p>
   </div>
   <div class='ocr_carea' id='block_1_21' title="bbox 2093 1006 3747 1084">
    <p class='ocr_par' dir='ltr' id='par_1_21' title="bbox 2093 1006 3747 1084">
     <span class='ocr_line' id='line_1_21' title="bbox 2093 1006 3747 1084; baseline 0.003 -22"><span class='ocrx_word' id='word_1_158' title='bbox 2093 1006 2180 1062; x_wconf 92' lang='lat' dir='ltr'><strong>Ab</strong></span> <span class='ocrx_word' id='word_1_159' title='bbox 2211 1006 2304 1063; x_wconf 89' lang='lat' dir='ltr'><strong>his</strong></span> <span class='ocrx_word' id='word_1_160' title='bbox 2334 1008 2514 1079; x_wconf 86' lang='lat' dir='ltr'><strong>igitur</strong></span> <span class='ocrx_word' id='word_1_161' title='bbox 2538 1010 2754 1066; x_wconf 89' lang='lat' dir='ltr'><strong>Paulus</strong></span> <span class='ocrx_word' id='word_1_162' title='bbox 2776 1028 2881 1068; x_wconf 86' lang='lat' dir='ltr'><strong>nos</strong></span> <span class='ocrx_word' id='word_1_163' title='bbox 2907 1016 3135 1068; x_wconf 90' lang='lat' dir='ltr'><strong>revocat</strong></span> <span class='ocrx_word' id='word_1_164' title='bbox 3156 1012 3602 1084; x_wconf 59' lang='lat' dir='ltr'><strong>quastionibus.</strong></span> <span class='ocrx_word' id='word_1_165' title='bbox 3627 1015 3747 1067; x_wconf 71' lang='lat' dir='ltr'><strong>Cae-</strong></span> 
     </span>
    </p>
   </div>
   <div class='ocr_carea' id='block_1_22' title="bbox 2096 1098 3739 1174">
    <p class='ocr_par' dir='ltr' id='par_1_22' title="bbox 2096 1098 3739 1174">
     <span class='ocr_line' id='line_1_22' title="bbox 2096 1098 3739 1174; baseline 0.004 -24"><span class='ocrx_word' id='word_1_166' title='bbox 2096 1098 2285 1152; x_wconf 87' lang='lat' dir='ltr'><strong>terum</strong></span> <span class='ocrx_word' id='word_1_167' title='bbox 2319 1099 2390 1153; x_wconf 90' lang='lat' dir='ltr'><strong>ad</strong></span> <span class='ocrx_word' id='word_1_168' title='bbox 2425 1098 2737 1171; x_wconf 90' lang='lat' dir='ltr'><strong>sapientes,</strong></span> <span class='ocrx_word' id='word_1_169' title='bbox 2771 1105 2827 1157; x_wconf 92' lang='lat' dir='ltr'><strong>et</strong></span> <span class='ocrx_word' id='word_1_170' title='bbox 2856 1118 2982 1174; x_wconf 87' lang='lat' dir='ltr'><strong>quae</strong></span> <span class='ocrx_word' id='word_1_171' title='bbox 3016 1101 3454 1174; x_wconf 90' lang='lat' dir='ltr'><strong>Scripturarum</strong></span> <span class='ocrx_word' id='word_1_172' title='bbox 3486 1101 3739 1157; x_wconf 90' lang='lat' dir='ltr'><strong>auctori-</strong></span> 
     </span>
    </p>
   </div>
   <div class='ocr_carea' id='block_1_23' title="bbox 2093 1188 3740 1263">
    <p class='ocr_par' dir='ltr' id='par_1_23' title="bbox 2093 1188 3740 1263">
     <span class='ocr_line' id='line_1_23' title="bbox 2093 1188 3740 1263; baseline 0.005 -24"><span class='ocrx_word' id='word_1_173' title='bbox 2093 1188 2211 1241; x_wconf 88' lang='lat' dir='ltr'><strong>tate</strong></span> <span class='ocrx_word' id='word_1_174' title='bbox 2246 1188 2396 1244; x_wconf 72' lang='lat'><strong>784</strong></span> <span class='ocrx_word' id='word_1_175' title='bbox 2427 1193 2566 1245; x_wconf 91' lang='lat' dir='ltr'><strong>sunt</strong></span> <span class='ocrx_word' id='word_1_176' title='bbox 2597 1189 2979 1263; x_wconf 73' lang='lat' dir='ltr'><strong>fultae,magis</strong></span> <span class='ocrx_word' id='word_1_177' title='bbox 3009 1191 3345 1247; x_wconf 88' lang='lat' dir='ltr'><strong>cohortatur</strong></span> <span class='ocrx_word' id='word_1_178' title='bbox 3363 1196 3420 1248; x_wconf 90' lang='lat' dir='ltr'><strong>et</strong></span> <span class='ocrx_word' id='word_1_179' title='bbox 3450 1196 3740 1263; x_wconf 90' lang='lat' dir='ltr'><strong>provocat,</strong></span> 
     </span>
    </p>
   </div>
   <div class='ocr_carea' id='block_1_24' title="bbox 2093 1280 3737 1354">
    <p class='ocr_par' dir='ltr' id='par_1_24' title="bbox 2093 1280 3737 1354">
     <span class='ocr_line' id='line_1_24' title="bbox 2093 1280 3737 1354; baseline 0.004 -25"><span class='ocrx_word' id='word_1_180' title='bbox 2093 1281 2510 1348; x_wconf 68' lang='lat' dir='ltr'><strong>praeceptorum</strong></span> <span class='ocrx_word' id='word_1_181' title='bbox 2543 1295 2657 1334; x_wconf 91' lang='lat' dir='ltr'><strong>non</strong></span> <span class='ocrx_word' id='word_1_182' title='bbox 2691 1280 2923 1336; x_wconf 87' lang='lat' dir='ltr'><strong>nescius</strong></span> <span class='ocrx_word' id='word_1_183' title='bbox 2943 1280 3278 1352; x_wconf 88' lang='lat' dir='ltr'><strong>Salvatoris,</strong></span> <span class='ocrx_word' id='word_1_184' title='bbox 3295 1281 3353 1336; x_wconf 89' lang='lat' dir='ltr'><strong>in</strong></span> <span class='ocrx_word' id='word_1_185' title='bbox 3379 1281 3593 1354; x_wconf 88' lang='lat' dir='ltr'><strong>quibus</strong></span> <span class='ocrx_word' id='word_1_186' title='bbox 3617 1280 3699 1337; x_wconf 90' lang='lat' dir='ltr'><strong>ait</strong></span> <span class='ocrx_word' id='word_1_187' title='bbox 3722 1297 3737 1336; x_wconf 88' lang='lat'><strong>:</strong></span> 
     </span>
    </p>
   </div>
   <div class='ocr_carea' id='block_1_25' title="bbox 2092 1364 3739 1443">
    <p class='ocr_par' dir='ltr' id='par_1_25' title="bbox 2092 1364 3739 1443">
     <span class='ocr_line' id='line_1_25' title="bbox 2092 1364 3739 1443; baseline 0.005 -25"><span class='ocrx_word' id='word_1_188' title='bbox 2092 1364 2333 1432; x_wconf 70' lang='lat' dir='ltr'><strong>Quaerite</strong></span> <span class='ocrx_word' id='word_1_189' title='bbox 2359 1371 2410 1422; x_wconf 88' lang='lat' dir='ltr'><strong>et</strong></span> <span class='ocrx_word' id='word_1_190' title='bbox 2439 1369 2749 1436; x_wconf 78' lang='lat' dir='ltr'><strong>invenietis,</strong></span> <span class='ocrx_word' id='word_1_191' title='bbox 2768 1370 2981 1442; x_wconf 81' lang='lat' dir='ltr'><strong>pulsate</strong></span> <span class='ocrx_word' id='word_1_192' title='bbox 3001 1375 3054 1425; x_wconf 90' lang='lat' dir='ltr'><strong>et</strong></span> <span class='ocrx_word' id='word_1_193' title='bbox 3071 1374 3356 1443; x_wconf 81' lang='lat' dir='ltr'><strong>aperietur</strong></span> <span class='ocrx_word' id='word_1_194' title='bbox 3374 1371 3549 1435; x_wconf 86' lang='lat' dir='ltr'><strong>vobis,</strong></span> <span class='ocrx_word' id='word_1_195' title='bbox 3565 1372 3739 1443; x_wconf 81' lang='lat' dir='ltr'><strong>petite</strong></span> 
     </span>
    </p>
   </div>
   <div class='ocr_carea' id='block_1_26' title="bbox 2087 1451 3734 1534">
    <p class='ocr_par' dir='ltr' id='par_1_26' title="bbox 2087 1451 3734 1534">
     <span class='ocr_line' id='line_1_26' title="bbox 2087 1451 3734 1534; baseline 0.004 -27"><span class='ocrx_word' id='word_1_196' title='bbox 2087 1459 2138 1508; x_wconf 87' lang='lat' dir='ltr'><strong>et</strong></span> <span class='ocrx_word' id='word_1_197' title='bbox 2164 1453 2391 1510; x_wconf 79' lang='lat' dir='ltr'><strong>dabitur</strong></span> <span class='ocrx_word' id='word_1_198' title='bbox 2416 1457 2584 1512; x_wconf 85' lang='lat' dir='ltr'><strong>vobis.</strong></span> <span class='ocrx_word' id='word_1_199' title='bbox 2610 1458 2800 1514; x_wconf 85' lang='lat' dir='ltr'><strong>Omnis</strong></span> <span class='ocrx_word' id='word_1_200' title='bbox 2836 1462 2989 1516; x_wconf 86' lang='lat' dir='ltr'><strong>enim</strong></span> <span class='ocrx_word' id='word_1_201' title='bbox 3016 1478 3111 1534; x_wconf 84' lang='lat' dir='ltr'><strong>qui</strong></span> <span class='ocrx_word' id='word_1_202' title='bbox 3153 1462 3354 1533; x_wconf 56' lang='lat' dir='ltr'><strong>quaerit</strong></span> <span class='ocrx_word' id='word_1_203' title='bbox 3384 1461 3594 1516; x_wconf 82' lang='lat' dir='ltr'><strong>invenit</strong></span> <span class='ocrx_word' id='word_1_204' title='bbox 3624 1451 3734 1531; x_wconf 77' lang='lat' dir='ltr'><strong>[AL</strong></span> 
     </span>
    </p>
   </div>
   <div class='ocr_carea' id='block_1_27' title="bbox 2087 1541 3735 1623">
    <p class='ocr_par' dir='ltr' id='par_1_27' title="bbox 2087 1541 3735 1623">
     <span class='ocr_line' id='line_1_27' title="bbox 2087 1541 3735 1623; baseline 0.005 -28"><span class='ocrx_word' id='word_1_205' title='bbox 2087 1541 2429 1615; x_wconf 86' lang='lat' dir='ltr'><strong>inveniet],et</strong></span> <span class='ocrx_word' id='word_1_206' title='bbox 2449 1548 2546 1619; x_wconf 82' lang='lat' dir='ltr'><strong>qui</strong></span> <span class='ocrx_word' id='word_1_207' title='bbox 2562 1549 2697 1619; x_wconf 85' lang='lat' dir='ltr'><strong>petit</strong></span> <span class='ocrx_word' id='word_1_208' title='bbox 2716 1550 2914 1621; x_wconf 86' lang='lat' dir='ltr'><strong>accipit</strong></span> <span class='ocrx_word' id='word_1_209' title='bbox 2934 1548 3046 1621; x_wconf 78' lang='lat' dir='ltr'><strong>[AL</strong></span> <span class='ocrx_word' id='word_1_210' title='bbox 3070 1549 3345 1623; x_wconf 76' lang='lat' dir='ltr'><strong>accipiet],</strong></span> <span class='ocrx_word' id='word_1_211' title='bbox 3359 1552 3409 1606; x_wconf 85' lang='lat' dir='ltr'><strong>et</strong></span> <span class='ocrx_word' id='word_1_212' title='bbox 3429 1551 3525 1621; x_wconf 89' lang='lat' dir='ltr'><strong>qui</strong></span> <span class='ocrx_word' id='word_1_213' title='bbox 3542 1548 3735 1622; x_wconf 81' lang='lat' dir='ltr'><strong>pulsat</strong></span> 
     </span>
    </p>
   </div>
   <div class='ocr_carea' id='block_1_28' title="bbox 2085 1635 3732 1711">
    <p class='ocr_par' dir='ltr' id='par_1_28' title="bbox 2085 1635 3732 1711">
     <span class='ocr_line' id='line_1_28' title="bbox 2085 1635 3732 1711; baseline 0.004 -25"><span class='ocrx_word' id='word_1_214' title='bbox 2085 1635 2369 1703; x_wconf 83' lang='lat' dir='ltr'><strong>aperietur</strong></span> <span class='ocrx_word' id='word_1_215' title='bbox 2410 1637 2464 1691; x_wconf 90' lang='lat' dir='ltr'><strong>ei</strong></span> <span class='ocrx_word' id='word_1_216' title='bbox 2491 1636 2642 1706; x_wconf 85' lang='lat' dir='ltr'><strong>(Luc.</strong></span> <span class='ocrx_word' id='word_1_217' title='bbox 2665 1655 2745 1705; x_wconf 77' lang='lat' dir='ltr'><strong>x1,</strong></span> <span class='ocrx_word' id='word_1_218' title='bbox 2771 1639 2826 1705; x_wconf 89' lang='lat'><strong>9,</strong></span> <span class='ocrx_word' id='word_1_219' title='bbox 2860 1640 2979 1711; x_wconf 75' lang='lat'><strong>10);</strong></span> <span class='ocrx_word' id='word_1_220' title='bbox 3014 1640 3185 1694; x_wconf 87' lang='lat' dir='ltr'><strong>modo</strong></span> <span class='ocrx_word' id='word_1_221' title='bbox 3231 1656 3347 1694; x_wconf 89' lang='lat' dir='ltr'><strong>non</strong></span> <span class='ocrx_word' id='word_1_222' title='bbox 3398 1639 3475 1693; x_wconf 86' lang='lat' dir='ltr'><strong>sit</strong></span> <span class='ocrx_word' id='word_1_223' title='bbox 3520 1654 3732 1711; x_wconf 90' lang='lat' dir='ltr'><strong>corpus</strong></span> 
     </span>
    </p>
   </div>
   <div class='ocr_carea' id='block_1_29' title="bbox 2086 1726 3730 1802">
    <p class='ocr_par' dir='ltr' id='par_1_29' title="bbox 2086 1726 3730 1802">
     <span class='ocr_line' id='line_1_29' title="bbox 2086 1726 3730 1802; baseline 0.005 -27"><span class='ocrx_word' id='word_1_224' title='bbox 2086 1726 2350 1779; x_wconf 90' lang='lat' dir='ltr'><strong>nostrum</strong></span> <span class='ocrx_word' id='word_1_225' title='bbox 2401 1726 2702 1782; x_wconf 88' lang='lat' dir='ltr'><strong>subditum</strong></span> <span class='ocrx_word' id='word_1_226' title='bbox 2754 1729 3025 1799; x_wconf 87' lang='lat' dir='ltr'><strong>peccatis,</strong></span> <span class='ocrx_word' id='word_1_227' title='bbox 3059 1732 3116 1784; x_wconf 89' lang='lat' dir='ltr'><strong>et</strong></span> <span class='ocrx_word' id='word_1_228' title='bbox 3144 1728 3504 1802; x_wconf 89' lang='lat' dir='ltr'><strong>ingredietur</strong></span> <span class='ocrx_word' id='word_1_229' title='bbox 3531 1728 3589 1783; x_wconf 92' lang='lat' dir='ltr'><strong>in</strong></span> <span class='ocrx_word' id='word_1_230' title='bbox 3622 1744 3730 1783; x_wconf 89' lang='lat' dir='ltr'><strong>nos</strong></span> 
     </span>
    </p>
   </div>
   <div class='ocr_carea' id='block_1_30' title="bbox 325 1793 3729 1902">
    <p class='ocr_par' dir='ltr' id='par_1_30' title="bbox 325 1793 3729 1902">
     <span class='ocr_line' id='line_1_30' title="bbox 325 1793 3729 1902; baseline 0.008 -56"><span class='ocrx_word' id='word_1_231' title='bbox 325 1793 623 1902; x_wconf 71' lang='lat' dir='ltr'><strong>quomodo</strong></span> <span class='ocrx_word' id='word_1_232' title='bbox 652 1798 764 1852; x_wconf 90' lang='lat' dir='ltr'><strong>sub</strong></span> <span class='ocrx_word' id='word_1_233' title='bbox 806 1813 1058 1870; x_wconf 88' lang='lat' dir='ltr'><strong>persona</strong></span> <span class='ocrx_word' id='word_1_234' title='bbox 1088 1818 1217 1870; x_wconf 90' lang='lat' dir='ltr'><strong>sua,</strong></span> <span class='ocrx_word' id='word_1_235' title='bbox 1245 1809 1301 1860; x_wconf 88' lang='lat' dir='ltr'><strong>et</strong></span> <span class='ocrx_word' id='word_1_236' title='bbox 1345 1806 1550 1878; x_wconf 90' lang='lat' dir='ltr'><strong>Apollo</strong></span> <span class='ocrx_word' id='word_1_237' title='bbox 1582 1810 1639 1863; x_wconf 91' lang='lat' dir='ltr'><strong>et</strong></span> <span class='ocrx_word' id='word_1_238' title='bbox 1667 1808 1870 1881; x_wconf 70' lang='lat' dir='ltr'><strong>Cephea</strong></span> <span class='ocrx_word' id='word_1_239' title='bbox 1902 1810 1974 1864; x_wconf 90' lang='lat' dir='ltr'><strong>de</strong></span> <span class='ocrx_word' id='word_1_240' title='bbox 2001 1836 2050 1902; x_wconf 79' lang='grc' dir='ltr'><strong>Β</strong></span> <span class='ocrx_word' id='word_1_241' title='bbox 2084 1812 2393 1882; x_wconf 86' lang='lat' dir='ltr'><strong>sapientia.</strong></span> <span class='ocrx_word' id='word_1_242' title='bbox 2427 1793 2775 1871; x_wconf 74' lang='lat' dir='ltr'><strong>Exerceatur</strong></span> <span class='ocrx_word' id='word_1_243' title='bbox 2802 1793 3022 1874; x_wconf 29' lang='lat' dir='ltr'><strong>sensus,</strong></span> <span class='ocrx_word' id='word_1_244' title='bbox 3044 1793 3500 1890; x_wconf 46' lang='lat' dir='ltr'><strong>menquuotidie</strong></span> <span class='ocrx_word' id='word_1_245' title='bbox 3532 1815 3729 1872; x_wconf 85' lang='lat' dir='ltr'><strong>divina</strong></span> 
     </span>
    </p>
   </div>
   <div class='ocr_carea' id='block_1_31' title="bbox 322 1877 3726 1977">
    <p class='ocr_par' dir='ltr' id='par_1_31' title="bbox 322 1877 3726 1977">
     <span class='ocr_line' id='line_1_31' title="bbox 322 1877 3726 1977; baseline 0.007 -41"><span class='ocrx_word' id='word_1_246' title='bbox 322 1877 695 1977; x_wconf 66' lang='lat' dir='ltr'><strong>dissensione</strong></span> <span class='ocrx_word' id='word_1_247' title='bbox 725 1890 785 1943; x_wconf 89' lang='lat' dir='ltr'><strong>et</strong></span> <span class='ocrx_word' id='word_1_248' title='bbox 811 1888 1151 1963; x_wconf 88' lang='lat' dir='ltr'><strong>schismate,</strong></span> <span class='ocrx_word' id='word_1_249' title='bbox 1179 1894 1334 1963; x_wconf 92' lang='lat' dir='ltr'><strong>quod</strong></span> <span class='ocrx_word' id='word_1_250' title='bbox 1366 1877 1648 1968; x_wconf 79' lang='lat' dir='ltr'><strong>arguebat</strong></span> <span class='ocrx_word' id='word_1_251' title='bbox 1674 1877 1970 1953; x_wconf 42' lang='lat' dir='ltr'><strong>in-Corin-</strong></span> <span class='ocrx_word' id='word_1_252' title='bbox 2001 1877 2050 1902; x_wconf 68' lang='grc' dir='ltr'><em>υ</em></span> <span class='ocrx_word' id='word_1_253' title='bbox 2080 1877 2327 1957; x_wconf 75' lang='lat' dir='ltr'><strong>lectione</strong></span> <span class='ocrx_word' id='word_1_254' title='bbox 2357 1908 2635 1975; x_wconf 88' lang='lat' dir='ltr'><strong>pascatur</strong></span> <span class='ocrx_word' id='word_1_255' title='bbox 2658 1923 2670 1960; x_wconf 92' lang='lat'><strong>:</strong></span> <span class='ocrx_word' id='word_1_256' title='bbox 2694 1909 2752 1961; x_wconf 92' lang='lat' dir='ltr'><strong>et</strong></span> <span class='ocrx_word' id='word_1_257' title='bbox 2773 1906 3125 1977; x_wconf 79' lang='lat' dir='ltr'><strong>quaestiones</strong></span> <span class='ocrx_word' id='word_1_258' title='bbox 3155 1877 3365 1963; x_wconf 74' lang='lat' dir='ltr'><strong>nostrae</strong></span> <span class='ocrx_word' id='word_1_259' title='bbox 3395 1905 3584 1962; x_wconf 80' lang='lat' dir='ltr'><strong>stultae</strong></span> <span class='ocrx_word' id='word_1_260' title='bbox 3610 1921 3726 1960; x_wconf 90' lang='lat' dir='ltr'><strong>non</strong></span> 
     </span>
    </p>
   </div>
   <div class='ocr_carea' id='block_1_32' title="bbox 321 1967 1967 2059">
    <p class='ocr_par' dir='ltr' id='par_1_32' title="bbox 321 1967 1967 2059">
     <span class='ocr_line' id='line_1_32' title="bbox 321 1967 1967 2059; baseline 0.015 -36"><span class='ocrx_word' id='word_1_261' title='bbox 321 1967 467 2029; x_wconf 89' lang='lat' dir='ltr'><strong>thiis</strong></span> <span class='ocrx_word' id='word_1_262' title='bbox 499 1973 650 2031; x_wconf 68' lang='grc' dir='ltr'><strong>ηε</strong></span> <span class='ocrx_word' id='word_1_263' title='bbox 690 1980 780 2032; x_wconf 88' lang='lat' dir='ltr'><strong>est</strong></span> <span class='ocrx_word' id='word_1_264' title='bbox 824 1976 1056 2035; x_wconf 91' lang='lat' dir='ltr'><strong>locutus</strong></span> <span class='ocrx_word' id='word_1_265' title='bbox 1086 1981 1135 2053; x_wconf 87' lang='grc' dir='ltr'><strong>(ι</strong></span> <span class='ocrx_word' id='word_1_266' title='bbox 1162 1982 1353 2050; x_wconf 81' lang='lat' dir='ltr'><strong>Cor.1,</strong></span> <span class='ocrx_word' id='word_1_267' title='bbox 1386 1967 1474 2059; x_wconf 63' lang='grc'><strong>12)</strong></span> <span class='ocrx_word' id='word_1_268' title='bbox 1507 2003 1522 2045; x_wconf 77' lang='grc' dir='ltr'><em>ε</em></span> <span class='ocrx_word' id='word_1_269' title='bbox 1557 1988 1638 2045; x_wconf 88' lang='lat' dir='ltr'><strong>ita</strong></span> <span class='ocrx_word' id='word_1_270' title='bbox 1685 1990 1859 2046; x_wconf 89' lang='lat' dir='ltr'><strong>etiam</strong></span> <span class='ocrx_word' id='word_1_271' title='bbox 1905 1992 1967 2048; x_wconf 89' lang='lat' dir='ltr'><strong>in</strong></span> 
     </span>
    </p>
   </div>
   <div class='ocr_carea' id='block_1_33' title="bbox 320 2061 1969 2147">
    <p class='ocr_par' dir='ltr' id='par_1_33' title="bbox 320 2061 1969 2147">
     <span class='ocr_line' id='line_1_33' title="bbox 320 2061 1969 2147; baseline 0.015 -33"><span class='ocrx_word' id='word_1_272' title='bbox 320 2062 596 2131; x_wconf 60' lang='lat' dir='ltr'><strong>praesnti</strong></span> <span class='ocrx_word' id='word_1_273' title='bbox 644 2061 792 2132; x_wconf 79' lang='lat' dir='ltr'><strong>loco,</strong></span> <span class='ocrx_word' id='word_1_274' title='bbox 844 2082 906 2122; x_wconf 90' lang='lat' dir='ltr'><strong>se</strong></span> <span class='ocrx_word' id='word_1_275' title='bbox 949 2073 1006 2125; x_wconf 89' lang='lat' dir='ltr'><strong>et</strong></span> <span class='ocrx_word' id='word_1_276' title='bbox 1054 2072 1352 2143; x_wconf 88' lang='lat' dir='ltr'><strong>apostolos</strong></span> <span class='ocrx_word' id='word_1_277' title='bbox 1400 2078 1732 2147; x_wconf 85' lang='lat' dir='ltr'><strong>nominans,</strong></span> <span class='ocrx_word' id='word_1_278' title='bbox 1765 2097 1969 2139; x_wconf 88' lang='lat' dir='ltr'><strong>omnes</strong></span> 
     </span>
    </p>
   </div>
   <div class='ocr_carea' id='block_1_34' title="bbox 321 2150 1966 2235">
    <p class='ocr_par' dir='ltr' id='par_1_34' title="bbox 321 2150 1966 2235">
     <span class='ocr_line' id='line_1_34' title="bbox 321 2150 1966 2235; baseline 0.015 -31"><span class='ocrx_word' id='word_1_279' title='bbox 321 2150 422 2220; x_wconf 91' lang='lat' dir='ltr'><strong>qui</strong></span> <span class='ocrx_word' id='word_1_280' title='bbox 451 2150 514 2207; x_wconf 91' lang='lat' dir='ltr'><strong>in</strong></span> <span class='ocrx_word' id='word_1_281' title='bbox 544 2151 773 2211; x_wconf 85' lang='lat' dir='ltr'><strong>Christo</strong></span> <span class='ocrx_word' id='word_1_282' title='bbox 803 2158 1188 2228; x_wconf 89' lang='lat' dir='ltr'><strong>crediderant,</strong></span> <span class='ocrx_word' id='word_1_283' title='bbox 1217 2164 1423 2235; x_wconf 88' lang='lat' dir='ltr'><strong>quales</strong></span> <span class='ocrx_word' id='word_1_284' title='bbox 1466 2168 1683 2224; x_wconf 79' lang='lat' dir='ltr'><strong>iuerint</strong></span> <span class='ocrx_word' id='word_1_285' title='bbox 1711 2175 1845 2227; x_wconf 87' lang='lat' dir='ltr'><strong>ante</strong></span> <span class='ocrx_word' id='word_1_286' title='bbox 1877 2189 1966 2227; x_wconf 60' lang='lat' dir='ltr'><strong>rev</strong></span> 
     </span>
    </p>
   </div>
   <div class='ocr_carea' id='block_1_35' title="bbox 320 2240 1973 2323">
    <p class='ocr_par' dir='ltr' id='par_1_35' title="bbox 320 2240 1973 2323">
     <span class='ocr_line' id='line_1_35' title="bbox 320 2240 1973 2323; baseline 0.015 -29"><span class='ocrx_word' id='word_1_287' title='bbox 320 2240 761 2313; x_wconf 87' lang='lat' dir='ltr'><strong>generationem</strong></span> <span class='ocrx_word' id='word_1_288' title='bbox 791 2244 1003 2303; x_wconf 90' lang='lat' dir='ltr'><strong>lavacri</strong></span> <span class='ocrx_word' id='word_1_289' title='bbox 1035 2249 1247 2323; x_wconf 80' lang='lat' dir='ltr'><strong>vitalis,</strong></span> <span class='ocrx_word' id='word_1_290' title='bbox 1280 2256 1620 2315; x_wconf 89' lang='lat' dir='ltr'><strong>ostenderit.</strong></span> <span class='ocrx_word' id='word_1_291' title='bbox 1657 2259 1844 2314; x_wconf 88' lang='lat' dir='ltr'><strong>Simul</strong></span> <span class='ocrx_word' id='word_1_292' title='bbox 1874 2278 1973 2317; x_wconf 89' lang='lat' dir='ltr'><strong>au-</strong></span> 
     </span>
    </p>
   </div>
   <div class='ocr_carea' id='block_1_36' title="bbox 320 2330 1969 2423">
    <p class='ocr_par' dir='ltr' id='par_1_36' title="bbox 320 2330 1969 2423">
     <span class='ocr_line' id='line_1_36' title="bbox 320 2330 1969 2423; baseline 0.014 -40"><span class='ocrx_word' id='word_1_293' title='bbox 320 2333 442 2385; x_wconf 88' lang='lat' dir='ltr'><strong>tem</strong></span> <span class='ocrx_word' id='word_1_294' title='bbox 485 2334 546 2386; x_wconf 90' lang='lat' dir='ltr'><strong>et</strong></span> <span class='ocrx_word' id='word_1_295' title='bbox 590 2330 901 2423; x_wconf 81' lang='lat' dir='ltr'><strong>humilitas</strong></span> <span class='ocrx_word' id='word_1_296' title='bbox 950 2338 1079 2409; x_wconf 90' lang='lat' dir='ltr'><strong>ejus</strong></span> <span class='ocrx_word' id='word_1_297' title='bbox 1135 2345 1226 2396; x_wconf 89' lang='lat' dir='ltr'><strong>est</strong></span> <span class='ocrx_word' id='word_1_298' title='bbox 1278 2344 1646 2417; x_wconf 90' lang='lat' dir='ltr'><strong>admiranda,</strong></span> <span class='ocrx_word' id='word_1_299' title='bbox 1680 2350 1836 2421; x_wconf 89' lang='lat' dir='ltr'><strong>quod</strong></span> <span class='ocrx_word' id='word_1_300' title='bbox 1869 2351 1969 2423; x_wconf 88' lang='lat' dir='ltr'><strong>qui</strong></span> 
     </span>
    </p>
   </div>
   <div class='ocr_carea' id='block_1_37' title="bbox 320 2419 1970 2512">
    <p class='ocr_par' dir='ltr' id='par_1_37' title="bbox 320 2419 1970 2512">
     <span class='ocr_line' id='line_1_37' title="bbox 320 2419 1970 2512; baseline 0.016 -41"><span class='ocrx_word' id='word_1_301' title='bbox 320 2433 558 2512; x_wconf 66' lang='lat' dir='ltr'><strong>emnem</strong></span> <span class='ocrx_word' id='word_1_302' title='bbox 606 2419 1003 2512; x_wconf 85' lang='lat' dir='ltr'><strong>humilitatem</strong></span> <span class='ocrx_word' id='word_1_303' title='bbox 1035 2428 1142 2499; x_wconf 79' lang='grc' dir='ltr'><strong>[Αἱ.</strong></span> <span class='ocrx_word' id='word_1_304' title='bbox 1176 2430 1511 2502; x_wconf 85' lang='lat' dir='ltr'><strong>utilitatem]</strong></span> <span class='ocrx_word' id='word_1_305' title='bbox 1554 2419 1970 2512; x_wconf 37' lang='lat' dir='ltr'><strong>justi—tiamq—ue</strong></span> 
     </span>
    </p>
   </div>
   <div class='ocr_carea' id='block_1_38' title="bbox 319 2503 1969 2601">
    <p class='ocr_par' dir='ltr' id='par_1_38' title="bbox 319 2503 1969 2601">
     <span class='ocr_line' id='line_1_38' title="bbox 319 2503 1969 2601; baseline 0.016 -41"><span class='ocrx_word' id='word_1_306' title='bbox 319 2503 468 2578; x_wconf 88' lang='lat' dir='ltr'><strong>legis</strong></span> <span class='ocrx_word' id='word_1_307' title='bbox 497 2509 671 2601; x_wconf 83' lang='lat' dir='ltr'><strong>quasi</strong></span> <span class='ocrx_word' id='word_1_308' title='bbox 700 2511 1056 2585; x_wconf 88' lang='lat' dir='ltr'><strong>quisquilias</strong></span> <span class='ocrx_word' id='word_1_309' title='bbox 1086 2520 1143 2572; x_wconf 87' lang='lat' dir='ltr'><strong>et</strong></span> <span class='ocrx_word' id='word_1_310' title='bbox 1180 2503 1573 2593; x_wconf 78' lang='lat' dir='ltr'><strong>purgamenta</strong></span> <span class='ocrx_word' id='word_1_311' title='bbox 1598 2503 1969 2601; x_wconf 78' lang='lat' dir='ltr'><strong>contempsit,</strong></span> 
     </span>
    </p>
   </div>
   <div class='ocr_carea' id='block_1_39' title="bbox 322 2598 1970 2674">
    <p class='ocr_par' dir='ltr' id='par_1_39' title="bbox 322 2598 1970 2674">
     <span class='ocr_line' id='line_1_39' title="bbox 322 2598 1970 2674; baseline 0.015 -24"><span class='ocrx_word' id='word_1_312' title='bbox 322 2600 478 2652; x_wconf 88' lang='lat' dir='ltr'><strong>recte</strong></span> <span class='ocrx_word' id='word_1_313' title='bbox 508 2613 571 2653; x_wconf 85' lang='lat' dir='ltr'><strong>se</strong></span> <span class='ocrx_word' id='word_1_314' title='bbox 609 2598 736 2656; x_wconf 87' lang='lat' dir='ltr'><strong>sine</strong></span> <span class='ocrx_word' id='word_1_315' title='bbox 781 2601 1010 2660; x_wconf 90' lang='lat' dir='ltr'><strong>Christo</strong></span> <span class='ocrx_word' id='word_1_316' title='bbox 1038 2606 1198 2664; x_wconf 89' lang='lat' dir='ltr'><strong>vitiis</strong></span> <span class='ocrx_word' id='word_1_317' title='bbox 1229 2612 1505 2669; x_wconf 90' lang='lat' dir='ltr'><strong>omnibus</strong></span> <span class='ocrx_word' id='word_1_318' title='bbox 1553 2616 1801 2673; x_wconf 87' lang='lat' dir='ltr'><strong>servisse</strong></span> <span class='ocrx_word' id='word_1_319' title='bbox 1832 2598 1970 2674; x_wconf 23' lang='lat' dir='ltr'><strong>~mev-</strong></span> 
     </span>
    </p>
   </div>
   <div class='ocr_carea' id='block_1_40' title="bbox 323 2685 590 2742">
    <p class='ocr_par' dir='ltr' id='par_1_40' title="bbox 323 2685 590 2742">
     <span class='ocr_line' id='line_1_40' title="bbox 323 2685 590 2742; baseline 0.004 -1"><span class='ocrx_word' id='word_1_320' title='bbox 323 2685 590 2742; x_wconf 75' lang='lat' dir='ltr'><strong>morai-it.</strong></span> 
     </span>
    </p>
   </div>
   <div class='ocr_carea' id='block_1_41' title="bbox 395 2773 1973 2854">
    <p class='ocr_par' dir='ltr' id='par_1_41' title="bbox 395 2773 1973 2854">
     <span class='ocr_line' id='line_1_41' title="bbox 395 2773 1973 2854; baseline 0.016 -26"><span class='ocrx_word' id='word_1_321' title='bbox 395 2773 588 2843; x_wconf 83' lang='lat' dir='ltr'><strong>(Vere.</strong></span> <span class='ocrx_word' id='word_1_322' title='bbox 618 2778 698 2846; x_wconf 89' lang='lat'><strong>8).</strong></span> <span class='ocrx_word' id='word_1_323' title='bbox 731 2798 758 2832; x_wconf 74' lang='grc' dir='ltr'>α</span> <span class='ocrx_word' id='word_1_324' title='bbox 791 2781 1004 2839; x_wconf 88' lang='lat' dir='ltr'><strong>Fidelis</strong></span> <span class='ocrx_word' id='word_1_325' title='bbox 1032 2801 1246 2854; x_wconf 89' lang='lat' dir='ltr'><strong>sermo,</strong></span> <span class='ocrx_word' id='word_1_326' title='bbox 1279 2793 1337 2845; x_wconf 91' lang='lat' dir='ltr'><strong>et</strong></span> <span class='ocrx_word' id='word_1_327' title='bbox 1365 2791 1435 2847; x_wconf 92' lang='lat' dir='ltr'><strong>de</strong></span> <span class='ocrx_word' id='word_1_328' title='bbox 1466 2791 1558 2849; x_wconf 91' lang='lat' dir='ltr'><strong>his</strong></span> <span class='ocrx_word' id='word_1_329' title='bbox 1586 2795 1715 2851; x_wconf 92' lang='lat' dir='ltr'><strong>volo</strong></span> <span class='ocrx_word' id='word_1_330' title='bbox 1746 2799 1800 2852; x_wconf 87' lang='lat' dir='ltr'><strong>te</strong></span> <span class='ocrx_word' id='word_1_331' title='bbox 1833 2814 1973 2853; x_wconf 89' lang='lat' dir='ltr'><strong>con-</strong></span> 
     </span>
    </p>
   </div>
   <div class='ocr_carea' id='block_1_42' title="bbox 324 2861 1973 2946">
    <p class='ocr_par' dir='ltr' id='par_1_42' title="bbox 324 2861 1973 2946">
     <span class='ocr_line' id='line_1_42' title="bbox 324 2861 1973 2946; baseline 0.015 -28"><span class='ocrx_word' id='word_1_332' title='bbox 324 2861 562 2921; x_wconf 84' lang='lat' dir='ltr'><strong>ﬁrmare</strong></span> <span class='ocrx_word' id='word_1_333' title='bbox 611 2866 725 2938; x_wconf 82' lang='lat' dir='ltr'><strong>[AL</strong></span> <span class='ocrx_word' id='word_1_334' title='bbox 757 2870 1095 2946; x_wconf 82' lang='lat' dir='ltr'><strong>affirmare],</strong></span> <span class='ocrx_word' id='word_1_335' title='bbox 1142 2881 1209 2932; x_wconf 90' lang='lat' dir='ltr'><strong>ut</strong></span> <span class='ocrx_word' id='word_1_336' title='bbox 1255 2895 1457 2936; x_wconf 89' lang='lat' dir='ltr'><strong>curam</strong></span> <span class='ocrx_word' id='word_1_337' title='bbox 1506 2881 1762 2940; x_wconf 89' lang='lat' dir='ltr'><strong>habeant</strong></span> <span class='ocrx_word' id='word_1_338' title='bbox 1806 2886 1973 2942; x_wconf 89' lang='lat' dir='ltr'><strong>bonis</strong></span> 
     </span>
    </p>
   </div>
   <div class='ocr_carea' id='block_1_43' title="bbox 326 2953 1974 3035">
    <p class='ocr_par' dir='ltr' id='par_1_43' title="bbox 326 2953 1974 3035">
     <span class='ocr_line' id='line_1_43' title="bbox 326 2953 1974 3035; baseline 0.015 -28"><span class='ocrx_word' id='word_1_339' title='bbox 326 2953 606 3024; x_wconf 86' lang='lat' dir='ltr'><strong>operibus</strong></span> <span class='ocrx_word' id='word_1_340' title='bbox 659 2973 906 3029; x_wconf 66' lang='lat' dir='ltr'><strong>praeesse</strong></span> <span class='ocrx_word' id='word_1_341' title='bbox 959 2964 1060 3035; x_wconf 89' lang='lat' dir='ltr'><strong>qui</strong></span> <span class='ocrx_word' id='word_1_342' title='bbox 1119 2968 1364 3024; x_wconf 88' lang='lat' dir='ltr'><strong>credunt</strong></span> <span class='ocrx_word' id='word_1_343' title='bbox 1418 2969 1476 3025; x_wconf 91' lang='lat' dir='ltr'><strong>in</strong></span> <span class='ocrx_word' id='word_1_344' title='bbox 1538 2974 1803 3030; x_wconf 91' lang='lat' dir='ltr'><strong>Domino.</strong></span> <span class='ocrx_word' id='word_1_345' title='bbox 1845 2975 1974 3031; x_wconf 89' lang='lat' dir='ltr'><strong>Haec</strong></span> 
     </span>
    </p>
   </div>
   <div class='ocr_carea' id='block_1_44' title="bbox 329 3040 1975 3134">
    <p class='ocr_par' dir='ltr' id='par_1_44' title="bbox 329 3040 1975 3134">
     <span class='ocr_line' id='line_1_44' title="bbox 329 3040 1975 3134; baseline 0.014 -37"><span class='ocrx_word' id='word_1_346' title='bbox 329 3040 486 3134; x_wconf 73' lang='lat' dir='ltr'><strong>bona</strong></span> <span class='ocrx_word' id='word_1_347' title='bbox 513 3049 673 3115; x_wconf 88' lang='lat' dir='ltr'><strong>sunt,</strong></span> <span class='ocrx_word' id='word_1_348' title='bbox 703 3050 760 3103; x_wconf 90' lang='lat' dir='ltr'><strong>et</strong></span> <span class='ocrx_word' id='word_1_349' title='bbox 790 3048 961 3107; x_wconf 87' lang='lat' dir='ltr'><strong>utilia</strong></span> <span class='ocrx_word' id='word_1_350' title='bbox 988 3052 1346 3113; x_wconf 90' lang='lat' dir='ltr'><strong>hominibus.</strong></span> <span class='ocrx_word' id='word_1_351' title='bbox 1372 3079 1401 3109; x_wconf 84' lang='grc'><strong>››</strong></span> <span class='ocrx_word' id='word_1_352' title='bbox 1437 3061 1553 3117; x_wconf 83' lang='lat' dir='ltr'><strong>Hoc</strong></span> <span class='ocrx_word' id='word_1_353' title='bbox 1583 3064 1738 3134; x_wconf 89' lang='lat' dir='ltr'><strong>quod</strong></span> <span class='ocrx_word' id='word_1_354' title='bbox 1770 3063 1871 3130; x_wconf 90' lang='lat' dir='ltr'><strong>ait,</strong></span> <span class='ocrx_word' id='word_1_355' title='bbox 1905 3064 1975 3133; x_wconf 79' lang='lat' dir='ltr'><strong>ﬁ-</strong></span> 
     </span>
    </p>
   </div>
   <div class='ocr_carea' id='block_1_45' title="bbox 326 3130 1974 3225">
    <p class='ocr_par' dir='ltr' id='par_1_45' title="bbox 326 3130 1974 3225">
     <span class='ocr_line' id='line_1_45' title="bbox 326 3130 1974 3225; baseline 0.013 -38"><span class='ocrx_word' id='word_1_356' title='bbox 326 3130 469 3189; x_wconf 77' lang='lat' dir='ltr'><strong>delis</strong></span> <span class='ocrx_word' id='word_1_357' title='bbox 494 3149 690 3225; x_wconf 77' lang='lat' dir='ltr'><strong>sermo,</strong></span> <span class='ocrx_word' id='word_1_358' title='bbox 714 3138 785 3193; x_wconf 89' lang='lat' dir='ltr'><strong>ad</strong></span> <span class='ocrx_word' id='word_1_359' title='bbox 819 3141 1122 3212; x_wconf 88' lang='lat' dir='ltr'><strong>superiora</strong></span> <span class='ocrx_word' id='word_1_360' title='bbox 1141 3145 1515 3219; x_wconf 89' lang='lat' dir='ltr'><strong>jungendum</strong></span> <span class='ocrx_word' id='word_1_361' title='bbox 1538 3130 1647 3219; x_wconf 80' lang='lat' dir='ltr'><strong>est,</strong></span> <span class='ocrx_word' id='word_1_362' title='bbox 1674 3152 1733 3206; x_wconf 90' lang='lat' dir='ltr'><strong>in</strong></span> <span class='ocrx_word' id='word_1_363' title='bbox 1757 3130 1974 3225; x_wconf 85' lang='lat' dir='ltr'><strong>quibus</strong></span> 
     </span>
    </p>
   </div>
   <div class='ocr_carea' id='block_1_46' title="bbox 329 3202 2048 3322">
    <p class='ocr_par' dir='ltr' id='par_1_46' title="bbox 329 3202 2048 3322">
     <span class='ocr_line' id='line_1_46' title="bbox 329 3202 2048 3322; baseline 0.016 -47"><span class='ocrx_word' id='word_1_364' title='bbox 329 3223 711 3322; x_wconf 68' lang='lat' dir='ltr'><strong>praemiserat,</strong></span> <span class='ocrx_word' id='word_1_365' title='bbox 744 3230 803 3322; x_wconf 67' lang='lat' dir='ltr'><strong>ut</strong></span> <span class='ocrx_word' id='word_1_366' title='bbox 821 3202 1123 3302; x_wconf 65' lang='lat' dir='ltr'><strong>justiﬁcati</strong></span> <span class='ocrx_word' id='word_1_367' title='bbox 1141 3202 1321 3306; x_wconf 58' lang='lat' dir='ltr'><strong>ipsius</strong></span> <span class='ocrx_word' id='word_1_368' title='bbox 2005 3202 2048 3270; x_wconf 62' lang='grc' dir='ltr'>Ο</span> 
     </span>
    </p>
   </div>
   <div class='ocr_carea' id='block_1_47' title="bbox 329 3315 1972 3403">
    <p class='ocr_par' dir='ltr' id='par_1_47' title="bbox 329 3315 1972 3403">
     <span class='ocr_line' id='line_1_47' title="bbox 329 3315 1972 3403; baseline 0.015 -39"><span class='ocrx_word' id='word_1_369' title='bbox 329 3315 550 3366; x_wconf 81' lang='lat' dir='ltr'><strong>ciamur</strong></span> <span class='ocrx_word' id='word_1_370' title='bbox 582 3315 880 3372; x_wconf 81' lang='lat' dir='ltr'><strong>secundum</strong></span> <span class='ocrx_word' id='word_1_371' title='bbox 924 3335 1076 3391; x_wconf 80' lang='lat' dir='ltr'><strong>spem</strong></span> <span class='ocrx_word' id='word_1_372' title='bbox 1100 3324 1235 3381; x_wconf 71' lang='lat' dir='ltr'><strong>vitae</strong></span> <span class='ocrx_word' id='word_1_373' title='bbox 1261 3330 1510 3385; x_wconf 64' lang='lat' dir='ltr'><strong>aeternae</strong></span> <span class='ocrx_word' id='word_1_374' title='bbox 1545 3328 1770 3403; x_wconf 89' lang='lat' dir='ltr'><strong>Dignus</strong></span> <span class='ocrx_word' id='word_1_375' title='bbox 1818 3332 1972 3388; x_wconf 90' lang='lat' dir='ltr'><strong>enim</strong></span> 
     </span>
    </p>
   </div>
   <div class='ocr_carea' id='block_1_48' title="bbox 330 3399 1976 3494">
    <p class='ocr_par' dir='ltr' id='par_1_48' title="bbox 330 3399 1976 3494">
     <span class='ocr_line' id='line_1_48' title="bbox 330 3399 1976 3494; baseline 0.015 -40"><span class='ocrx_word' id='word_1_376' title='bbox 330 3399 450 3494; x_wconf 86' lang='lat' dir='ltr'><strong>ﬁde</strong></span> <span class='ocrx_word' id='word_1_377' title='bbox 478 3418 656 3494; x_wconf 71' lang='lat' dir='ltr'><strong>super</strong></span> <span class='ocrx_word' id='word_1_378' title='bbox 682 3404 1019 3466; x_wconf 78' lang='lat' dir='ltr'><strong>haereditate</strong></span> <span class='ocrx_word' id='word_1_379' title='bbox 1051 3413 1148 3468; x_wconf 92' lang='lat' dir='ltr'><strong>Dei</strong></span> <span class='ocrx_word' id='word_1_380' title='bbox 1179 3429 1393 3481; x_wconf 81' lang='lat' dir='ltr'><strong>sermo,</strong></span> <span class='ocrx_word' id='word_1_381' title='bbox 1426 3422 1484 3473; x_wconf 92' lang='lat' dir='ltr'><strong>et</strong></span> <span class='ocrx_word' id='word_1_382' title='bbox 1512 3399 1690 3492; x_wconf 71' lang='lat' dir='ltr'><strong>super</strong></span> <span class='ocrx_word' id='word_1_383' title='bbox 1719 3438 1820 3494; x_wconf 87' lang='lat' dir='ltr'><strong>spe</strong></span> <span class='ocrx_word' id='word_1_384' title='bbox 1849 3422 1976 3478; x_wconf 86' lang='lat' dir='ltr'><strong>vitae</strong></span> 
     </span>
    </p>
   </div>
   <div class='ocr_carea' id='block_1_49' title="bbox 331 3492 1976 3579">
    <p class='ocr_par' dir='ltr' id='par_1_49' title="bbox 331 3492 1976 3579">
     <span class='ocr_line' id='line_1_49' title="bbox 331 3492 1976 3579; baseline 0.015 -35"><span class='ocrx_word' id='word_1_385' title='bbox 331 3493 581 3546; x_wconf 67' lang='lat' dir='ltr'><strong>sternis.</strong></span> <span class='ocrx_word' id='word_1_386' title='bbox 614 3492 778 3551; x_wconf 90' lang='lat' dir='ltr'><strong>Unde</strong></span> <span class='ocrx_word' id='word_1_387' title='bbox 806 3502 1031 3568; x_wconf 89' lang='lat' dir='ltr'><strong>oportet</strong></span> <span class='ocrx_word' id='word_1_388' title='bbox 1068 3501 1138 3557; x_wconf 90' lang='lat' dir='ltr'><strong>de</strong></span> <span class='ocrx_word' id='word_1_389' title='bbox 1166 3502 1261 3559; x_wconf 90' lang='lat' dir='ltr'><strong>his</strong></span> <span class='ocrx_word' id='word_1_390' title='bbox 1308 3521 1422 3561; x_wconf 88' lang='lat' dir='ltr'><strong>non</strong></span> <span class='ocrx_word' id='word_1_391' title='bbox 1453 3506 1721 3579; x_wconf 90' lang='lat' dir='ltr'><strong>dubium,</strong></span> <span class='ocrx_word' id='word_1_392' title='bbox 1754 3492 1871 3567; x_wconf 84' lang='lat' dir='ltr'><strong>non</strong></span> <span class='ocrx_word' id='word_1_393' title='bbox 1903 3512 1976 3567; x_wconf 83' lang='lat' dir='ltr'><strong>ti-</strong></span> 
     </span>
    </p>
   </div>
   <div class='ocr_carea' id='block_1_50' title="bbox 331 3584 1973 3669">
    <p class='ocr_par' dir='ltr' id='par_1_50' title="bbox 331 3584 1973 3669">
     <span class='ocr_line' id='line_1_50' title="bbox 331 3584 1973 3669; baseline 0.015 -35"><span class='ocrx_word' id='word_1_394' title='bbox 331 3584 587 3669; x_wconf 82' lang='lat' dir='ltr'><strong>mentem</strong></span> <span class='ocrx_word' id='word_1_395' title='bbox 631 3587 691 3639; x_wconf 87' lang='lat' dir='ltr'><strong>et</strong></span> <span class='ocrx_word' id='word_1_396' title='bbox 735 3584 934 3657; x_wconf 88' lang='lat' dir='ltr'><strong>ipsum</strong></span> <span class='ocrx_word' id='word_1_397' title='bbox 976 3590 1231 3657; x_wconf 90' lang='lat' dir='ltr'><strong>credere,</strong></span> <span class='ocrx_word' id='word_1_398' title='bbox 1264 3598 1320 3649; x_wconf 93' lang='lat' dir='ltr'><strong>et</strong></span> <span class='ocrx_word' id='word_1_399' title='bbox 1365 3600 1431 3650; x_wconf 91' lang='lat' dir='ltr'><strong>ut</strong></span> <span class='ocrx_word' id='word_1_400' title='bbox 1477 3598 1719 3655; x_wconf 89' lang='lat' dir='ltr'><strong>credant</strong></span> <span class='ocrx_word' id='word_1_401' title='bbox 1764 3602 1973 3669; x_wconf 83' lang='lat' dir='ltr'><strong>caeteri,</strong></span> 
     </span>
    </p>
   </div>
   <div class='ocr_carea' id='block_1_51' title="bbox 331 3668 1974 3755">
    <p class='ocr_par' dir='ltr' id='par_1_51' title="bbox 331 3668 1974 3755">
     <span class='ocr_line' id='line_1_51' title="bbox 331 3668 1974 3755; baseline 0.015 -31"><span class='ocrx_word' id='word_1_402' title='bbox 331 3668 680 3727; x_wconf 73' lang='lat' dir='ltr'><strong>conﬁrmem</strong></span> <span class='ocrx_word' id='word_1_403' title='bbox 702 3690 716 3728; x_wconf 88' lang='lat'><strong>:</strong></span> <span class='ocrx_word' id='word_1_404' title='bbox 740 3689 858 3729; x_wconf 93' lang='lat' dir='ltr'><strong>non</strong></span> <span class='ocrx_word' id='word_1_405' title='bbox 889 3675 1079 3733; x_wconf 91' lang='lat' dir='ltr'><strong>solum</strong></span> <span class='ocrx_word' id='word_1_406' title='bbox 1110 3683 1306 3736; x_wconf 90' lang='lat' dir='ltr'><strong>autem</strong></span> <span class='ocrx_word' id='word_1_407' title='bbox 1334 3683 1464 3755; x_wconf 88' lang='lat' dir='ltr'><strong>hoc,</strong></span> <span class='ocrx_word' id='word_1_408' title='bbox 1489 3687 1587 3742; x_wconf 91' lang='lat' dir='ltr'><strong>sed</strong></span> <span class='ocrx_word' id='word_1_409' title='bbox 1620 3691 1677 3744; x_wconf 91' lang='lat' dir='ltr'><strong>et</strong></span> <span class='ocrx_word' id='word_1_410' title='bbox 1704 3688 1814 3746; x_wconf 90' lang='lat' dir='ltr'><strong>hoc</strong></span> <span class='ocrx_word' id='word_1_411' title='bbox 1841 3668 1974 3747; x_wconf 87' lang='lat' dir='ltr'><strong>cum</strong></span> 
     </span>
    </p>
   </div>
   <div class='ocr_carea' id='block_1_52' title="bbox 331 3758 1975 3836">
    <p class='ocr_par' dir='ltr' id='par_1_52' title="bbox 331 3758 1975 3836">
     <span class='ocr_line' id='line_1_52' title="bbox 331 3758 1975 3836; baseline 0.016 -25"><span class='ocrx_word' id='word_1_412' title='bbox 331 3758 558 3815; x_wconf 67' lang='lat' dir='ltr'><strong>cateris</strong></span> <span class='ocrx_word' id='word_1_413' title='bbox 608 3759 699 3816; x_wconf 90' lang='lat' dir='ltr'><strong>bis</strong></span> <span class='ocrx_word' id='word_1_414' title='bbox 731 3763 832 3834; x_wconf 91' lang='lat' dir='ltr'><strong>qui</strong></span> <span class='ocrx_word' id='word_1_415' title='bbox 879 3764 1174 3823; x_wconf 91' lang='lat' dir='ltr'><strong>voluerint</strong></span> <span class='ocrx_word' id='word_1_416' title='bbox 1203 3772 1457 3835; x_wconf 83' lang='lat' dir='ltr'><strong>credere.</strong></span> <span class='ocrx_word' id='word_1_417' title='bbox 1504 3778 1975 3836; x_wconf 82' lang='lat' dir='ltr'><strong>conﬁrmandum</strong></span> 
     </span>
    </p>
   </div>
   <div class='ocr_carea' id='block_1_53' title="bbox 331 3849 1975 3938">
    <p class='ocr_par' dir='ltr' id='par_1_53' title="bbox 331 3849 1975 3938">
     <span class='ocr_line' id='line_1_53' title="bbox 331 3849 1975 3938; baseline 0.017 -39"><span class='ocrx_word' id='word_1_418' title='bbox 331 3849 446 3938; x_wconf 70' lang='lat' dir='ltr'><strong>est;</strong></span> <span class='ocrx_word' id='word_1_419' title='bbox 478 3855 837 3923; x_wconf 89' lang='lat' dir='ltr'><strong>quapropter</strong></span> <span class='ocrx_word' id='word_1_420' title='bbox 865 3853 946 3910; x_wconf 89' lang='lat' dir='ltr'><strong>ait</strong></span> <span class='ocrx_word' id='word_1_421' title='bbox 978 3871 992 3911; x_wconf 92' lang='lat'><strong>:</strong></span> <span class='ocrx_word' id='word_1_422' title='bbox 1023 3857 1088 3911; x_wconf 84' lang='lat' dir='ltr'><strong>Et</strong></span> <span class='ocrx_word' id='word_1_423' title='bbox 1131 3858 1196 3915; x_wconf 84' lang='lat' dir='ltr'><strong>de</strong></span> <span class='ocrx_word' id='word_1_424' title='bbox 1242 3859 1328 3916; x_wconf 81' lang='lat' dir='ltr'><strong>his</strong></span> <span class='ocrx_word' id='word_1_425' title='bbox 1370 3865 1491 3920; x_wconf 86' lang='lat' dir='ltr'><strong>volo</strong></span> <span class='ocrx_word' id='word_1_426' title='bbox 1535 3870 1587 3921; x_wconf 87' lang='lat' dir='ltr'><strong>te</strong></span> <span class='ocrx_word' id='word_1_427' title='bbox 1630 3868 1975 3938; x_wconf 83' lang='lat' dir='ltr'><strong>conﬁrmare.</strong></span> 
     </span>
    </p>
   </div>
   <div class='ocr_carea' id='block_1_54' title="bbox 330 3933 1978 4021">
    <p class='ocr_par' dir='ltr' id='par_1_54' title="bbox 330 3933 1978 4021">
     <span class='ocr_line' id='line_1_54' title="bbox 330 3933 1978 4021; baseline 0.016 -33"><span class='ocrx_word' id='word_1_428' title='bbox 330 3933 439 4000; x_wconf 90' lang='lat' dir='ltr'><strong>Qui</strong></span> <span class='ocrx_word' id='word_1_429' title='bbox 482 3940 681 3995; x_wconf 85' lang='lat' dir='ltr'><strong>autem</strong></span> <span class='ocrx_word' id='word_1_430' title='bbox 713 3939 828 3996; x_wconf 89' lang='lat' dir='ltr'><strong>ista</strong></span> <span class='ocrx_word' id='word_1_431' title='bbox 855 3958 987 3999; x_wconf 87' lang='lat' dir='ltr'><strong>vere</strong></span> <span class='ocrx_word' id='word_1_432' title='bbox 1033 3960 1163 4002; x_wconf 89' lang='lat' dir='ltr'><strong>esse</strong></span> <span class='ocrx_word' id='word_1_433' title='bbox 1213 3950 1586 4021; x_wconf 91' lang='lat' dir='ltr'><strong>crediderint,</strong></span> <span class='ocrx_word' id='word_1_434' title='bbox 1619 3933 1859 4014; x_wconf 77' lang='lat' dir='ltr'><strong>necesse</strong></span> <span class='ocrx_word' id='word_1_435' title='bbox 1889 3962 1978 4013; x_wconf 90' lang='lat' dir='ltr'><strong>est</strong></span> 
     </span>
    </p>
   </div>
   <div class='ocr_carea' id='block_1_55' title="bbox 328 4026 1979 4115">
    <p class='ocr_par' dir='ltr' id='par_1_55' title="bbox 328 4026 1979 4115">
     <span class='ocr_line' id='line_1_55' title="bbox 328 4026 1979 4115; baseline 0.015 -37"><span class='ocrx_word' id='word_1_436' title='bbox 328 4026 818 4115; x_wconf 63' lang='lat' dir='ltr'><strong>curamhabeant</strong></span> <span class='ocrx_word' id='word_1_437' title='bbox 844 4031 1134 4092; x_wconf 90' lang='lat' dir='ltr'><strong>bonorum</strong></span> <span class='ocrx_word' id='word_1_438' title='bbox 1165 4054 1430 4110; x_wconf 89' lang='lat' dir='ltr'><strong>operum,</strong></span> <span class='ocrx_word' id='word_1_439' title='bbox 1453 4059 1556 4114; x_wconf 90' lang='lat' dir='ltr'><strong>per</strong></span> <span class='ocrx_word' id='word_1_440' title='bbox 1584 4060 1713 4115; x_wconf 73' lang='lat' dir='ltr'><strong>quin</strong></span> <span class='ocrx_word' id='word_1_441' title='bbox 1740 4044 1979 4102; x_wconf 66' lang='lat' dir='ltr'><strong>haeredi-</strong></span> 
     </span>
    </p>
   </div>
   <div class='ocr_carea' id='block_1_56' title="bbox 331 4112 1975 4208">
    <p class='ocr_par' dir='ltr' id='par_1_56' title="bbox 331 4112 1975 4208">
     <span class='ocr_line' id='line_1_56' title="bbox 331 4112 1975 4208; baseline 0.015 -41"><span class='ocrx_word' id='word_1_442' title='bbox 331 4115 424 4208; x_wconf 67' lang='lat' dir='ltr'><strong>tas</strong></span> <span class='ocrx_word' id='word_1_443' title='bbox 452 4112 578 4208; x_wconf 79' lang='lat' dir='ltr'><strong>Dei,</strong></span> <span class='ocrx_word' id='word_1_444' title='bbox 609 4119 668 4172; x_wconf 88' lang='lat' dir='ltr'><strong>et</strong></span> <span class='ocrx_word' id='word_1_445' title='bbox 697 4132 833 4208; x_wconf 83' lang='lat' dir='ltr'><strong>spes</strong></span> <span class='ocrx_word' id='word_1_446' title='bbox 880 4120 1008 4177; x_wconf 71' lang='lat' dir='ltr'><strong>vita:</strong></span> <span class='ocrx_word' id='word_1_447' title='bbox 1047 4132 1409 4197; x_wconf 69' lang='lat' dir='ltr'><strong>praeparatur</strong></span> <span class='ocrx_word' id='word_1_448' title='bbox 1453 4112 1697 4189; x_wconf 72' lang='lat' dir='ltr'><strong>aeternae.</strong></span> <span class='ocrx_word' id='word_1_449' title='bbox 1734 4135 1801 4190; x_wconf 89' lang='lat' dir='ltr'><strong>Et</strong></span> <span class='ocrx_word' id='word_1_450' title='bbox 1847 4135 1975 4208; x_wconf 89' lang='lat' dir='ltr'><strong>pul-</strong></span> 
     </span>
    </p>
   </div>
   <div class='ocr_carea' id='block_1_57' title="bbox 330 4196 1976 4295">
    <p class='ocr_par' dir='ltr' id='par_1_57' title="bbox 330 4196 1976 4295">
     <span class='ocr_line' id='line_1_57' title="bbox 330 4196 1976 4295; baseline 0.017 -43"><span class='ocrx_word' id='word_1_451' title='bbox 330 4196 473 4295; x_wconf 70' lang='lat' dir='ltr'><strong>chre</strong></span> <span class='ocrx_word' id='word_1_452' title='bbox 502 4203 567 4295; x_wconf 78' lang='lat' dir='ltr'><strong>ut</strong></span> <span class='ocrx_word' id='word_1_453' title='bbox 595 4204 879 4295; x_wconf 77' lang='lat' dir='ltr'><strong>majorem</strong></span> <span class='ocrx_word' id='word_1_454' title='bbox 910 4209 1085 4266; x_wconf 81' lang='lat' dir='ltr'><strong>ﬁdem</strong></span> <span class='ocrx_word' id='word_1_455' title='bbox 1118 4196 1351 4281; x_wconf 80' lang='lat' dir='ltr'><strong>faceret,</strong></span> <span class='ocrx_word' id='word_1_456' title='bbox 1382 4232 1498 4273; x_wconf 89' lang='lat' dir='ltr'><strong>non</strong></span> <span class='ocrx_word' id='word_1_457' title='bbox 1529 4218 1693 4288; x_wconf 86' lang='lat' dir='ltr'><strong>dixit,</strong></span> <span class='ocrx_word' id='word_1_458' title='bbox 1726 4222 1824 4295; x_wconf 89' lang='lat' dir='ltr'><strong>qui</strong></span> <span class='ocrx_word' id='word_1_459' title='bbox 1849 4196 1976 4280; x_wconf 70' lang='lat' dir='ltr'><strong>cre-</strong></span> 
     </span>
    </p>
   </div>
   <div class='ocr_carea' id='block_1_58' title="bbox 330 4286 1978 4385">
    <p class='ocr_par' dir='ltr' id='par_1_58' title="bbox 330 4286 1978 4385">
     <span class='ocr_line' id='line_1_58' title="bbox 330 4286 1978 4385; baseline 0.017 -44"><span class='ocrx_word' id='word_1_460' title='bbox 330 4286 483 4385; x_wconf 74' lang='lat' dir='ltr'><strong>dunt</strong></span> <span class='ocrx_word' id='word_1_461' title='bbox 511 4288 875 4385; x_wconf 76' lang='lat' dir='ltr'><strong>horninibus,</strong></span> <span class='ocrx_word' id='word_1_462' title='bbox 908 4298 1011 4354; x_wconf 90' lang='lat' dir='ltr'><strong>sed</strong></span> <span class='ocrx_word' id='word_1_463' title='bbox 1042 4301 1140 4373; x_wconf 91' lang='lat' dir='ltr'><strong>qui</strong></span> <span class='ocrx_word' id='word_1_464' title='bbox 1171 4304 1416 4361; x_wconf 88' lang='lat' dir='ltr'><strong>credunt</strong></span> <span class='ocrx_word' id='word_1_465' title='bbox 1444 4306 1582 4364; x_wconf 91' lang='lat' dir='ltr'><strong>Deo.</strong></span> <span class='ocrx_word' id='word_1_466' title='bbox 1609 4286 1859 4367; x_wconf 75' lang='lat' dir='ltr'><strong>Necesse</strong></span> <span class='ocrx_word' id='word_1_467' title='bbox 1888 4317 1978 4368; x_wconf 88' lang='lat' dir='ltr'><strong>est</strong></span> 
     </span>
    </p>
   </div>
   <div class='ocr_carea' id='block_1_59' title="bbox 330 4383 1976 4473">
    <p class='ocr_par' dir='ltr' id='par_1_59' title="bbox 330 4383 1976 4473">
     <span class='ocr_line' id='line_1_59' title="bbox 330 4383 1976 4473; baseline 0.018 -43"><span class='ocrx_word' id='word_1_468' title='bbox 330 4383 512 4444; x_wconf 85' lang='lat' dir='ltr'><strong>enim,</strong></span> <span class='ocrx_word' id='word_1_469' title='bbox 555 4383 622 4435; x_wconf 91' lang='lat' dir='ltr'><strong>ut</strong></span> <span class='ocrx_word' id='word_1_470' title='bbox 665 4397 867 4440; x_wconf 90' lang='lat' dir='ltr'><strong>curam</strong></span> <span class='ocrx_word' id='word_1_471' title='bbox 918 4386 1205 4446; x_wconf 89' lang='lat' dir='ltr'><strong>bonorum</strong></span> <span class='ocrx_word' id='word_1_472' title='bbox 1252 4409 1495 4465; x_wconf 89' lang='lat' dir='ltr'><strong>operum</strong></span> <span class='ocrx_word' id='word_1_473' title='bbox 1543 4396 1816 4469; x_wconf 87' lang='lat' dir='ltr'><strong>habeant,</strong></span> <span class='ocrx_word' id='word_1_474' title='bbox 1849 4419 1976 4473; x_wconf 84' lang='lat' dir='ltr'><strong>quae</strong></span> 
     </span>
    </p>
   </div>
   <div class='ocr_carea' id='block_1_60' title="bbox 329 4464 1979 4560">
    <p class='ocr_par' dir='ltr' id='par_1_60' title="bbox 329 4464 1979 4560">
     <span class='ocr_line' id='line_1_60' title="bbox 329 4464 1979 4560; baseline 0.018 -42"><span class='ocrx_word' id='word_1_475' title='bbox 329 4464 670 4560; x_wconf 38' lang='lat' dir='ltr'><strong>ari-impleta,</strong></span> <span class='ocrx_word' id='word_1_476' title='bbox 695 4476 754 4526; x_wconf 91' lang='lat' dir='ltr'><strong>et</strong></span> <span class='ocrx_word' id='word_1_477' title='bbox 800 4475 962 4530; x_wconf 90' lang='lat' dir='ltr'><strong>omni</strong></span> <span class='ocrx_word' id='word_1_478' title='bbox 1010 4479 1205 4537; x_wconf 89' lang='lat' dir='ltr'><strong>studio</strong></span> <span class='ocrx_word' id='word_1_479' title='bbox 1253 4464 1600 4556; x_wconf 83' lang='lat' dir='ltr'><strong>perpetrata,</strong></span> <span class='ocrx_word' id='word_1_480' title='bbox 1627 4464 1979 4560; x_wconf 34' lang='lat' dir='ltr'><strong>:sunt&#39;bona</strong></span> 
     </span>
    </p>
   </div>
   <div class='ocr_carea' id='block_1_61' title="bbox 330 4552 1038 4627">
    <p class='ocr_par' dir='ltr' id='par_1_61' title="bbox 330 4552 1038 4627">
     <span class='ocr_line' id='line_1_61' title="bbox 330 4552 1038 4627; baseline 0.021 -20"><span class='ocrx_word' id='word_1_481' title='bbox 330 4552 619 4627; x_wconf 78' lang='lat' dir='ltr'><strong>utilisque</strong></span> <span class='ocrx_word' id='word_1_482' title='bbox 642 4561 1038 4622; x_wconf 89' lang='lat' dir='ltr'><strong>credentibus.</strong></span> 
     </span>
    </p>
   </div>
   <div class='ocr_carea' id='block_1_62' title="bbox 402 4642 1977 4740">
    <p class='ocr_par' dir='ltr' id='par_1_62' title="bbox 402 4642 1977 4740">
     <span class='ocr_line' id='line_1_62' title="bbox 402 4642 1977 4740; baseline 0.018 -41"><span class='ocrx_word' id='word_1_483' title='bbox 402 4642 591 4740; x_wconf 59' lang='lat' dir='ltr'><strong>(Yers.</strong></span> <span class='ocrx_word' id='word_1_484' title='bbox 614 4648 705 4740; x_wconf 11' lang='lat'><strong>79.)</strong></span> <span class='ocrx_word' id='word_1_485' title='bbox 734 4671 764 4700; x_wconf 85' lang='grc'><strong>‹‹</strong></span> <span class='ocrx_word' id='word_1_486' title='bbox 797 4652 1021 4710; x_wconf 89' lang='lat' dir='ltr'><strong>Stultas</strong></span> <span class='ocrx_word' id='word_1_487' title='bbox 1052 4661 1246 4714; x_wconf 90' lang='lat' dir='ltr'><strong>autem</strong></span> <span class='ocrx_word' id='word_1_488' title='bbox 1280 4662 1655 4732; x_wconf 80' lang='lat' dir='ltr'><strong>quaestiones,</strong></span> <span class='ocrx_word' id='word_1_489' title='bbox 1687 4670 1743 4721; x_wconf 91' lang='lat' dir='ltr'><strong>et</strong></span> <span class='ocrx_word' id='word_1_490' title='bbox 1766 4682 1977 4740; x_wconf 89' lang='lat' dir='ltr'><strong>genea-</strong></span> 
     </span>
    </p>
   </div>
   <div class='ocr_carea' id='block_1_63' title="bbox 330 4729 1983 4823">
    <p class='ocr_par' dir='ltr' id='par_1_63' title="bbox 330 4729 1983 4823">
     <span class='ocr_line' id='line_1_63' title="bbox 330 4729 1983 4823; baseline 0.016 -37"><span class='ocrx_word' id='word_1_491' title='bbox 330 4729 546 4823; x_wconf 77' lang='lat' dir='ltr'><strong>logias,</strong></span> <span class='ocrx_word' id='word_1_492' title='bbox 571 4739 631 4792; x_wconf 90' lang='lat' dir='ltr'><strong>et</strong></span> <span class='ocrx_word' id='word_1_493' title='bbox 676 4741 1099 4813; x_wconf 88' lang='lat' dir='ltr'><strong>contentiones,</strong></span> <span class='ocrx_word' id='word_1_494' title='bbox 1133 4750 1191 4801; x_wconf 91' lang='lat' dir='ltr'><strong>et</strong></span> <span class='ocrx_word' id='word_1_495' title='bbox 1228 4729 1458 4821; x_wconf 79' lang='lat' dir='ltr'><strong>pugnas</strong></span> <span class='ocrx_word' id='word_1_496' title='bbox 1488 4768 1614 4823; x_wconf 89' lang='lat' dir='ltr'><strong>quae</strong></span> <span class='ocrx_word' id='word_1_497' title='bbox 1640 4729 1887 4812; x_wconf 78' lang='lat' dir='ltr'><strong>veniunt</strong></span> <span class='ocrx_word' id='word_1_498' title='bbox 1915 4775 1983 4814; x_wconf 82' lang='lat' dir='ltr'><strong>ex</strong></span> 
     </span>
    </p>
   </div>
   <div class='ocr_carea' id='block_1_64' title="bbox 335 4817 1988 4912">
    <p class='ocr_par' dir='ltr' id='par_1_64' title="bbox 335 4817 1988 4912">
     <span class='ocr_line' id='line_1_64' title="bbox 335 4817 1988 4912; baseline 0.016 -37"><span class='ocrx_word' id='word_1_499' title='bbox 335 4817 709 4912; x_wconf 70' lang='lat' dir='ltr'><strong>lege,_devita</strong></span> <span class='ocrx_word' id='word_1_500' title='bbox 738 4844 752 4882; x_wconf 89' lang='lat'><strong>:</strong></span> <span class='ocrx_word' id='word_1_501' title='bbox 785 4834 926 4886; x_wconf 89' lang='lat' dir='ltr'><strong>sunt</strong></span> <span class='ocrx_word' id='word_1_502' title='bbox 967 4832 1183 4906; x_wconf 90' lang='lat' dir='ltr'><strong>quippe</strong></span> <span class='ocrx_word' id='word_1_503' title='bbox 1223 4817 1461 4895; x_wconf 42' lang='lat' dir='ltr'><strong>inn—tiles</strong></span> <span class='ocrx_word' id='word_1_504' title='bbox 1490 4817 1548 4896; x_wconf 77' lang='lat' dir='ltr'><strong>et</strong></span> <span class='ocrx_word' id='word_1_505' title='bbox 1574 4858 1753 4899; x_wconf 60' lang='lat' dir='ltr'><strong>vanae.</strong></span> <span class='ocrx_word' id='word_1_506' title='bbox 1783 4866 1810 4894; x_wconf 87' lang='lat'>»</span> <span class='ocrx_word' id='word_1_507' title='bbox 1842 4847 1988 4912; x_wconf 89' lang='lat' dir='ltr'><strong>Quia</strong></span> 
     </span>
    </p>
   </div>
   <div class='ocr_carea' id='block_1_65' title="bbox 330 4908 1988 5006">
    <p class='ocr_par' dir='ltr' id='par_1_65' title="bbox 330 4908 1988 5006">
     <span class='ocr_line' id='line_1_65' title="bbox 330 4908 1988 5006; baseline 0.017 -42"><span class='ocrx_word' id='word_1_508' title='bbox 330 4908 693 5006; x_wconf 68' lang='lat' dir='ltr'><strong>multiplices</strong></span> <span class='ocrx_word' id='word_1_509' title='bbox 722 4921 779 4973; x_wconf 93' lang='lat' dir='ltr'><strong>et</strong></span> <span class='ocrx_word' id='word_1_510' title='bbox 808 4918 1047 4977; x_wconf 83' lang='lat' dir='ltr'><strong>diversae</strong></span> <span class='ocrx_word' id='word_1_511' title='bbox 1088 4928 1229 4979; x_wconf 91' lang='lat' dir='ltr'><strong>sunt</strong></span> <span class='ocrx_word' id='word_1_512' title='bbox 1275 4929 1649 4999; x_wconf 83' lang='lat' dir='ltr'><strong>quaestiones,</strong></span> <span class='ocrx_word' id='word_1_513' title='bbox 1681 4908 1988 5006; x_wconf 77' lang='lat' dir='ltr'><strong>propterea</strong></span> 
     </span>
    </p>
   </div>
   <div class='ocr_carea' id='block_1_66' title="bbox 329 4997 1982 5092">
    <p class='ocr_par' dir='ltr' id='par_1_66' title="bbox 329 4997 1982 5092">
     <span class='ocr_line' id='line_1_66' title="bbox 329 4997 1982 5092; baseline 0.016 -38"><span class='ocrx_word' id='word_1_514' title='bbox 329 4997 605 5092; x_wconf 69' lang='lat' dir='ltr'><strong>Salomon</strong></span> <span class='ocrx_word' id='word_1_515' title='bbox 646 5004 717 5061; x_wconf 91' lang='lat' dir='ltr'><strong>de</strong></span> <span class='ocrx_word' id='word_1_516' title='bbox 761 5005 853 5063; x_wconf 91' lang='lat' dir='ltr'><strong>bis</strong></span> <span class='ocrx_word' id='word_1_517' title='bbox 898 5010 998 5082; x_wconf 92' lang='lat' dir='ltr'><strong>qui</strong></span> <span class='ocrx_word' id='word_1_518' title='bbox 1049 4997 1321 5084; x_wconf 79' lang='lat' dir='ltr'><strong>quaerunt</strong></span> <span class='ocrx_word' id='word_1_519' title='bbox 1369 5017 1578 5087; x_wconf 90' lang='lat' dir='ltr'><strong>Deum,</strong></span> <span class='ocrx_word' id='word_1_520' title='bbox 1608 4997 1840 5078; x_wconf 73' lang='lat' dir='ltr'><strong>locutus</strong></span> <span class='ocrx_word' id='word_1_521' title='bbox 1875 5028 1982 5092; x_wconf 89' lang='lat' dir='ltr'><strong>est,</strong></span> 
     </span>
    </p>
   </div>
   <div class='ocr_carea' id='block_1_67' title="bbox 329 5087 1987 5185">
    <p class='ocr_par' dir='ltr' id='par_1_67' title="bbox 329 5087 1987 5185">
     <span class='ocr_line' id='line_1_67' title="bbox 329 5087 1987 5185; baseline 0.017 -42"><span class='ocrx_word' id='word_1_522' title='bbox 329 5087 543 5185; x_wconf 67' lang='lat' dir='ltr'><strong>dicens</strong></span> <span class='ocrx_word' id='word_1_523' title='bbox 566 5107 580 5146; x_wconf 90' lang='lat'><strong>:</strong></span> <span class='ocrx_word' id='word_1_524' title='bbox 614 5094 768 5151; x_wconf 81' lang='lat' dir='ltr'><strong>Recte</strong></span> <span class='ocrx_word' id='word_1_525' title='bbox 795 5102 985 5185; x_wconf 63' lang='lat' dir='ltr'><strong>autern</strong></span> <span class='ocrx_word' id='word_1_526' title='bbox 1019 5110 1326 5172; x_wconf 65' lang='lat' dir='ltr'><strong>quaerentes</strong></span> <span class='ocrx_word' id='word_1_527' title='bbox 1353 5123 1498 5175; x_wconf 87' lang='lat' dir='ltr'><strong>eum,</strong></span> <span class='ocrx_word' id='word_1_528' title='bbox 1531 5111 1856 5169; x_wconf 84' lang='lat' dir='ltr'><strong>invenerunt</strong></span> <span class='ocrx_word' id='word_1_529' title='bbox 1880 5087 1987 5185; x_wconf 49' lang='lat' dir='ltr'><strong>pa;</strong></span> 
     </span>
    </p>
   </div>
   <div class='ocr_carea' id='block_1_68' title="bbox 327 5180 1985 5266">
    <p class='ocr_par' dir='ltr' id='par_1_68' title="bbox 327 5180 1985 5266">
     <span class='ocr_line' id='line_1_68' title="bbox 327 5180 1985 5266; baseline 0.016 -34"><span class='ocrx_word' id='word_1_530' title='bbox 327 5192 445 5234; x_wconf 85' lang='lat' dir='ltr'><strong>cem</strong></span> <span class='ocrx_word' id='word_1_531' title='bbox 488 5180 670 5251; x_wconf 84' lang='lat' dir='ltr'><strong>(Prov.</strong></span> <span class='ocrx_word' id='word_1_532' title='bbox 702 5201 823 5253; x_wconf 80' lang='lat' dir='ltr'><strong>vni,</strong></span> <span class='ocrx_word' id='word_1_533' title='bbox 1018 5190 1125 5254; x_wconf 88' lang='lat' dir='ltr'><strong>Qui</strong></span> <span class='ocrx_word' id='word_1_534' title='bbox 1186 5192 1366 5266; x_wconf 90' lang='lat' dir='ltr'><strong>igitur</strong></span> <span class='ocrx_word' id='word_1_535' title='bbox 1420 5196 1605 5253; x_wconf 90' lang='lat' dir='ltr'><strong>Deum</strong></span> <span class='ocrx_word' id='word_1_536' title='bbox 1660 5216 1774 5256; x_wconf 91' lang='lat' dir='ltr'><strong>non</strong></span> <span class='ocrx_word' id='word_1_537' title='bbox 1834 5180 1985 5258; x_wconf 81' lang='lat' dir='ltr'><strong>recte</strong></span> 
     </span>
    </p>
   </div>
   <div class='ocr_carea' id='block_1_69' title="bbox 333 5275 1985 5357">
    <p class='ocr_par' dir='ltr' id='par_1_69' title="bbox 333 5275 1985 5357">
     <span class='ocr_line' id='line_1_69' title="bbox 333 5275 1985 5357; baseline 0.015 -35"><span class='ocrx_word' id='word_1_538' title='bbox 333 5275 628 5343; x_wconf 68' lang='lat' dir='ltr'><strong>quarunt,</strong></span> <span class='ocrx_word' id='word_1_539' title='bbox 686 5290 888 5345; x_wconf 89' lang='lat' dir='ltr'><strong>pacem</strong></span> <span class='ocrx_word' id='word_1_540' title='bbox 945 5277 1203 5338; x_wconf 88' lang='lat' dir='ltr'><strong>invenire</strong></span> <span class='ocrx_word' id='word_1_541' title='bbox 1259 5300 1374 5339; x_wconf 91' lang='lat' dir='ltr'><strong>non</strong></span> <span class='ocrx_word' id='word_1_542' title='bbox 1426 5292 1694 5357; x_wconf 90' lang='lat' dir='ltr'><strong>possunt.</strong></span> <span class='ocrx_word' id='word_1_543' title='bbox 1726 5289 1985 5347; x_wconf 89' lang='lat' dir='ltr'><strong>Plurima</strong></span> 
     </span>
    </p>
   </div>
   <div class='ocr_carea' id='block_1_70' title="bbox 329 5360 1985 5437">
    <p class='ocr_par' dir='ltr' id='par_1_70' title="bbox 329 5360 1985 5437">
     <span class='ocr_line' id='line_1_70' title="bbox 329 5360 1985 5437; baseline 0.014 -24"><span class='ocrx_word' id='word_1_544' title='bbox 329 5360 599 5432; x_wconf 78' lang='lat' dir='ltr'><strong>exempla</strong></span> <span class='ocrx_word' id='word_1_545' title='bbox 628 5369 768 5420; x_wconf 87' lang='lat' dir='ltr'><strong>sunt</strong></span> <span class='ocrx_word' id='word_1_546' title='bbox 798 5369 1182 5437; x_wconf 68' lang='lat' dir='ltr'><strong>quaerentium</strong></span> <span class='ocrx_word' id='word_1_547' title='bbox 1228 5388 1342 5428; x_wconf 92' lang='lat' dir='ltr'><strong>non</strong></span> <span class='ocrx_word' id='word_1_548' title='bbox 1375 5378 1529 5431; x_wconf 90' lang='lat' dir='ltr'><strong>recte</strong></span> <span class='ocrx_word' id='word_1_549' title='bbox 1558 5380 1763 5434; x_wconf 89' lang='lat' dir='ltr'><strong>Deum.</strong></span> <span class='ocrx_word' id='word_1_550' title='bbox 1796 5379 1985 5436; x_wconf 88' lang='lat' dir='ltr'><strong>Judaei</strong></span> 
     </span>
    </p>
   </div>
   <div class='ocr_carea' id='block_1_71' title="bbox 329 5455 1983 5532">
    <p class='ocr_par' dir='ltr' id='par_1_71' title="bbox 329 5455 1983 5532">
     <span class='ocr_line' id='line_1_71' title="bbox 329 5455 1983 5532; baseline 0.012 -28"><span class='ocrx_word' id='word_1_551' title='bbox 329 5463 508 5521; x_wconf 88' lang='lat' dir='ltr'><strong>prave</strong></span> <span class='ocrx_word' id='word_1_552' title='bbox 555 5458 827 5523; x_wconf 63' lang='lat' dir='ltr'><strong>quierunt</strong></span> <span class='ocrx_word' id='word_1_553' title='bbox 873 5455 1079 5529; x_wconf 89' lang='lat' dir='ltr'><strong>Deum,</strong></span> <span class='ocrx_word' id='word_1_554' title='bbox 1112 5465 1417 5532; x_wconf 87' lang='lat' dir='ltr'><strong>sperantes</strong></span> <span class='ocrx_word' id='word_1_555' title='bbox 1446 5479 1508 5520; x_wconf 88' lang='lat' dir='ltr'><strong>se</strong></span> <span class='ocrx_word' id='word_1_556' title='bbox 1539 5481 1674 5521; x_wconf 89' lang='lat' dir='ltr'><strong>eum</strong></span> <span class='ocrx_word' id='word_1_557' title='bbox 1723 5466 1983 5524; x_wconf 88' lang='lat' dir='ltr'><strong>invenire</strong></span> 
     </span>
    </p>
   </div>
   <div class='ocr_carea' id='block_1_72' title="bbox 406 5632 1912 5721">
    <p class='ocr_par' dir='ltr' id='par_1_72' title="bbox 406 5632 1912 5721">
     <span class='ocr_line' id='line_1_72' title="bbox 406 5632 1912 5721; baseline 0.011 -32"><span class='ocrx_word' id='word_1_558' title='bbox 406 5635 426 5672; x_wconf 76' lang='grc'>³</span> <span class='ocrx_word' id='word_1_559' title='bbox 459 5632 681 5693; x_wconf 80' lang='lat' dir='ltr'><strong>Vitiosa</strong></span> <span class='ocrx_word' id='word_1_560' title='bbox 710 5651 891 5710; x_wconf 89' lang='lat' dir='ltr'><strong>penes</strong></span> <span class='ocrx_word' id='word_1_561' title='bbox 921 5637 1327 5699; x_wconf 83' lang='lat' dir='ltr'><strong>Martianaeum</strong></span> <span class='ocrx_word' id='word_1_562' title='bbox 1355 5642 1660 5718; x_wconf 88' lang='lat' dir='ltr'><strong>legebatur</strong></span> <span class='ocrx_word' id='word_1_563' title='bbox 1680 5649 1912 5721; x_wconf 85' lang='lat' dir='ltr'><strong>portari.</strong></span> 
     </span>
    </p>
   </div>
   <div class='ocr_carea' id='block_1_73' title="bbox 2078 1993 3723 2065">
    <p class='ocr_par' dir='ltr' id='par_1_73' title="bbox 2078 1993 3723 2065">
     <span class='ocr_line' id='line_1_73' title="bbox 2078 1993 3723 2065; baseline 0.004 -23"><span class='ocrx_word' id='word_1_564' title='bbox 2078 1993 2251 2044; x_wconf 91' lang='lat' dir='ltr'><strong>erunt</strong></span> <span class='ocrx_word' id='word_1_565' title='bbox 2280 1993 2655 2062; x_wconf 75' lang='lat' dir='ltr'><strong>quaestiones.</strong></span> <span class='ocrx_word' id='word_1_566' title='bbox 2689 1994 2852 2061; x_wconf 88' lang='lat' dir='ltr'><strong>Quod</strong></span> <span class='ocrx_word' id='word_1_567' title='bbox 2901 2001 3099 2051; x_wconf 89' lang='lat' dir='ltr'><strong>autem</strong></span> <span class='ocrx_word' id='word_1_568' title='bbox 3132 1996 3212 2050; x_wconf 91' lang='lat' dir='ltr'><strong>ait</strong></span> <span class='ocrx_word' id='word_1_569' title='bbox 3239 2014 3252 2051; x_wconf 93' lang='lat'><strong>:</strong></span> <span class='ocrx_word' id='word_1_570' title='bbox 3290 1996 3645 2065; x_wconf 82' lang='lat' dir='ltr'><strong>Gcnealogias</strong></span> <span class='ocrx_word' id='word_1_571' title='bbox 3673 1996 3723 2049; x_wconf 87' lang='lat' dir='ltr'><strong>et</strong></span> 
     </span>
    </p>
   </div>
   <div class='ocr_carea' id='block_1_74' title="bbox 2076 2083 3728 2156">
    <p class='ocr_par' dir='ltr' id='par_1_74' title="bbox 2076 2083 3728 2156">
     <span class='ocr_line' id='line_1_74' title="bbox 2076 2083 3728 2156; baseline 0.001 -21"><span class='ocrx_word' id='word_1_572' title='bbox 2076 2083 2444 2137; x_wconf 84' lang='lat' dir='ltr'><strong>contentiones</strong></span> <span class='ocrx_word' id='word_1_573' title='bbox 2472 2085 2527 2137; x_wconf 88' lang='lat' dir='ltr'><strong>et</strong></span> <span class='ocrx_word' id='word_1_574' title='bbox 2555 2084 2711 2138; x_wconf 74' lang='lat' dir='ltr'><strong>rixas</strong></span> <span class='ocrx_word' id='word_1_575' title='bbox 2730 2099 2859 2154; x_wconf 66' lang='lat' dir='ltr'><strong>quae</strong></span> <span class='ocrx_word' id='word_1_576' title='bbox 2882 2087 3110 2141; x_wconf 83' lang='lat' dir='ltr'><strong>veniunt</strong></span> <span class='ocrx_word' id='word_1_577' title='bbox 3135 2101 3204 2141; x_wconf 66' lang='lat' dir='ltr'><strong>em</strong></span> <span class='ocrx_word' id='word_1_578' title='bbox 3234 2086 3350 2156; x_wconf 86' lang='lat' dir='ltr'><strong>lege</strong></span> <span class='ocrx_word' id='word_1_579' title='bbox 3377 2085 3575 2149; x_wconf 79' lang='lat' dir='ltr'><strong>devita,</strong></span> <span class='ocrx_word' id='word_1_580' title='bbox 3599 2098 3728 2156; x_wconf 90' lang='lat' dir='ltr'><strong>pro-</strong></span> 
     </span>
    </p>
   </div>
   <div class='ocr_carea' id='block_1_75' title="bbox 2078 2168 3724 2246">
    <p class='ocr_par' dir='ltr' id='par_1_75' title="bbox 2078 2168 3724 2246">
     <span class='ocr_line' id='line_1_75' title="bbox 2078 2168 3724 2246; baseline 0.002 -23"><span class='ocrx_word' id='word_1_581' title='bbox 2078 2170 2202 2241; x_wconf 92' lang='lat' dir='ltr'><strong>prie</strong></span> <span class='ocrx_word' id='word_1_582' title='bbox 2253 2168 2448 2242; x_wconf 89' lang='lat' dir='ltr'><strong>pulsat</strong></span> <span class='ocrx_word' id='word_1_583' title='bbox 2491 2171 2746 2239; x_wconf 76' lang='lat' dir='ltr'><strong>Judzeos,</strong></span> <span class='ocrx_word' id='word_1_584' title='bbox 2771 2173 2871 2245; x_wconf 89' lang='lat' dir='ltr'><strong>qui</strong></span> <span class='ocrx_word' id='word_1_585' title='bbox 2903 2173 2959 2228; x_wconf 91' lang='lat' dir='ltr'><strong>in</strong></span> <span class='ocrx_word' id='word_1_586' title='bbox 2993 2190 3058 2229; x_wconf 93' lang='lat' dir='ltr'><strong>eo</strong></span> <span class='ocrx_word' id='word_1_587' title='bbox 3090 2191 3151 2230; x_wconf 91' lang='lat' dir='ltr'><strong>se</strong></span> <span class='ocrx_word' id='word_1_588' title='bbox 3174 2175 3402 2245; x_wconf 87' lang='lat' dir='ltr'><strong>jactant</strong></span> <span class='ocrx_word' id='word_1_589' title='bbox 3430 2177 3486 2229; x_wconf 91' lang='lat' dir='ltr'><strong>et</strong></span> <span class='ocrx_word' id='word_1_590' title='bbox 3515 2175 3724 2246; x_wconf 89' lang='lat' dir='ltr'><strong>putant</strong></span> 
     </span>
    </p>
   </div>
   <div class='ocr_carea' id='block_1_76' title="bbox 2079 2257 3720 2338">
    <p class='ocr_par' dir='ltr' id='par_1_76' title="bbox 2079 2257 3720 2338">
     <span class='ocr_line' id='line_1_76' title="bbox 2079 2257 3720 2338; baseline 0.005 -26"><span class='ocrx_word' id='word_1_591' title='bbox 2079 2257 2225 2331; x_wconf 90' lang='lat' dir='ltr'><strong>legis</strong></span> <span class='ocrx_word' id='word_1_592' title='bbox 2253 2258 2469 2315; x_wconf 88' lang='lat' dir='ltr'><strong>habere</strong></span> <span class='ocrx_word' id='word_1_593' title='bbox 2498 2260 2789 2329; x_wconf 86' lang='lat' dir='ltr'><strong>notitiam,</strong></span> <span class='ocrx_word' id='word_1_594' title='bbox 2817 2263 2865 2318; x_wconf 90' lang='lat' dir='ltr'><strong>si</strong></span> <span class='ocrx_word' id='word_1_595' title='bbox 2911 2263 3152 2318; x_wconf 82' lang='lat' dir='ltr'><strong>nomina</strong></span> <span class='ocrx_word' id='word_1_596' title='bbox 3192 2269 3431 2320; x_wconf 88' lang='lat' dir='ltr'><strong>teneant</strong></span> <span class='ocrx_word' id='word_1_597' title='bbox 3460 2264 3720 2338; x_wconf 89' lang='lat' dir='ltr'><strong>singulo-</strong></span> 
     </span>
    </p>
   </div>
   <div class='ocr_carea' id='block_1_77' title="bbox 2080 2349 3727 2427">
    <p class='ocr_par' dir='ltr' id='par_1_77' title="bbox 2080 2349 3727 2427">
     <span class='ocr_line' id='line_1_77' title="bbox 2080 2349 3727 2427; baseline 0.005 -25"><span class='ocrx_word' id='word_1_598' title='bbox 2080 2364 2212 2403; x_wconf 91' lang='lat' dir='ltr'><strong>rum</strong></span> <span class='ocrx_word' id='word_1_599' title='bbox 2239 2366 2251 2403; x_wconf 93' lang='lat'>:</span> <span class='ocrx_word' id='word_1_600' title='bbox 2277 2364 2401 2420; x_wconf 82' lang='lat' dir='ltr'><strong>quae</strong></span> <span class='ocrx_word' id='word_1_601' title='bbox 2424 2349 2558 2421; x_wconf 90' lang='lat' dir='ltr'><strong>quia</strong></span> <span class='ocrx_word' id='word_1_602' title='bbox 2581 2351 2829 2406; x_wconf 87' lang='lat' dir='ltr'><strong>barbara</strong></span> <span class='ocrx_word' id='word_1_603' title='bbox 2860 2356 3017 2422; x_wconf 87' lang='lat' dir='ltr'><strong>sunt,</strong></span> <span class='ocrx_word' id='word_1_604' title='bbox 3042 2356 3097 2409; x_wconf 87' lang='lat' dir='ltr'><strong>et</strong></span> <span class='ocrx_word' id='word_1_605' title='bbox 3117 2353 3499 2427; x_wconf 77' lang='lat' dir='ltr'><strong>etymologias</strong></span> <span class='ocrx_word' id='word_1_606' title='bbox 3525 2372 3727 2411; x_wconf 89' lang='lat' dir='ltr'><strong>eorum</strong></span> 
     </span>
    </p>
   </div>
   <div class='ocr_carea' id='block_1_78' title="bbox 2081 2437 3735 2515">
    <p class='ocr_par' dir='ltr' id='par_1_78' title="bbox 2081 2437 3735 2515">
     <span class='ocr_line' id='line_1_78' title="bbox 2081 2437 3735 2515; baseline 0.004 -23"><span class='ocrx_word' id='word_1_607' title='bbox 2081 2454 2195 2494; x_wconf 90' lang='lat' dir='ltr'><strong>non</strong></span> <span class='ocrx_word' id='word_1_608' title='bbox 2217 2439 2507 2507; x_wconf 86' lang='lat' dir='ltr'><strong>novimus,</strong></span> <span class='ocrx_word' id='word_1_609' title='bbox 2525 2437 2873 2512; x_wconf 90' lang='lat' dir='ltr'><strong>plerumque</strong></span> <span class='ocrx_word' id='word_1_610' title='bbox 2890 2447 3160 2514; x_wconf 88' lang='lat' dir='ltr'><strong>corrupte</strong></span> <span class='ocrx_word' id='word_1_611' title='bbox 3182 2443 3556 2515; x_wconf 86' lang='lat' dir='ltr'><strong>proferuntur</strong></span> <span class='ocrx_word' id='word_1_612' title='bbox 3578 2460 3611 2499; x_wconf 93' lang='lat' dir='ltr'><strong>a</strong></span> <span class='ocrx_word' id='word_1_613' title='bbox 3636 2460 3735 2499; x_wconf 92' lang='lat' dir='ltr'><strong>no-</strong></span> 
     </span>
    </p>
   </div>
   <div class='ocr_carea' id='block_1_79' title="bbox 2081 2528 3735 2604">
    <p class='ocr_par' dir='ltr' id='par_1_79' title="bbox 2081 2528 3735 2604">
     <span class='ocr_line' id='line_1_79' title="bbox 2081 2528 3735 2604; baseline 0.004 -21"><span class='ocrx_word' id='word_1_614' title='bbox 2081 2528 2190 2583; x_wconf 91' lang='lat' dir='ltr'><strong>bis.</strong></span> <span class='ocrx_word' id='word_1_615' title='bbox 2207 2528 2276 2582; x_wconf 88' lang='lat' dir='ltr'><strong>Et</strong></span> <span class='ocrx_word' id='word_1_616' title='bbox 2299 2528 2347 2583; x_wconf 90' lang='lat' dir='ltr'><strong>si</strong></span> <span class='ocrx_word' id='word_1_617' title='bbox 2373 2528 2516 2584; x_wconf 85' lang='lat' dir='ltr'><strong>forte</strong></span> <span class='ocrx_word' id='word_1_618' title='bbox 2538 2532 2929 2587; x_wconf 88' lang='lat' dir='ltr'><strong>erraverimus</strong></span> <span class='ocrx_word' id='word_1_619' title='bbox 2951 2532 3059 2602; x_wconf 81' lang='grc' dir='ltr'><strong>[Αἱ.</strong></span> <span class='ocrx_word' id='word_1_620' title='bbox 3084 2532 3430 2604; x_wconf 87' lang='lat' dir='ltr'><strong>erravimus]</strong></span> <span class='ocrx_word' id='word_1_621' title='bbox 3451 2532 3510 2587; x_wconf 90' lang='lat' dir='ltr'><strong>in</strong></span> <span class='ocrx_word' id='word_1_622' title='bbox 3535 2549 3735 2589; x_wconf 87' lang='lat' dir='ltr'><strong>accen-</strong></span> 
     </span>
    </p>
   </div>
   <div class='ocr_carea' id='block_1_80' title="bbox 2080 2616 3736 2695">
    <p class='ocr_par' dir='ltr' id='par_1_80' title="bbox 2080 2616 3736 2695">
     <span class='ocr_line' id='line_1_80' title="bbox 2080 2616 3736 2695; baseline 0.004 -23"><span class='ocrx_word' id='word_1_623' title='bbox 2080 2621 2167 2686; x_wconf 90' lang='lat' dir='ltr'><strong>tu,</strong></span> <span class='ocrx_word' id='word_1_624' title='bbox 2188 2616 2248 2671; x_wconf 89' lang='lat' dir='ltr'><strong>in</strong></span> <span class='ocrx_word' id='word_1_625' title='bbox 2271 2617 2607 2674; x_wconf 85' lang='lat' dir='ltr'><strong>extensione</strong></span> <span class='ocrx_word' id='word_1_626' title='bbox 2626 2622 2683 2675; x_wconf 90' lang='lat' dir='ltr'><strong>et</strong></span> <span class='ocrx_word' id='word_1_627' title='bbox 2703 2619 2986 2676; x_wconf 89' lang='lat' dir='ltr'><strong>brevitate</strong></span> <span class='ocrx_word' id='word_1_628' title='bbox 3004 2620 3261 2693; x_wconf 66' lang='lat' dir='ltr'><strong>syllabae,</strong></span> <span class='ocrx_word' id='word_1_629' title='bbox 3278 2621 3367 2678; x_wconf 89' lang='lat' dir='ltr'><strong>vel</strong></span> <span class='ocrx_word' id='word_1_630' title='bbox 3389 2621 3586 2679; x_wconf 89' lang='lat' dir='ltr'><strong>brevia</strong></span> <span class='ocrx_word' id='word_1_631' title='bbox 3608 2640 3736 2695; x_wconf 90' lang='lat' dir='ltr'><strong>pro-</strong></span> 
     </span>
    </p>
   </div>
   <div class='ocr_carea' id='block_1_81' title="bbox 2081 2706 3735 2780">
    <p class='ocr_par' dir='ltr' id='par_1_81' title="bbox 2081 2706 3735 2780">
     <span class='ocr_line' id='line_1_81' title="bbox 2081 2706 3735 2780; baseline 0.004 -19"><span class='ocrx_word' id='word_1_632' title='bbox 2081 2706 2383 2775; x_wconf 86' lang='lat' dir='ltr'><strong>ducentes,</strong></span> <span class='ocrx_word' id='word_1_633' title='bbox 2403 2707 2491 2762; x_wconf 90' lang='lat' dir='ltr'><strong>vel</strong></span> <span class='ocrx_word' id='word_1_634' title='bbox 2531 2708 2815 2780; x_wconf 88' lang='lat' dir='ltr'><strong>producta</strong></span> <span class='ocrx_word' id='word_1_635' title='bbox 2857 2709 3205 2777; x_wconf 86' lang='lat' dir='ltr'><strong>breviantes,</strong></span> <span class='ocrx_word' id='word_1_636' title='bbox 3243 2710 3432 2768; x_wconf 88' lang='lat' dir='ltr'><strong>solent</strong></span> <span class='ocrx_word' id='word_1_637' title='bbox 3490 2712 3735 2767; x_wconf 88' lang='lat' dir='ltr'><strong>irridere</strong></span> 
     </span>
    </p>
   </div>
   <div class='ocr_carea' id='block_1_82' title="bbox 2082 2795 3732 2871">
    <p class='ocr_par' dir='ltr' id='par_1_82' title="bbox 2082 2795 3732 2871">
     <span class='ocr_line' id='line_1_82' title="bbox 2082 2795 3732 2871; baseline 0.003 -21"><span class='ocrx_word' id='word_1_638' title='bbox 2082 2812 2189 2851; x_wconf 87' lang='lat' dir='ltr'><strong>nos</strong></span> <span class='ocrx_word' id='word_1_639' title='bbox 2219 2795 2547 2868; x_wconf 84' lang='lat' dir='ltr'><strong>imperitiae,</strong></span> <span class='ocrx_word' id='word_1_640' title='bbox 2572 2797 2823 2853; x_wconf 83' lang='lat' dir='ltr'><strong>maxime</strong></span> <span class='ocrx_word' id='word_1_641' title='bbox 2843 2797 2902 2853; x_wconf 90' lang='lat' dir='ltr'><strong>in</strong></span> <span class='ocrx_word' id='word_1_642' title='bbox 2928 2799 3385 2871; x_wconf 88' lang='lat' dir='ltr'><strong>aspirationibus</strong></span> <span class='ocrx_word' id='word_1_643' title='bbox 3406 2799 3466 2854; x_wconf 92' lang='lat' dir='ltr'><strong>in</strong></span> <span class='ocrx_word' id='word_1_644' title='bbox 3490 2800 3732 2871; x_wconf 88' lang='lat' dir='ltr'><strong>quibus-</strong></span> 
     </span>
    </p>
   </div>
   <div class='ocr_carea' id='block_1_83' title="bbox 2081 2884 3731 2959">
    <p class='ocr_par' dir='ltr' id='par_1_83' title="bbox 2081 2884 3731 2959">
     <span class='ocr_line' id='line_1_83' title="bbox 2081 2884 3731 2959; baseline 0.002 -20"><span class='ocrx_word' id='word_1_645' title='bbox 2081 2884 2215 2939; x_wconf 92' lang='lat' dir='ltr'><strong>dam</strong></span> <span class='ocrx_word' id='word_1_646' title='bbox 2232 2901 2362 2940; x_wconf 82' lang='lat' dir='ltr'><strong>cum</strong></span> <span class='ocrx_word' id='word_1_647' title='bbox 2385 2902 2591 2941; x_wconf 89' lang='lat' dir='ltr'><strong>rasura</strong></span> <span class='ocrx_word' id='word_1_648' title='bbox 2607 2886 2754 2957; x_wconf 88' lang='lat' dir='ltr'><strong>gulae</strong></span> <span class='ocrx_word' id='word_1_649' title='bbox 2772 2886 2984 2943; x_wconf 87' lang='lat' dir='ltr'><strong>litteris</strong></span> <span class='ocrx_word' id='word_1_650' title='bbox 3002 2888 3384 2959; x_wconf 85' lang='lat' dir='ltr'><strong>proferendis.</strong></span> <span class='ocrx_word' id='word_1_651' title='bbox 3401 2889 3518 2944; x_wconf 87' lang='lat' dir='ltr'><strong>Hoc</strong></span> <span class='ocrx_word' id='word_1_652' title='bbox 3536 2892 3731 2943; x_wconf 86' lang='lat' dir='ltr'><strong>autem</strong></span> 
     </span>
    </p>
   </div>
   <div class='ocr_carea' id='block_1_84' title="bbox 2083 2972 3729 3047">
    <p class='ocr_par' dir='ltr' id='par_1_84' title="bbox 2083 2972 3729 3047">
     <span class='ocr_line' id='line_1_84' title="bbox 2083 2972 3729 3047; baseline 0.002 -20"><span class='ocrx_word' id='word_1_653' title='bbox 2083 2972 2273 3028; x_wconf 89' lang='lat' dir='ltr'><strong>evenit</strong></span> <span class='ocrx_word' id='word_1_654' title='bbox 2303 2974 2457 3046; x_wconf 88' lang='lat' dir='ltr'><strong>quod</strong></span> <span class='ocrx_word' id='word_1_655' title='bbox 2496 2974 2652 3030; x_wconf 87' lang='lat' dir='ltr'><strong>LXX.</strong></span> <span class='ocrx_word' id='word_1_656' title='bbox 2681 2977 3048 3046; x_wconf 87' lang='lat' dir='ltr'><strong>Interpretes,</strong></span> <span class='ocrx_word' id='word_1_657' title='bbox 3074 2992 3175 3047; x_wconf 88' lang='lat' dir='ltr'><strong>per</strong></span> <span class='ocrx_word' id='word_1_658' title='bbox 3204 2992 3353 3047; x_wconf 93' lang='lat' dir='ltr'><strong>quos</strong></span> <span class='ocrx_word' id='word_1_659' title='bbox 3384 2975 3442 3030; x_wconf 87' lang='lat' dir='ltr'><strong>in</strong></span> <span class='ocrx_word' id='word_1_660' title='bbox 3466 2976 3729 3031; x_wconf 63' lang='lat' dir='ltr'><strong>Graecum</strong></span> 
     </span>
    </p>
   </div>
   <div class='ocr_carea' id='block_1_85' title="bbox 2083 3062 3731 3136">
    <p class='ocr_par' dir='ltr' id='par_1_85' title="bbox 2083 3062 3731 3136">
     <span class='ocr_line' id='line_1_85' title="bbox 2083 3062 3731 3136; baseline 0.001 -18"><span class='ocrx_word' id='word_1_661' title='bbox 2083 3078 2413 3118; x_wconf 89' lang='lat' dir='ltr'><strong>sermonem</strong></span> <span class='ocrx_word' id='word_1_662' title='bbox 2440 3062 2531 3118; x_wconf 86' lang='lat' dir='ltr'><strong>lex</strong></span> <span class='ocrx_word' id='word_1_663' title='bbox 2552 3062 2748 3118; x_wconf 87' lang='lat' dir='ltr'><strong>divina</strong></span> <span class='ocrx_word' id='word_1_664' title='bbox 2765 3062 3053 3119; x_wconf 89' lang='lat' dir='ltr'><strong>translata</strong></span> <span class='ocrx_word' id='word_1_665' title='bbox 3071 3068 3183 3131; x_wconf 90' lang='lat' dir='ltr'><strong>est,</strong></span> <span class='ocrx_word' id='word_1_666' title='bbox 3198 3063 3525 3136; x_wconf 90' lang='lat' dir='ltr'><strong>specialiter</strong></span> <span class='ocrx_word' id='word_1_667' title='bbox 3545 3081 3731 3120; x_wconf 69' lang='lat' dir='ltr'><strong>suam</strong></span> 
     </span>
    </p>
   </div>
   <div class='ocr_carea' id='block_1_86' title="bbox 2084 3150 3733 3225">
    <p class='ocr_par' dir='ltr' id='par_1_86' title="bbox 2084 3150 3733 3225">
     <span class='ocr_line' id='line_1_86' title="bbox 2084 3150 3733 3225; baseline 0.002 -20"><span class='ocrx_word' id='word_1_668' title='bbox 2084 3150 2341 3206; x_wconf 91' lang='lat' dir='ltr'><strong>litteram</strong></span> <span class='ocrx_word' id='word_1_669' title='bbox 2365 3155 2420 3206; x_wconf 91' lang='lat' dir='ltr'><strong>et</strong></span> <span class='ocrx_word' id='word_1_670' title='bbox 2447 3168 2563 3218; x_wconf 78' lang='lat' dir='ltr'><strong>AIN,</strong></span> <span class='ocrx_word' id='word_1_671' title='bbox 2589 3155 2645 3207; x_wconf 90' lang='lat' dir='ltr'><strong>et</strong></span> <span class='ocrx_word' id='word_1_672' title='bbox 2665 3157 2904 3207; x_wconf 61' lang='lat' dir='ltr'><strong>caeteras</strong></span> <span class='ocrx_word' id='word_1_673' title='bbox 2931 3152 3264 3209; x_wconf 89' lang='lat' dir='ltr'><strong>istiusmodi</strong></span> <span class='ocrx_word' id='word_1_674' title='bbox 3290 3152 3449 3225; x_wconf 92' lang='lat' dir='ltr'><strong>(quia</strong></span> <span class='ocrx_word' id='word_1_675' title='bbox 3470 3168 3605 3209; x_wconf 90' lang='lat' dir='ltr'><strong>cum</strong></span> <span class='ocrx_word' id='word_1_676' title='bbox 3628 3154 3733 3208; x_wconf 86' lang='lat' dir='ltr'><strong>du-</strong></span> 
     </span>
    </p>
   </div>
   <div class='ocr_carea' id='block_1_87' title="bbox 2087 3238 3731 3313">
    <p class='ocr_par' dir='ltr' id='par_1_87' title="bbox 2087 3238 3731 3313">
     <span class='ocr_line' id='line_1_87' title="bbox 2087 3238 3731 3313; baseline 0.002 -18"><span class='ocrx_word' id='word_1_677' title='bbox 2087 3238 2222 3312; x_wconf 90' lang='lat' dir='ltr'><strong>plici</strong></span> <span class='ocrx_word' id='word_1_678' title='bbox 2254 3239 2607 3312; x_wconf 86' lang='lat' dir='ltr'><strong>aspiratione</strong></span> <span class='ocrx_word' id='word_1_679' title='bbox 2630 3239 2688 3294; x_wconf 90' lang='lat' dir='ltr'><strong>in</strong></span> <span class='ocrx_word' id='word_1_680' title='bbox 2712 3240 2971 3296; x_wconf 67' lang='lat' dir='ltr'><strong>Graecam</strong></span> <span class='ocrx_word' id='word_1_681' title='bbox 2991 3240 3253 3313; x_wconf 86' lang='lat' dir='ltr'><strong>linguam</strong></span> <span class='ocrx_word' id='word_1_682' title='bbox 3276 3242 3592 3298; x_wconf 81' lang='lat' dir='ltr'><strong>transferre</strong></span> <span class='ocrx_word' id='word_1_683' title='bbox 3614 3259 3731 3298; x_wconf 91' lang='lat' dir='ltr'><strong>non</strong></span> 
     </span>
    </p>
   </div>
   <div class='ocr_carea' id='block_1_88' title="bbox 2086 3329 3732 3402">
    <p class='ocr_par' dir='ltr' id='par_1_88' title="bbox 2086 3329 3732 3402">
     <span class='ocr_line' id='line_1_88' title="bbox 2086 3329 3732 3402; baseline 0.001 -17"><span class='ocrx_word' id='word_1_684' title='bbox 2086 3333 2356 3402; x_wconf 77' lang='lat' dir='ltr'><strong>poterant</strong></span> <span class='ocrx_word' id='word_1_685' title='bbox 2384 3329 2517 3384; x_wconf 90' lang='lat' dir='ltr'><strong>aliis</strong></span> <span class='ocrx_word' id='word_1_686' title='bbox 2567 3329 2776 3385; x_wconf 87' lang='lat' dir='ltr'><strong>litteris</strong></span> <span class='ocrx_word' id='word_1_687' title='bbox 2828 3329 3042 3386; x_wconf 88' lang='lat' dir='ltr'><strong>additis</strong></span> <span class='ocrx_word' id='word_1_688' title='bbox 3089 3334 3522 3401; x_wconf 80' lang='lat' dir='ltr'><strong>expresserunt.</strong></span> <span class='ocrx_word' id='word_1_689' title='bbox 3555 3331 3732 3387; x_wconf 86' lang='lat' dir='ltr'><strong>Verbi</strong></span> 
     </span>
    </p>
   </div>
   <div class='ocr_carea' id='block_1_89' title="bbox 2086 3418 3732 3488">
    <p class='ocr_par' dir='ltr' id='par_1_89' title="bbox 2086 3418 3732 3488">
     <span class='ocr_line' id='line_1_89' title="bbox 2086 3418 3732 3488; baseline 0.001 -14"><span class='ocrx_word' id='word_1_690' title='bbox 2086 3435 2289 3484; x_wconf 88' lang='lat' dir='ltr'><strong>causa,</strong></span> <span class='ocrx_word' id='word_1_691' title='bbox 2312 3423 2377 3473; x_wconf 92' lang='lat' dir='ltr'><strong>ut</strong></span> <span class='ocrx_word' id='word_1_692' title='bbox 2398 3418 2582 3488; x_wconf 84' lang='lat' dir='ltr'><strong>Rahel,</strong></span> <span class='ocrx_word' id='word_1_693' title='bbox 2612 3420 2831 3483; x_wconf 81' lang='lat' dir='ltr'><strong>Rachel,</strong></span> <span class='ocrx_word' id='word_1_694' title='bbox 2847 3419 3138 3475; x_wconf 88' lang='lat' dir='ltr'><strong>dicerent:</strong></span> <span class='ocrx_word' id='word_1_695' title='bbox 3160 3424 3237 3487; x_wconf 87' lang='lat' dir='ltr'><strong>et,</strong></span> <span class='ocrx_word' id='word_1_696' title='bbox 3261 3421 3458 3487; x_wconf 79' lang='lat' dir='ltr'><strong>Ieriho,</strong></span> <span class='ocrx_word' id='word_1_697' title='bbox 3482 3421 3691 3477; x_wconf 85' lang='lat' dir='ltr'><strong>Iericho</strong></span> <span class='ocrx_word' id='word_1_698' title='bbox 3713 3441 3732 3476; x_wconf 92' lang='lat'><strong><em>:</em></strong></span> 
     </span>
    </p>
   </div>
   <div class='ocr_carea' id='block_1_90' title="bbox 2084 3508 3791 3579">
    <p class='ocr_par' dir='ltr' id='par_1_90' title="bbox 2084 3508 3791 3579">
     <span class='ocr_line' id='line_1_90' title="bbox 2084 3508 3791 3579; baseline 0.001 -15"><span class='ocrx_word' id='word_1_699' title='bbox 2084 3510 2141 3564; x_wconf 88' lang='lat' dir='ltr'><strong>et</strong></span> <span class='ocrx_word' id='word_1_700' title='bbox 2181 3509 2415 3574; x_wconf 87' lang='lat' dir='ltr'><strong>Hebron,</strong></span> <span class='ocrx_word' id='word_1_701' title='bbox 2458 3508 2703 3565; x_wconf 81' lang='lat' dir='ltr'><strong>Chebron</strong></span> <span class='ocrx_word' id='word_1_702' title='bbox 2734 3527 2752 3562; x_wconf 88' lang='lat'><strong><em>:</em></strong></span> <span class='ocrx_word' id='word_1_703' title='bbox 2784 3513 2842 3564; x_wconf 90' lang='lat' dir='ltr'><strong>et</strong></span> <span class='ocrx_word' id='word_1_704' title='bbox 2886 3508 3038 3579; x_wconf 86' lang='lat' dir='ltr'><strong>Seor,</strong></span> <span class='ocrx_word' id='word_1_705' title='bbox 3071 3511 3235 3579; x_wconf 75' lang='lat' dir='ltr'><strong>Segor</strong></span> <span class='ocrx_word' id='word_1_706' title='bbox 3262 3527 3281 3565; x_wconf 90' lang='lat'><strong><em>:</em></strong></span> <span class='ocrx_word' id='word_1_707' title='bbox 3312 3508 3372 3564; x_wconf 91' lang='lat' dir='ltr'><strong>in</strong></span> <span class='ocrx_word' id='word_1_708' title='bbox 3422 3509 3553 3566; x_wconf 89' lang='lat' dir='ltr'><strong>aliis</strong></span> <span class='ocrx_word' id='word_1_709' title='bbox 3598 3527 3733 3567; x_wconf 90' lang='lat' dir='ltr'><strong>vero</strong></span> <span class='ocrx_word' id='word_1_710' title='bbox 3786 3544 3791 3548; x_wconf 66' lang='grc'><strong>»</strong></span> 
     </span>
    </p>
   </div>
   <div class='ocr_carea' id='block_1_91' title="bbox 2085 3596 3739 3669">
    <p class='ocr_par' dir='ltr' id='par_1_91' title="bbox 2085 3596 3739 3669">
     <span class='ocr_line' id='line_1_91' title="bbox 2085 3596 3739 3669; baseline 0.001 -16"><span class='ocrx_word' id='word_1_711' title='bbox 2085 3613 2185 3653; x_wconf 91' lang='lat' dir='ltr'><strong>eos</strong></span> <span class='ocrx_word' id='word_1_712' title='bbox 2233 3601 2477 3652; x_wconf 91' lang='lat' dir='ltr'><strong>conatus</strong></span> <span class='ocrx_word' id='word_1_713' title='bbox 2524 3596 2635 3651; x_wconf 87' lang='lat' dir='ltr'><strong>iste</strong></span> <span class='ocrx_word' id='word_1_714' title='bbox 2684 3596 2879 3653; x_wconf 85' lang='lat' dir='ltr'><strong>deﬁcit</strong></span> <span class='ocrx_word' id='word_1_715' title='bbox 2907 3597 3013 3669; x_wconf 78' lang='lat' dir='ltr'><strong>[AL</strong></span> <span class='ocrx_word' id='word_1_716' title='bbox 3048 3597 3299 3668; x_wconf 81' lang='lat' dir='ltr'><strong>defecit].</strong></span> <span class='ocrx_word' id='word_1_717' title='bbox 3333 3598 3478 3653; x_wconf 88' lang='lat' dir='ltr'><strong>Nam</strong></span> <span class='ocrx_word' id='word_1_718' title='bbox 3529 3615 3635 3654; x_wconf 89' lang='lat' dir='ltr'><strong>nos</strong></span> <span class='ocrx_word' id='word_1_719' title='bbox 3682 3602 3739 3654; x_wconf 89' lang='lat' dir='ltr'><strong>et</strong></span> 
     </span>
    </p>
   </div>
   <div class='ocr_carea' id='block_1_92' title="bbox 2086 3686 3736 3755">
    <p class='ocr_par' dir='ltr' id='par_1_92' title="bbox 2086 3686 3736 3755">
     <span class='ocr_line' id='line_1_92' title="bbox 2086 3686 3736 3755; baseline 0.001 -12"><span class='ocrx_word' id='word_1_720' title='bbox 2086 3686 2266 3743; x_wconf 61' lang='lat' dir='ltr'><strong>Graeci</strong></span> <span class='ocrx_word' id='word_1_721' title='bbox 2297 3702 2474 3741; x_wconf 88' lang='lat' dir='ltr'><strong>unam</strong></span> <span class='ocrx_word' id='word_1_722' title='bbox 2507 3690 2738 3741; x_wconf 90' lang='lat' dir='ltr'><strong>tantum</strong></span> <span class='ocrx_word' id='word_1_723' title='bbox 2783 3686 3041 3742; x_wconf 86' lang='lat' dir='ltr'><strong>litteram</strong></span> <span class='ocrx_word' id='word_1_724' title='bbox 3072 3703 3097 3742; x_wconf 74' lang='grc' dir='ltr'><strong>δ</strong></span> <span class='ocrx_word' id='word_1_725' title='bbox 3124 3687 3433 3755; x_wconf 89' lang='lat' dir='ltr'><strong>habemus,</strong></span> <span class='ocrx_word' id='word_1_726' title='bbox 3467 3687 3550 3743; x_wconf 92' lang='lat' dir='ltr'><strong>illi</strong></span> <span class='ocrx_word' id='word_1_727' title='bbox 3600 3704 3736 3744; x_wconf 89' lang='lat' dir='ltr'><strong>vero</strong></span> 
     </span>
    </p>
   </div>
   <div class='ocr_carea' id='block_1_93' title="bbox 2085 3776 3739 3849">
    <p class='ocr_par' dir='ltr' id='par_1_93' title="bbox 2085 3776 3739 3849">
     <span class='ocr_line' id='line_1_93' title="bbox 2085 3776 3739 3849; baseline 0.002 -18"><span class='ocrx_word' id='word_1_728' title='bbox 2085 3778 2227 3841; x_wconf 90' lang='lat' dir='ltr'><strong>tres,</strong></span> <span class='ocrx_word' id='word_1_729' title='bbox 2262 3790 2506 3842; x_wconf 56' lang='lat' dir='ltr'><strong>saneea,</strong></span> <span class='ocrx_word' id='word_1_730' title='bbox 2532 3791 2693 3845; x_wconf 67' lang='lat' dir='ltr'><strong>smn,</strong></span> <span class='ocrx_word' id='word_1_731' title='bbox 2716 3778 2774 3830; x_wconf 89' lang='lat' dir='ltr'><strong>et</strong></span> <span class='ocrx_word' id='word_1_732' title='bbox 2803 3791 2895 3830; x_wconf 76' lang='lat' dir='ltr'><strong>sm</strong></span> <span class='ocrx_word' id='word_1_733' title='bbox 2919 3792 2931 3829; x_wconf 91' lang='lat'>:</span> <span class='ocrx_word' id='word_1_734' title='bbox 2958 3792 3086 3847; x_wconf 87' lang='lat' dir='ltr'><strong>quae</strong></span> <span class='ocrx_word' id='word_1_735' title='bbox 3113 3776 3374 3832; x_wconf 86' lang='lat' dir='ltr'><strong>diversos</strong></span> <span class='ocrx_word' id='word_1_736' title='bbox 3405 3792 3581 3833; x_wconf 90' lang='lat' dir='ltr'><strong>sonos</strong></span> <span class='ocrx_word' id='word_1_737' title='bbox 3608 3793 3739 3849; x_wconf 91' lang='lat' dir='ltr'><strong>pos-</strong></span> 
     </span>
    </p>
   </div>
   <div class='ocr_carea' id='block_1_94' title="bbox 2087 3864 3739 3938">
    <p class='ocr_par' dir='ltr' id='par_1_94' title="bbox 2087 3864 3739 3938">
     <span class='ocr_line' id='line_1_94' title="bbox 2087 3864 3739 3938; baseline 0.002 -20"><span class='ocrx_word' id='word_1_738' title='bbox 2087 3864 2300 3919; x_wconf 89' lang='lat' dir='ltr'><strong>sident.</strong></span> <span class='ocrx_word' id='word_1_739' title='bbox 2333 3869 2492 3919; x_wconf 82' lang='lat' dir='ltr'><strong>Isaac</strong></span> <span class='ocrx_word' id='word_1_740' title='bbox 2521 3868 2579 3918; x_wconf 91' lang='lat' dir='ltr'><strong>et</strong></span> <span class='ocrx_word' id='word_1_741' title='bbox 2603 3865 2739 3919; x_wconf 84' lang='lat' dir='ltr'><strong>Sion</strong></span> <span class='ocrx_word' id='word_1_742' title='bbox 2768 3881 2871 3936; x_wconf 91' lang='lat' dir='ltr'><strong>per</strong></span> <span class='ocrx_word' id='word_1_743' title='bbox 2899 3882 3041 3920; x_wconf 86' lang='lat' dir='ltr'><strong>SADE</strong></span> <span class='ocrx_word' id='word_1_744' title='bbox 3072 3864 3351 3921; x_wconf 89' lang='lat' dir='ltr'><strong>scribitur</strong></span> <span class='ocrx_word' id='word_1_745' title='bbox 3385 3882 3397 3920; x_wconf 92' lang='lat'>:</span> <span class='ocrx_word' id='word_1_746' title='bbox 3426 3867 3605 3922; x_wconf 84' lang='lat' dir='ltr'><strong>Israel</strong></span> <span class='ocrx_word' id='word_1_747' title='bbox 3634 3882 3739 3938; x_wconf 90' lang='lat' dir='ltr'><strong>per</strong></span> 
     </span>
    </p>
   </div>
   <div class='ocr_carea' id='block_1_95' title="bbox 2087 3953 3734 4025">
    <p class='ocr_par' dir='ltr' id='par_1_95' title="bbox 2087 3953 3734 4025">
     <span class='ocr_line' id='line_1_95' title="bbox 2087 3953 3734 4025; baseline 0.001 -17"><span class='ocrx_word' id='word_1_748' title='bbox 2087 3970 2201 4019; x_wconf 79' lang='lat' dir='ltr'><strong>sm,</strong></span> <span class='ocrx_word' id='word_1_749' title='bbox 2233 3956 2290 4008; x_wconf 89' lang='lat' dir='ltr'><strong>et</strong></span> <span class='ocrx_word' id='word_1_750' title='bbox 2318 3956 2516 4008; x_wconf 86' lang='lat' dir='ltr'><strong>tamen</strong></span> <span class='ocrx_word' id='word_1_751' title='bbox 2549 3970 2665 4009; x_wconf 92' lang='lat' dir='ltr'><strong>non</strong></span> <span class='ocrx_word' id='word_1_752' title='bbox 2698 3957 2870 4009; x_wconf 89' lang='lat' dir='ltr'><strong>sonat</strong></span> <span class='ocrx_word' id='word_1_753' title='bbox 2908 3953 3017 4008; x_wconf 89' lang='lat' dir='ltr'><strong>hoc</strong></span> <span class='ocrx_word' id='word_1_754' title='bbox 3060 3954 3212 4025; x_wconf 88' lang='lat' dir='ltr'><strong>quod</strong></span> <span class='ocrx_word' id='word_1_755' title='bbox 3246 3953 3540 4009; x_wconf 87' lang='lat' dir='ltr'><strong>scribitur.</strong></span> <span class='ocrx_word' id='word_1_756' title='bbox 3575 3955 3734 4022; x_wconf 87' lang='lat' dir='ltr'><strong>Seon,</strong></span> 
     </span>
    </p>
   </div>
   <div class='ocr_carea' id='block_1_96' title="bbox 2087 4041 3739 4115">
    <p class='ocr_par' dir='ltr' id='par_1_96' title="bbox 2087 4041 3739 4115">
     <span class='ocr_line' id='line_1_96' title="bbox 2087 4041 3739 4115; baseline 0 -18"><span class='ocrx_word' id='word_1_757' title='bbox 2087 4058 2186 4098; x_wconf 85' lang='lat' dir='ltr'><strong>rex</strong></span> <span class='ocrx_word' id='word_1_758' title='bbox 2217 4041 2705 4108; x_wconf 68' lang='lat' dir='ltr'><strong>Amorrhaeorum,</strong></span> <span class='ocrx_word' id='word_1_759' title='bbox 2727 4059 2830 4115; x_wconf 89' lang='lat' dir='ltr'><strong>per</strong></span> <span class='ocrx_word' id='word_1_760' title='bbox 2857 4058 3079 4097; x_wconf 81' lang='lat' dir='ltr'><strong>SAMECH</strong></span> <span class='ocrx_word' id='word_1_761' title='bbox 3111 4041 3364 4098; x_wconf 87' lang='lat' dir='ltr'><strong>litteram</strong></span> <span class='ocrx_word' id='word_1_762' title='bbox 3400 4046 3456 4097; x_wconf 90' lang='lat' dir='ltr'><strong>et</strong></span> <span class='ocrx_word' id='word_1_763' title='bbox 3485 4058 3739 4113; x_wconf 89' lang='lat' dir='ltr'><strong>pronun-</strong></span> 
     </span>
    </p>
   </div>
   <div class='ocr_carea' id='block_1_97' title="bbox 2086 4130 3740 4203">
    <p class='ocr_par' dir='ltr' id='par_1_97' title="bbox 2086 4130 3740 4203">
     <span class='ocr_line' id='line_1_97' title="bbox 2086 4130 3740 4203; baseline 0.001 -18"><span class='ocrx_word' id='word_1_764' title='bbox 2086 4130 2268 4187; x_wconf 88' lang='lat' dir='ltr'><strong>tiatur</strong></span> <span class='ocrx_word' id='word_1_765' title='bbox 2287 4135 2345 4187; x_wconf 89' lang='lat' dir='ltr'><strong>et</strong></span> <span class='ocrx_word' id='word_1_766' title='bbox 2365 4130 2660 4187; x_wconf 88' lang='lat' dir='ltr'><strong>scribitur.</strong></span> <span class='ocrx_word' id='word_1_767' title='bbox 2675 4130 2735 4187; x_wconf 92' lang='lat' dir='ltr'><strong>Si</strong></span> <span class='ocrx_word' id='word_1_768' title='bbox 2758 4132 2940 4203; x_wconf 89' lang='lat' dir='ltr'><strong>igitur</strong></span> <span class='ocrx_word' id='word_1_769' title='bbox 2963 4147 2995 4185; x_wconf 90' lang='lat' dir='ltr'><strong>a</strong></span> <span class='ocrx_word' id='word_1_770' title='bbox 3017 4130 3186 4187; x_wconf 91' lang='lat' dir='ltr'><strong>nobis</strong></span> <span class='ocrx_word' id='word_1_771' title='bbox 3207 4130 3329 4185; x_wconf 83' lang='lat' dir='ltr'><strong>haec</strong></span> <span class='ocrx_word' id='word_1_772' title='bbox 3352 4130 3659 4186; x_wconf 90' lang='lat' dir='ltr'><strong>nominum</strong></span> <span class='ocrx_word' id='word_1_773' title='bbox 3681 4135 3740 4186; x_wconf 90' lang='lat' dir='ltr'><strong>et</strong></span> 
     </span>
    </p>
   </div>
   <div class='ocr_carea' id='block_1_98' title="bbox 2086 4219 3741 4293">
    <p class='ocr_par' dir='ltr' id='par_1_98' title="bbox 2086 4219 3741 4293">
     <span class='ocr_line' id='line_1_98' title="bbox 2086 4219 3741 4293; baseline 0.001 -18"><span class='ocrx_word' id='word_1_774' title='bbox 2086 4219 2299 4293; x_wconf 71' lang='lat' dir='ltr'><strong>linguae</strong></span> <span class='ocrx_word' id='word_1_775' title='bbox 2322 4219 2979 4287; x_wconf 88' lang='lat' dir='ltr'><strong>idiomata,utvidelicet</strong></span> <span class='ocrx_word' id='word_1_776' title='bbox 3000 4219 3395 4284; x_wconf 84' lang='lat' dir='ltr'><strong>barbara,non</strong></span> <span class='ocrx_word' id='word_1_777' title='bbox 3417 4219 3500 4275; x_wconf 92' lang='lat' dir='ltr'><strong>ita</strong></span> <span class='ocrx_word' id='word_1_778' title='bbox 3520 4220 3741 4276; x_wconf 81' lang='lat' dir='ltr'><strong>fuerint</strong></span> 
     </span>
    </p>
   </div>
   <div class='ocr_carea' id='block_1_99' title="bbox 2085 4307 3737 4381">
    <p class='ocr_par' dir='ltr' id='par_1_99' title="bbox 2085 4307 3737 4381">
     <span class='ocr_line' id='line_1_99' title="bbox 2085 4307 3737 4381; baseline 0.001 -17"><span class='ocrx_word' id='word_1_779' title='bbox 2085 4312 2453 4381; x_wconf 80' lang='lat' dir='ltr'><strong>sxpressa,ut</strong></span> <span class='ocrx_word' id='word_1_780' title='bbox 2479 4308 2889 4380; x_wconf 86' lang='lat' dir='ltr'><strong>exprimuntur</strong></span> <span class='ocrx_word' id='word_1_781' title='bbox 2909 4307 2980 4362; x_wconf 92' lang='lat' dir='ltr'><strong>ab</strong></span> <span class='ocrx_word' id='word_1_782' title='bbox 3005 4307 3477 4379; x_wconf 77' lang='lat' dir='ltr'><strong>Hebraeis,solent</strong></span> <span class='ocrx_word' id='word_1_783' title='bbox 3500 4308 3737 4365; x_wconf 89' lang='lat' dir='ltr'><strong>cachin-</strong></span> 
     </span>
    </p>
   </div>
   <div class='ocr_carea' id='block_1_100' title="bbox 2087 4396 3736 4470">
    <p class='ocr_par' dir='ltr' id='par_1_100' title="bbox 2087 4396 3736 4470">
     <span class='ocr_line' id='line_1_100' title="bbox 2087 4396 3736 4470; baseline 0.001 -18"><span class='ocrx_word' id='word_1_784' title='bbox 2087 4413 2230 4452; x_wconf 91' lang='lat' dir='ltr'><strong>num</strong></span> <span class='ocrx_word' id='word_1_785' title='bbox 2253 4396 2537 4463; x_wconf 87' lang='lat' dir='ltr'><strong>attollere,</strong></span> <span class='ocrx_word' id='word_1_786' title='bbox 2560 4398 2835 4466; x_wconf 87' lang='lat' dir='ltr'><strong>et&#39;jurare</strong></span> <span class='ocrx_word' id='word_1_787' title='bbox 2856 4412 2919 4451; x_wconf 91' lang='lat' dir='ltr'><strong>se</strong></span> <span class='ocrx_word' id='word_1_788' title='bbox 2949 4396 3184 4468; x_wconf 89' lang='lat' dir='ltr'><strong>penitus</strong></span> <span class='ocrx_word' id='word_1_789' title='bbox 3214 4396 3439 4453; x_wconf 89' lang='lat' dir='ltr'><strong>nescire</strong></span> <span class='ocrx_word' id='word_1_790' title='bbox 3459 4399 3615 4470; x_wconf 90' lang='lat' dir='ltr'><strong>quod</strong></span> <span class='ocrx_word' id='word_1_791' title='bbox 3649 4399 3736 4454; x_wconf 83' lang='lat' dir='ltr'><strong>di-</strong></span> 
     </span>
    </p>
   </div>
   <div class='ocr_carea' id='block_1_101' title="bbox 2087 4484 3735 4560">
    <p class='ocr_par' dir='ltr' id='par_1_101' title="bbox 2087 4484 3735 4560">
     <span class='ocr_line' id='line_1_101' title="bbox 2087 4484 3735 4560; baseline 0.002 -20"><span class='ocrx_word' id='word_1_792' title='bbox 2087 4486 2297 4541; x_wconf 89' lang='lat' dir='ltr'><strong>cimus.</strong></span> <span class='ocrx_word' id='word_1_793' title='bbox 2326 4485 2485 4540; x_wconf 89' lang='lat' dir='ltr'><strong>Unde</strong></span> <span class='ocrx_word' id='word_1_794' title='bbox 2515 4490 2571 4540; x_wconf 91' lang='lat' dir='ltr'><strong>et</strong></span> <span class='ocrx_word' id='word_1_795' title='bbox 2600 4484 2769 4539; x_wconf 90' lang='lat' dir='ltr'><strong>nobis</strong></span> <span class='ocrx_word' id='word_1_796' title='bbox 2798 4500 2950 4540; x_wconf 70' lang='lat' dir='ltr'><strong>curae</strong></span> <span class='ocrx_word' id='word_1_797' title='bbox 2980 4485 3091 4539; x_wconf 83' lang='lat' dir='ltr'><strong>fuit</strong></span> <span class='ocrx_word' id='word_1_798' title='bbox 3120 4502 3326 4543; x_wconf 89' lang='lat' dir='ltr'><strong>omnes</strong></span> <span class='ocrx_word' id='word_1_799' title='bbox 3355 4488 3563 4544; x_wconf 89' lang='lat' dir='ltr'><strong>veteris</strong></span> <span class='ocrx_word' id='word_1_800' title='bbox 3590 4487 3735 4560; x_wconf 87' lang='lat' dir='ltr'><strong>legis</strong></span> 
     </span>
    </p>
   </div>
   <div class='ocr_carea' id='block_1_102' title="bbox 2009 4572 3734 4649">
    <p class='ocr_par' dir='ltr' id='par_1_102' title="bbox 2009 4572 3734 4649">
     <span class='ocr_line' id='line_1_102' title="bbox 2009 4572 3734 4649; baseline 0 -18"><span class='ocrx_word' id='word_1_801' title='bbox 2009 4572 2059 4638; x_wconf 91' lang='lat' dir='ltr'><strong>D</strong></span> <span class='ocrx_word' id='word_1_802' title='bbox 2086 4575 2291 4638; x_wconf 89' lang='lat' dir='ltr'><strong>libros,</strong></span> <span class='ocrx_word' id='word_1_803' title='bbox 2325 4590 2473 4646; x_wconf 91' lang='lat' dir='ltr'><strong>quos</strong></span> <span class='ocrx_word' id='word_1_804' title='bbox 2500 4574 2590 4629; x_wconf 91' lang='lat' dir='ltr'><strong>vir</strong></span> <span class='ocrx_word' id='word_1_805' title='bbox 2618 4575 2827 4630; x_wconf 91' lang='lat' dir='ltr'><strong>doctus</strong></span> <span class='ocrx_word' id='word_1_806' title='bbox 2854 4575 3239 4631; x_wconf 89' lang='lat' dir='ltr'><strong>Adamantius</strong></span> <span class='ocrx_word' id='word_1_807' title='bbox 3268 4575 3326 4630; x_wconf 91' lang='lat' dir='ltr'><strong>in</strong></span> <span class='ocrx_word' id='word_1_808' title='bbox 3360 4576 3618 4649; x_wconf 85' lang='lat' dir='ltr'><strong>Hexapla</strong></span> <span class='ocrx_word' id='word_1_809' title='bbox 3646 4577 3734 4631; x_wconf 91' lang='lat' dir='ltr'><strong>di-</strong></span> 
     </span>
    </p>
   </div>
   <div class='ocr_carea' id='block_1_103' title="bbox 2088 4662 3739 4737">
    <p class='ocr_par' dir='ltr' id='par_1_103' title="bbox 2088 4662 3739 4737">
     <span class='ocr_line' id='line_1_103' title="bbox 2088 4662 3739 4737; baseline 0.001 -17"><span class='ocrx_word' id='word_1_810' title='bbox 2088 4672 2369 4737; x_wconf 84' lang='lat' dir='ltr'><strong>gesserat,</strong></span> <span class='ocrx_word' id='word_1_811' title='bbox 2401 4663 2473 4718; x_wconf 89' lang='lat' dir='ltr'><strong>de</strong></span> <span class='ocrx_word' id='word_1_812' title='bbox 2507 4662 2845 4719; x_wconf 87' lang='lat' dir='ltr'><strong>Caesariensi</strong></span> <span class='ocrx_word' id='word_1_813' title='bbox 2889 4662 3241 4719; x_wconf 89' lang='lat' dir='ltr'><strong>bibliotheca</strong></span> <span class='ocrx_word' id='word_1_814' title='bbox 3296 4665 3638 4736; x_wconf 87' lang='lat' dir='ltr'><strong>descriptos,</strong></span> <span class='ocrx_word' id='word_1_815' title='bbox 3670 4682 3739 4721; x_wconf 82' lang='lat' dir='ltr'><strong>ex</strong></span> 
     </span>
    </p>
   </div>
   <div class='ocr_carea' id='block_1_104' title="bbox 2092 4752 3737 4826">
    <p class='ocr_par' dir='ltr' id='par_1_104' title="bbox 2092 4752 3737 4826">
     <span class='ocr_line' id='line_1_104' title="bbox 2092 4752 3737 4826; baseline 0.001 -17"><span class='ocrx_word' id='word_1_816' title='bbox 2092 4753 2240 4826; x_wconf 90' lang='lat' dir='ltr'><strong>ipsis</strong></span> <span class='ocrx_word' id='word_1_817' title='bbox 2271 4752 2625 4808; x_wconf 88' lang='lat' dir='ltr'><strong>authenticis</strong></span> <span class='ocrx_word' id='word_1_818' title='bbox 2663 4753 2996 4819; x_wconf 87' lang='lat' dir='ltr'><strong>emendare,</strong></span> <span class='ocrx_word' id='word_1_819' title='bbox 3026 4752 3085 4807; x_wconf 90' lang='lat' dir='ltr'><strong>in</strong></span> <span class='ocrx_word' id='word_1_820' title='bbox 3113 4753 3329 4824; x_wconf 87' lang='lat' dir='ltr'><strong>quibus</strong></span> <span class='ocrx_word' id='word_1_821' title='bbox 3372 4758 3428 4809; x_wconf 88' lang='lat' dir='ltr'><strong>et</strong></span> <span class='ocrx_word' id='word_1_822' title='bbox 3471 4753 3600 4825; x_wconf 90' lang='lat' dir='ltr'><strong>ipsa</strong></span> <span class='ocrx_word' id='word_1_823' title='bbox 3631 4754 3737 4810; x_wconf 86' lang='lat' dir='ltr'><strong>He-</strong></span> 
     </span>
    </p>
   </div>
   <div class='ocr_carea' id='block_1_105' title="bbox 2095 4840 3737 4915">
    <p class='ocr_par' dir='ltr' id='par_1_105' title="bbox 2095 4840 3737 4915">
     <span class='ocr_line' id='line_1_105' title="bbox 2095 4840 3737 4915; baseline 0.001 -18"><span class='ocrx_word' id='word_1_824' title='bbox 2095 4842 2250 4897; x_wconf 76' lang='lat' dir='ltr'><strong>braea</strong></span> <span class='ocrx_word' id='word_1_825' title='bbox 2279 4842 2531 4913; x_wconf 89' lang='lat' dir='ltr'><strong>propriis</strong></span> <span class='ocrx_word' id='word_1_826' title='bbox 2559 4844 2699 4896; x_wconf 90' lang='lat' dir='ltr'><strong>sunt</strong></span> <span class='ocrx_word' id='word_1_827' title='bbox 2741 4840 3178 4896; x_wconf 89' lang='lat' dir='ltr'><strong>characteribus</strong></span> <span class='ocrx_word' id='word_1_828' title='bbox 3210 4842 3385 4897; x_wconf 89' lang='lat' dir='ltr'><strong>verba</strong></span> <span class='ocrx_word' id='word_1_829' title='bbox 3413 4842 3737 4915; x_wconf 87' lang='lat' dir='ltr'><strong>descripta;</strong></span> 
     </span>
    </p>
   </div>
   <div class='ocr_carea' id='block_1_106' title="bbox 2094 4930 3744 5005">
    <p class='ocr_par' dir='ltr' id='par_1_106' title="bbox 2094 4930 3744 5005">
     <span class='ocr_line' id='line_1_106' title="bbox 2094 4930 3744 5005; baseline 0.001 -19"><span class='ocrx_word' id='word_1_830' title='bbox 2094 4934 2152 4986; x_wconf 91' lang='lat' dir='ltr'><strong>et</strong></span> <span class='ocrx_word' id='word_1_831' title='bbox 2179 4930 2391 4988; x_wconf 80' lang='lat' dir='ltr'><strong>Graecis</strong></span> <span class='ocrx_word' id='word_1_832' title='bbox 2439 4931 2647 4987; x_wconf 88' lang='lat' dir='ltr'><strong>litteris</strong></span> <span class='ocrx_word' id='word_1_833' title='bbox 2692 4932 2927 4987; x_wconf 88' lang='lat' dir='ltr'><strong>tramite</strong></span> <span class='ocrx_word' id='word_1_834' title='bbox 2973 4946 3248 5002; x_wconf 86' lang='lat' dir='ltr'><strong>expressa</strong></span> <span class='ocrx_word' id='word_1_835' title='bbox 3292 4931 3500 4988; x_wconf 90' lang='lat' dir='ltr'><strong>vicino.</strong></span> <span class='ocrx_word' id='word_1_836' title='bbox 3531 4932 3744 5005; x_wconf 91' lang='lat' dir='ltr'><strong>Aquila</strong></span> 
     </span>
    </p>
   </div>
   <div class='ocr_carea' id='block_1_107' title="bbox 2093 5019 3743 5093">
    <p class='ocr_par' dir='ltr' id='par_1_107' title="bbox 2093 5019 3743 5093">
     <span class='ocr_line' id='line_1_107' title="bbox 2093 5019 3743 5093; baseline 0.003 -20"><span class='ocrx_word' id='word_1_837' title='bbox 2093 5019 2270 5076; x_wconf 88' lang='lat' dir='ltr'><strong>etiam</strong></span> <span class='ocrx_word' id='word_1_838' title='bbox 2302 5024 2358 5076; x_wconf 92' lang='lat' dir='ltr'><strong>et</strong></span> <span class='ocrx_word' id='word_1_839' title='bbox 2382 5019 2794 5093; x_wconf 81' lang='lat' dir='ltr'><strong>Symmachus,</strong></span> <span class='ocrx_word' id='word_1_840' title='bbox 2808 5019 3190 5091; x_wconf 87' lang='lat' dir='ltr'><strong>Septuaginta</strong></span> <span class='ocrx_word' id='word_1_841' title='bbox 3212 5036 3446 5092; x_wconf 90' lang='lat' dir='ltr'><strong>quoque</strong></span> <span class='ocrx_word' id='word_1_842' title='bbox 3477 5025 3535 5077; x_wconf 92' lang='lat' dir='ltr'><strong>et</strong></span> <span class='ocrx_word' id='word_1_843' title='bbox 3561 5021 3743 5078; x_wconf 90' lang='lat' dir='ltr'><strong>Theo-</strong></span> 
     </span>
    </p>
   </div>
   <div class='ocr_carea' id='block_1_108' title="bbox 2094 5108 3744 5169">
    <p class='ocr_par' dir='ltr' id='par_1_108' title="bbox 2094 5108 3744 5169">
     <span class='ocr_line' id='line_1_108' title="bbox 2094 5108 3744 5169; baseline 0.001 -5"><span class='ocrx_word' id='word_1_844' title='bbox 2094 5110 2252 5165; x_wconf 90' lang='lat' dir='ltr'><strong>dotio</strong></span> <span class='ocrx_word' id='word_1_845' title='bbox 2283 5126 2458 5166; x_wconf 89' lang='lat' dir='ltr'><strong>suum</strong></span> <span class='ocrx_word' id='word_1_846' title='bbox 2490 5108 2755 5165; x_wconf 85' lang='lat' dir='ltr'><strong>ordinem</strong></span> <span class='ocrx_word' id='word_1_847' title='bbox 2782 5112 2999 5164; x_wconf 88' lang='lat' dir='ltr'><strong>tenent.</strong></span> <span class='ocrx_word' id='word_1_848' title='bbox 3024 5108 3301 5165; x_wconf 90' lang='lat' dir='ltr'><strong>Nonnulli</strong></span> <span class='ocrx_word' id='word_1_849' title='bbox 3328 5111 3473 5169; x_wconf 74' lang='lat'><strong>735</strong></span> <span class='ocrx_word' id='word_1_850' title='bbox 3508 5127 3643 5167; x_wconf 87' lang='lat' dir='ltr'><strong>vero</strong></span> <span class='ocrx_word' id='word_1_851' title='bbox 3672 5110 3744 5166; x_wconf 89' lang='lat' dir='ltr'><strong>li-</strong></span> 
     </span>
    </p>
   </div>
   <div class='ocr_carea' id='block_1_109' title="bbox 2094 5196 3745 5273">
    <p class='ocr_par' dir='ltr' id='par_1_109' title="bbox 2094 5196 3745 5273">
     <span class='ocr_line' id='line_1_109' title="bbox 2094 5196 3745 5273; baseline 0.002 -19"><span class='ocrx_word' id='word_1_852' title='bbox 2094 5198 2183 5254; x_wconf 88' lang='lat' dir='ltr'><strong>bri</strong></span> <span class='ocrx_word' id='word_1_853' title='bbox 2214 5202 2271 5254; x_wconf 87' lang='lat' dir='ltr'><strong>et</strong></span> <span class='ocrx_word' id='word_1_854' title='bbox 2308 5198 2562 5254; x_wconf 84' lang='lat' dir='ltr'><strong>maxime</strong></span> <span class='ocrx_word' id='word_1_855' title='bbox 2592 5197 2651 5252; x_wconf 88' lang='lat' dir='ltr'><strong>bi</strong></span> <span class='ocrx_word' id='word_1_856' title='bbox 2683 5196 2781 5269; x_wconf 91' lang='lat' dir='ltr'><strong>qui</strong></span> <span class='ocrx_word' id='word_1_857' title='bbox 2814 5198 2968 5268; x_wconf 88' lang='lat' dir='ltr'><strong>apud</strong></span> <span class='ocrx_word' id='word_1_858' title='bbox 3000 5197 3269 5254; x_wconf 69' lang='lat' dir='ltr'><strong>Hebraeos</strong></span> <span class='ocrx_word' id='word_1_859' title='bbox 3301 5215 3471 5255; x_wconf 88' lang='lat' dir='ltr'><strong>versu</strong></span> <span class='ocrx_word' id='word_1_860' title='bbox 3504 5216 3745 5273; x_wconf 79' lang='lat' dir='ltr'><strong>compo-</strong></span> 
     </span>
    </p>
   </div>
   <div class='ocr_carea' id='block_1_110' title="bbox 2095 5285 3741 5361">
    <p class='ocr_par' dir='ltr' id='par_1_110' title="bbox 2095 5285 3741 5361">
     <span class='ocr_line' id='line_1_110' title="bbox 2095 5285 3741 5361; baseline 0.002 -18"><span class='ocrx_word' id='word_1_861' title='bbox 2095 5287 2194 5343; x_wconf 88' lang='lat' dir='ltr'><strong>siti</strong></span> <span class='ocrx_word' id='word_1_862' title='bbox 2225 5292 2385 5354; x_wconf 85' lang='lat' dir='ltr'><strong>sunt,</strong></span> <span class='ocrx_word' id='word_1_863' title='bbox 2416 5290 2533 5341; x_wconf 89' lang='lat' dir='ltr'><strong>tres</strong></span> <span class='ocrx_word' id='word_1_864' title='bbox 2562 5285 2707 5341; x_wconf 90' lang='lat' dir='ltr'><strong>alias</strong></span> <span class='ocrx_word' id='word_1_865' title='bbox 2737 5286 3026 5342; x_wconf 91' lang='lat' dir='ltr'><strong>editiones</strong></span> <span class='ocrx_word' id='word_1_866' title='bbox 3055 5287 3284 5343; x_wconf 90' lang='lat' dir='ltr'><strong>additas</strong></span> <span class='ocrx_word' id='word_1_867' title='bbox 3317 5287 3534 5344; x_wconf 88' lang='lat' dir='ltr'><strong>habent</strong></span> <span class='ocrx_word' id='word_1_868' title='bbox 3563 5306 3741 5361; x_wconf 89' lang='lat' dir='ltr'><strong>quam</strong></span> 
     </span>
    </p>
   </div>
   <div class='ocr_carea' id='block_1_111' title="bbox 2092 5375 3741 5448">
    <p class='ocr_par' dir='ltr' id='par_1_111' title="bbox 2092 5375 3741 5448">
     <span class='ocr_line' id='line_1_111' title="bbox 2092 5375 3741 5448; baseline 0.002 -17"><span class='ocrx_word' id='word_1_869' title='bbox 2092 5376 2386 5448; x_wconf 89' lang='lat' dir='ltr'><strong>quintam,</strong></span> <span class='ocrx_word' id='word_1_870' title='bbox 2428 5379 2485 5430; x_wconf 87' lang='lat' dir='ltr'><strong>et</strong></span> <span class='ocrx_word' id='word_1_871' title='bbox 2534 5378 2777 5441; x_wconf 85' lang='lat' dir='ltr'><strong>sextam,</strong></span> <span class='ocrx_word' id='word_1_872' title='bbox 2829 5378 2887 5431; x_wconf 88' lang='lat' dir='ltr'><strong>et</strong></span> <span class='ocrx_word' id='word_1_873' title='bbox 2933 5375 3241 5447; x_wconf 89' lang='lat' dir='ltr'><strong>septimam</strong></span> <span class='ocrx_word' id='word_1_874' title='bbox 3293 5377 3741 5435; x_wconf 90' lang='lat' dir='ltr'><strong>translationem</strong></span> 
     </span>
    </p>
   </div>
   <div class='ocr_carea' id='block_1_112' title="bbox 2091 5464 3735 5542">
    <p class='ocr_par' dir='ltr' id='par_1_112' title="bbox 2091 5464 3735 5542">
     <span class='ocr_line' id='line_1_112' title="bbox 2091 5464 3735 5542; baseline 0.002 -20"><span class='ocrx_word' id='word_1_875' title='bbox 2091 5468 2297 5522; x_wconf 85' lang='lat' dir='ltr'><strong>vocant</strong></span> <span class='ocrx_word' id='word_1_876' title='bbox 2327 5483 2341 5521; x_wconf 85' lang='lat'>:</span> <span class='ocrx_word' id='word_1_877' title='bbox 2377 5464 2785 5521; x_wconf 87' lang='lat' dir='ltr'><strong>auctoritatem</strong></span> <span class='ocrx_word' id='word_1_878' title='bbox 2821 5464 2947 5521; x_wconf 89' lang='lat' dir='ltr'><strong>sine</strong></span> <span class='ocrx_word' id='word_1_879' title='bbox 2979 5465 3318 5523; x_wconf 90' lang='lat' dir='ltr'><strong>nominibus</strong></span> <span class='ocrx_word' id='word_1_880' title='bbox 3348 5467 3735 5542; x_wconf 89' lang='lat' dir='ltr'><strong>interpretum</strong></span> 
     </span>
    </p>
   </div>
   <div class='ocr_carea' id='block_1_113' title="bbox 2161 5643 3457 5717">
    <p class='ocr_par' dir='ltr' id='par_1_113' title="bbox 2161 5643 3457 5717">
     <span class='ocr_line' id='line_1_113' title="bbox 2161 5643 3457 5717; baseline 0.001 -15"><span class='ocrx_word' id='word_1_881' title='bbox 2161 5646 2185 5681; x_wconf 83' lang='grc'>²</span> <span class='ocrx_word' id='word_1_882' title='bbox 2215 5645 2365 5702; x_wconf 88' lang='lat' dir='ltr'><strong>Olim</strong></span> <span class='ocrx_word' id='word_1_883' title='bbox 2396 5645 2710 5717; x_wconf 79' lang='lat' dir='ltr'><strong>viviﬁcavit,</strong></span> <span class='ocrx_word' id='word_1_884' title='bbox 2745 5643 3283 5705; x_wconf 87' lang='lat' dir='ltr'><strong>contradicentibus</strong></span> <span class='ocrx_word' id='word_1_885' title='bbox 3313 5662 3457 5704; x_wconf 86' lang='lat' dir='ltr'><strong>mss.</strong></span> 
     </span>
    </p>
   </div>
  </div>
