4066 6190
367 295 480 359 631
1619 299 1683 358 8.
1730 297 2044 362 EUSEBII

2156 298 2534 394 lERONYMl
3609 307 3720 376 voss

369 435 734 492 consecutae.
779 430 910 486 Haec
957 429 1328 487 immortale1
1377 429 1520 486 illud
1567 429 1869 503 ingenium
1912 447 2019 486 suo
2049 431 2105 498 Α
2136 431 2488 502 dicentibus,
2535 451 2640 490 nec
2689 434 3066 493 audientibus
3115 441 3370 509 prosunt.
3409 439 3544 505 Quid
3592 445 3723 502 enim

374 521 548 581 nobis
596 520 793 577 labore
823 520 1079 587 donavit,
1114 525 1178 575 ut
1219 537 1334 576 non
1369 537 1721 593 magnopere
1753 521 2026 592 pertime-
2136 519 2280 574 mihi
2310 522 2546 592 prodest
2575 523 2723 578 scire
2745 528 2887 595 quot
2916 541 3103 580 annos
3134 523 3338 582 vixerit
3361 527 3725 598 Mathusalem,

371 628 610 669 scamus
655 609 1037 682 supercilium
1085 609 1444 676 Judaeorum,
1488 609 1698 666 solutis
1747 609 1937 677 labiis,
1970 614 2027 664 et
2136 614 2310 678 quoto
2339 611 2526 666 astatis
2557 628 2676 667 suas
2708 629 2862 667 anno
2893 612 3165 669 Salomon
3195 613 3433 671 sortitus
3459 616 3530 672 sit
3554 621 3728 690 conju-

375 701 604 757 obtorta
650 699 874 772 lingua,
915 704 972 753 et
1019 699 1305 754 stridente
1347 699 1546 764 saliva,
1579 704 1637 754 et
1683 717 1815 754 rasa
1861 700 2028 754 fauce
2135 713 2287 770 gem,
2325 715 2395 755 ne
2433 699 2676 756 forsitan
2727 701 2986 757 Roboam
3033 702 3339 758 undecimo
3385 704 3555 761 aetatis
3597 706 3731 765 illius

379 788 783 864 gaudentium.
811 791 910 842 Est
938 791 996 842 et
1023 786 1140 843 illis
1162 786 1275 842 alia
1303 788 1530 843 occasio
1557 789 1864 860 superbiae,
1888 805 2028 859 quo-
2139 803 2292 842 anno
2315 793 2491 844 natus
2509 806 2636 845 esse
2653 791 2963 846 credatur?
2983 795 3039 847 et
3059 790 3246 846 multa
3265 791 3432 848 istius
3452 793 3732 868 modi,quis

381 877 540 933 niam
574 877 724 932 sicut
746 893 852 931 nos
885 875 983 948 qui
1017 876 1200 930 Latini
1224 893 1454 946 sumus,
1486 877 1690 932 Latina
1712 877 1952 932 nomina
1971 882 2030 931 et

381 965 636 1037 origines
668 965 738 1020 de
770 964 977 1035 lingua
1007 969 1206 1019 nostra
1235 964 1509 1020 habentia
1539 967 1657 1036 [Αἰ.
1691 965 2026 1036 trahentia],

380 1054 613 1110 facilius
647 1053 940 1109 memoriae
973 1053 1261 1109 tradimus
1295 1071 1306 1108 :
1345 1054 1424 1108 ita
1464 1054 1543 1108 illi
1576 1072 1610 1110 a
1641 1072 1818 1126 parva
1845 1059 2026 1121 aetate,

376 1141 688 1199 vernacula
768 1142 860 1197 sui
926 1141 1215 1197 sermonis
1281 1143 1561 1198 vocabula
1645 1143 2031 1214 penitissimis

381 1232 489 1303 [Αι.
525 1230 922 1304 peritissimis]
964 1230 1236 1286 sensibus
1276 1231 1636 1286 imbiberunt
1669 1234 1769 1298 [Αἰ.
1804 1233 2028 1287 imbue-

381 1321 541 1391 runt]
573 1325 630 1376 et
659 1321 731 1375 ab
764 1320 996 1375 exordio
1027 1321 1213 1375 Adam
1258 1337 1442 1391 usque
1474 1321 1545 1374 ad
1578 1326 1905 1376 extremum
1936 1322 2034 1376 Zo-

381 1409 640 1480 robabel,
674 1409 940 1465 omnium
971 1409 1375 1481 generationes
1407 1409 1487 1463 ita
1517 1411 1858 1465 memoriter
1885 1409 2035 1466 velo-

383 1499 644 1569 citerque
674 1502 1042 1570 percurrunt,
1070 1502 1134 1553 ut
1155 1514 1253 1554 eos
1281 1515 1477 1567 suum,
1505 1503 1674 1570 putes
1706 1500 1918 1555 referre
1939 1517 2036 1555 no-

390 1603 546 1643 men.
579 1588 697 1643 Hoc
730 1604 834 1642 nos
866 1587 966 1658 qui
997 1591 1098 1642 aut
1140 1587 1284 1642 alias
1317 1587 1539 1643 litteras
1568 1587 1902 1656 didicimus,
1936 1593 2037 1643 aut

390 1680 547 1732 certe
579 1691 707 1731 sero
751 1675 1107 1730 credidimus
1153 1675 1210 1730 in
1260 1674 1579 1744 Christum,
1613 1682 1714 1732 aut
1759 1679 1937 1733 etiam
1987 1679 2037 1734 si

391 1765 647 1822 infantes
677 1781 884 1819 sumus
909 1763 1173 1819 Ecclesiae
1206 1765 1543 1835 mancipati,
1571 1767 1758 1838 magis
1785 1767 2040 1839 Scriptu-

394 1870 593 1909 rarum
626 1870 866 1909 sensum
898 1870 1074 1924 quam
1103 1854 1277 1908 verba
1308 1858 1638 1910 sectamur:
1665 1857 1714 1910 si
1750 1856 1893 1912 forte
1925 1873 2041 1911 non

393 1942 476 1999 ita
507 1943 616 2012 [ΑΙ.
649 1946 787 1997 tacet
815 1942 918 2014 ita]
951 1942 1242 2008 novimus,
1277 1947 1486 2014 putant
1515 1961 1576 1999 se
1605 1944 1664 1998 in
1705 1945 2043 2001 nominibus

396 2031 736 2099 referendis,
771 2035 827 2086 et
855 2031 914 2086 in
959 2033 1374 2103 supputatione
1423 2050 1735 2102 annorum,
1767 2039 1823 2090 et
1853 2035 1910 2090 in
1943 2051 2042 2090 ne-

395 2121 632 2194 potibus
690 2125 746 2176 et
795 2121 1206 2192 abnepotibus,
1239 2121 1382 2187 avis,
1426 2122 1676 2191 proavis,
1727 2128 1784 2178 et
1839 2122 2045 2191 atavis,

397 2210 709 2268 doctiores.
731 2207 939 2265 Audivi
970 2225 1074 2280 ego
1103 2209 1417 2280 quemdam
1452 2211 1523 2265 de
1556 2211 1829 2282 Hebreis,
1853 2212 1953 2282 qui
1986 2227 2047 2267 se

400 2301 596 2358 Romae
627 2298 687 2354 in
707 2298 1002 2354 Christum
1031 2297 1350 2353 credidisse
1380 2297 1718 2366 simulabat,
1745 2301 1815 2356 de
1843 2317 2050 2372 genea-

396 2389 570 2462 logiis
627 2386 859 2443 Domini
919 2387 1103 2441 nostri
1159 2387 1301 2442 Jesu
1359 2387 1593 2455 Christi,
1650 2406 1776 2460 quae
1833 2389 2051 2461 scripta

405 2482 548 2535 sunt
593 2476 653 2532 in
703 2475 972 2531 Matthaao
1022 2476 1162 2548 (cap.
1197 2493 1235 2543 ι,
1279 2477 1436 2547 2-17)
1481 2482 1539 2532 et
1585 2477 1740 2532 Luca
1788 2479 1932 2551 (cap.
1965 2495 2048 2549 ιιι,

402 2567 618 2635 22-38),
669 2565 855 2621 facere
904 2565 1314 2636 quaestionem;
1365 2566 1518 2636 quod
1571 2566 1839 2622 videlicet
1876 2585 1910 2622 a
1946 2569 2050 2623 Sa-

404 2655 640 2712 Iomone
687 2670 875 2725 usque
923 2655 994 2709 ad
1044 2654 1281 2725 Joseph,
1333 2672 1436 2709 nec
1486 2672 1730 2711 numero
1777 2656 1911 2724 sibi,
1945 2673 2050 2713 nec

399 2743 820 2802 vocabulorum
883 2741 1212 2815 aequalitate
1273 2742 1639 2798 consentiant
1690 2761 1702 2798 :
1757 2745 1854 2816 qui
1915 2763 2049 2802 cum

401 2835 577 2892 corda
623 2831 983 2905 simplicium
1024 2832 1399 2904 pervertisset
1429 2833 1595 2904 quasi
1645 2850 1713 2888 ex
1759 2834 1952 2906 adytis
1995 2840 2052 2891 et

399 2922 636 2980 oraculo
666 2921 965 2976 deferebat
996 2920 1304 2992 quasdam,
1335 2925 1400 2976 ut
1442 2921 1553 2976 sibi
1598 2922 1922 2989 videbatur,
1955 2941 2046 2980 so-

396 3012 672 3079 lutiones,
705 3026 838 3065 cum
883 3009 1072 3081 magis
1103 3008 1374 3064 debuerit
1402 3009 1700 3079 justitiam
1731 3017 1790 3066 et
1820 3011 2048 3068 miseri-

395 3101 677 3167 cordiam,
711 3104 768 3154 et
798 3097 1170 3154 dilectionem
1216 3097 1313 3152 Dei
1347 3114 1605 3168 quznrere
1637 3099 1846 3167 (Matth.
1882 3119 2043 3172 XXIII,

2144 880 2245 931 aut
2275 876 2512 932 difﬁcile
2542 883 2630 934 est
2661 878 2917 935 invenire
2963 883 3199 952 propter
3227 879 3501 936 librorum
3526 883 3734 940 varieta-

2141 968 2283 1028 tem,
2317 971 2374 1021 et
2399 965 2564 1036 (dum
2599 966 2882 1038 paulatim
2904 966 3383 1024 deinemendatis
3411 970 3738 1028 inemendato

2140 1054 2499 1127 scribuntur)
2531 1072 2756 1111 errores
2787 1056 3058 1113 inclitos:
3088 1062 3188 1112 aut
3215 1057 3387 1114 etiam
3420 1057 3467 1114 si
3495 1058 3740 1118 invenire-

2142 1160 2274 1199 mus
2325 1160 2538 1216 magno
2572 1144 2764 1200 studio
2814 1151 2871 1200 et
2915 1145 3130 1217 labore,
3161 1145 3310 1202 nihil
3341 1147 3624 1217 profutura
3663 1166 3740 1206 oo-

2140 1231 2472 1303 gnovimus.
2501 1234 2854 1304 Frequenter
2879 1235 3090 1290 accidit
3114 1240 3179 1290 ut
3206 1235 3520 1292 habeamus
3549 1252 3745 1309 pugnas

2141 1319 2310 1392 legis,
2339 1337 2453 1375 non
2484 1321 2556 1376 ob
2589 1321 2944 1378 desiderium
2975 1322 3269 1391 veritatis;
3313 1324 3413 1380 sed
3445 1325 3514 1380 ob
3551 1325 3745 1394 jactan-

2140 1407 2282 1463 tiam
2317 1408 2532 1480 gloriae,
2567 1411 2709 1465 dum
2742 1412 2896 1482 apud
2929 1427 3028 1467 eos
3057 1413 3158 1483 qui
3204 1411 3468 1481 audiunt,
3499 1412 3638 1469 docti
3664 1429 3747 1469 vo-

2143 1496 2343 1552 lumus
2372 1497 2648 1554 aestimari
2671 1523 2684 1555 :
2711 1505 2812 1554 aut
2841 1504 2994 1556 certe
3017 1518 3086 1556 ex
3108 1500 3219 1556 hoc
3241 1500 3571 1557 rumusculo
3591 1501 3750 1573 turpia

2144 1590 2439 1640 sectamur
2486 1587 2647 1643 lucra
2683 1605 2695 1643 :
2730 1588 2875 1651 Quid
2903 1589 3060 1644 enim
3091 1589 3332 1661 prodest
3377 1590 3749 1661 spumantibus

2142 1671 2336 1740 labiis,
2369 1678 2427 1729 et
2472 1673 2686 1730 latratu
2717 1676 2941 1747 garrire
2983 1693 3200 1733 canum
3235 1695 3249 1734 :
3283 1694 3418 1734 cum
3449 1677 3675 1749 simplex
3709 1684 3756 1733 et

2148 1764 2447 1818 moderata
2467 1764 2767 1835 responsio
2793 1769 2894 1820 aut
2919 1765 3104 1838 possit
3126 1770 3181 1821 te
3205 1767 3433 1838 placare
3453 1766 3500 1822 si
3526 1781 3648 1822 vera
3665 1771 3755 1830 est,

2152 1855 2254 1908 aut
2282 1851 2333 1906 si
2363 1851 2527 1917 falsa,
2559 1852 2769 1908 leniter
2793 1859 2849 1909 et
2878 1854 3285 1926 placabiliter’
3313 1855 3598 1911 emendari
3621 1858 3642 1910 ἓ

2224 1939 2412 2011 (Vers.
2444 1942 2530 2007 10,
2557 1941 2668 2013 11.)
2696 1964 2717 1991 (ι
2747 1941 3097 1999 Haereticum
3129 1943 3428 2000 hominem
3460 1948 3584 2016 post
3608 1958 3757 1998 unam

2153 2032 2211 2083 et
2241 2027 2483 2084 alteram
2515 2030 2937 2102 correptionem
2983 2021 3175 2087 devita
3211 2050 3223 2088 :
3260 2033 3451 2089 sciens
3479 2032 3623 2105 quod
3651 2033 3762 2088 sub-

2153 2133 2355 2172 versus
2376 2122 2465 2173 est
2485 2119 2798 2190 ejusmodi,
2814 2124 2871 2178 et
2891 2119 3182 2192 delinquit
3205 2121 3307 2193 qui
3330 2126 3417 2177 est
3438 2138 3471 2176 a
3487 2120 3761 2192 semetipso

2157 2204 2546 2261 damnatus.»
2581 2207 2802 2263 Nomen
2854 2207 3161 2274 haereseos,
3216 2213 3274 2265 et
3321 2209 3381 2265 in
3427 2208 3666 2282 Epistola
3704 2209 3761 2264 ad

2157 2293 2491 2350 Corinthios
2523 2297 2758 2368 ponitur
2795 2313 2806 2352 :
2843 2297 3058 2368 Oportet
3085 2299 3238 2354 enim
3269 2310 3320 2354 et
3349 2300 3570 2356 hereses
3605 2299 3660 2353 in
3685 2312 3762 2352 no-

2161 2383 2242 2438 bis
2270 2399 2403 2452 esse,
2437 2387 2496 2438 ut
2520 2385 2747 2456 probati
2785 2387 2986 2457 quique
3024 2388 3311 2458 manifesti
3337 2388 3473 2458 ﬁant
3499 2388 3544 2458 (I
3571 2388 3676 2444 Cor.
3702 2402 3765 2456 ιι,

2163 2472 2275 2540 19.)
2306 2472 2374 2527 Et
2403 2473 2473 2527 ad
2506 2472 2741 2529 Galatas
2787 2473 2941 2530 inter
2989 2474 3184 2530 carnis
3219 2492 3398 2548 opera
3425 2479 3766 2532 numeratur:

2159 2559 2449 2631 Manifesta
2476 2570 2656 2618 autem
2684 2565 2812 2617 sunt
2860 2579 3029 2633 opera
3058 2565 3251 2620 carnis
3280 2583 3299 2618 :
3325 2580 3449 2637 quae
3474 2572 3597 2620 sunt
3619 2563 3768 2635 forni-

2157 2650 2320 2720 catio,
2377 2650 2758 2716 immunditia,
2819 2653 3069 2720 luxuria,
3129 2653 3482 2719 idolotatria,
3527 2653 3768 2722 veneﬁcia,

2161 2738 2500 2807 inimicitiae,
2559 2741 2952 2807 contentiones,
3005 2741 3414 2810 mmulationes,
3473 2742 3591 2810 irae,
3633 2742 3768 2809 rixae,

2158 2826 2548 2897 dissensiones,
2581 2827 2827 2893 hereses,
2862 2828 3116 2898 invidiae,
3152 2831 3460 2897 ebrietates,
3486 2843 3769 2887 commessa-

2157 2917 2349 2984 tiones,
2380 2924 2432 2972 et
2460 2925 2660 2973 artem
2686 2918 2774 2973 his
2802 2919 3036 2990 similia,
3069 2933 3198 2990 quae
3222 2921 3464 2991 prasdico
3492 2921 3631 2977 vobis
3655 2919 3771 2973 sicut

2163 3006 2307 3060 737
2341 3005 2587 3077 praedixi
2615 3023 2634 3060 .·
2665 3008 2933 3078 quoniam
2963 3009 3060 3078 qui
3085 3009 3211 3066 haec
3238 3018 3428 3081 agunt,
3461 3023 3670 3078 regnum
3691 3005 3773 3062 Dei

2156 3111 2263 3150 non
2307 3094 2654 3166 possidebunt
2693 3095 2889 3166 (Galat.
2922 3113 2976 3162 v,
3035 3096 3251 3168 19-21).
3302 3099 3366 3153 In
3415 3096 3621 3169 quibus
3662 3092 3774 3150 dili-

391 3190 506 3262 23),
536 3193 595 3244 et
623 3193 757 3261 post
785 3186 904 3254 illa,
939 3187 986 3242 si
1037 3187 1183 3242 forte
1213 3185 1580 3254 occurrisset,
1607 3189 1674 3244 de
1708 3168 2045 3247 nominibus
2076 3168 2119 3236 θ
2160 3187 2363 3256 genter
2415 3188 2504 3239 est
2552 3182 3002 3253 Observandum,
3045 3185 3199 3256 quod
3261 3168 3547 3258 quomodo
3603 3187 3775 3240 οωιθη

394 3282 454 3334 et
483 3277 746 3333 numeris
771 3275 1094 3348 disputare.
1121 3275 1275 3330 Satis
1298 3275 1541 3330 forsitan
1575 3277 1644 3331 de
1676 3277 2048 3335 Hebraeorum

395 3365 709 3439 supercilio
741 3369 797 3420 et
825 3364 1143 3437 plusquam
1195 3380 1431 3419 necesse
1475 3363 1647 3418 fuerit
1677 3365 1997 3423 dixerimus
2035 3385 2048 3423 :

397 3457 497 3512 sed
531 3454 759 3511 occasio
792 3453 963 3508 nobis
989 3453 1124 3506 data
1154 3457 1264 3517 est,
1298 3452 1370 3506 de
1400 3451 1756 3524 genealogiis
1806 3458 1862 3508 et
1911 3472 2045 3510 con-

395 3542 655 3599 tentione
685 3545 742 3596 et
770 3541 933 3606 rixis,
959 3557 1086 3612 quae
1135 3555 1203 3594 ex
1252 3538 1378 3611 lege
1407 3539 1667 3606 veniunt,
1702 3541 2048 3599 disserendi.

397 3629 717 3698 Dialectici,
752 3645 1004 3700 quorum
1033 3627 1372 3684 Aristoteles
1416 3631 1687 3700 princeps
1719 3636 1827 3699 est,
1862 3631 2052 3688 solent

398 3717 973 3792 argumentationum
1000 3717 1145 3772 retia
1171 3718 1496 3786 tendere,et
1516 3734 1722 3789 vagam
1748 3719 2048 3777 rhetorica:

397 3807 726 3864 libertatem
763 3807 913 3862 736
947 3805 1005 3860 in
1046 3798 1521 3876 syllogismorum
1552 3807 1781 3878 spineta
1814 3810 2047 3866 conclu-

397 3896 552 3953 dere.
590 3895 658 3951 Hi
688 3911 825 3967 ergo
857 3895 958 3967 qui
994 3893 1052 3948 in
1075 3909 1140 3948 eo
1174 3898 1326 3948 totos
1360 3894 1484 3948 dies
1515 3899 1573 3949 et
1599 3901 1798 3952 noctes
1834 3903 2047 3968 lerunt,

397 3990 464 4041 ut
493 3984 583 4041 vel
615 3985 995 4056 interrogent,
1032 3981 1119 4037 vel
1170 3983 1581 4053 respondeant,
1607 3984 1693 4039 vel
1733 3985 1870 4041 dent
1917 4005 2048 4060 pro-

396 4073 770 4146 positionem,
804 4072 892 4128 vel
942 4070 1252 4142 accipiant,
1299 4077 1628 4139 assumant,
1681 4073 2048 4148 confirment,

399 4167 575 4235 atque
629 4160 1002 4228 concludant,
1045 4160 1330 4231 quosdam
1380 4160 1772 4218 contentiosos
1821 4171 2048 4232 vocant,

393 4251 519 4322 qui,
552 4255 616 4306 ut
646 4250 809 4320 libet,
843 4267 959 4305 non
1010 4248 1252 4315 ratione,
1285 4252 1387 4303 sed
1420 4251 1723 4306 stomacho
1752 4253 2053 4324 disputent

403 4338 784 4411 litigantium.
818 4338 875 4393 Si
901 4337 1079 4410 igitur
1109 4337 1193 4391 illi
1226 4337 1334 4392 hoc
1368 4337 1606 4408 faciunt,
1641 4356 1893 4410 quorum
1926 4360 2052 4415 pro-

397 4427 524 4500 prie
554 4444 649 4482 ars
681 4427 973 4482 contentio
1003 4429 1111 4495 est,
1145 4426 1285 4498 quid
1335 4426 1506 4481 debet
1537 4427 1723 4483 facere
1770 4429 2050 4488 Christia-

2161 3271 2320 3339 vitia,
2352 3288 2480 3342 quas
2524 3271 2675 3327 inter
2721 3272 2914 3329 carnis
2943 3290 3120 3346 opera
3165 3280 3477 3332 numerata
3521 3277 3667 3339 sunt,
3695 3287 3776 3328 ex-

2162 3359 2410 3416 cludunt
2466 3377 2572 3417 nos
2628 3362 2737 3432 (At.
2770 3361 3185 3432 excluduntur]
3241 3381 3276 3420 a
3322 3379 3498 3436 regno
3552 3360 3644 3418 Dei
3673 3377 3684 3415 :
3713 3358 3780 3413 ita

2161 3449 2337 3504 etiam
2370 3449 2538 3505 nobis
2568 3449 2818 3506 haereses
2860 3451 3128 3506 auferant
3167 3468 3420 3525 regnum
3449 3451 3573 3519 Dei;
3603 3455 3656 3505 et
3681 3461 3776 3503 non

2159 3536 2401 3594 interest
2430 3539 2722 3609 quomodo
2771 3539 2926 3610 quis,
2959 3539 3104 3594 dum
3145 3543 3381 3598 tantum
3415 3539 3778 3597 excludatura

2160 3642 2358 3698 regno.
2393 3627 2556 3692 Quod
2589 3630 2785 3682 autem
2829 3628 3016 3700 magis
3061 3628 3286 3685 mirum
3336 3631 3415 3686 sit
3463 3627 3628 3684 etiam
3657 3622 3776 3680 illud

2159 3717 2230 3770 de
2258 3714 2501 3770 Actibus
2545 3715 2943 3787 apostolorum
2976 3716 3209 3773 videtur
3256 3734 3385 3776 esse
3415 3715 3776 3790 relegandum,

2160 3804 2335 3860 fidem
2386 3810 2645 3860 nostram
2678 3803 2739 3860 in
2771 3805 3089 3877 Christum,
3121 3811 3181 3862 et
3230 3805 3683 3864 Ecclesiasticam
3708 3798 3780 3854 di-

2160 3893 2640 3966 sciplinam,jam
2681 3899 2821 3949 tunc
2852 3912 2886 3950 a
2918 3895 3208 3967 perversis
3251 3895 3588 3952 hominibus
3627 3892 3778 3947 here-

2161 3983 2273 4038 sim
2334 3988 2754 4055 nuncupatam.
2795 3986 2905 4039 Nos
2954 3984 3126 4054 enim,
3158 3983 3442 4057 inquiunt
3495 3980 3670 4040 Judai
3717 3975 3776 4032 ad

2160 4071 2488 4143 apostolum
2537 4071 2806 4137 Paulum,
2838 4087 2936 4127 nec
2974 4071 3191 4128 litteras
3241 4091 3276 4128 a
3328 4081 3379 4129 te
3424 4063 3782 4143 accepimusdl

2158 4161 2354 4218 Judeea
2375 4161 2482 4232 (A1.
2505 4160 2570 4216 de
2592 4169 2648 4216 te.
2673 4201 2709 4216 ..
2741 4178 2779 4216 a
2807 4160 3041 4231 Iudaea),
3072 4177 3171 4218 nee
3201 4162 3430 4218 veniens
3457 4161 3574 4233 quis
3600 4159 3664 4214 de
3686 4157 3781 4226 fra-

2165 4250 2340 4305 tribus
2370 4250 2734 4304 annuntiavit
2781 4249 2954 4317 nobis,
2997 4253 3093 4305 aut
3142 4250 3360 4307 locutus
3397 4253 3477 4306 est
3519 4246 3709 4320 aliquis
3729 4241 3783 4298 de

2162 4348 2212 4394 te
2242 4341 2300 4392 in
2329 4339 2559 4393 malum.
2593 4339 2835 4393 Petimus
2879 4342 3084 4408 autem,
3115 4346 3176 4394 ut
3204 4339 3499 4395 audiamus
3523 4355 3556 4392 a
3583 4341 3633 4424 ις
3674 4327 3783 4406 φιίά

2159 4430 2366 4484 sentias
2398 4446 2416 4483 :
2447 4427 2512 4483 de
2557 4426 2759 4484 hazresi
2798 4429 2949 4482 enim
2980 4427 3084 4483 ista
3114 4436 3308 4484 notum
3357 4431 3434 4484 est
3477 4421 3646 4492 nobis,
3673 4421 3783 4493 quia

392 4535 508 4574 nus
544 4516 659 4573 nisi
693 4516 932 4572 omnino
984 4515 1184 4588 fugere
1212 4514 1682 4571 contentionem?
1730 4518 1881 4573 Rixae
1912 4537 2052 4591 quo-
2083 4531 2130 4596 D
2162 4520 2364 4589 ubique
2405 4519 2459 4573 ei
2494 4515 2894 4571 contradicitur
2921 4517 3063 4588 (Act.
3113 4534 3278 4584 χχιιι,
3327 4517 3534 4585 21-22).
3565 4515 3632 4569 Et
3670 4509 3781 4565 licet

399 4623 514 4678 que
542 4604 760 4678 legales
793 4605 1030 4678 penitus
1076 4604 1414 4675 respuendae
1447 4609 1610 4676 sunt,
1631 4610 1687 4661 et
1715 4606 2051 4665 Judaeorum

402 4694 664 4752 stultitiae
699 4694 1117 4766 relinquendae.
1150 4693 1300 4748 Sunt
1331 4693 1488 4748 enim
1524 4693 1759 4750 inutiles
1790 4700 1846 4750 et
1874 4713 2053 4768 vanae,

402 4800 532 4856 quae
559 4789 790 4841 tantum
815 4783 1072 4856 speciem
1097 4781 1350 4838 scientia:
1373 4781 1591 4837 habent
1617 4800 1628 4838 :
1654 4788 1924 4841 caeterum
1952 4805 2056 4844 nec

2167 4624 2381 4663 nomen
2429 4606 2707 4662 haereseos
2756 4604 2939 4660 Mileti
2972 4622 3087 4660 non
3138 4605 3390 4677 dicatur,
3424 4623 3459 4661 a
3502 4600 3671 4659 Paulo
3711 4603 3779 4653 ta-

2166 4713 2299 4752 men
2340 4711 2515 4768 opera
2564 4693 2966 4760 nominantur,
3001 4693 3280 4770 loquente
3328 4695 3401 4752 ad
3448 4691 3780 4766 presbyteros

2166 4785 2430 4843 Ecclesia:
2477 4799 2489 4838 :
2535 4784 2643 4851 Ego
2697 4784 2807 4838 scio
2857 4784 3118 4853 quoniam
3164 4785 3381 4840 venient
3426 4786 3551 4854 post
3601 4777 3780 4834 absces-

463 4882 756 4961 ‘Praestat
805 4882 999 4961 ipsum
1054 4879 1443 4953 Hexaplorum
1495 4881 1812 4952 specimen,
1843 4900 1911 4940 ex
1955 4887 2219 4961 margine
2267 4881 2484 4940 codicis
2535 4879 2833 4937 Barberini
2863 4881 2935 4937 ad
2967 4880 3112 4936 Osee
3140 4883 3305 4952 x1,1,
3333 4880 3428 4937 hic
3476 4880 3532 4935 in
3580 4869 3781 4932 lectori!

390 4953 642 5024 gratiam
674 4955 982 5010 ascribere.

565 5041 736 5096 Hebr.
928 5042 1115 5098 Iidem
1147 5043 1327 5098 Graec.
1377 5041 1485 5095 litt.

385 5090 750 5176 Limn—viiii
791 5123 844 5171 ηε
928 5090 938 5186 Ι
959 5090 1209 5186 Edwin}
1230 5090 1267 5096 ”
1283 5090 1489 5186 ιᾷρᾶἦλ

387 5191 640 5243 ΒἽἾΪὈὩ
698 5179 1228 5254 ἽΠΞΠΝἾΙουεαϐηὸυ
1277 5179 1488 5254 peppe-

560 5270 573 5312 ζ
603 5265 694 5315 ’ΣΞ
731 5255 1130 5339 ἽΠΝἾΡΙσραιμ
1171 5256 1363 5327 adpete:
1399 5255 1489 5328 βα-

959 5347 1026 5378 νι.

1731 5045 1880 5115 Aqu.

928 5045 940 5466 ἱ

1511 5054 1524 5469 Ι

1543 5398 1655 5451 υἱόν
1693 5420 1814 5470 μου.

1543 5114 1661 5189 ’Ὁτι
1689 5114 1820 5189 suis
1855 5115 2070 5189 Ἰσραὴλ

1542 5184 1630 5258 xui.
1674 5184 1937 5258 ἠγάπησά
1976 5188 2068 5241 αὐ-

1539 5256 1630 5309 τὸν
1662 5256 1753 5333 κᾳῖ
1774 5258 1877 5333 ἀπὸ
1909 5265 1947 5312 Α
1958 5258 2070 5333 i713-

1540 5348 1676 5380 πτου
1711 5327 1938 5383 ἐκάλεσα
1979 5327 2068 5384 ’ἑὸν

2123 5119 2238 5202 "sz
2271 5108 2396 5204 ξταῗς
2430 5115 2536 5204 ’lap
2547 5108 2649 5180 αὴλ

2120 5188 2209 5259 καὶ
2259 5187 2651 5259 ἠγᾳπημένος,

2121 5257 2171 5328 ἐξ
2228 5255 2508 5331 Αἰγύπτου
2565 5255 2653 5309 κὲ-

2118 5328 2321 5400 κΛηταί
2353 5328 2468 5389 υἱός
2527 5348 2649 5400 μου.

2091 5058 2103 5472 Ι

2696 5113 2813 5164 ’Ότι
2874 5111 3072 5179 νήπιος
3139 5110 3230 5163 Ἰςρ

2697 5180 2836 5255 ραὴλ
2856 5182 2944 5255 καὶ
2963 5181 3071 5255 ἐγὼ
3093 5182 3227 5255 vivit

2695 5251 2770 5322 in,
2779 5273 2842 5307 σα
2872 5251 3156 5318 αὐκόλιμαῖ
3176 5253 3226 5322 ἐξ

2697 5321 2974 5399 Αἰγύπτου
3023 5321 3224 5394 κέκλη-ἓ

2692 5395 2790 5450 τειιι⁷
2809 5395 2924 5458 υἱός
2961 5415 3085 5468 μου.

3407 5037 3672 5096 Theodot.

3279 5113 3394 5163 ’Ὁτι
3458 5110 3642 5179 νήπιος
3675 5105 3774 5179 ΔἹπ-

3280 5180 3420 5252 ραὴλ
3453 5175 3539 5234 xii
3580 5175 3780 5252 ᾗχᾴπψ

3278 5242 3344 5306 ὸα
3373 5242 3547 5319 ἀύτὸν,
3575 5242 3775 5319 institerat

3275 5323 3387 5377 υἱόν
3420 5343 3520 5394 μου
3534 5310 3594 5388 ’ἐξ
3629 5310 3776 5387 Αἷγῦ·

3274 5415 3430 5449 πτου.

2314 5046 2472 5116 SynL

2665 5038 2676 5464 Ι

3242 5055 3261 5471 Ι

397 5484 573 5540 Porro
613 5486 710 5540 ubi
744 5485 801 5563 in
835 5485 1056 5563 aliquot
1087 5485 1279 5563 libris,
1309 5486 1576 5556 quintam
1627 5506 1859 5563 quoque
1910 5495 1967 5546 et
2015 5495 2258 5560 sextam,
2291 5506 2356 5545 ac
2405 5490 2641 5546 demum
2692 5486 3005 5559 septimam
3049 5484 3333 5541 editiones
3379 5478 3651 5554 adjunxit,
3679 5485 3769 5528 suo

397 5573 643 5685 quaague
673 5557 875 5614 ordine
906 5557 1361 5613 'l‘heodotionem
1395 5557 1918 5631 consequebantur.

469 5628 492 5665 ³
574 5646 647 5685 uo
679 5645 847 5685 mss..
880 5630 1081 5685 leniter
1102 5638 1232 5685 ate.
1264 5633 1311 5684 et
1340 5627 1715 5685 vlacabiliter.

469 5628 492 5665 ³
521 5627 647 5686 Duo
679 5645 847 5701 mss.,
880 5630 1081 5686 leniter
1102 5638 1232 5700 ate,
1264 5633 1311 5684 et
1337 5627 1715 5700 placabiliter.
