4066 6190
1179 352 1698 417 COMMENTAR.
1745 355 1822 416 IN
1873 356 2119 418 EPIST.
2164 353 2266 416 AD
2309 353 2587 433 TITUM,
2633 353 2803 416 CAP.
2847 351 2954 415 III.
3041 352 3051 363 ’

3646 345 3768 410 θδι

358 493 486 537 sum
512 497 697 538 meum
723 481 843 555 lupi
868 499 1057 555 graves
1087 486 1150 541 in
1179 502 1287 557 vos,
1321 503 1431 542 non
1455 491 1738 559 parcentes
1767 490 1945 561 gregis
1993 506 2012 544 :
2040 490 2096 556 Α
2124 487 2350 544 deerant
2376 490 2659 559 corrigas,-
2689 491 2739 543 et
2767 487 3064 542 constituas
3110 499 3208 552 per
3249 484 3494 540 civitates
3533 482 3761 555 presby-

361 575 416 626 et
447 587 519 627 ex
546 572 698 627 vobis
727 573 863 643 ipsis
889 585 1214 643 consurgent
1253 577 1363 631 viri
1412 576 1693 649 loquentes
1735 594 2010 651 perversa,

366 668 429 716 ut
477 660 755 716 abducant
804 662 1110 734 discipulos
1163 668 1281 736 post
1327 681 1384 721 se
1429 667 1565 738 (Act.
1615 684 1708 734 xx,
1759 669 1852 734 29,
1900 669 2010 741 30).

367 747 499 804 Haec
546 749 606 803 in
639 748 892 806 transitu
943 751 1098 807 dicta
1153 753 1292 822 sint,
1325 755 1424 811 ubi
1473 761 1531 811 et
1587 756 1722 811 alibi
1776 757 2014 814 haeresis

365 835 717 909 appelletur.
750 838 916 894 Nunc
945 840 1140 911 ipsum
1174 859 1385 899 nomen
1417 843 1648 900 videtur
1675 844 2014 917 plenissime

360 925 797 983 ventilandum.
824 928 1074 985 Heresis
1103 930 1296 986 Graece
1345 932 1416 988 ab
1457 933 1736 990 electione
1778 934 2010 1002 dicitur,

364 1015 524 1087 quod
547 1015 773 1071 scilicet
793 1017 1207 1089 unusquisque
1233 1019 1288 1074 id
1312 1021 1422 1076 sibi
1446 1021 1623 1094 eligat
1642 1023 1795 1094 quod
1819 1022 1870 1078 ei
1892 1039 2011 1079 me-

358 1101 479 1158 lius
525 1119 656 1159 esse
698 1103 983 1160 videatur.
1018 1105 1349 1180 Philosophi
1389 1125 1622 1182 quoque
1653 1110 2014 1177 Stoici,Peri-

360 1192 620 1264 patetici,
697 1193 1056 1259 Academici,
1132 1197 1421 1268 Epicurei,
1479 1198 1637 1254 illius
1697 1199 1784 1255 vel
1850 1199 2011 1255 illius

357 1281 650 1338 hereseos
695 1280 1086 1353 appellantur.
1118 1284 1487 1356 Superﬂuum
1518 1293 1606 1342 est
1636 1288 1718 1342 ire
1750 1305 1850 1360 per
1887 1289 2008 1343 sin-

357 1369 518 1442 gula,
551 1374 610 1425 et
642 1368 1020 1437 Marcionem,
1053 1371 1453 1440 Valentinum,
1501 1375 1787 1448 Apellen),
1841 1377 2007 1432 Ebio-

360 1472 522 1529 nem,
554 1458 920 1527 Montanum,
953 1465 1010 1515 et
1039 1461 1424 1519 Manichaeum
1457 1481 1589 1520 cum
1622 1466 1746 1520 suis
1773 1482 2009 1521 enume-

359 1563 495 1603 rare
549 1547 924 1620 dogmatibus
975 1566 987 1605 :
1049 1567 1184 1606 cum
1243 1552 1512 1624 perfacile
1565 1555 1640 1610 sit
1695 1555 2011 1628 unicuique

361 1650 714 1708 cognoscere
765 1636 982 1709 quibus
1050 1639 1271 1712 singuli
1337 1641 1630 1699 ducantur
1690 1645 2007 1700 erroribus.

365 1724 537 1779 Arius
593 1728 650 1779 et
706 1725 1050 1794 Eunomius,
1110 1733 1167 1782 et
1222 1745 1380 1784 novae
1437 1735 1640 1787 auctor
1703 1731 2007 1804 haereseos,

361 1812 590 1868 utinam
622 1818 740 1868 tam
776 1815 896 1870 noti
929 1829 1043 1870 non
1076 1821 1291 1888 essent,
1324 1819 1521 1874 minus
1553 1819 1787 1876 forsitan
1823 1820 2010 1893 pluri-

363 1917 492 1956 mos
523 1901 922 1974 decepissent!
957 1904 1303 1962 Haareticum
1337 1907 1518 1979 igitur
1547 1908 1845 1965 hominem
1883 1915 2014 1981 post

362 2006 542 2046 unam
577 1991 1024 2063 correptionem,
1059 1993 1177 2050 sive
1208 1999 1272 2050 ut
1313 1995 1371 2052 in
1421 1997 1617 2053 Graeco
1660 1996 1872 2054 melius
1901 1998 2011 2054 ha-

360 2079 554 2147 betur,
577 2079 1116 2150 vouﬂealav,devita;
1150 2082 1393 2138 νουθεσία
1417 2091 1612 2142 autem
1643 2089 2013 2144 commonitio-

356 2185 488 2224 nem
518 2170 709 2241 magis
738 2173 797 2225 et
825 2172 1143 2227 doctrinam
1172 2174 1394 2246 absque
1424 2175 1817 2247 increpatione
1837 2175 2014 2249 signi-

360 2257 518 2312 ficat.
576 2257 815 2331 Legitur
864 2260 922 2314 in
975 2261 1193 2317 Latinis
1244 2263 1544 2320 codicibus
1586 2266 1763 2336 (quod
1809 2282 2008 2320 verum

359 2345 521 2418 Papa
576 2361 810 2418 quoque
865 2349 1222 2406 Athanasius
1289 2354 1305 2386 ί
1366 2355 1748 2425 approbabat)
1808 2371 1821 2408 :
1882 2356 2012 2411 Post

362 2449 542 2490 unam
574 2443 624 2490 et
654 2437 901 2493 alteram
937 2441 1374 2508 correptionem;
1424 2443 1578 2512 quod
1627 2442 1848 2500 scilicet
1893 2461 2009 2500 non

363 2522 624 2579 sufﬁciat
647 2527 879 2580 tantum
911 2527 1092 2582 semel
1122 2544 1254 2585 eum
1285 2530 1518 2604 corrigi,
1542 2530 1632 2587 vel
1654 2533 2010 2588 commoneri

363 2610 467 2682 qui
497 2610 695 2683 aliquo
726 2613 805 2668 sit
833 2615 1186 2686 depravatus
1215 2635 1409 2674 errore
1448 2637 1461 2674 :
1495 2620 1597 2675 sed
1645 2623 1705 2675 et
1753 2623 2014 2678 secunda

366 2699 446 2754 sit
476 2699 529 2755 ei
565 2701 712 2757 788
738 2702 1069 2760 adhibenda
1097 2705 1381 2774 doctrina,
1416 2712 1481 2763 ut
1523 2709 1582 2763 in
1625 2725 1722 2765 ore
1760 2710 2011 2766 duorum

362 2791 466 2842 aut
494 2788 676 2844 trium
700 2791 940 2847 testium
962 2796 1077 2848 stet
1096 2807 1269 2850 omne
1292 2797 1530 2852 verbum
1552 2797 1731 2869 (Deut.
1752 2817 1864 2865 XIX,
1902 2800 2009 2870 15).

369 2875 563 2940 Quare
618 2882 812 2934 autem
870 2885 1002 2952 post
1058 2882 1309 2954 primam
1355 2890 1411 2941 et
1459 2887 1777 2942 secundum
1830 2904 2014 2943 corre-

365 2965 629 3036 ptionem
660 2967 1010 3026 devitandas
1039 2971 1334 3039 sit,reddit
1361 2990 1592 3042 causas,
1623 2976 2015 3048 dicenszquod

361 3055 656 3111 subversas
685 3064 768 3112 est
798 3060 1092 3129 ejusmodi,
1123 3069 1174 3117 et
1199 3066 1386 3134 peccat
1413 3081 1539 3119 cum
1567 3067 1639 3119 sit
1667 3083 1701 3120 a
1729 3068 2012 3138 semetipso

362 3141 660 3199 damnatus
709 3147 751 3199 ³.
807 3146 916 3210 Qui
971 3149 1129 3204 enim
1187 3151 1366 3207 semel
1423 3152 1632 3225 bisque
1687 3160 2010 3227 correptus,

2041 1861 2091 1928 B

2120 581 2284 642 teras,
2347 579 2489 633 sicut
2545 593 2639 648 ego
2697 577 2804 632 tibi
2852 575 3110 643 disposui.
3157 573 3225 631 Ut
3275 573 3416 644 quia
3462 573 3764 627 Cretenses

2122 683 2310 739 nuper
2363 666 2750 733 crediderant,
2805 663 3108 720 recedente
3167 661 3363 732 Paulo,
3415 667 3471 716 et
3516 661 3587 716 ad
3619 661 3763 718 alias

2120 755 2407 812 Ecclesiae
2434 759 2795 820 transeunte,
2830 770 2944 808 non
2977 750 3408 806 dimitterentur
3458 749 3705 821 orphani
3751 768 3764 806 :

2123 846 2223 900 sed
2255 845 2536 903 haberent
2564 842 2952 917 apostolicum
2987 841 3200 907 virum,
3232 839 3331 911 qui
3364 855 3432 894 ea
3459 855 3585 910 quae
3609 838 3772 894 vide-

2122 934 2339 989 bantur
2382 934 2605 1001 deesse,
2659 931 2989 1005 corrigeret.
3048 928 3196 996 Quia
3226 944 3362 1000 ergo
3404 932 3535 998 post
3564 927 3774 982 funda-

2123 1028 2388 1079 mentum
2450 1021 2698 1078 aliarum
2755 1020 3144 1096 Eccles‘iarum
3213 1017 3579 1073 necessarius
3646 1020 3770 1071 erat

2120 1111 2307 1183 Titus,
2339 1112 2438 1183 qui
2472 1111 2783 1166 aedilicium
2833 1111 3285 1182 superstrueret,
3339 1105 3544 1162 scribit
3584 1105 3658 1172 ei,
3690 1109 3773 1169 ut,

2121 1218 2254 1257 cum
2288 1201 2606 1256 Artheman
2637 1199 2728 1255 vel
2751 1198 3095 1272 Tychicum,
3126 1213 3310 1251 unum
3339 1194 3609 1250 scilicete
3630 1194 3773 1250 duo-

2121 1291 2232 1346 bus
2260 1290 2359 1362 qui
2394 1307 2591 1345 secum
2626 1289 2872 1358 fuerant,
2905 1288 3132 1342 Cretam
3167 1285 3443 1350 misisset,
3494 1283 3768 1356 impletu-

2121 1397 2224 1435 rus
2255 1381 2360 1449 [Al.
2394 1378 2798 1451 impleturum]
2830 1377 3024 1432 locum
3056 1375 3185 1446 ejus
3219 1391 3231 1429 :
3265 1375 3391 1446 ipse
3439 1371 3764 1445 Nicopolim

2070 1470 2074 1473 ’
2118 1466 2358 1534 veniret,
2405 1467 2482 1522 ibi
2542 1483 2604 1522 se
2657 1465 3054 1521 hiematurum
3111 1479 3235 1518 esse
3294 1464 3651 1517 contestans.
3684 1460 3767 1514 Ex

2120 1573 2234 1629 quo
2275 1561 2552 1628 paternos
2605 1555 2769 1611 Pauli
2831 1554 2889 1609 in
2939 1553 3240 1609 Cretenses
3294 1550 3611 1622 probamus
3660 1548 3768 1618 [ΑΙ.

2119 1646 2456 1717 probemus]
2488 1646 2748 1701 affectus.
2784 1641 3189 1701 Necessarium
3240 1639 3418 1694 habet
3463 1637 3657 1692 Titum
3711 1636 3770 1691 in

2120 1734 2414 1806 Evangelii
2450 1733 2883 1790 ministerium:
2913 1737 3106 1787 tamen
3141 1747 3256 1785 non
3289 1743 3423 1784 eum
3456 1731 3592 1782 ante
3615 1725 3686 1781 ad
3711 1742 3774 1780 se

2119 1823 2242 1879 vult
2270 1823 2487 1889 venire,
2522 1823 2635 1879 nisi
2666 1824 2722 1878 in
2759 1822 2951 1878 locum
2985 1822 3115 1892 ejus
3138 1813 3527 1883 Artemas,vel
3559 1813 3769 1884 Tychi-

2121 1929 2226 1968 cus
2256 1929 2563 1968 successor
2593 1911 2908 1966 advenerit.
2944 1905 3234 1980 Nic0polis
3265 1906 3395 1977 ipsa
3423 1908 3672 1976 est,qua3
3696 1903 3768 1958 ob

2120 2001 2423 2056 victoriam
2456 1998 2887 2073 Augusti,quod
2919 1997 2998 2052 ibi
3029 1995 3346 2052 Antonium
3378 1993 3770 2064 Cleopatram-

2121 2106 2236 2161 que
2258 2088 2567 2161 superarit,
2603 2104 2814 2144 nomen
2848 2085 3088 2158 accepit.

2192 2179 2378 2250 (Vers.
2433 2179 2544 2250 13.)
2579 2177 2728 2234 139
2784 2200 2804 2226 ι
2858 2176 3070 2232 Zenam
3130 2172 3276 2245 legis
3332 2170 3651 2238 doctorem,
3711 2173 3771 2224 et

2118 2267 2325 2340 Apollo
2375 2267 2622 2323 sollicite
2671 2263 2977 2339 prtemitte,
3033 2269 3098 2318 ut
3149 2259 3295 2316 nihil
3343 2259 3460 2314 illis
3508 2257 3675 2314 desit.
3739 2280 3767 2307 ››

2121 2357 2234 2412 Iste
2263 2360 2353 2412 est
2383 2355 2587 2429 Apollo
2619 2357 2689 2411 de
2719 2371 2834 2426 quo
2867 2358 2922 2408 et
2953 2353 3023 2407 ad
3056 2348 3388 2408 Corinthios
3434 2347 3710 2404 scribitur
3753 2364 3765 2402 :

2123 2447 2500 2518 Unusquisque
2549 2448 2785 2500 vestrum
2841 2442 2981 2498 dicit
3028 2459 3046 2496 :
3097 2441 3202 2510 Ego
3248 2454 3373 2492 sum
3426 2437 3618 2503 Pauli,
3674 2451 3772 2504 ego

2121 2545 2304 2590 autem
2351 2535 2556 2608 Apollo,
2607 2549 2703 2605 ego
2751 2547 2874 2588 vero
2923 2530 3114 2600 Cephea
3161 2529 3210 2596 (Ι
3255 2526 3378 2582 Cor.
3422 2543 3464 2593 ι,
3498 2524 3604 2596 12).
3641 2524 3772 2580 Fuit

2122 2628 2316 2680 autem
2346 2624 2434 2678 vir
2461 2621 2886 2679 Alexandrinus
2915 2636 2983 2675 ex
3012 2615 3251 2685 Judaeis,
3279 2615 3444 2671 valde
3487 2613 3769 2684 eloquens

2122 2716 2180 2768 et
2234 2712 2526 2784 perfectus
2573 2711 2633 2766 in
2684 2709 2828 2782 lege,
2887 2708 3197 2780 episcopus
3253 2701 3689 2759 Corinthiorum
3755 2717 3768 2754 :

2123 2817 2295 2872 quem
2329 2805 2564 2872 propter
2592 2796 2989 2854 dissensiones
3021 2811 3146 2866 qua:
3187 2793 3244 2846 in
3273 2789 3548 2846 Corintho
3580 2793 3766 2858 erant,

2123 2891 2193 2945 ad
2226 2889 2476 2945 vicinam
2509 2887 2764 2943 insulam
2796 2889 3022 2940 Cretam
3072 2897 3206 2937 cum
3256 2881 3409 2935 Zena
3455 2877 3601 2951 legis
3631 2877 3767 2930 doc~

2121 2981 2246 3034 tore
2273 2978 2598 3050 putandum
2624 2979 2715 3032 est
2741 2974 3187 3037 transfretasse;
3220 2973 3276 3024 et
3305 2967 3467 3022 Pauli
3512 2963 3770 3037 Epistola

2122 3066 2584 3122 dissentionibus
2636 3079 2766 3136 quae
2811 3059 3071 3118 Corinthi
3125 3062 3260 3113 ortae
3293 3057 3523 3111 fuerant
3551 3058 3768 3124 tempe-

2123 3155 2286 3224 ratis,
2320 3171 2557 3210 rursum
2610 3151 2952 3209 Corinthum
2988 3147 3312 3205 revertisse.
3363 3149 3570 3200 Zenam
3629 3159 3766 3198 vero

359 3231 562 3288 audito
593 3250 786 3291 errore
815 3251 942 3304 suo,
993 3254 1110 3293 non
1153 3238 1280 3294 vult
1326 3241 1559 3314 corrigi,
1591 3259 1782 3298 errare
1811 3243 2006 3299 existi-
2039 3228 2082 3296 C
2117 3244 2264 3318 legis
2295 3243 2692 3310 doctorem,de
2721 3240 2833 3296 alio
2863 3238 3174 3311 Scripturte
3223 3235 3348 3291 loco
3396 3233 3532 3305 quis
3570 3231 3766 3300 fuerit,

355 3325 483 3375 mat
509 3322 893 3396 corrigentem
929 3342 941 3380 :
975 3331 1033 3381 et
1068 3329 1393 3385 econtrario
1441 3346 1503 3387 se
1548 3333 1620 3387 ad
1679 3349 1906 3404 pugnas
1948 3338 2005 3388 et

343 3407 550 3482 jurgia
603 3412 915 3469 verborum
964 3431 1198 3484 parans,
1267 3434 1402 3474 eum
1469 3419 1590 3475 vult
1645 3420 2002 3490 lucrifacere,

347 3513 388 3551 a
417 3514 534 3569 quo
565 3499 829 3556 docetur.
865 3502 1175 3574 Propterea
1203 3522 1336 3562 vero
1367 3524 1402 3563 a
1428 3509 1744 3582 semetipso
1791 3510 2007 3567 dicitur

346 3601 480 3642 esse
512 3586 867 3645 damnatus:
901 3589 1041 3660 quia
1069 3590 1662 3664 fornicator,adulter,
1690 3596 2004 3663 homicida,

346 3678 408 3730 et
446 3679 655 3731 caetera
702 3676 866 3743 vitia,
915 3695 1019 3750 per
1070 3682 1400 3738 sacerdotes
1451 3684 1522 3740 de
1571 3684 1826 3742 Ecclesia
1871 3705 2004 3759 pro-

346 3761 672 3836 pelluntur.
714 3765 978 3823 Haeretici
1010 3773 1208 3824 autem
1257 3769 1316 3825 in
1367 3773 1714 3846 semetipsos
1773 3779 2004 3832 senten-

348 3850 496 3908 tiam
528 3852 787 3920 luerunt,
820 3871 927 3912 suo
957 3857 1202 3914 arbitrio
1229 3859 1301 3913 de
1333 3859 1590 3917 Ecclesia
1620 3864 1953 3920 recedentes
1987 3882 2000 3920 :

348 3956 480 4012 quis
539 3943 791 3998 recessio
848 3945 1096 4017 propriis
1165 3947 1536 4004 conscientia
1593 3951 1822 4007 videtur
1874 3970 2004 4009 esse

346 4028 674 4086 damnatio.
708 4030 866 4088 Inter
889 4032 1158 4090 haeresim
1187 4039 1245 4090 et
1275 4035 1535 4094 schisma
1578 4038 1686 4095 hoc
1734 4057 1862 4097 esse
1910 4059 2000 4098 ar-

345 4117 648 4174 bitrantur
670 4120 874 4191 3,quod
896 4121 1136 4178 haeresis
1157 4140 1496 4196 perversum
1523 4127 1737 4200 dogma
1757 4129 1999 4197 habeat;

347 4205 614 4262 schisma
643 4212 882 4280 propter
905 4210 1301 4283 episcopalem
1331 4214 1763 4272 dissensionem
1795 4219 1868 4273 ab
1897 4218 1999 4274 Ec-

343 4292 524 4350 clesia
561 4302 864 4368 separetur
894 4315 907 4352 :
943 4299 1099 4370 quod
1133 4300 1369 4373 quidem
1401 4304 1460 4358 in
1492 4304 1777 4376 principio
1806 4305 2004 4380 aliqua

342 4397 416 4439 ex
446 4387 610 4455 parte
637 4383 862 4459 inelligi
895 4391 1106 4459 potest.
1146 4390 1430 4447 Caeterum
1481 4392 1712 4450 nullum
1742 4395 2003 4452 schisma

344 4487 463 4528 non
495 4471 607 4528 sibi
640 4472 902 4546 aliquam
937 4477 1224 4551 conﬁngit
1268 4478 1560 4549 heresim,
1614 4488 1680 4538 ut
1721 4489 1874 4540 recte
1927 4485 2000 4542 ab

341 4559 606 4618 Ecclesia
633 4563 949 4620 recessisse
978 4563 1265 4623 videatur.

417 4650 606 4721 (Vers.
641 4652 786 4723 12.)‹‹
814 4652 960 4710 Cum
993 4654 1209 4711 misero
1246 4657 1319 4712 ad
1353 4661 1409 4712 te
1440 4662 1735 4726 Arteman‘,
1769 4663 1996 4736 aut'l‘y-

344 4736 603 4810 ohicum,
638 4738 849 4796 festina
877 4742 1072 4797 venire
1100 4743 1173 4798 ad
1208 4759 1301 4799 me
1330 4745 1677 4818 Nicopolim,
1710 4749 1791 4806 ibi
1839 4753 1995 4807 enim

345 4828 526 4883 statui
556 4826 837 4885 hiemare.
868 4851 897 4879 »
930 4829 1204 4902 Legimus
1248 4832 1307 4887 in
1361 4835 1598 4891 exordio
1641 4837 1816 4895 istius
1863 4839 1995 4913 Epi-

343 4914 506 4972 stolas
541 4934 554 4972 :
584 4919 766 4988 Hujus
794 4917 878 4974 rei
905 4921 1108 4988 gratiae
1135 4921 1340 4992 reliqui
1384 4930 1435 4980 te
1478 4924 1666 4996 Cretae,
1699 4935 1760 4982 ut
1783 4944 1854 4985 ea
1882 4947 1999 5001 qua:

419 5059 432 5092 ί
468 5057 616 5122 Quin
648 5064 712 5142 et
731 5058 857 5142 sola
891 5077 1047 5142 nunc
1077 5062 1326 5142 obtinet
1351 5063 1409 5120 in
1467 5066 1771 5142 plerisque
1804 5071 1996 5127 omni-

342 5128 460 5256 ἐξιὲ
487 5130 922 5204 exemplaribus
953 5137 1010 5188 et
1039 5134 1190 5205 apud
1241 5128 1485 5194 veteres.
1507 5128 1837 5212 scriptores,
1882 5143 1996 5199 lec-

348 5341 360 5352 .
419 5272 442 5304 ²
468 5271 767 5356 Quihunc
799 5273 1248 5356 ex-llieronymo
1268 5277 1460 5356 lo_.cum
1486 5280 1689 5339 laudat
1720 5284 1996 5342 Babanus

344 5343 409 5396 in
456 5343 704 5414 epistola
751 5345 823 5400 ad
872 5343 1251 5429 Hioncma'rum
1302 5351 1649 5434 Remensem
1693 5357 1848 5426 apud
1879 5359 1995 5412 Sir-

346 5415 548 5498 mond.
581 5417 724 5471 tom.
760 5421 802 5486 1,
835 5415 978 5489 legit
1008 5417 1124 5487 hic,
1177 5436 1301 5477 cum
1342 5432 1414 5479 sit
1463 5424 1521 5480 in
1565 5427 1846 5498 semetipso
1896 5429 1994 5484 de-

341 5488 764 5641 prgli’litéftiirius
790 5559 861 5641 ad
894 5557 1198 5617 lectionem
1215 5563 1484 5641 Cratiani
1517 5583 1656 5641 cap.
1697 5569 1863 5641 Inter.
1902 5571 1993 5638 24,

419 5585 438 5589 ν
482 5585 764 5616 Victorius
790 5585 861 5615 uu
894 5585 1198 5617 muuuuuui
1225 5585 1484 5622 urauant
1528 5585 1593 5622 ca
1643 5608 1656 5622 .
1697 5585 1863 5624 inter.
1902 5585 1972 5625 Ζιι

345 5640 445 5698 qu.
477 5629 533 5702 3,
565 5629 823 5702 itemque
852 5644 922 5688 ex
952 5643 1096 5689 mss.
1128 5632 1296 5691 codd.
1329 5638 1558 5710 reponit
1598 5585 1716 5709 hic,
1747 5613 1992 5698 arbitra:

2117 3352 2234 3391 non
2279 3349 2598 3407 possumus
2646 3332 2857 3397 dicere,
2889 3329 3001 3384 nisi
3051 3327 3160 3382 hoc
3207 3328 3460 3389 tantum,
3503 3320 3657 3393 quod
3708 3325 3765 3374 et

2116 3425 2241 3495 ipse
2271 3422 2633 3496 apostolicus
2661 3418 2750 3473 vir
2779 3419 2834 3473 id
2870 3415 3061 3489 operis
3092 3414 3247 3486 quod
3279 3411 3483 3485 Apollo
3532 3423 3760 3466 exerce-

2115 3513 2215 3568 bat
2245 3512 2516 3568 habuerit
2549 3527 2560 3564 :
2595 3507 2805 3564 Christi
2836 3505 3126 3562 Ecclesias
3165 3500 3499 3559 exstruendi
3530 3500 3571 3554 ⁴.
3604 3502 3763 3552 Prae-

2115 3601 2258 3674 cipit
2287 3602 2484 3671 itaque
2512 3599 2662 3668 Tito,
2683 3602 2749 3652 ut
2775 3596 3053 3668 quoniam
3085 3594 3157 3649 de
3186 3593 3354 3648 Creta
3381 3590 3454 3644 ad
3484 3587 3762 3644 Graeciam

2116 3689 2448 3763 navigaturi
2478 3692 2667 3755 erant,
2699 3703 2813 3742 non
2846 3702 2945 3741 eos
2976 3683 3151 3739 faciat
3193 3680 3446 3737 sitarciis
3486 3676 3750 3748 indigere

2115 3781 2217 3836 sed
2251 3780 2466 3834 habere
2496 3794 2564 3833 ea
2595 3793 2720 3848 quas
2753 3776 2821 3830 ad
2854 3773 3134 3828 viaticum
3164 3768 3495 3826 necessaria
3521 3769 3682 3822 sunt.

2186 3870 2373 3941 (Vers.
2411 3868 2522 3938 14.)
2553 3888 2580 3915 ‹‹
2617 3865 2851 3920 Discant
2882 3867 3078 3918 autem
3109 3865 3168 3916 et
3197 3857 3378 3914 nostri
3412 3855 3581 3912 bouis
3627 3870 3762 3926 ope-

2113 3958 2278 4014 ribus
2308 3973 2556 4028 praaesse
2581 3954 2640 4010 in
2672 3951 3019 4009 necessariis
3050 3948 3274 4013 usibus,
3299 3951 3364 4001 ut
3395 3962 3508 4000 non
3539 3943 3760 3997 infruc-

2112 4047 2269 4104 tuosi
2304 4046 2439 4102 sint.
2480 4067 2505 4093 n
2539 4050 2728 4115 Supra
2756 4042 2979 4096 dixerat
3011 4057 3023 4095 :
3058 4040 3258 4094 Zenam
3298 4035 3452 4105 Legis
3493 4031 3763 4087 doctorem

2109 4145 2162 4192 et
2195 4136 2396 4208 Apollo
2425 4132 2664 4190 sollicite
2686 4132 2988 4204 prmittc,
3019 4130 3079 4182 ut
3109 4125 3254 4181 nihil
3286 4125 3399 4178 illis
3429 4121 3588 4176 desit.
3617 4119 3763 4185 Quia

2111 4241 2248 4297 ergo
2280 4227 2506 4296 poterat
2560 4220 2812 4276 suboriri
2871 4215 3098 4272 occulta
3157 4211 3479 4285 responsio,
3533 4213 3597 4264 ut
3647 4225 3762 4263 non

2110 4318 2233 4370 tam
2292 4313 2462 4369 Titus
2515 4325 2694 4382 quam
2751 4308 3092 4379 quicunque
3139 4299 3408 4374 Epistolas
3447 4299 3626 4354 lector
3656 4297 3763 4353 hoc

2110 4400 2364 4465 diceret;
2397 4403 2454 4453 et
2488 4397 2645 4451 unde
2675 4393 2825 4461 Tito,
2862 4398 2925 4448 ut
2953 4389 3231 4447 viaticum
3261 4405 3376 4444 non
3410 4385 3763 4443 habentibus

2110 4487 2444 4560 largiretur,
2480 4483 2654 4541 solvit
2682 4483 2832 4537 hanc
2863 4480 3268 4560 quaestionem,
3316 4481 3372 4532 et
3401 4475 3571 4549 quasi
3611 4472 3759 4528 nihil

2029 4589 2074 4655 ι)
2109 4559 2222 4635 sibi
2273 4579 2605 4648 opponatur
2651 4570 2838 4635 elidit,
2889 4569 3136 4625 dicendo
3168 4559 3447 4622 :Discant
3485 4570 3668 4655 autent
3705 4568 3760 4616 et

2108 4667 2309 4722 nostris
2341 4665 2495 4719 bonis
2525 4661 2779 4734 operibus
2806 4674 3039 4732 praeesse
3069 4659 3128 4711 in
3165 4653 3489 4711 necessariis
3536 4649 3757 4714 usibus,

2107 4764 2306 4812 utnon
2337 4751 2668 4823 infructuosi
2695 4751 2824 4804 sint.
2862 4747 3101 4803 Nostros
3149 4761 3288 4800 suos
3337 4745 3502 4797 vocat
3550 4739 3650 4810 qui
3694 4737 3753 4792 in

2107 4843 2336 4901 Christo
2362 4840 2734 4897 crediderant
2764 4853 2777 4891 :
2811 4837 2912 4908 qui
2943 4834 3081 4908 quia
3110 4831 3324 4889 Christi
3366 4832 3552 4894 erant,
3605 4831 3755 4883 recte

2108 4936 2168 4990 et
2196 4930 2360 4988 Pauli
2390 4934 2448 4986 et
2475 4926 2588 4985 Titi
2610 4924 2890 4999 appellari
2923 4915 3755 4988 merebantur.llabes,inquit,

2875 5085 2958 5133 ro,
2990 5073 3280 5138 separetur
3313 5083 3330 5118 :
3361 5061 3612 5138 denique
3651 5060 3753 5114 ad-

2107 5090 2239 5131 nmr
2266 5092 2285 5129 :
2317 5078 2374 5129 et
2405 5087 2537 5128 mox
2566 5078 2780 5142 separet

2885 5140 2923 5208 i,
2957 5133 3198 5204 intélligi
3242 5139 3415 5208 potest
3450 5133 3752 5208 diversum.

2109 5109 2224 5131 ηηυ
2266 5117 2278 5129 .
2317 5109 2374 5129 et
2407 5109 2537 5128 an...
2566 5109 2804 5142 υιμιυυη
2855 5109 2958 5133 ην,
2990 5109 3262 5138 mpm”...
3313 5109 3324 5118 .
3363 5109 3492 5119 αν--.

2107 5148 2208 5222 dit
2223 5161 2442 5209 vocem,
2473 5144 2772 5222 diuersum,
2819 5109 2923 5208 ihi,
2957 5138 3417 5222 intelli'giqpotes‘t.
3450 5133 3504 5216 di

2109 5203 2541 5285 Rabanussqui
2568 5218 2631 5267 ut
2661 5203 2937 5285 dia-imus,
2973 5203 3609 5285 hunctliligentissime
3660 5203 3755 5284 de-

2109 5288 2347 5361 scripsit
2376 5279 2594 5361 loc-um,
2627 5284 2710 5361 sic
2737 5283 2961 5361 habet_:
2999 5304 3037 5361 ς-
3057 5279 3325 5361 schisma
3354 5279 3750 5361 propternepi:

2107 5346 2400 5432 scopalem
2432 5346 2862 5411 dissensionem
2896 5353 2966 5407 ab
2999 5350 3257 5406 Ecclesia
3305 5346 3554 5420 separet.
3587 5346 3749 5412 Quod

2106 5432 2344 5516 quidem
2376 5430 2436 5516 in
2465 5426 2751 5500 principio
2785 5427 2864 5479 ita
2891 5440 3019 5480 esse
3048 5422 3246 5494 aliqua
3274 5438 3341 5475 ex
3373 5424 3536 5492 parte
3589 5416 3755 5473 intel-

2104 5503 2450 5577 ligi_potes_t.
2665 5567 2714 5577 Μ
2778 5569 2790 5577 _
2829 5568 2931 5577 Λ,-
3000 5567 3009 5577 ,
3076 5566 3088 5577 _
3193 5566 3258 5577 ,_
3426 5561 3464 5577 ..

2177 5561 2414 5631 "Nostri
2449 5586 2616 5637 mss.,
2655 5567 2861 5624 Christi
2888 5566 3150 5624 Ecclesias
3182 5561 3482 5621 intruemii.
