4066 6190
360 263 477 324 635

1607 269 1671 330 S.
1721 270 2029 334 EUSEBII
2074 273 2519 338 HIERONYMI
3617 273 3728 338 636:

359 396 420 454 in
453 395 773 470 discipulos
805 401 1192 470 potestatem:
1244 400 1385 458 doce
1424 419 1522 460 eos
1573 421 1686 460 non
1735 422 1864 463 esse
1917 406 2005 462 in-
2038 422 2091 489 Α
2121 406 2344 480 absque
2375 407 2486 464 ﬁde
2517 406 2846 482 diligerent,
2883 422 3186 480 nunquam
3222 403 3428 463 Paulus
3469 405 3536 461 ad
3583 423 3720 464 amo-

363 487 692 544 fructuosos
727 504 738 542 :
775 488 874 544 sed
899 490 1274 562 evangelistis
1297 496 1354 548 et
1382 493 1717 566 apostolicis
1748 495 2015 569 viris,qui
2043 487 2089 489 Ἰ
2127 513 2272 561 rem,
2321 498 2491 553 ﬁdem
2545 498 2938 570 apposuisset,
2987 497 3184 552 dicens
3235 513 3248 551 :
3297 495 3479 552 Saluta
3518 511 3599 550 eos
3642 498 3726 569 qui

363 577 531 632 bonis
559 578 836 649 operibus
869 579 1533 646 serviunt,ministrare:
1567 590 1623 640 et
1655 585 2012 656 ministrare,

362 683 478 724 non
513 667 573 722 in
617 667 1074 740 quibuscunque
1121 672 1337 738 causis,
1388 674 1487 727 sed
1550 675 1606 728 in
1667 677 2013 732 necessariis

361 757 568 812 usibus
629 774 641 811 :
704 759 966 813 Habentes
1017 761 1215 830 quippe
1267 763 1473 816 victum
1526 767 1579 818 et
1632 766 2012 821 vestimentum

361 845 470 916 [ΑΙ.
510 849 806 916 vestitum],
849 849 936 902 his
984 851 1228 904 contenti
1274 852 1450 906 simus
1477 852 1521 920 (I
1571 855 1713 908 Tim.
1761 871 1836 925 v1,
1885 857 1940 925 8)
1993 873 2006 910 :

362 939 418 990 et
467 934 564 1006 qui
615 934 820 992 altario
869 938 1150 1005 serviunt,
1195 939 1265 994 de
1314 939 1516 996 altario
1546 942 1744 998 vivant
1775 961 1787 999 :
1823 948 1880 999 et
1909 944 2006 1015 qui

356 1023 670 1095 participes
693 1025 1092 1096 spiritualium
1117 1032 1447 1083 nostrorum
1475 1030 1606 1084 facli
1633 1033 2012 1100 sunt,debcnt

360 1112 528 1168 nobis
560 1130 668 1168 sua
699 1113 1045 1186 participare
1076 1117 1332 1172 carnalia
1363 1118 1411 1189 (I
1443 1120 1569 1174 Cor.
1598 1137 1671 1187 1x,
1707 1121 1912 1192 11,43).
1940 1124 2009 1178 Et

361 1217 432 1256 ne
467 1202 705 1257 forsitan
741 1209 824 1258 vel
859 1205 1166 1275 epistolam
1201 1205 1483 1274 Pauli,vel
1520 1216 1870 1281 praeceptum
1893 1211 2010 1266 Titi

358 1289 528 1346 facile
578 1295 1036 1360 contemnerent,
1093 1293 1490 1351 infructuosos
1538 1301 1721 1362 vocat,
1754 1299 2008 1369 quicun-

362 1396 476 1450 que
522 1379 894 1452 evangelistis
924 1398 1040 1437 non
1073 1383 1550 1441 ministraverint.
1587 1387 1730 1442 Dicit
1761 1393 1817 1442 et
1846 1389 2005 1444 Salo-

364 1484 497 1522 mon
533 1467 588 1522 in
623 1468 946 1525 Proverbiis
981 1488 994 1525 :
1029 1473 1255 1526 Fructus
1299 1489 1420 1528 vero
1449 1475 1789 1546 eleemosyna
1821 1477 2006 1546 (Prov.

359 1571 446 1623 Ill,
482 1558 506 1612 1
551 1560 592 1624 ).
636 1557 702 1612 Et
749 1559 874 1628 ipse
918 1559 1134 1614 Paulus
1181 1559 1435 1632 primum
1477 1563 1719 1634 spiritus
1751 1566 2007 1621 fructum

360 1645 708 1701 charitatem
757 1651 923 1701 vocat
973 1647 1174 1716 (Galat.
1228 1667 1282 1715 ν,
1333 1652 1444 1722 2'2).
1495 1653 1762 1709 Charitas
1812 1660 2006 1710 autem

357 1733 418 1788 in
451 1735 984 1790 communicatione
1017 1741 1072 1792 et
1103 1738 1161 1792 in
1197 1739 1519 1795 ministerio
1555 1743 1705 1798 740
1744 1743 1832 1798 vel
1879 1761 2008 1799 ma—

359 1823 516 1878 xime
572 1825 1002 1895 comprobatur.
1089 1829 1149 1884 Ut
1214 1845 1344 1896 non,
1405 1829 1616 1902 inquit,
1677 1834 2013 1904 infructuosi

365 1911 496 1967 sint.
558 1913 746 1968 Omnis
801 1917 947 1969 enim
1005 1917 1170 1971 arbor
1228 1933 1352 1989 quae
1399 1935 1509 1974 non
1571 1923 1708 1990 facit
1764 1922 2007 1992 fructum

364 2001 583 2066 bonum,
650 2003 952 2075 excidatur,
1011 2009 1060 2060 et
1121 2008 1180 2060 in
1237 2009 1418 2078 ignem
1473 2011 1721 2065 mittetur
1787 2013 2007 2082 (Matth.

356 2106 459 2154 vn,
493 2091 600 2157 19).
641 2092 752 2146 lloc
784 2098 979 2149 autem
1013 2093 1140 2150 dico
1175 2112 1186 2149 :
1223 2095 1361 2168 quia
1393 2097 1491 2167 qui
1527 2115 1700 2169 parce
1733 2099 2006 2169 seminat,

358 2194 530 2250 parce
558 2182 616 2234 et
645 2185 823 2236 metet
871 2183 944 2250 (II
983 2184 1102 2239 Cor.
1154 2202 1230 2250 ix,
1281 2186 1362 2254 6.)
1409 2186 1756 2256 Apostolicis
1784 2188 1924 2243 viris
1955 2193 2011 2244 et

356 2267 919 2340 evangelizatoribus
949 2271 1161 2328 Christi
1185 2273 1241 2326 in
1267 2274 1613 2331 necessariis
1645 2276 1853 2331 usibus
1884 2276 2009 2332 nol-

360 2354 412 2411 le
444 2357 722 2424 tribuere,
758 2359 1080 2415 sterilitatis
1111 2361 1374 2432 seipsum
1407 2367 1496 2418 est
1524 2365 1934 2422 condemnare.

433 2445 618 2516 (Vers.
660 2448 762 2518 l5.)
796 2471 824 2499 «
857 2447 1126 2504 Salutant
1171 2454 1228 2506 te
1275 2451 1374 2523 qui
1425 2467 1655 2508 mecum
1705 2458 1844 2509 sunt
1883 2471 2007 2510 om-

361 2550 486 2590 nes.
520 2557 549 2586 »
579 2534 683 2591 Vel
715 2535 887 2591 solita
917 2539 1340 2595 consuetudine
1371 2557 1516 2596 usus
1545 2546 1653 2607 est,
1696 2547 1759 2597 ut
1808 2543 2006 2598 Titum

365 2624 437 2678 ab
461 2624 737 2680 omnibus
767 2626 867 2698 qui
900 2643 1100 2682 secum
1140 2633 1306 2684 erant
1333 2628 1548 2684 diceret
1578 2629 1822 2686 salutari
1875 2647 1887 2686 :
1919 2630 2008 2685 vel

366 2717 520 2768 certe
550 2713 782 2786 proprie
810 2713 870 2770 in
901 2716 1119 2783 Titum,
1155 2717 1310 2789 quod
1343 2717 1474 2774 talis
1510 2726 1684 2786 esset,
1738 2725 1801 2774 ut
1848 2736 2007 2775 amo-

367 2818 487 2857 rem
523 2818 724 2858 eorum
761 2803 858 2876 qui
891 2821 1022 2860 cum
1057 2806 1235 2862 Paulo
1265 2813 1431 2862 erant
1460 2808 1723 2864 omnium
1757 2824 2008 2865 merere-

362 2894 479 2948 tur.
512 2895 720 2964 Magna
748 2909 882 2950 vero
913 2893 1042 2951 laus
1074 2895 1186 2951 Titi
1220 2913 1323 2968 per
1353 2896 1598 2954 Paulum
1627 2899 1700 2954 ab
1733 2898 2008 2955 omnibus

363 2979 629 3036 salutari.

364 3091 393 3119 «
428 3069 633 3126 Saluta
680 3087 778 3128 eos
826 3073 927 3144 qui
977 3089 1086 3128 nos
1135 3079 1338 3130 amant
1394 3075 1452 3130 in
1505 3076 1636 3132 ﬁde.
1668 3096 1695 3129 ι
1730 3076 1786 3132 Si
1815 3076 2007 3133 omnis

2124 603 2220 642 nos
2249 595 2438 641 amant
2470 590 2524 643 in
2555 588 2688 656 fide.
2721 589 2934 642 Amant
2963 586 3180 658 quippe
3225 591 3283 640 et
3332 588 3534 639 matres
3576 584 3723 650 ﬁlios,

2123 673 2204 731 ita
2234 681 2298 730 ut
2329 683 2577 732 mortem
2629 693 2730 748 pro
2779 677 2862 732 eis
2911 681 3181 747 oppetere
3225 674 3346 729 sint
3382 677 3609 745 paratis;
3639 675 3724 728 sed

2123 781 2236 820 non
2295 770 2498 820 amant
2543 765 2601 820 in
2651 766 2762 820 ﬁde
2814 782 2826 819 :
2880 774 2936 820 et
2984 780 3190 818 uxores
3249 762 3487 817 maritos
3537 762 3727 831 quibus

2121 853 2593 925 frequentissime
2624 853 3124 921 commoriuntur;
3172 851 3274 907 sed
3331 867 3490 906 amor
3514 849 3604 906 ille
3629 867 3728 906 non

2121 943 2252 998 ﬁdei
2285 948 2392 998 est.
2425 943 2561 999 Sola
2591 947 2926 998 sanctorum
2973 941 3205 997 dilectio
3250 940 3310 998 in
3360 939 3469 994 ﬁde
3513 938 3726 1010 diligit:

2118 1031 2408 1087 intentum
2445 1039 2508 1086 ut
2537 1033 2710 1088 etiam
2745 1032 2792 1086 si
2824 1031 2920 1086 ille
2952 1031 3052 1102 qui
3083 1028 3351 1101 diligitur
3377 1026 3615 1082 inﬁdelis
3634 1027 3728 1082 sit:

2117 1125 2312 1176 tamen
2371 1126 2611 1177 sanctus
2673 1121 2731 1174 in
2792 1120 2903 1174 lide
2961 1136 3094 1174 cum
3152 1117 3382 1189 diligat,
3442 1115 3731 1170 secundum

2117 1209 2260 1265 illud
2298 1235 2311 1266 :
2341 1211 2539 1266 Omnia
2585 1219 2760 1265 vestra
2807 1211 2863 1264 in
2916 1209 3020 1270 fide
3053 1212 3068 1244 ί
3101 1208 3241 1278 ﬁant
3270 1208 3315 1277 (I
3346 1206 3465 1262 Cor.
3498 1220 3600 1273 1m,
3643 1204 3732 1272 14).

2119 1299 2185 1354 Et
2231 1299 2365 1354 alibi
2432 1317 2444 1354 :
2498 1300 2715 1370 Ditigitc
2762 1300 3016 1354 inimicos
3062 1301 3264 1353 vestros
3323 1295 3474 1365 (Luc.
3521 1310 3594 1358 v1,
3636 1291 3732 1360 35).

2118 1387 2318 1460 Diligit
2349 1393 2589 1443 sanctus
2643 1388 2914 1443 inimicos
2945 1403 3104 1452 suos,
3137 1390 3192 1440 et
3238 1385 3367 1438 ideo
3396 1383 3454 1436 in
3487 1381 3592 1436 ﬁde
3618 1379 3733 1434 dili-

2117 1478 2201 1548 git
2235 1495 2247 1532 :
2285 1477 2424 1549 quia
2466 1477 2650 1533 credit
2675 1477 2734 1532 in
2765 1493 2899 1532 eum
2933 1476 3032 1548 qui
3067 1473 3364 1546 pollicitus
3416 1475 3506 1528 est
3548 1486 3606 1524 se
3649 1485 3734 1541 pro

2118 1566 2440 1635 expletione
2473 1566 2734 1621 mandati
2767 1565 3190 1620 retributurum
3223 1578 3354 1618 esse
3384 1560 3704 1616 mercedem.

2189 1655 2446 1710 «Gratia
2494 1655 2720 1709 Domini
2773 1653 2960 1709 nostri
3003 1669 3136 1708 cum
3187 1651 3464 1708 omnibus
3506 1648 3674 1702 vobis.
3711 1670 3730 1698 ι

2117 1744 2431 1800 Sciendum
2467 1745 2621 1816 quod
2676 1743 2733 1798 in
2788 1743 3001 1799 Grecis
3039 1741 3344 1798 codicibus
3373 1739 3454 1794 ita
3483 1736 3733 1808 scriptum

2118 1839 2207 1888 est
2257 1851 2269 1888 :
2326 1833 2529 1890 Gratia
2575 1850 2700 1888 cum
2746 1833 2995 1888 omnibus
3046 1831 3199 1887 vobis
3230 1849 3250 1885 :
3282 1835 3347 1885 ut
3377 1844 3479 1884 nec
3517 1827 3734 1889 Domini,

2119 1937 2224 1977 nec
2269 1922 2465 1990 nostri,
2513 1922 2570 1976 in
2619 1921 2786 1977 libris
2842 1922 3061 1977 feratur
3107 1917 3483 1975 authenticis.
3517 1917 3572 1970 ln
3601 1930 3734 1969 com-

2121 2028 2298 2066 mune
2346 2010 2544 2082 itaque
2591 2010 2812 2065 sanctis
2860 2014 3036 2081 atque
3077 2006 3474 2072 credentibus,
3522 2005 3640 2059 Tito
3690 2005 3738 2056 et

2121 2100 2346 2156 caeteris
2393 2100 2491 2172 qui
2541 2115 2675 2154 cum
2735 2114 2801 2155 eo
2849 2101 3034 2169 erant,
3092 2097 3458 2169 imprecatur
3497 2092 3734 2166 gratiam.

2119 2189 2187 2244 Et
2207 2189 2500 2261 quomodo
2532 2193 2692 2244 Isaac
2714 2186 3045 2259 patriarcha
3068 2183 3364 2241 benedixit
3383 2183 3562 2238 ﬁlium
3587 2195 3735 2236 suum

2115 2278 2299 2333 Jacob
2331 2278 2484 2350 (Gen.
2520 2295 2693 2344 xxvu,
2728 2278 2840 2344 39),
2889 2280 2947 2331 et
2992 2274 3120 2347 ipse
3165 2272 3477 2330 duodecim
3519 2269 3734 2342 patriar-

2119 2366 2260 2422 chas
2292 2365 2446 2438 (Gen.
2480 2384 2629 2433 xux,
2664 2366 2716 2436 1)
2751 2383 2764 2420 :
2796 2364 3330 2436 Apostoliquoque
3376 2360 3736 2434 ingredientes

2117 2457 2359 2511 domum
2391 2455 2667 2510 dicebant
2697 2471 2711 2509 :
2742 2460 2866 2510 Pax
2893 2455 3023 2509 huic
3050 2452 3245 2508 domui
3287 2451 3495 2518 (Matth.
3543 2465 3593 2511 x,
3645 2446 3733 2515 l2).

2117 2548 2184 2600 Et
2216 2545 2264 2600 si
2295 2545 2472 2617 digna
2504 2550 2627 2600 erat
2676 2544 2910 2610 domus,
2961 2541 3368 2613 requiescebat
3413 2557 3520 2612 pax
3559 2550 3734 2593 eorum

2117 2649 2294 2705 super
2322 2649 2452 2688 eam
2487 2651 2500 2688 :
2535 2633 2583 2687 si
2614 2647 2748 2688 vero
2779 2631 3089 2687 exhibebat
3118 2646 3180 2685 se
3217 2629 3534 2700 indignam,
3566 2640 3731 2680 rever-

2117 2722 2350 2777 tebatur
2379 2722 2450 2777 ad
2482 2737 2581 2776 eos
2635 2720 2734 2792 qui
2785 2736 2914 2776 eam
2966 2721 3200 2774 fuerant
3247 2715 3563 2790 imprecati.
3593 2712 3730 2784 (Ibid.

2119 2811 2228 2882 13).
2265 2811 2348 2865 Ita
2379 2814 2437 2865 et
2476 2825 2633 2865 nunc
2682 2809 2740 2863 in
2791 2810 2904 2864 ﬁne
2959 2806 3224 2880 epistolae
3283 2823 3401 2862 suae
3453 2800 3732 2876 Apostolus

2117 2899 2362 2972 gratiam
2396 2899 2770 2954 credentibus
2799 2897 3158 2969 imprecatur
3221 2911 3235 2949 :
3288 2912 3412 2968 quae
3461 2908 3586 2948 cum
3622 2893 3732 2944 voto

2115 2988 2369 3044 habebat
2398 2988 2692 3052 effectum,
2715 2991 2772 3043 et
2799 2991 2924 3043 erat
2953 2986 3011 3040 in
3044 2988 3337 3057 potestate
3383 2978 3732 3046 credentium,

2117 3079 2166 3134 si
2198 3077 2374 3134 talem
2407 3093 2470 3133 se
2498 3077 2867 3143 benedictus,
2899 3073 3135 3147 qualem
3168 3073 3518 3131 benedicens
3546 3067 3734 3142 praebe-

366 3156 466 3229 qui
498 3163 676 3225 amat,
709 3165 932 3216 amaret
969 3161 1027 3217 in
1069 3163 1202 3228 ﬁde,
1253 3169 1310 3219 et
1357 3182 1471 3221 non
1521 3170 1718 3226 essent
1765 3165 1862 3222 alii
1913 3165 2013 3238 qui
2047 3168 2090 3235 C
2130 3183 2190 3222 re
2215 3166 2518 3223 voluisset.

447 3305 462 3338 ι
495 3301 702 3375 Victor
726 3303 889 3359 addit
921 3321 933 3360 :
969 3305 1084 3360 Stat
1112 3305 1170 3359 in
1200 3306 1328 3375 ﬁde,
1378 3312 1450 3375 et,
1491 3312 1615 3362 tum
1649 3309 1718 3362 ad
1752 3325 2014 3373 sensum,

375 3377 440 3427 ut
470 3373 666 3438 sentit,
694 3374 708 3428 i
757 3376 881 3430 sius
914 3373 1265 3448 Hieronymi,
1338 3379 1394 3432 ui
1417 3373 1678 3450 lbquitur
1707 3380 1776 3434 de
1827 3380 2016 3435 chari-

375 3448 513 3507 tate,
547 3451 604 3500 et
653 3392 750 3500 adp
782 3447 953 3502 ﬁdem
1005 3448 1230 3507 Vulgat.
1263 3395 1402 3506 eilit.
1447 3467 1582 3505 cum
1623 3451 1852 3507 Graeca).
1891 3457 2018 3506 tum

1389 3491 1402 3506 1
1447 3491 1582 3505 νυιιι
1625 3491 1852 3519 υιυυνυυ,

371 3420 1294 3516 {sui}?EIBEBéi”i/Bi§éi."e

2125 3309 2362 3374 Latinae,
2395 3309 2684 3378 rescribit,
2727 3308 2924 3364 Omnia
2970 3313 3148 3378 vestra
3199 3307 3264 3361 in
3309 3305 3567 3378 charitate
3607 3300 3740 3370 ﬁant.

2171 3397 2253 3447 ro,
2288 3383 2347 3435 in
2375 3380 2496 3450 ﬁde.
2533 3375 2678 3435 Mss.
2705 3383 2902 3434 autem
2945 3377 3130 3433 nostri
3180 3394 3388 3433 omnes
3427 3375 3740 3446 impressam

2153 3451 2437 3508 ectionem
2471 3452 2741 3523 probant.

3039 3567 3748 3598 ___________

1078 3727 1200 3826 ε.
1289 3727 1964 3828 ΕΠΒΕΒῙῙ

2123 3729 3073 3830 IIBRONYMI

1518 3927 2086 3988 S'I’RlDONENSlS
2142 3928 2633 3988 PRESBYTER]

1308 4073 2867 4197 COMMENTARIORUM

589 4457 1738 4625 EPISTOLAM
1853 4291 2119 4622 All;
2231 4453 3563 4625 PHILEMONEM

1714 4720 2054 4795 LIBER
2131 4721 2443 4795 UNUS.

1651 4989 2505 5078 PROLOGUS.

453 5304 788 5361 141-742
848 5303 957 5369 Qui
1014 5301 1223 5360 nolunt
1297 5303 1451 5359 inter
1513 5301 1806 5375 Epistolas
1871 5301 2032 5359 Pauli
2063 5305 2111 5370 D
2143 5318 2258 5358 non
2291 5317 2523 5374 semper
2557 5299 2902 5374 Apostolum
2958 5301 2998 5369 ³,
3044 5315 3149 5356 nec
3200 5297 3412 5367 omnia,
3442 5289 3651 5375 Christo
3691 5281 3737 5336 in

381 5409 511 5450 eam
547 5393 802 5466 recipere
834 5409 961 5464 quae
993 5393 1062 5449 ad
1096 5391 1499 5449 Philemonem
1523 5393 1821 5460 scribitur,
1844 5393 2031 5459 aiunt,

2141 5407 2205 5448 se
2234 5391 2752 5464 loquente,dixisse
2780 5415 2794 5448 :
2822 5391 2961 5462 quia
2991 5405 3098 5447 nec
3125 5374 3730 5446 bumanaimbocillitas

444 5556 456 5592 ¹
496 5554 656 5612 Haud
692 5551 974 5626 intelligo,
998 5552 1139 5625 quid
1169 5551 1230 5608 in
1272 5557 1532 5610 mentem
1565 5552 1816 5610 Victorio
1848 5551 2072 5610 venerit
2091 5552 2183 5610 cui
2217 5553 2474 5611 rationes
2517 5551 2640 5609 istae
2686 5552 2874 5609 facere
2915 5551 3052 5609 vissa
3082 5553 3222 5610 sunt
3248 5563 3351 5622 pro
3381 5543 3510 5611 illis,
3536 5537 3625 5612 (ἰαί
3643 5529 3736 5590 "1‘
