4066 6190
371 336 488 404 637

1244 342 1763 406 COMMENTAR.
1809 340 1886 402 IN
1933 338 2181 401 EPIST.
2227 341 2329 402 AD
2374 338 2915 403 PHILEMONEM.

3667 336 3788 402 638

375 492 562 532 unum
623 477 884 532 tenorem
944 474 1131 532 sancti
1177 475 1429 549 Spiritus
1480 477 1628 532 ferre
1694 474 2013 548 potuisset:
2045 473 2101 539 Α
2132 490 2243 529 non
2277 473 2598 546 putandae:
2635 477 2735 528 aut
2765 473 2812 529 si
2843 472 2968 529 istas
2988 471 3367 546 recipiuntur,
3389 471 3782 545 recipiendam

377 582 482 621 nec
516 565 698 634 hujus
729 565 1061 638 corpusculi
1097 565 1473 622 necessitates
1523 566 1628 635 (At.
1681 563 2021 633 necessitas]

377 656 487 711 sub
548 655 860 725 praesentia
931 654 1164 709 Domini
1246 671 1477 726 semper
1549 653 2017 726 complerentur:

374 743 533 799 velut
563 743 876 814 disponere
908 743 1241 814 prandium,
1275 744 1467 798 cibum
1502 760 1728 815 capere,
1777 741 2018 810 esurire,

376 831 653 897 saturari,
678 831 903 902 ingesta
925 832 1495 902 digerere,exhausta
1515 831 1805 904 complere
1824 851 1838 894 ς
1863 836 2020 885 taceo

374 922 446 977 de
476 921 719 986 caeteris,
756 937 882 992 quae
940 919 1228 991 exquisite
1283 925 1340 975 et
1387 926 1581 976 coacte
1629 921 1740 992 [AL
1800 921 2018 991 coacta]

373 1009 678 1083 replicant:
706 1014 770 1064 ut
790 1009 1083 1064 allirment
1106 1009 1285 1065 fuisse
1308 1008 1543 1082 aliquod
1568 1015 1800 1082 tempus
1819 1009 1876 1064 in
1906 1025 2019 1080 quo

371 1099 591 1155 Paulus
613 1099 804 1153 dicere
827 1115 940 1152 non
964 1099 1241 1165 auderet;
1273 1100 1394 1154 Vivo
1429 1099 1550 1169 jam
1585 1114 1692 1153 non
1726 1115 1846 1167 ego,
1888 1099 2021 1153 vivit

369 1205 494 1245 vero
525 1190 581 1243 in
604 1204 690 1243 me
711 1188 956 1243 Christus
978 1187 1400 1258 (Galat.u,28);
1434 1194 1490 1243 et
1532 1187 1704 1244 illud:
1731 1189 1811 1243 An
1851 1203 2016 1259 expe-

370 1280 666 1332 rimentum
705 1278 952 1348 quierim
976 1278 1092 1347 ejus
1123 1278 1218 1348 qui
1248 1279 1307 1330 in
1337 1293 1428 1331 me
1474 1279 1716 1347 loquitur
1769 1276 2020 1331 Christus

369 1367 446 1436 (11
476 1367 597 1421 Cor.
633 1383 754 1435 xm,
803 1365 905 1434 3)?
957 1364 1156 1432 Quale,
1209 1365 1506 1436 inquiunt,
1556 1364 2016 1437 experimentum

369 1453 585 1510 Christi
614 1459 720 1524 est,
753 1453 991 1508 audire:
1035 1455 1304 1509 Penutam
1351 1471 1516 1524 quam
1564 1455 1769 1525 reliqui
1815 1454 2019 1508 Troade

370 1543 525 1615 apud
557 1543 807 1614 Carpam,
843 1544 1061 1597 veniens
1089 1548 1267 1597 tecum
1297 1543 1434 1614 aﬂer
1482 1542 1550 1614 (Il
1604 1544 1716 1596 Tim
1780 1559 1853 1608 1v,
1905 1543 2012 1614 13).

373 1631 600 1687 Eiillud
633 1632 704 1686 ad
756 1630 1028 1686 Galatas:
1079 1633 1297 1687 Utinam
1335 1637 1385 1686 et
1433 1632 1761 1687 excit/antur
1789 1633 1883 1702 qui
1927 1648 2015 1686 vos

365 1720 700 1776 conturbant
738 1720 932 1790 (Galat.
965 1736 1020 1784 v,
1055 1719 1162 1790 12).
1195 1720 1261 1774 Ει
1313 1719 1370 1773 ἱη
1420 1719 1527 1774 hac
1577 1720 1703 1791 ipsa
1760 1719 2017 1791 Epistola

366 1809 529 1879 (vers.
563 1810 683 1878 22):
715 1808 893 1863 Simul
921 1812 1110 1864 autem
1139 1816 1190 1864 et
1216 1823 1473 1880 praepara
1503 1809 1644 1862 mihi
1693 1810 2011 1880 hospitium.
2046 1841 2094 1905 B

363 1901 484 1952 Hoc
534 1902 731 1952 autem
795 1914 908 1952 non
971 1896 1159 1952 solum
1212 1896 1510 1968 apostolis,
1557 1898 1659 1952 sed
1718 1896 2018 1968 prophetis

373 2003 608 2058 quoque
634 1985 906 2041 similiter
935 1985 1253 2041 accidisse:
1288 1987 1443 2041 unde
1487 1985 1699 2058 saepius
1732 1985 2017 2056 scriptum

364 2076 634 2132 feratur:
691 2079 919 2131 Factum
978 2083 1053 2130 est
1107 2075 1330 2129 verbum
1385 2077 1608 2130 Domini
1657 2075 1725 2129 (ut
1772 2075 2018 2129 Ezechiel

362 2166 592 2236 (Ezech.
628 2164 768 2229 XXll,
803 2167 852 2232 1,
891 2166 974 2232 17,
1007 2164 1124 2234 23),
1168 2164 1286 2219 sive
1336 2165 1406 2218 ad
1468 2163 1792 2236 quemlibet
1838 2163 2019 2219 alium

367 2252 788 2325 prophetarum
817 2269 828 2308 :
865 2251 1001 2323 quia
1023 2256 1154 2324 post
1183 2251 1476 2324 expletum
1501 2252 1862 2319 vaticinium,
1896 2269 2020 2307 rur-

368 2357 500 2398 sum
535 2342 592 2396 in
627 2345 811 2397 semet
842 2347 1153 2410 revertens,
1187 2341 1360 2395 homo
1391 2340 1744 2407 communis,
1779 2340 1942 2395 fieret
1991 2356 2020 2395 e

373 2429 685 2502 propheta:
717 2435 773 2484 et
803 2434 1038 2501 excepto
1073 2429 1315 2484 Domino
1357 2435 1552 2484 nostro
1600 2429 1737 2484 Jesu
1791 2428 2019 2484 Christo

370 2517 432 2573 in
456 2517 618 2574 nullo
644 2522 911 2573 sanctum
937 2517 1219 2589 Spiritum
1244 2517 1638 2588 permansisse
1664 2515 1767 2587 [Αἰ.
1790 2533 2020 2571 reman-

371 2607 563 2678 sisse].
599 2607 760 2670 Quod
796 2607 1028 2678 signum
1064 2611 1119 2660 et
1141 2608 1390 2662 Joannes
1415 2606 1676 2678 Baptista
1697 2609 2016 2678 acceperat,

373 2703 441 2752 ut
471 2713 647 2768 super
676 2713 849 2767 quem
881 2695 1122 2750 vidisset
1152 2694 1433 2767 Spiritum
1464 2699 1733 2750 sanctum
1781 2695 2020 2750 descen-

373 2786 609 2841 dentem
642 2789 698 2838 et
729 2789 1060 2839 manentem
1096 2783 1252 2851 ineo,
1283 2783 1476 2854 ipsum
1500 2801 1628 2839 esse
1649 2787 2024 2856 cognosceret

373 2874 555 2945 (Joan.
623 2891 660 2932 ι.
721 2874 829 2944 33).
890 2874 968 2927 Ex
1029 2890 1144 2944 quo
1196 2872 1450 2928 ostendit
1492 2873 1598 2943 (At.
1668 2873 2020 2944 ostenditur)

375 2963 722 3018 743-744
753 2979 930 3033 super
982 2960 1199 3016 multos
1232 2960 1463 3032 quidem
1498 2962 1852 3016 descendere
1898 2963 2021 3032 Spi-

374 3051 552 3106 ritum
589 3055 892 3116 sanctum;
929 3051 1025 3104 sed
1060 3049 1362 3121 proprium
1396 3048 1502 3104 hoc
1524 3065 1654 3104 esse
1705 3048 2023 3104 Salvatoris

369 3139 624 3212 insigne,
650 3138 791 3210 quia
818 3143 1158 3210 permaneat
1182 3137 1238 3191 in
1264 3153 1349 3192 eo.
1376 3136 1474 3191 His
1500 3141 1556 3191 et
1578 3137 1803 3192 caeteris
1825 3137 2020 3192 istius-

373 3207 556 3293 modi,
589 3207 794 3283 volunt
821 3207 924 3282 aut
955 3225 1273 3298 Epistolam
1309 3243 1421 3281 non
1440 3243 1568 3282 esse
1594 3225 1778 3294 Pauli,
1805 3226 2015 3297 quaead
2048 3207 2090 3274 (ἶ

375 3316 775 3372 Philemonem
809 3315 1120 3370 scribitur:
1154 3319 1258 3369 aut
1287 3316 1461 3369 etiam
1495 3316 1540 3370 si
1576 3314 1734 3370 Pauli
1759 3315 1852 3379 sit,
1876 3314 2018 3369 nihil

375 3405 589 3461 habere
621 3405 775 3477 quod
811 3405 1099 3460 mdiﬁcare
1147 3421 1251 3459 nos
1301 3403 1520 3474 possit;
1555 3409 1609 3459 et
1640 3421 1674 3458 a
1720 3403 2020 3475 plurisque

369 3493 663 3550 veteribus
691 3493 1079 3565 repudiatam,
1114 3494 1252 3548 dum
1284 3493 1732 3548 commendandi
1790 3497 2019 3547 tantum

369 3583 665 3639 scribatur
694 3583 906 3650 ofﬁcio,
943 3599 1057 3637 non
1108 3582 1376 3637 docendi.
1430 3584 1502 3636 At
1547 3583 1870 3637 econtrario
1918 3581 2016 3653 qui

369 3689 662 3746 germanae
697 3671 1064 3727 auctoritatis
1092 3687 1220 3726 eam
1253 3688 1382 3726 esse
1436 3671 1776 3742 defendunt,
1817 3671 2020 3726 dicunt

368 3778 678 3832 nunquam
720 3760 776 3815 in
828 3765 948 3816 toto
1002 3761 1139 3816 orbe
1172 3760 1462 3815 acunctis
1516 3759 1787 3815 Ecclesiis
1838 3760 2018 3815 fuisse

367 3854 729 3922 susceptam,
766 3847 878 3904 nisi
911 3848 1074 3904 Pauli
1109 3847 1357 3920 apostoli
1389 3849 1753 3903 crederetur:
1804 3854 1860 3904 et
1911 3849 2018 3905 hac

364 3937 490 4011 lege
512 3954 586 3993 ne
608 3937 927 3992 secundam
946 3936 1184 4008 quidem
1213 3937 1284 3990 ad
1309 3936 1702 4001 Timotheum,
1730 3940 1788 3991 et
1811 3937 1882 3991 ad
1906 3936 2016 3991 Ga-

363 4025 512 4082 latos
543 4042 643 4082 eos
670 4026 880 4081 debere
912 4027 1232 4098 suscipere,
1256 4027 1327 4080 de
1357 4025 1574 4096 quibus
1590 4031 1644 4080 et
1666 4025 1789 4096 ipse
1806 4024 2016 4081 huma-

365 4132 450 4170 ηαξ
483 4113 885 4171 imbecilitatis
934 4113 1200 4186 exempla
1246 4113 1691 4187 protulerunt‘:
1748 4115 2015 4170 Penutam

361 4220 525 4276 quam
555 4204 763 4275 reliqui
821 4203 1022 4258 Troade
1067 4202 1214 4274 apud
1261 4204 1506 4274 Carpam
1559 4203 1782 4258 veniens
1833 4211 2012 4257 tecum

357 4293 500 4363 aﬂer
545 4293 618 4363 (II
648 4293 759 4347 Tim
817 4308 890 4346 iv.
927 4292 1053 4361 15);
1107 4295 1202 4346 et:
1256 4293 1486 4349 Utinam
1537 4291 1865 4346 excidantur
1909 4295 2008 4364 qui

358 4397 451 4436 vos
483 4381 819 4436 conturbant
847 4379 1048 4452 (Galat.
1080 4397 1134 4447 v,
1185 4381 1291 4451 12).
1349 4380 1594 4436 inveniri
1655 4379 1909 4452 plurima
1958 4384 2016 4437 et

362 4469 434 4525 ad
472 4471 785 4537 Romanos,
815 4474 873 4524 et
903 4469 974 4524 ad
1007 4473 1242 4525 caeteras
1297 4469 1585 4525 Ecclesiae
1644 4470 2014 4542 maximeque

2133 579 2260 619 esse
2286 568 2342 618 et
2373 563 2443 618 ad
2478 563 2985 629 Philemonem,ex
3017 562 3351 633 praejudicio
3379 562 3662 618 similium
3691 577 3784 617 re-

2134 658 2457 725 ceptarum.
2490 651 2672 708 Valde
2704 656 2897 707 autem
2931 668 3030 707 eos
3054 656 3111 706 et
3132 650 3476 722 simpliciter
3496 667 3712 716 errare,
3733 649 3783 706 si

2135 746 2342 814 putent
2399 743 2590 798 cibum
2636 758 2847 811 emere,
2899 740 3214 812 hospitium
3247 756 3585 811 praeparare,
3608 741 3784 795 vesti-

2135 836 2330 886 menta
2358 831 2720 903 conquirere,
2766 848 2893 887 esse
2943 835 3270 902 peccatum,
3303 833 3360 884 et
3408 844 3666 884 asserere
3698 829 3786 882 fu-

2133 938 2199 994 ge
2215 922 2257 975 ri
2277 923 2298 955 ³
2321 921 2603 992 Spiritum
2629 925 2920 990 sanctum,
2947 921 2994 975 si
3014 918 3347 990 corpusculi
3370 917 3668 990 paulisper
3690 933 3789 971 ne-

2133 1010 2509 1066 cessitatibus
2555 1010 2899 1065 serviamus.
2955 1009 3154 1072 Nolite,
3216 1007 3408 1078 inquit
3449 1005 3784 1078 Apostolus,

2128 1101 2453 1155 contristare
2481 1099 2752 1171 Spiritum
2795 1112 3064 1168 sanctum,
3100 1100 3159 1152 in
3189 1113 3292 1168 quo
3320 1097 3531 1164 signati
3559 1097 3688 1149 estis
3721 1098 3780 1149 in

2128 1188 2217 1243 die
2271 1189 2657 1260 redemptionis
2687 1189 2906 1259 (Ephes.
2943 1204 3016 1251 IV,
3060 1187 3172 1257 30).
3233 1185 3458 1249 Quibus
3507 1184 3781 1256 operibus

2129 1277 2379 1348 Spiritus
2410 1283 2648 1331 sanctus
2681 1277 3062 1332 contristetur
3092 1275 3374 1347 propheta
3413 1289 3770 1328 commemo-

2129 1371 2236 1432 rat,
2272 1365 2472 1420 multis
2503 1366 2559 1420 in
2593 1365 2792 1422 ordine
2822 1365 2976 1420 vitiis
3010 1364 3378 1435 peccatisque
3393 1361 3661 1434 digestis,
3693 1362 3766 1416 ad

2127 1460 2452 1510 extremum
2495 1455 2786 1510 inferens:
2840 1459 2901 1508 In
2943 1454 3192 1509 omnibus
3249 1454 3367 1507 istis
3415 1449 3770 1506 contristabas

2126 1561 2210 1598 me
2240 1544 2452 1614 (Thren.
2486 1562 2539 1610 v,
2574 1546 2685 1613 22).
2719 1543 2990 1614 Alioquin
3032 1541 3273 1597 calicem
3325 1558 3487 1612 aquas
3546 1539 3768 1610 frigidae

2126 1633 2442 1704 porrigere,
2486 1635 2662 1705 pedes
2683 1631 2894 1696 lavare,
2922 1629 3226 1686 immolare
3255 1630 3526 1694 vitulum,
3586 1644 3762 1698 pran-

2125 1721 2286 1776 dium
2316 1739 2662 1794 praeparare,
2698 1726 2998 1794 peccatum
3049 1721 3161 1775 sit:
3219 1737 3350 1774 cum
3401 1718 3658 1773 sciamus
3701 1732 3769 1771 ex

2130 1809 2222 1865 his
2256 1811 2428 1866 rebus
2459 1812 2514 1864 in
2552 1811 2644 1865 Dei
2678 1811 2966 1882 quosdam
3001 1809 3151 1864 filios
3183 1809 3447 1880 adoptari
3469 1807 3496 1859 ?
3528 1810 3650 1861 Non
3682 1809 3772 1859 est

2130 1898 2308 1970 hujus
2365 1900 2647 1972 temporis
2697 1901 2767 1954 ad
2800 1899 2997 1954 omnia
3031 1898 3416 1969 respondere:
3473 1894 3612 1966 quia
3663 1909 3770 1948 nec

2129 1989 2348 2054 omnia,
2382 2007 2508 2060 qua;
2541 1988 2621 2042 illi
2658 2003 2980 2061 preponere
3013 1976 3221 2053 solent,
3255 1982 3767 2047 intulimus.Quod

2128 2077 2175 2133 si
2211 2095 2324 2132 non
2359 2082 2567 2149 putant
2588 2094 2787 2132 eorum
2817 2093 2945 2132 esse
2977 2092 3151 2148 parva
3173 2091 3423 2146 quorum
3455 2077 3510 2128 et
3559 2087 3772 2143 magna

2129 2173 2288 2232 sunt,
2318 2168 2566 2221 alterum
2598 2166 2739 2221 mihi
2768 2165 3348 2235 Conditorem,juxta
3369 2160 3767 2227 Valentinum,

2131 2256 2484 2310 Marcionem
2517 2255 2848 2327 etApellen,
2883 2251 3472 2320 f3rmicas,vermium,
3494 2249 3771 2313 culicum,

2128 2343 2529 2400 locustarum:
2563 2344 2810 2400 alterum
2843 2343 2992 2409 coeli,
3017 2348 3200 2414 terrai,
3244 2342 3446 2406 maris,
3495 2346 3550 2396 et
3597 2355 3772 2412 ange-

2130 2435 2320 2491 lorum
2354 2435 2565 2490 debcnt
2596 2434 2981 2489 introducere.
3014 2434 3096 2486 An
3133 2431 3328 2503 potius
3361 2430 3624 2500 ejusdem
3675 2445 3774 2500 po-

2130 2525 2322 2580 tentiae
2345 2529 2455 2591 est,
2489 2524 2786 2596 ingenium
2822 2521 3053 2594 quodin
3083 2519 3403 2591 majoribus
3427 2516 3773 2581 exercueris,

2129 2615 2305 2669 etiam
2336 2613 2392 2668 in
2431 2613 2756 2668 minoribus
2780 2629 2893 2667 non
2918 2627 3127 2684 negare
3145 2611 3172 2664 ?
3196 2614 3260 2664 Et
3289 2608 3565 2682 quoniam
3619 2606 3772 2662 Mar-

2130 2703 2314 2758 cionis
2347 2702 2594 2758 fecimus
2645 2701 3025 2770 mentionem,
3061 2699 3223 2754 Pauli
3273 2714 3402 2754 esse
3449 2695 3770 2769 Epistolam

2131 2793 2200 2847 ad
2227 2791 2624 2846 Philemonem
2644 2790 2847 2846 saltem
2869 2787 3161 2844 Marcione
3176 2791 3407 2842 auctore
3423 2783 3773 2840 doceantur3

2130 2881 2235 2947 Qui
2269 2897 2401 2936 cum
2438 2885 2672 2936 caeteras
2705 2877 2998 2951 Epistolas
3029 2877 3294 2946 ejusdem
3321 2873 3411 2930 vel
3438 2891 3551 2929 non
3575 2888 3776 2928 susce-

2131 2971 2300 3042 perit,
2333 2970 2419 3024 vel
2453 2969 2718 3040 quaadam
2750 2967 2809 3022 in
2844 2967 2933 3022 his
2966 2964 3278 3020 mutaverit
3314 2968 3489 3035 atque
3517 2977 3774 3018 corrose-

2131 3055 2223 3121 rit,
2255 3057 2311 3110 in
2345 3055 2497 3110 hanc
2525 3054 2710 3110 solam
2745 3071 2958 3110 manus
2991 3070 3109 3108 non
3144 3057 3230 3107 cst
3275 3067 3457 3110 ausus
3509 3050 3773 3104 mittere:

2129 3145 2268 3218 quia
2290 3161 2396 3199 sua
2420 3144 2579 3199 illam
2604 3144 2858 3199 brevitas
2881 3142 3244 3197 defendebat.
3271 3140 3378 3196 Sed
3406 3139 3549 3194 mihi
3571 3139 3774 3193 viden-

2127 3239 2246 3296 tur,
2266 3234 2405 3288 dum
2423 3231 2726 3304 epistolam
2753 3229 3151 3302 simplicitatis
3175 3233 3451 3301 arguunt,
3474 3244 3641 3283 suam
3668 3226 3775 3281 im-

2131 3323 2397 3395 peritiam
2422 3323 2686 3394 prodere,
2711 3337 2820 3376 non
2852 3318 3244 3391 intelligentes
3275 3317 3415 3390 quid
3440 3317 3496 3372 in
3525 3315 3773 3389 singulis

2131 3413 2502 3468 sermonibus
2532 3410 2766 3466 virtutis
2789 3426 2852 3464 ac
2874 3407 3168 3480 sapientiae
3191 3407 3386 3463 lateat.
3412 3409 3568 3473 Quae,
3599 3422 3771 3462 oran-

2129 3500 2288 3555 tibus
2312 3500 2560 3563 vobis,et
2581 3497 2706 3569 ipso
2733 3497 2902 3553 nobis
2928 3503 3132 3550 sancta
3157 3494 3374 3566 Spiritu
3402 3498 3772 3565 suggerente,

2130 3605 2246 3660 quo
2277 3589 2496 3660 scripta
2526 3592 2685 3653 sunt,
2721 3585 2844 3642 suis
2876 3584 3020 3640 locis
3049 3583 3354 3655 explanere
3407 3581 3770 3638 conabimur.

2127 3677 2186 3732 Si
2219 3681 2412 3731 autem
2446 3675 2696 3731 brevitas
2727 3675 2977 3729 habetur
3007 3671 3387 3744 contemptui,
3437 3675 3772 3727 contemna-

2128 3771 2224 3822 tur
2254 3765 2488 3831 Abdias,
2523 3763 2776 3828 Nahum,
2809 3761 3158 3835 Sophonias,
3203 3765 3259 3817 et
3307 3761 3405 3816 alii
3463 3759 3772 3816 duodecim

2127 3854 2542 3928 prophetarum
2575 3854 2678 3925 [Αἰ.
2707 3851 3040 3924 propheta].
3087 3851 3426 3908 745-746
3466 3850 3525 3904 in
3558 3848 3774 3920 quibus

2127 3948 2248 3999 tam
2284 3943 2431 3997 mira
2461 3947 2517 3997 et.
2559 3947 2675 3996 tam
2711 3940 2957 4012 grandia
3006 3944 3146 3994 sunt
3193 3955 3320 4010 quae
3371 3938 3658 4002 feruntur,
3705 3941 3772 3991 ut

2127 4031 2353 4087 nescias
2383 4035 2580 4085 utrum
2613 4030 2953 4084 brevitatem
2988 4043 3346 4089 sermonum,
3369 4024 3559 4079 inillis
3581 4023 3768 4079 admi-

2125 4120 2241 4176 rari
2272 4121 2504 4189 debeas,
2541 4135 2613 4173 an
2648 4116 3117 4191 magnitudinem
3150 4130 3455 4169 sensuum.
3495 4113 3656 4177 Quod
3687 4112 3765 4166 sit

2123 4208 2518 4282 intelligerent
2549 4207 2629 4271 hi,
2662 4207 2762 4278 qui
2796 4204 3111 4278 Epistolam
3147 4203 3216 4258 ad
3253 4201 3649 4257 Philemonem
3683 4217 3770 4256 re-

2123 4299 2390 4372 pudiant,
2444 4313 2746 4367 nunquam
2797 4293 3139 4349 brevitatem
3187 4291 3587 4363 despicerent:
3639 4307 3767 4362 quis

2123 4405 2226 4460 pro
2280 4385 2577 4442 laciniosis
2628 4383 2772 4455 legis
2823 4381 3118 4450 oneribus,
3169 4379 3498 4453 evangelico
3567 4379 3770 4434 decore

2123 4475 2450 4547 conscripta
2479 4478 2588 4540 est,
2621 4473 2762 4528 dum
2797 4471 3121 4527 breviatum
3173 4471 3771 4538 consummatumque

364 4557 436 4613 ad
460 4557 791 4614 Corinthios
815 4557 1123 4613 remissius
1144 4563 1199 4613 et
1221 4557 1560 4629 quotidiano
1579 4575 1722 4629 pene
1744 4575 2013 4614 sermone
2042 4577 2090 4642 D
2124 4580 2454 4620 sermonem
2489 4561 2626 4616 facit
2655 4560 2940 4616 Dominus
2970 4575 3147 4630 super
3195 4562 3408 4613 terram
3468 4558 3640 4626 (Rom.
3693 4571 3767 4620 rx,

359 4645 601 4714 dictata,
643 4647 702 4702 in
764 4647 980 4720 quibus
1036 4646 1352 4719 Apostolus
1408 4646 1718 4719 loquatur:
1780 4651 2012 4706 (laeteris

357 4744 548 4792 autem
575 4751 674 4805 ego
694 4735 835 4806 dico,
857 4751 966 4792 non
1008 4737 1270 4792 Dominus
1301 4737 1343 4807 (Ι
1378 4735 1496 4791 Cor.
1555 4753 1654 4804 vn,
1690 4737 1796 4807 12).
1855 4738 2010 4802 Quas

355 4829 414 4880 et
440 4824 602 4897 ipsas
617 4825 756 4897 quia
777 4824 999 4896 aliquid
1022 4824 1137 4880 tale
1159 4824 1396 4892 habent,
1420 4829 1520 4879 aut
1538 4824 1701 4880 Pauli
1723 4825 2012 4897 epistolas

355 4929 477 4987 lent
508 4930 1010 5004 hancuEpistolam
1044 4931 1296 5004 recipere
1329 4937 1393 4988 ut
1441 4931 1605 4988 Pauli
1665 4933 2009 5004 Epistolam,

352 5019 470 5058 non
499 5019 602 5075 pro
635 5002 752 5058 illis
783 5003 883 5075 qui
916 5002 1272 5075 contrarium
1307 5005 1670 5059 asserebant.
1696 5002 1844 5061 Illud
1878 5021 2010 5062 vero

352 5091 468 5130 non
499 5074 830 5148 ferendum,
853 5075 1020 5148 quod
1052 5091 1119 5130 ex
1148 5074 1258 5130 hac
1283 5081 1693 5148 praeconccpta
1732 5076 2009 5148 opinione

348 5150 570 5217 textum
606 5150 667 5201 8.
708 5145 899 5202 Patris
932 5146 990 5200 in
1041 5145 1400 5202 contrarium
1449 5145 1691 5203 sensum
1739 5145 2006 5217 mutarit,

351 5216 672 5289 legeritque
702 5233 772 5272 ex
802 5217 1091 5288 corruptis
1121 5218 1441 5274 codicibus.
1495 5219 1599 5286 Qui
1642 5220 1834 5274 volunt
1869 5216 2012 5276 inter

351 5288 646 5360 Epistolas:
681 5293 817 5354 etc.,
851 5305 954 5360 pro
983 5289 1196 5361 nolunt.
1232 5289 1456 5361 Clamat
1486 5307 1577 5346 res
1606 5289 1756 5361 ipsa,
1820 5296 2007 5346 totus-

352 5359 468 5434 que
499 5364 806 5434 contextus
838 5359 1168 5434 eorumbic
1201 5360 1445 5434 proponi
1477 5359 1845 5434 argumenta,
1907 5363 2008 5434 qui

352 5430 504 5504 hanc
535 5430 852 5504 Epistolam
887 5430 1288 5502 repudiarent:
1311 5430 1502 5504 idque
1533 5430 1598 5487 eo
1628 5432 1847 5488 certius
1897 5430 2004 5497 est,

354 5503 510 5575 quod
543 5501 747 5575 eadem
781 5501 964 5574 plane
983 5508 1039 5556 et
1061 5504 1215 5573 apud
1234 5501 1741 5575 Chrysostomum,
1771 5509 1829 5557 et
1850 5507 2006 5575 apud

353 5573 860 5655 fl‘hcopbylactum
876 5581 1218 5655 causentur,
1238 5575 1297 5630 hi
1329 5573 1428 5648 qui
1453 5576 1632 5647 hujus
1657 5573 2010 5647 germanita-

354 5650 476 5700 tem
493 5645 842 5718 _s_criptionis
873 5645 1242 5718 impugnant.

432 5719 449 5754 ι
492 5715 862 5774 Ματῐὶαηωυε
894 5715 1026 5790 post
1046 5715 1386 5789 ’Erasmum,
1417 5725 1471 5778 et
1493 5720 1600 5793 ipsi
1619 5720 1884 5778 humane
1909 5721 2009 5776 im-

2119 4654 2233 4725 28).
2281 4652 2389 4707 Sed
2413 4653 2537 4722 jam
2583 4650 2712 4722 ipsa
2761 4646 3021 4721 Apostoli
3069 4647 3240 4702 verba
3293 4643 3562 4718 ponenda
3609 4646 3768 4708 sunt,

2123 4759 2254 4815 quae
2285 4741 2365 4796 ita
2395 4737 2701 4811 incipiunt.

2123 4937 2392 4994 becitlatis
2423 4935 2673 5008 exempla
2697 4933 3064 5007 protulerunt.

2191 5010 2213 5043 ²
2243 5009 2426 5064 Penes
2456 5001 2880 5071 Martian'aum,
2911 5021 3158 5061 asserere
3185 5022 3220 5061 a
3248 5020 3303 5077 se
3331 5003 3615 5077 refugerit
3661 5001 3769 5058 Va-

2120 5079 2288 5136 culas
2315 5097 2349 5134 a
2379 5095 2454 5134 se.
2488 5079 2709 5146 Victor,
2741 5077 3042 5149 expungit.
3091 5078 3198 5133 Sed
3251 5074 3440 5149 ipsam
3463 5074 3769 5149 'Rabanus

2122 5150 2591 5225 praepositionem
2625 5144 2703 5204 inv
2729 5144 2902 5205 verbo
2937 5144 3201 5225 fre/ugari
3248 5144 3492 5218 ignorat.
3542 5144 3768 5217 Perspi-

2121 5220 2297 5278 cuum
2322 5237 2532 5293 nempe
2549 5226 2656 5288 est,
2682 5237 2750 5293 ex
2792 5220 3035 5292 repetito
3066 5221 3263 5283 verbo,
3296 5233 3555 5285 asserere,
3594 5233 3766 5272 voces

2118 5293 2251 5349 illas
2285 5291 2502 5348 temere
2536 5292 2716 5348 fuisse
2738 5291 3017 5347 intrusas.

2189 5363 2658 5428 'Tertullianus,
2717 5363 2820 5417 lib.
2881 5380 2914 5414 ν
2961 5371 3153 5418 contra
3202 5363 3549 5429 Marcionem,
3613 5376 3760 5432 cap.

2118 5435 2325 5492 ultimo
2351 5453 2362 5490 :
2387 5460 2413 5484 «
2438 5434 2553 5490 Soli
2586 5435 2718 5489 huic
2741 5433 3005 5506 Ερίεΐοιω
3030 5433 3277 5490 brevitas
3304 5449 3413 5489 sua
3434 5431 3669 5506 profuit,
3697 5431 3762 5506 ut

2118 5509 2386 5563 falsarias
2420 5524 2632 5562 manus
2663 5503 2974 5561 Marcionis
3003 5507 3288 5561 evaderet.
3316 5529 3343 5556 »
3380 5503 3450 5560 Et
3495 5505 3566 5559 ab
3616 5503 3761 5575 ipsis

2115 5583 2311 5635 tamen
2364 5579 2720 5634 Marcionitis
2775 5577 2925 5633 hanc
2974 5578 3162 5649 ipsam
3211 5578 3444 5650 penitus
3500 5575 3761 5650 vitiatam

2116 5651 2272 5708 dolet
2321 5649 2715 5776 Sglpiphanius,
2761 5653 2960 5707 contra
2984 5645 3229 5720 JIaeres,‘
3257 5649 3360 5706 lib.
3395 5667 3434 5717 1,
3495 5656 3621 5719 Cap.
3675 5645 3762 5708 4-1,

2119 5739 2286 5776 num.
2361 5762 2374 5776 .

2119 5739 2286 5781 num.
2321 5739 2374 5778 ν.
