4066 6190
356 320 477 386 639

361 462 1741 492 Μ

1608 341 1672 400 S.
1722 338 2030 403 EUSEBII
2077 340 2526 403 HIERONYMI

3615 310 3717 401 sic

1561 618 2052 707 INCIPIT
2140 622 2553 711 LIBER.

1844 807 2248 823 ᾖ

436 922 621 995 (Vers.
652 928 889 1002 iseqq.)
917 957 937 987 α
971 933 1188 993 Paulus
1216 936 1447 995 vinctus
1484 938 1697 996 Christi
1725 943 1887 1007 Jesu,
1947 943 2004 994 et
2032 935 2089 1002 A
2121 935 2284 995 nulla
2312 939 2612 1012 Scriptura
2642 940 2950 994 memorat.
2981 936 3274 992 Audacter
3302 934 3494 1006 itaque
3514 932 3719 1000 faciam,

359 1008 701 1073 Timotheus
733 1019 929 1089 frater,
962 1022 1284 1081 Philemoni
1317 1027 1526 1085 dilecto
1555 1034 1612 1085 et
1639 1030 1996 1102 coop‘eratori

2111 1031 2211 1087 sed
2246 1030 2390 1085 forte
2418 1044 2549 1084 vere
2579 1028 2651 1083 de
2680 1027 2922 1082 Actibus
2952 1023 3369 1097 Apostolorum
3391 1021 3719 1094 suspiciones

276 1104 279 1105 ⁷
355 1105 573 1174 nostro,
606 1109 665 1161 et
695 1109 935 1179 Appbim
969 1113 1176 1179 sorori,
1201 1119 1259 1169 et
1286 1116 1579 1190 Archippo
1613 1117 1996 1174 commilitoni
2109 1136 2273 1175 meas
2303 1119 2629 1185 afﬁrmans,
2662 1115 2936 1188 Legimus
2968 1115 3024 1169 in
3056 1113 3161 1181 eis,
3185 1112 3340 1184 quod
3369 1115 3593 1168 sanctus
3611 1109 3718 1180 Spi-

354 1194 575 1280 nostro,
601 1199 657 1248 et
689 1194 954 1253 Ecclesiae
977 1217 1104 1271 qua:
1138 1202 1194 1257 in
1227 1204 1401 1260 domo
1424 1210 1525 1261 tua
1546 1211 1653 1275 est,
1684 1209 1872 1280 gratia
1899 1224 1995 1262 vo-

355 1276 445 1333 bis
476 1285 533 1334 et
562 1298 674 1353 pax
704 1302 738 1339 a
765 1285 883 1342 Deo
915 1288 1081 1346 Patre
1110 1296 1330 1357 nostro,
1387 1298 1445 1350 et
1492 1276 1738 1351 Domin—o
1797 1301 1996 1352 nostro

352 1368 493 1457 (Iesu
526 1369 815 1430 Christo‘.
843 1397 870 1424 ››
908 1378 1262 1450 Praepostero
1296 1384 1499 1439 ordine
1515 1389 1689 1456 atque
1705 1401 1993 1457 perverso,

354 1452 414 1508 in
448 1456 734 1529 Epistolas
768 1464 926 1521 Pauli
958 1467 1165 1524 dictari
1198 1487 1232 1526 a
1261 1487 1355 1526 me
1384 1472 1546 1528 vobis
1579 1452 1809 1545 placuit.
1848 1475 2004 1539 Nam,

352 1559 485 1634 cum
519 1546 575 1603 id
603 1552 826 1624 crebro,
857 1570 890 1610 o
922 1555 1101 1613 Paula
1127 1563 1185 1614 et
1208 1560 1609 1630 Eustochium,
1638 1565 1910 1634 peteretis
1932 1568 1997 1618 ut

353 1631 647 1706 facerem;
697 1645 754 1696 et
810 1659 916 1716 ego
965 1646 1174 1702 obnixe
1223 1666 1294 1705 ne
1340 1650 1587 1707 facerem
1639 1631 1990 1721 recusarem,

351 1721 557 1779 saltem
591 1744 850 1798 parvam,
886 1737 943 1788 et
971 1750 1098 1805 quae
1129 1737 1293 1794 vobis
1327 1743 1390 1793 ut
1420 1756 1663 1795 numero
1695 1757 1994 1808 versuum,

351 1810 433 1901 ita
463 1828 642 1871 sensu
675 1833 909 1891 quoque
937 1827 993 1877 et
1023 1824 1229 1882 ordine
1256 1826 1565 1884 videbatur
1604 1832 1880 1901 extrema,
1931 1833 1996 1884 ut

353 1897 707 1961 dissererem
739 1909 1032 1981 coegistis.
1068 1913 1209 1969 Rem
1243 1915 1437 1987 itaque
1468 1916 1737 1988 principii
1789 1897 1995 1972 invfine

356 1990 609 2059 tentabo,
641 1999 697 2049 et
725 1998 879 2066 quod
912 1999 1066 2057 alius
1097 2001 1156 2058 in
1207 2004 1438 2060 exordio
1494 2005 1692 2061 statim
1734 2006 1993 2079 Apostoli

355 2086 659 2179 ίιιξεειιθιζει.
688 2100 890 2179 quare,
923 2093 1029 2179 aut
1061 2108 1176 2163 quo
1208 2097 1490 2166 tempore,
1524 2094 1612 2150 vel
1638 2112 1752 2167 quo
1777 2112 1991 2167 cogno-

353 2175 633 2240 minante,
656 2190 687 2229 e
711 2176 883 2233 Saulo
915 2178 1078 2235 Pauli
1110 2197 1322 2237 nomen
1374 2184 1681 2255 acceperit,
1736 2185 1845 2240 hoc
1886 2201 1991 2257 ego

2107 1210 2259 1263 ritus
2287 1206 2606 1262 Antiochize
2639 1204 2883 1260 dixerit:
2944 1203 3199 1275 Sepurate
3239 1200 3387 1255 mihi
3440 1199 3716 1254 Barnabam

2106 1307 2156 1352 et
2183 1296 2437 1366 Saulum,
2471 1297 2533 1351 in
2563 1310 2696 1366 opus
2726 1293 2800 1348 ad
2828 1291 2968 1365 quod
3004 1292 3279 1362 assumpei
3297 1305 3405 1345 eos.
3438 1290 3574 1343 Tunc
3599 1286 3715 1356 ieju-

2102 1390 2296 1441 nantes
2325 1389 2373 1439 el
2392 1388 2627 1451 orantes,
2660 1384 3099 1454 imponentesque
3143 1380 3222 1434 eis
3261 1393 3478 1439 manus,
3521 1376 3715 1430 dimise-

2104 1478 2234 1529 runt
2271 1474 2396 1530 illos
2450 1473 2584 1539 (Act.
2620 1489 2743 1539 XIII,
2800 1473 2856 1539 2,
2923 1470 2999 1539 3).
3059 1468 3166 1532 Qui
3224 1484 3362 1522 cum
3419 1464 3712 1521 Seleuciam

2101 1561 2277 1635 Syria;
2299 1560 2756 1630 descendissent,
2787 1564 2844 1614 et
2875 1557 3214 1629 navigantes
3241 1555 3591 1612 Salaminam
3626 1556 3713 1625 Cy-

2100 1651 2210 1725 pri,
2242 1668 2370 1722 quze
2403 1667 2555 1706 nunc
2584 1647 2924 1705 Constantia
2952 1647 3167 1703 dicitur
3190 1644 3602 1717 pervenissent,
3625 1642 3716 1696 ha-

2102 1744 2421 1812 berentque
2451 1756 2648 1795 secum
2680 1738 2739 1793 in
2773 1735 3098 1792 ministerio
3141 1733 3431 1790 Joannem
3487 1733 3715 1804 (propter

2100 1845 2271 1899 quem
2305 1834 2510 1900 postea
2536 1826 2985 1883 aedificatoribus
3008 1822 3272 1880 Ecclesiae
3300 1820 3559 1894 jurgium
3597 1836 3713 1875 con-

2100 1918 2341 1973 citatum
2374 1917 2483 1984 est)
2514 1922 2571 1972 et
2621 1916 2781 1972 omni
2838 1912 3035 1970 insula
3090 1916 3424 1984 peragrata,
3481 1908 3715 1980 Paphum

2100 2023 2288 2079 usque
2330 2005 2648 2071 venissent,
2696 2004 3043 2060 invenerunt
3113 2000 3434 2072 quemdam
3498 2010 3711 2068 magum

2101 2096 2207 2164 [Αἱ.
2234 2094 2538 2167 magnum]
2573 2091 3163 2165 pseudo-prophetam
3181 2087 3424 2145 nomine
3443 2084 3718 2151 Bar-Jesu,

2099 2200 2232 2239 cum
2265 2181 2610 2255 proconsule
2641 2180 2838 2250 Sergio
2872 2178 3049 2235 Paulo
3106 2177 3227 2232 viro
3274 2175 3578 2249 prudente.
3625 2170 3715 2237 Qui

347 2272 503 2370 pune
535 2260 721 2370 facepe
749 2266 1068 2338 compellor
1096 2286 1116 2323 :
1147 2286 1220 2325 ne
1248 2288 1345 2326 mu
1374 2273 1396 2305 ²
1426 2272 1686 2343 quidem,
1718 2277 1783 2328 ut
1838 2274 1986 2328 dici-
2017 2307 2064 2370 Β
2099 2272 2298 2329 accitis
2330 2272 2595 2327 Barnaba
2624 2274 2682 2327 et
2727 2267 2902 2370 Saulo
2933 2267 3043 2340 [AL
3104 2265 3333 2336 Paulo],
3381 2262 3720 2370 desiderabat

344 2349 460 2414 tur,
495 2352 631 2405 ante
660 2351 810 2408 hanc
841 2354 997 2411 diem
1027 2356 1087 2412 in
1118 2374 1253 2414 eum
1303 2359 1491 2416 facere
1534 2378 1733 2418 ausus.
1787 2362 1984 2433 Neque

340 2448 477 2489 vero
507 2440 838 2508 putandum
868 2448 976 2513 est,
1012 2449 1076 2499 ut
1104 2463 1137 2501 a
1166 2446 1625 2519 simplicioribus
1657 2449 1878 2505 Latinis
1909 2450 1985 2506 le-

341 2521 518 2593 gitur,
545 2524 779 2583 Saulum
807 2535 942 2588 ante
972 2531 1195 2589 dictum
1227 2551 1376 2602 esse,
1411 2541 1467 2594 et
1495 2554 1611 2594 non
1645 2538 1813 2595 Saul:
1847 2537 1985 2609 quia

343 2614 401 2665 et
428 2610 499 2668 de
527 2614 683 2670 tribu
714 2615 1018 2690 Benjamin
1051 2626 1176 2678 erat
1204 2624 1469 2697 (Philipp.
1520 2642 1606 2691 ιιι,
1632 2627 1710 2697 5),
1760 2625 1819 2681 in
1868 2643 1986 2697 qua

345 2697 455 2756 hoc
485 2719 694 2760 nomen
730 2706 1076 2767 familiarius
1106 2710 1450 2770 habebatur.
1484 2715 1787 2786 Siquidem
1809 2720 1866 2771 et
1886 2713 1986 2770 ille

344 2788 503 2860 Saul,
538 2808 635 2849 rex
660 2794 896 2864 Judaei,
931 2806 1268 2871 persecutor
1313 2803 1512 2871 David,
1546 2805 1616 2860 de
1645 2804 1801 2859 tribu
1832 2805 1982 2859 Ben-

334 2879 526 2950 jamin
568 2882 678 2939 fuit
716 2885 761 2958 (Ι
792 2888 917 2957 Reg.
950 2906 1028 2955 Ix,
1087 2907 1181 2957 xv,
1240 2908 1333 2947 xv:
1370 2893 1525 2964 seq.).
1580 2894 1741 2958 Quod
1787 2896 1981 2948 autem

336 2967 548 3027 Saulus
578 2988 613 3028 a
647 2973 812 3031 nobis
873 2976 1108 3050 dicitur,
1157 2996 1271 3036 non
1318 2980 1532 3037 mirum
1590 2987 1681 3037 est
1744 2982 1985 3037 Hebraea

333 3059 575 3116 nomina
588 3062 660 3118 ad
683 3062 1134 3124 similitudinem
1159 3068 1490 3127 Graecorum
1511 3075 1569 3127 et
1584 3071 1982 3127 Romanorum

339 3160 588 3204 casuum
646 3151 952 3221 declinari,
986 3160 1051 3211 ut
1083 3155 1236 3213 sicut
1266 3175 1368 3231 pro
1387 3159 1627 3232 Joseph,
1649 3159 1978 3230 Josephus:

342 3251 446 3307 pro
474 3236 677 3306 Jacob,
708 3240 963 3300 Jacobus
984 3260 1003 3297 ,ο
1052 3245 1134 3301 ita
1161 3263 1265 3318 pro
1294 3247 1429 3303 Saul
1469 3265 1720 3321 quoque,
1769 3247 1983 3304 Saulus

341 3323 402 3380 in
456 3332 655 3384 nostra
711 3328 914 3404 lingua
962 3349 1028 3388 ac
1086 3350 1357 3391 sermone
1401 3336 1645 3392 dicatur.
1697 3336 1985 3400 Quaeritur

336 3412 535 3486 igitur,
569 3432 693 3488 cur,
725 3424 827 3474 aut
855 3436 971 3491 quo
991 3421 1260 3492 jubente,
1291 3423 1378 3479 vel
1411 3426 1718 3496 antiquum
1768 3441 1980 3481 nomen

339 3503 623 3571 amiserit,
680 3506 770 3561 vel
823 3525 1040 3565 novum
1083 3512 1425 3583 sumpserit.
1487 3513 1559 3569 Ut
1607 3529 1677 3568 ex
1740 3514 1978 3581 Abram,

338 3591 637 3648 Abraham
668 3594 978 3652 diceretur.
1040 3597 1142 3654 Dei
1191 3599 1460 3671 jussione
1515 3602 1835 3672 perfectum
1893 3606 1982 3657 est

2093 2360 2194 2417 Dei
2223 2376 2552 2416 sermonem
2583 2362 2654 2415 ab
2677 2359 2760 2414 eis
2796 2353 2998 2414 audire
3027 2355 3186 2427 (Ibid.
3219 2356 3271 2423 4,
3310 2356 3387 2423 7).
3421 2353 3716 2410 Resistente

2090 2448 2290 2520 itaque
2322 2464 2490 2521 mago
2521 2447 2626 2521 [AL
2663 2446 2917 2518 magno],
2952 2449 3010 2501 et
3038 2462 3072 2500 a
3103 2444 3216 2499 {ide
3254 2448 3415 2500 recta
3469 2441 3710 2512 Sergium

2092 2532 2463 2609 depravan'te,
2499 2537 2698 2592 Saulus
2727 2534 2829 2606 (ait
2877 2533 3199 2604 Scriptura)
3250 2534 3359 2604 qui
3412 2534 3463 2587 et
3506 2530 3709 2593 Paulus,

2091 2625 2334 2697 repletus
2356 2626 2571 2698 Spiritu
2621 2633 2824 2692 sancto,
2879 2625 3097 2679 intuens
3153 2624 3216 2677 in
3270 2638 3406 2677 eum
3449 2619 3642 2689 dixit):
3671 2620 3714 2672 0

2091 2715 2252 2786 plene
2281 2715 2433 2770 omni
2462 2715 2603 2780 dolo,
2634 2719 2685 2770 et
2713 2714 2865 2769 omni
2907 2713 3154 2784 fallacia,
3215 2710 3311 2780 ﬁli
3353 2707 3578 2773 diaboli,
3622 2705 3715 2760 ini-

2089 2804 2235 2859 mice
2287 2804 2469 2859 omnis
2513 2803 2777 2876 justitiae,
2832 2816 2945 2856 non
2986 2799 3190 2855 desinis
3253 2800 3568 2855 subvertere
3619 2794 3720 2849 vias

2090 2891 2313 2948 Domini
2339 2900 2511 2947 rectas
2536 2896 2561 2945 γ
2617 2893 2683 2946 Et
2721 2906 2875 2955 nunc,
2914 2905 3030 2945 ecce
3077 2904 3280 2943 manus
3321 2888 3541 2943 Domini
3575 2898 3718 2955 super

2091 2990 2164 3047 te,
2185 2985 2237 3037 el
2264 2982 2373 3036 eris
2400 2996 2596 3050 caecus,
2627 2995 2737 3035 non
2767 2978 2955 3035 videns
2982 2978 3155 3035 solem
3174 2992 3351 3048 usque
3396 2976 3466 3031 ad
3510 2983 3715 3045 tempus,

2093 3071 2490 3142 Confestimque
2537 3068 2733 3125 cecidit
2779 3068 2839 3123 in
2879 3083 3008 3123 eum
3053 3066 3233 3134 caligo
3282 3069 3343 3120 et
3384 3065 3627 3128 tenebrae,
3672 3066 3715 3113 et

2092 3161 2366 3215 circuiens
2394 3159 2673 3231 quaerebat
2702 3157 2801 3228 qui
2835 3157 2892 3211 ei
2934 3171 3140 3212 manus
3189 3153 3379 3210 daret.
3440 3154 3573 3208 Tunc
3604 3164 3713 3222 pro-

2090 3249 2300 3319 consul,
2353 3265 2475 3303 cum
2543 3247 2765 3302 vidisset
2839 3249 3051 3316 [actum
3127 3243 3390 3314 credidit,
3460 3241 3719 3297 admirans

2090 3353 2256 3410 super
2301 3336 2553 3391 doctrina
2611 3335 2844 3391 Domini.
2891 3335 2958 3388 Et
3006 3349 3132 3388 cum
3171 3349 3206 3387 α
3250 3332 3444 3405 Papho
3493 3329 3719 3399 navigas-

2089 3434 2211 3482 sent
2236 3425 2467 3495 Paulus,
2500 3432 2553 3479 et
2578 3426 2676 3496 qui
2703 3440 2827 3478 cum
2883 3438 2943 3478 eo
2990 3429 3170 3492 erant,
3218 3425 3492 3477 venerunt
3537 3420 3717 3485 Perga:

2091 3513 2440 3586 Pamphyliae
2469 3513 2631 3584 (Ibid.
2668 3513 2877 3581 10-13).
2914 3511 3224 3584 Diligenter
3274 3510 3531 3576 attende,
3578 3503 3716 3576 quod

2090 3604 2186 3659 hic
2235 3603 2491 3675 primum
2550 3616 2763 3657 nomen
2820 3599 2984 3656 Pauli
3043 3599 3357 3672 acceperit.
3440 3598 3512 3654 Ut
3578 3593 3715 3650 enim

339 3677 472 3750 (Gen
504 3697 644 3748 xvu,
674 3682 731 3754 5)
764 3683 852 3755 (ut
881 3702 950 3742 ex
982 3687 1168 3755 Sarai,
1198 3670 1368 3744 Sarae
1415 3670 1763 3746 vocabulum
1822 3692 1984 3746 lieret
2011 3670 2054 3737 (ἶ
2092 3670 2305 3764 Scipio,
2342 3690 2607 3760 subjecta
2640 3692 2784 3746 747
2822 3689 3037 3757 Africa,
3070 3670 3336 3743 Africani
3369 3686 3480 3743 sibi
3528 3695 3715 3740 nomen

341 3767 506 3839 (Ibid.
535 3770 642 3841 15),
694 3788 857 3844 aque
904 3774 1002 3831 Dei
1030 3774 1343 3847 imperium
1378 3776 1505 3833 fuit.
1539 3778 1606 3833 Et
1636 3783 1700 3833 ut
1748 3779 1818 3833 ad
1878 3794 1980 3834 no-

338 3873 477 3914 vum
509 3863 974 3919 Instrumentum
1017 3864 1267 3933 veniam,
1299 3870 1362 3921 ut
1411 3865 1636 3933 Simon,
1686 3869 1845 3924 Petri
1887 3885 1984 3923 no-

341 3963 474 4003 men
534 3949 861 4022 acciperet:
922 3957 980 4008 et
1036 3952 1144 4008 ﬂlii
1200 3952 1482 4021 Zebedmi,
1555 3973 1701 4010 sane
1777 3957 1983 4012 enim3

340 4036 485 4107 (cum
525 4038 655 4110 ΠΩ),
686 4039 797 4095 hoc
844 4045 935 4097 est
990 4041 1101 4110 ﬁlii
1146 4044 1402 4110 tonitrui,
1450 4048 1816 4112 vocarentur,
1869 4048 1981 4100 Do-

338 4126 481 4182 mini
513 4128 698 4183 nostri
728 4129 868 4185 Jesu
888 4129 1102 4187 Christi
1124 4148 1259 4188 voce
1281 4138 1634 4204 praeceptum
1658 4138 1749 4188 est
1769 4133 1978 4204 ((Marc.

337 4232 422 4283 ιιι,
458 4217 661 4287 16ο17).
683 4217 872 4281 Quare
901 4224 1097 4276 autem
1132 4237 1163 4276 e
1192 4220 1368 4277 Saulo
1400 4220 1617 4277 Paulus
1656 4221 1849 4277 dictus
1881 4221 1980 4288 sit,

412 4361 428 4395 ¹
459 4357 761 4444 Additum,
803 4368 1006 4428 nostro,
1041 4378 1143 4444 nec
1189 4363 1420 4420 Grecus
1447 4363 1818 4439 archetypus,
1879 4381 1982 4421 nec

344 4446 490 4506 mss.
524 4436 709 4488 nostri
740 4438 1090 4506 agnoscunt.

410 4503 525 4579 "In
558 4520 702 4560 mss.
735 4503 1036 4579 codicibus
1066 4505 1351 4579 scriptum
1382 4522 1484 4578 pro
1515 4506 1741 4579 syllaba
1769 4525 1864 4564 mu
1893 4525 1981 4563 re-

338 4574 484 4703 geri,
514 4584 825 4659 nemutum
842 4577 1068 4658 quidem
1085 4594 1105 4638 ,·
1119 4574 1213 4658 .vel
1239 4593 1307 4632 ne
1325 4574 1538 4634 mbtum
1549 4574 1796 4661 quidem.
1823 4579 1984 4662 Unus

388 4689 400 4701 .
434 4646 668 4703 Martini
699 4665 733 4703 a
760 4651 994 4703 Campis
1027 4654 1236 4703 retinet
1264 4652 1325 4703 ut
1353 4652 1488 4703 tum.
1518 4650 1814 4703 Marianus
1845 4649 1984 4703 lenit

388 4689 400 4701 .
434 4646 668 4723 Martini
699 4665 733 4703 a
760 4646 994 4723 Campis
1027 4648 1236 4723 retinet
1264 4652 1325 4704 ut
1353 4646 1814 4723 tum._M'arianus
1845 4649 1985 4723 legit

340 4719 536 4793 mutii;
568 4719 668 4793 sed
703 4718 922 4793 melior
938 4723 1024 4793 est
1056 4718 1282 4793 syllaba
1310 4737 1406 4775 mu
1435 4720 1560 4776 sola
1605 4722 1731 4777 sine
1772 4718 1983 4777 litteris

338 4789 580 4864 additis.
597 4791 923 4864 Dicitenim
945 4789 1351 4864 Hieronymus,
1372 4807 1445 4847 ne
1460 4808 1553 4847 mu
1571 4793 1808 4864 quidem
1849 4797 1984 4848 ante

339 4860 489 4917 hanc
510 4860 664 4918 diem
686 4862 747 4918 in
789 4861 1033 4918 Paulum
1066 4878 1134 4917 ex
1163 4860 1345 4918 Saulo
1372 4864 1556 4918 facere
1588 4860 1770 4920 ausus
1827 4880 1982 4931 sum,

336 4931 395 5006 i_d
412 4938 524 5006 est,
548 4950 664 5006 non
683 4951 864 4991 ausus
886 4951 1014 4989 sum
1043 4933 1353 4989 mussitare
1368 4933 1494 5006 ,sive
1513 4950 1985 5006 mussare,quare

338 5003 556 5060 Paulus
579 5004 896 5103 dictu-epit,
929 5006 1027 5078 qui
1054 5010 1223 5103 a‘ntea
1238 5004 1456 5103 Saulus
1482 5003 1982 5103 vocabaturfMus.
2014 5037 2061 5103 Β

336 5091 460 5150 sure
489 5091 662 5150 porro
691 5076 910 5150 dictum
943 5076 1097 5149 quod
1132 5078 1282 5150 muti
1338 5094 1451 5132 non
1503 5076 1759 5149 amplius
1807 5095 1984 5150 quam

344 5148 415 5222 μῦ
443 5146 541 5202 mu
569 5146 791 5222 dicunt.
816 5146 978 5222 Puto‘
991 5154 1185 5204 autem
1222 5146 1637 5222 Hieronymum
1660 5146 1988 5222 sumpsisse

339 5217 460 5273 haec
491 5234 558 5273 ex
588 5217 843 5274 Varrone
875 5220 1101 5275 dicente
1126 5237 1138 5274 :
1164 5220 1315 5292 Quod
1343 5217 1637 5292 minimum
1680 5228 1774 5285 est,
1798 5217 1991 5292 'neque

339 5298 399 5373 ut
428 5291 606 5355 aiunt,
643 5294 714 5373 (in
741 5295 922 5373 [acere
945 5292 1126 5373 audet,
1158 5290 1303 5347 Vide
1472 5308 1527 5347 vx
1556 5292 1621 5347 de
1859 5290 1984 5349 Lat.

341 5360 528 5416 Man'r.
563 5360 895 5426 —'Qnidem
930 5379 1072 5419 mss.
1106 5367 1232 5417 tum
1269 5363 1460 5429 nobis,
1491 5380 1627 5419 cum
1655 5364 1988 5420 Martianzeo

337 5430 609 5515 inspecti,
650 5447 723 5515 _ne
776 5436 989 5515 mutum
1032 5437 1331 5515 Cor_rupte,
1369 5434 1708 5515 .utdnullus
1762 5435 1986 5515 dubito.

344 5501 603 5578 Diximus
632 5504 704 5578 de
732 5520 843 5558 mu.
869 5504 1047 5578 (ξι-ωε.
1086 5506 1177 5575 μῦ.
1212 5501 1615 5578 interjectione
1640 5507 1709 5560 ad
1770 5506 1987 5578 episto-

337 5573 458 5650 lam
492 5576 580 5643 12,
606 5575 683 5630 ad
708 5576 1024 5650 Antonium
1047 5573 1422 5650 monachum,
1451 5577 1549 5650 ubi
1578 5573 1986 5650 Hieronymus,

339 5648 415 5704 Tu
441 5663 510 5703 ne
535 5663 632 5703 mu
654 5646 873 5721 quidem
887 5649 1068 5719 facere
1087 5647 1357 5720 dignaris.
1393 5648 1683 5705 Lucilius:

401 5736 511 5789 Nec
540 5735 757 5790 laudare
783 5736 1075 5803 hominem,
1105 5748 1284 5803 neque
1311 5750 1405 5792 mu
1431 5738 1603 5791 facere
1635 5750 1892 5804 unquam.

2090 3778 2448 3851 assumpsit:
2496 3783 2553 3833 ot
2610 3776 2899 3844 Metellus,
2950 3781 3115 3833 Creta
3163 3776 3365 3832 insula
3406 3774 3714 3846 subjugatﬂ,

2089 3868 2323 3941 insigne
2342 3867 2548 3923 Cretici
2587 3884 2704 3922 suae
2727 3865 2959 3921 familiae
2988 3864 3344 3937 reportavit:
3378 3869 3435 3921 et
3488 3863 3717 3933 impera-

2089 3962 2245 4014 tores
2267 3973 2423 4012 nunc
2453 3972 2642 4028 usque
2702 3953 2950 4011 Romani
2996 3970 3061 4009 ex
3116 3953 3403 4023 subjectis
3444 3949 3715 4025 gentibus,

2091 4045 2454 4107 Adiabenici,
2477 4043 2754 4111 Parthici,
2779 4042 3083 4099 Sarmatici
3106 4046 3558 4114 nuncupantur:
3581 4038 3655 4092 ita
3671 4037 3720 4088 et

2091 4133 2307 4189 Saulus
2331 4133 2402 4188 ad
2432 4131 2911 4203 praedicationem
2933 4129 3196 4205 gentium
3221 4131 3467 4197 missus,
3488 4146 3521 4185 a
3549 4125 3717 4199 primo

2092 4221 2356 4279 Ecclesiae
2394 4220 2581 4291 spolio
2614 4219 2962 4292 proconsule
2992 4218 3193 4292 Sergio
3241 4219 3444 4289 Paulo,
3492 4212 3718 4272 victoria:

2165 4364 2250 4417 Ita
2293 4360 2499 4435 legunt
2546 4360 2744 4434 plures
2801 4378 2944 4435 mss.
3007 4359 3259 4435 codices,
3308 4376 3470 4435 unus
3526 4356 3719 4435 retinet

2092 4449 2304 4505 nomen
2328 4432 2694 4503 Boamerges,
2726 4434 2880 4505 quod
2915 4432 3104 4505 magis
3135 4432 3209 4487 ad
3241 4432 3271 4486 b
3294 4432 3557 4505 Grecam
3594 4433 3718 4481 Βοα-

2089 4504 2298 4579 νεργξς,
2330 4510 2387 4560 et
2416 4502 2719 4579 Syriacum
2745 4502 2867 4565 iam
2907 4514 2999 4579 ’.πῃ
3022 4502 3186 4579 benai
3240 4503 3520 4574 reghesch,
3559 4514 3716 4579 quam

2091 4570 2164 4634 ad
2195 4570 2500 4632 Hebraeum
2549 4576 2682 4631 bene
2709 4591 2874 4641 reem,
2928 4574 3049 4630 sive
3080 4574 3219 4630 bane
3266 4570 3433 4640 reem,
3491 4570 3717 4629 accedit.

2096 4650 2220 4704 llaec
2250 4653 2446 4704 tamen
2481 4647 2783 4703 retinenda
2811 4645 3013 4714 lectio;
3048 4644 3187 4717 quia
3202 4645 3592 4717 Hieronymus
3621 4641 3717 4696 hoc

2093 4719 2218 4796 loco
2249 4718 2528 4796 Hebraice
2551 4717 2837 4796 loquitur.
2858 4720 3043 4796 Mam.
3068 4716 3144 4758 ί-
3170 4716 3334 4796 Unus
3364 4716 3504 4796 mss.
3529 4727 3715 4796 quemj

2092 4790 2409 4847 admodum
2441 4790 2498 4861 et
2551 4788 2850 4861 Rabanus,
2880 4790 3209 4861 (Bonnerges
3266 4788 3490 4861 legunt,
3536 4788 3721 4861 sicque

2094 4862 2364 4919 rescribit
2416 4860 2629 4916 Victor.
2679 4851 2981 4934 Hebraicis
3029 4851 3237 4934 litteris
3267 4851 3387 4920 wh
3426 4851 3516 4918 ἐξ,
3577 4851 3715 4934 quod

2092 4938 2182 4990 est
2211 4934 2405 5005 Graece
2436 4930 2727 5005 Bcavepyéc
2756 4947 2769 4986 :
2802 4930 3058 5005 vultque
3088 4930 3333 5005 Syrisce
3382 4925 3607 5005 nomen
3630 4925 3715 5003 hic

2095 5004 2319 5081 efferri,
2337 5020 2458 5081 non
2488 5000 3105 5081 Hebraice._Nos‘alibi
3126 5000 3287 5081 saepe
3315 5017 3382 5057 ex
3404 5000 3715 5081 Hieronymi

2097 5070 2388 5133 sententia
2412 5074 2678 5147 derecta
2705 5074 2954 5147 hujusce
2982 5070 3239 5147 nominis
3268 5070 3717 5147 pronuntiatione

2097 5148 2374 5204 diximus.
2408 5146 2551 5201 Vide
2582 5145 2683 5202 lib.
2716 5139 3011 5202 Novminum
3043 5144 3111 5200 de
3158 5139 3404 5210 Joanne,
3451 5142 3546 5198 ubi
3569 5164 3595 5190 «
3626 5139 3717 5193 Ba-

2097 5235 2352 5285 nereem,
2385 5218 2600 5291 inquit,
2635 5217 2738 5291 lilii
2770 5215 3032 5291 tonitrui,
3091 5216 3247 5287 quod
3287 5218 3560 5291 corruth
3598 5211 3716 5291 Boa-

2097 5307 2284 5361 nerges
2309 5306 2450 5345 usus
2467 5284 2747 5373 'obtinuit.
2781 5311 2807 5338 ι)
2829 5287 2972 5370 Etin
2994 5284 3386 5370 Commentar.
3418 5284 3478 5341 in
3494 5284 3712 5368 "Danie-

2098 5361 2213 5418 lem
2244 5380 2281 5424 ι.
2312 5361 2380 5418 7:
2416 5382 2443 5411 ‹‹
2467 5359 2597 5416 Filii
2628 5360 2883 5431 Zebedaei
2913 5358 3190 5431 appellati
3247 5362 3385 5415 sunt
3430 5356 3530 5412 ﬂln
3578 5359 3715 5431 toni:

2096 5434 2234 5504 trui,
2258 5420 2411 5504 quod
2437 5448 2573 5504 non,
2597 5426 2660 5487 ut
2686 5420 3581 5504 pleriqueiputant,ABoanerges,
3626 5420 3712 5478 sed

2097 5501 3118 5585 emendatiuslegitur,lBeneraham.
3145 5523 3174 5552 ››
3208 5501 3563 5585 _Quanquam
3582 5507 3712 5585 ‘ngn

2096 5576 2415 5648 difﬁtemur
2447 5570 2607 5648 Syris
2637 5590 2703 5631 eo
2732 5579 2994 5648 tempore
3022 5571 3542 5648 wnsigniﬂcasse
3579 5570 3711 5621 toni-

2096 5656 2208 5714 tru,
2239 5647 2394 5720 quod
2425 5641 2750 5703 etiamnum
2772 5641 3023 5703 Arabica
3053 5641 3565 5702 radix'conﬂrmat.
