4066 6190
327 302 435 374 sit

1191 307 1709 371 COMMENTAR.
1756 311 1834 371 IN
1877 310 2126 374 EPIST.
2175 313 2279 375 AD
2324 314 2866 384 PHILEMONEM.

3616 336 3739 407 N3

327 463 440 503 sua:
471 443 733 517 trophaaa
752 442 972 510 retulit,
1004 441 1301 514 erexitque
1331 440 1627 509 vexillum,
1654 448 1719 497 ut
1751 442 1967 539 Paulus
1999 447 2051 512 Α
2079 444 2273 539 desunt
2318 452 2636 539 passionum
2684 454 2887 511 Christi
2934 459 2993 512 in
3040 474 3204 517 carne
3229 479 3352 519 mea
3378 481 3477 535 pro
3507 483 3735 539 corpore

327 535 611 592 diceretur
642 551 673 590 e
711 532 907 589 Saulo.
941 531 1001 588 Si
1032 535 1227 587 autem
1282 531 1687 601 interpretatio
1720 532 1977 587 nominis

328 623 629 698 quaeritur,
661 623 872 678 Paulus
900 621 959 675 in
1003 621 1262 689 Hebraeo,
1295 619 1613 675 mirabilem
1641 624 1827 675 sonat.
1866 620 1977 676 Re-

326 730 458 771 vera
471 712 783 782 mirum,ut
800 714 928 782 post
948 710 1101 777 Saul,
1122 710 1222 780 qui
1241 709 1975 781 interpretatur,expetitus‘

327 820 391 859 eo
424 802 578 874 quod
610 801 681 855 ad
714 799 1038 856 vexandum
1070 796 1411 869 Ecclesiam,
1444 797 1654 853 fuisset
1685 815 1719 853 a
1747 797 1977 856 diabolo

323 889 677 964 postulatus,
734 888 806 943 de
865 889 1235 959 persecutore
1291 902 1393 941 vas
1451 886 1617 941 ﬁeret
1673 885 1978 943 electionis

321 981 458 1052 (Act.
492 997 568 1046 1x,
616 979 725 1046 15).
767 976 906 1033 Plus
937 976 1082 1031 forte
1113 991 1291 1047 quam
1340 976 1618 1047 oportuit,
1654 976 1753 1031 sed
1787 993 1980 1033 neces-

324 1069 476 1126 sarie
520 1067 886 1139 disputatum
917 1069 1026 1121 est.
1061 1065 1223 1130 Quod
1274 1066 1473 1119 autem
1523 1064 1813 1136 sequitur,
1851 1065 1977 1120 Vin-

316 1166 434 1214 ctus
461 1161 591 1213 Jesu
631 1155 857 1221 Christi,
892 1154 950 1209 in
983 1152 1149 1209 nulla
1199 1151 1455 1225 Epistola
1486 1153 1595 1208 hoc
1625 1154 1977 1224 cognomine

319 1264 465 1303 usus
494 1253 603 1311 est,
628 1245 762 1300 licet
792 1245 851 1300 in
883 1259 1126 1315 corpore
1150 1241 1567 1313 Epistolarum,
1593 1242 1664 1297 ad
1698 1241 1976 1311 Ephesios

321 1335 591 1391 videlicet
648 1333 787 1404 (cap.
847 1349 913 1387 111
967 1335 1025 1387 et
1079 1332 1178 1401 1v),
1238 1335 1296 1386 et
1351 1329 1756 1403 Philippenses
1830 1332 1971 1402 (cap.

320 1442 396 1493 1v,
449 1425 504 1493 1)
559 1428 616 1479 et
669 1421 1039 1478 Colossenses
1094 1421 1236 1492 (cap.
1289 1435 1367 1485 1v,
1419 1420 1496 1491 3),
1557 1436 1685 1475 esse
1743 1420 1801 1474 in
1853 1421 1975 1475 vin-

322 1512 481 1570 culis
538 1528 641 1584 pro
715 1509 1081 1567 confessione
1158 1512 1423 1564 testetur.
1482 1508 1719 1578 Majoris
1776 1512 1972 1564 autem

321 1602 470 1659 mihi
501 1602 726 1656 videtur
753 1598 1072 1672 supercilii,
1105 1597 1366 1652 vinctum
1397 1614 1459 1652 se
1486 1598 1621 1652 Jesu
1654 1596 1867 1653 Christi
1892 1597 1975 1652 di-

322 1674 473 1758 cere,
507 1706 682 1763 quam
744 1686 1107 1760 Apostolum.
1138 1685 1553 1741 Gloriabantur
1590 1686 1807 1758 quippe
1835 1703 1973 1759 apo-

317 1778 477 1848 stoli,
513 1778 665 1850 quod
699 1776 861 1849 digni
920 1777 1150 1831 fuerant
1180 1792 1282 1847 pro
1327 1775 1562 1831 nomine
1588 1775 1725 1830 Jesu
1759 1775 1975 1833 Christi

316 1866 737 1924 contumeliam
790 1865 908 1938 pati
941 1866 1072 1937 (Act.
1107 1881 1161 1935 v,
1194 1864 1319 1935 41);
1351 1864 1452 1919 sed
1506 1864 1838 1921 necessaria
1869 1883 1972 1922 au-

316 1957 559 2013 ctoritas
589 1954 980 2011 vinculorum.
1017 1953 1350 2024 Rogaturus
1376 1968 1479 2025 pro
1509 1953 1805 2023 Onesimo,
1838 1954 1975 2010 talis

315 2062 527 2119 rogare
556 2044 779 2114 debuit,
802 2044 903 2116 qui
935 2046 1132 2116 posset
1154 2042 1468 2114 impetrare
1499 2042 1653 2112 quod
1689 2048 1970 2113 posceret.

313 2134 475 2191 Felix
514 2133 794 2189 nimirum
844 2132 943 2204 qui
978 2148 1091 2188 non
1144 2130 1202 2186 in
1235 2129 1543 2202 sapientia,
1576 2146 1691 2185 non
1743 2130 1800 2185 in
1836 2131 1977 2185 divi-

312 2224 438 2293 tiis,
471 2240 590 2279 non
620 2223 678 2277 in
709 2220 1040 2292 eloquentia
1068 2224 1126 2275 et
1168 2218 1425 2290 potentia
1456 2218 1742 2285 saeculari,
1778 2221 1881 2275 sed
1917 2220 1972 2276 in

314 2312 537 2370 Christi
588 2310 964 2384 passionibus
1011 2308 1313 2381 gloriatur.
1346 2307 1471 2362 Tali
1516 2312 1573 2363 et
1615 2308 1688 2363 ad
1738 2308 1975 2365 Galatas

312 2400 644 2475 Epistolam
677 2416 946 2456 sermone
977 2396 1370 2453 concludens:
1405 2397 1479 2451 De
1505 2400 1722 2462 artem,
1746 2397 1846 2464 ait,
1881 2414 1974 2453 ne-

309 2506 410 2547 mo
455 2489 598 2545 mihi
643 2489 904 2545 molestus
949 2489 1072 2543 sit:
1106 2502 1201 2557 ego
1249 2487 1399 2541 enim
1445 2486 1707 2553 stigmata
1738 2486 1979 2566 ‘Domini

310 2581 497 2637 nostri
537 2580 665 2635 Jesu
695 2578 908 2634 Christi
954 2578 1015 2631 in
1043 2590 1271 2647 corpore
1312 2589 1431 2629 meo
1473 2578 1633 2646 porto
1664 2573 1865 2644 (Galat.
1894 2592 1975 2642 v1,

317 2671 438 2738 17).
466 2667 591 2724 Non
623 2666 817 2723 omnis
848 2669 1043 2721 autem
1075 2664 1176 2735 qui
1224 2663 1458 2719 vinctus
1488 2667 1596 2728 est,
1627 2664 1859 2719 vinctus
1889 2669 1978 2719 est

314 2756 537 2814 Christi
566 2781 581 2824 ;
606 2755 706 2811 sed
735 2754 1071 2826 quicunque
1119 2769 1224 2825 pro
1252 2751 1466 2807 Christi
1517 2751 1752 2807 nomine
1781 2757 1839 2806 et
1871 2769 1976 2823 pro

312 2849 453 2920 ejus
484 2844 850 2901 confessione
891 2841 1162 2908 vincitur,
1195 2839 1293 2895 ille
1318 2856 1449 2895 vere
1498 2841 1731 2896 vinctus
1761 2840 1979 2896 dicitur

313 2936 469 2993 Jesu
516 2933 753 3001 Christi,
788 2937 844 2987 et
870 2930 1113 3004 sanguis
1161 2930 1384 2985 effusus
1413 2929 1463 2984 is
1494 2934 1725 2985 tantum
1760 2934 1977 3001 marty-

316 3040 451 3081 rem
533 3022 693 3088 facit,
750 3021 850 3093 qui
917 3036 1021 3094 pro
1106 3018 1317 3075 Christi
1386 3020 1621 3074 nomine
1687 3018 1972 3075 funditur.

315 3112 541 3169 Scribit
610 3111 790 3184 igitur
861 3109 933 3165 ad
1009 3108 1409 3164 Philemonem
1486 3107 1679 3162 Romae
1747 3108 1975 3163 vinctus

2086 536 2223 605 ejus,
2255 537 2399 607 quod
2437 547 2515 594 est
2561 541 2805 599 Ecclesia
2836 544 2970 615 (Col.
3009 565 3043 613 ι,
3092 549 3185 615 23,
3214 551 3327 622 24).
3382 554 3448 608 Et
3478 555 3536 611 in
3570 536 3682 614 fine
3719 576 3734 615 :

2087 623 2354 680 Salutatio
2381 643 2505 683 mea
2552 646 2720 686 manu
2752 633 2937 700 Pauli,
2986 651 3247 693 memores
3278 645 3444 698 estote
3492 645 3740 702 vinculo-

2087 728 2212 766 rum
2261 731 2509 772 meorum
2557 717 2693 786 (Col.
2727 737 2803 787 ιν,
2856 723 2967 795 18).
3024 722 3141 780 Hoc
3190 725 3338 798 ideo,
3374 733 3438 783 ut
3484 733 3744 793 sciamus

2086 799 2195 856 has
2227 819 2460 875 quoque
2510 806 2799 878 Epistolas
2826 811 2896 866 de
2944 828 3175 868 carcere
3206 820 3262 871 et
3311 816 3464 874 inter
3512 821 3744 881 vincula

2094 890 2273 945 fuisse
2303 892 2570 950 dictatas.
2605 895 2752 952 Illud
2805 903 2999 955 autem
3057 904 3288 974 proprie
3318 904 3494 964 habet
3524 910 3594 964 ad
3627 912 3739 968 Co-

2088 976 2407 1049 lossenses,
2439 984 2589 1054 quod
2645 984 2798 1041 idem
2850 987 3187 1055 Onesimus,
3220 993 3319 1063 qui
3369 1012 3526 1052 nunc
3556 996 3742 1055 Phile-

2087 1068 2243 1123 moni
2266 1072 2731 1141 commendatur,
2753 1075 2929 1131 etiam
2952 1077 3205 1149 perlator
3233 1082 3496 1150 ejusdem
3521 1102 3740 1143 sermo-

2085 1156 2178 1212 nis
2211 1156 2337 1212 fuit.
2367 1159 2622 1232 Denique
2653 1162 2733 1217 ait
2761 1181 2774 1218 :
2798 1168 2942 1233 Quae
2969 1168 3118 1223 circa
3146 1186 3235 1225 me
3260 1176 3409 1239 sunt,
3440 1177 3627 1231 omnia
3647 1192 3740 1232 vo-

2084 1247 2169 1300 bis
2196 1250 2326 1302 nota
2354 1249 2521 1318 faciet
2551 1249 2854 1321 Thgchicus
2883 1255 3239 1313 charissimus
3258 1260 3453 1329 frater,
3476 1272 3528 1318 et
3566 1266 3739 1321 mini-

2080 1338 2193 1388 ster
2225 1335 2418 1404 fidelis,
2449 1342 2500 1392 et
2529 1354 2823 1396 conservus
2851 1344 2909 1398 in
2938 1345 3168 1401 Domino
3191 1365 3349 1418 quem
3378 1353 3510 1406 misi
3537 1354 3609 1409 ad
3629 1370 3739 1421 vos,

2081 1422 2153 1476 ad
2178 1424 2277 1479 hoc
2323 1429 2383 1479 ut
2431 1432 2719 1497 cognoscat
2767 1447 2886 1502 quae
2928 1435 3076 1489 circa
3119 1452 3211 1491 vos
3237 1442 3385 1504 sunt,
3421 1449 3475 1496 et
3502 1443 3743 1498 con-sole-

2081 1520 2175 1566 tur
2213 1513 2379 1568 cosda
2415 1519 2609 1582 vestra,
2641 1534 2767 1572 cum
2814 1521 3065 1578 Onesimo
3115 1525 3473 1593 charissima,
3503 1533 3553 1586 et
3584 1530 3743 1601 ﬁdeli

2081 1598 2279 1672 ﬁ-atre,
2312 1605 2409 1673 qui
2451 1614 2529 1660 est
2557 1622 2627 1662 ex
2673 1608 2822 1663 vobis
2853 1610 3013 1680 (Ibid.
3061 1614 3114 1679 7,
3149 1616 3225 1684 8).
3259 1614 3319 1671 Si
3372 1598 3738 1675 autem'Phi-

2081 1688 2297 1760 lemon,
2331 1692 2401 1747 ad
2456 1710 2631 1765 quem
2681 1700 2802 1752 haec
2842 1700 3090 1769 epistola
3141 1703 3441 1772 scribitur,
3474 1706 3738 1764 Onesimi

2005 1813 2052 1879 Β
2082 1778 2360 1835 dominus
2391 1787 2501 1847 est,
2534 1784 2652 1839 imo
2707 1785 2882 1841 frater
2929 1805 3057 1845 esse
3089 1792 3263 1864 coepit
3293 1792 3350 1848 in
3385 1796 3647 1869 Domino,
3680 1802 3740 1854 et

2084 1867 2154 1921 ad
2186 1868 2558 1927 Colossenses
2589 1872 2839 1929 refertur
2868 1878 3025 1947 quod
3057 1878 3374 1938 Onesimus
3406 1899 3475 1939 ex
3505 1888 3589 1940 eis
3620 1867 3735 1941 sit:

2082 1954 2227 2010 ratio
2272 1974 2378 2012 nos
2408 1959 2539 2031 ipsa
2593 1966 2650 2016 et
2680 1963 2820 2018 ordo
2871 1965 3129 2032 deducit,
3162 1970 3317 2040 quod
3350 1976 3406 2027 et
3438 1973 3740 2031 Philemon

2083 2044 2446 2102 Colossensis
2485 2048 2582 2112 sit,
2613 2054 2671 2104 et
2700 2068 2766 2105 eo
2817 2057 3078 2125 tempore
3110 2072 3485 2115 communem
3520 2065 3589 2117 ad
3623 2080 3746 2119 om-

2085 2149 2219 2188 nem
2269 2135 2584 2191 Ecclesiam
2630 2137 2942 2196 Onesimus
2997 2142 3304 2214 epistolam
3358 2147 3576 2216 tulerit,
3623 2168 3741 2222 quo

2086 2221 2339 2294 privatas
2369 2229 2426 2279 et
2456 2226 2547 2280 sui
2592 2230 3115 2287 commendatrices
3140 2232 3211 2288 ad
3240 2234 3556 2293 Dominum
3590 2221 3739 2296 litte-

2086 2327 2180 2366 ras
2212 2318 2566 2384 sumpserat.
2600 2315 2702 2370 Est
2729 2323 2785 2371 et
2813 2317 2971 2373 aliud
3011 2320 3316 2388 indicium,
3342 2327 3495 2397 quod
3530 2328 3588 2382 in
3622 2329 3731 2385 hac

2085 2401 2288 2455 eadem
2339 2401 2585 2472 epistola
2622 2409 2679 2458 et
2724 2405 3053 2479 Archippus
3101 2412 3441 2470 nominatur
3472 2432 3485 2471 ε
3519 2417 3608 2472 cui
3641 2418 3736 2474 hic

2085 2504 2218 2542 cum
2253 2488 2589 2547 Philemone
2621 2492 2900 2549 scribitur
2930 2514 2943 2551 :
2977 2498 3165 2567 Dicite,
3200 2499 3411 2573 inquit,
3444 2505 3733 2579 Archippo,

2083 2577 2208 2632 vide
2256 2579 2627 2635 ministerium
2674 2582 2815 2652 quod
2860 2587 3119 2653 accepisti
3147 2604 3179 2642 a
3212 2589 3325 2658 [ΑΙ.
3360 2593 3442 2662 in]
3473 2577 3730 2664 Domino,

2084 2674 2147 2721 ut
2193 2666 2339 2721 illud
2384 2669 2615 2739 impleas
2663 2671 2821 2739 (Ibid.
2859 2674 2966 2743 17).
3001 2676 3161 2741 Quod
3204 2683 3293 2733 est
3344 2681 3736 2741 ministerium

2086 2755 2239 2825 quod
2269 2755 2595 2829 Archippus
2627 2759 2845 2832 accepit
2865 2778 2897 2815 a
2919 2761 3164 2819 Domino
3185 2764 3211 2819 ‘l
3229 2767 3311 2820 Ad
3332 2767 3731 2829 Philemonem

2085 2841 2336 2916 legimus
2371 2862 2384 2899 :
2416 2847 2481 2901 Et
2510 2846 2779 2919 Archiapo
2808 2852 3173 2907 commilitoni
3217 2864 3419 2924 nostra,
3453 2866 3504 2913 et
3534 2861 3731 2915 Eccle-

2084 2934 2191 2989 size
2237 2950 2354 3004 quas
2403 2936 2460 2988 in
2510 2936 2670 2992 domo
2718 2946 2811 2992 tua
2840 2944 2920 2993 est
2980 2941 3144 3010 (vers.
3176 2943 3255 3014 2).
3292 2944 3372 2998 Ex
3424 2962 3539 3017 quo
3589 2954 3727 3019 puto

2085 3027 2187 3075 aut
2215 3022 2552 3094 episcopum
2603 3040 2737 3080 eum
2792 3025 2974 3082 fuisse
3005 3027 3363 3086 Colossensis
3395 3034 3657 3091 Ecclesiae
3688 3039 3731 3105 ³,

2087 3111 2177 3164 cui
2236 3110 2604 3177 admonetur,
2664 3114 2925 3170 studiose
2977 3120 3035 3171 et
3098 3116 3408 3191 diligenter
3463 3140 3731 3196 praeesse,

320 3202 388 3257 in
441 3178 690 3265 carcere,
723 3215 840 3271 quo
891 3203 1153 3270 tempore
1204 3195 1348 3251 mihi
1402 3195 1674 3250 videntur
1723 3196 1793 3250 ad
1846 3195 1976 3250 Phi-
2006 3178 2049 3245 C
2093 3199 2241 3253 749
2274 3203 2338 3253 ut
2358 3199 2649 3273 Evangelii
2672 3203 3128 3274 praedicatorem.
3157 3178 3270 3263 Aut
3299 3178 3732 3282 siita‘nonest:

322 3290 650 3362 lippenses,
705 3288 1098 3351 Colossenses,
1134 3289 1191 3341 et
1237 3283 1521 3356 Ephesios
1550 3283 1822 3355 Epistolas
1850 3300 1979 3341 esse

324 3377 580 3436 dictatis.
635 3377 719 3433 Ad
770 3376 1177 3449 Philippenses
1222 3372 1324 3428 illa
1350 3390 1417 3429 ex
1464 3390 1642 3429 causa
1674 3391 1687 3428 :
1721 3372 1977 3445 primum

323 3467 491 3539 quod
523 3483 655 3522 cum
705 3465 829 3521 solo
857 3463 1161 3519 Timotheo
1216 3461 1460 3528 scribit;
1494 3460 1649 3534 quod
1692 3466 1750 3516 et
1778 3461 1836 3515 in
1868 3460 1977 3517 hac

319 3553 591 3628 Epistola
636 3554 791 3609 facit.
823 3551 1046 3607 Dehinc
1077 3550 1229 3622 quod
1264 3548 1499 3604 vincula
1529 3565 1637 3603 sua
1667 3548 1979 3605 manifesta

317 3644 471 3700 dicit
526 3643 678 3698 facta
725 3658 827 3714 pro
882 3640 1115 3695 Christo
1168 3638 1316 3693 748
1366 3638 1425 3692 in
1492 3636 1652 3692 omni
1708 3638 1975 3710 praetorio

315 3732 594 3807 (Philipp.
630 3749 668 3798 1,
698 3732 804 3803 13).
831 3729 977 3796 Quid
996 3730 1074 3785 sit
1093 3733 1286 3783 autem
1310 3727 1667 3799 prmtorium,
1698 3727 1755 3782 in
1787 3727 1974 3799 ipsius

314 3819 583 3894 epistola:
635 3821 746 3875 line
796 3818 1112 3892 significat,
1147 3815 1405 3872 Salutant
1440 3832 1532 3871 vos
1561 3831 1748 3871 omnes
1776 3818 1975 3882 sancti,

315 3911 570 3967 maxime
597 3917 776 3964 autem
823 3909 923 3980 qui
950 3907 1018 3963 de
1067 3906 1303 3961 Ceesaris
1332 3905 1489 3960 domo
1530 3914 1658 3959 sunt
1701 3905 1972 3976 (Philipp.

318 4016 405 4066 1v,
434 3999 546 4070 23).
576 4005 623 4052 Α
654 4000 873 4053 Caesare
905 3998 1125 4051 missus
1154 3994 1213 4049 in
1243 4009 1554 4062 carcerem,
1580 3994 1770 4048 notior
1805 3995 1973 4049 fami-

315 4087 414 4142 liae
446 4087 575 4157 ejus
608 4086 817 4149 factus,
852 4082 1243 4156 persecutoris
1297 4082 1562 4147 domum,
1594 4080 1809 4136 Christi
1839 4080 1976 4138 fecit

314 4174 665 4232 Ecclesium.
718 4174 931 4227 Deinde
961 4173 1088 4228 ait:
1137 4171 1375 4242 Quidam
1421 4179 1604 4227 autem
1651 4187 1721 4226 ea:
1749 4181 1973 4228 conten-

313 4268 471 4321 tione
502 4264 776 4319 Christum
804 4263 1160 4326 annuntiant,
1188 4277 1294 4315 non
1344 4262 1558 4315 sincere
1585 4261 1974 4318 existimantes

308 4369 653 4427 pressuram
676 4368 731 4407 se
761 4353 1028 4406 suscitare
1058 4351 1292 4403 vinculis
1319 4351 1455 4404 meis
1484 4349 1751 4421 (Philipp.
1788 4368 1825 4421 1,
1864 4353 1969 4423 17).

311 4443 501 4497 Porro
532 4445 588 4496 et
616 4442 687 4496 ad
737 4440 1110 4496 Colossenses
1139 4440 1160 4472 ²
1190 4437 1544 4509 principium
1586 4438 1798 4494 simile.
1830 4440 1973 4496 Pau-

2088 3286 2231 3342 illud
2265 3287 2407 3341 mihi
2440 3287 2970 3361 impraesentiarum
2999 3294 3240 3366 sufﬁcit,
3274 3300 3426 3370 quod
3461 3306 3517 3356 et
3545 3302 3736 3360 Phile-

2088 3392 2223 3430 mon
2257 3380 2315 3430 et
2363 3376 2716 3449 Archippus,
2750 3384 2808 3434 et
2855 3379 3167 3440 Onesimus
3197 3384 3323 3457 ipse
3377 3389 3477 3460 qui
3508 3389 3735 3450 litteras

2088 3464 2430 3536 perferebat,
2465 3465 2682 3521 fuerint
2728 3467 3120 3538 Colossenses,
3152 3477 3209 3528 et
3239 3476 3441 3532 eodem
3475 3487 3732 3553 tempore

2086 3559 2338 3624 quatuor
2366 3553 2455 3625 (ut
2497 3559 2632 3609 ante
2679 3556 2960 3626 diximus)
2988 3558 3259 3631 Epistolas
3308 3565 3536 3637 scriptas
3566 3579 3728 3626 sunt.

2084 3642 2167 3697 Ad
2200 3642 2482 3714 Ephesios
2510 3659 2642 3698 vero
2673 3643 2833 3700 illam
2863 3646 2936 3702 ob
2965 3663 3227 3720 causam,
3251 3653 3405 3723 quod
3437 3671 3541 3727 pro
3572 3657 3734 3713 Chri-

2086 3736 2176 3785 sto
2209 3735 2263 3784 et
2293 3729 2385 3784 hic
2414 3730 2672 3786 vinctum
2707 3749 2769 3788 se
2814 3749 2943 3789 esse
2972 3734 3149 3803 dicat,
3178 3744 3236 3794 et
3263 3741 3466 3798 eadem
3498 3760 3625 3815 qua:
3656 3748 3728 3803 ad

2085 3817 2749 3892 Colossensesjusserat,
2773 3821 2831 3876 in
2866 3822 3043 3894 hujus
3074 3842 3307 3899 quoque
3323 3830 3593 3902 Epistolas
3618 3836 3732 3892 ﬁne

2087 3906 2401 3979 prazcipiat,
2450 3913 2515 3963 ut
2581 3925 2791 3965 uxores
2844 3911 3238 3981 subjiciantur
3292 3917 3453 3989 viris,
3511 3926 3569 3976 et
3621 3924 3729 3978 viri

2084 4012 2291 4052 uxores
2320 3996 2588 4068 diligant,
2616 4004 2679 4052 ut
2711 3999 2814 4053 ﬁlii
2838 4001 3112 4057 obediant
3156 4006 3519 4078 parentibus,
3544 4014 3608 4063 ut
3630 4028 3728 4082 pa-

2082 4091 2201 4140 tres
2241 4102 2354 4140 non
2405 4092 2714 4157 provocent
2746 4089 2815 4143 ad
2872 4089 3235 4147 iracundiam
3288 4094 3439 4149 filios
3471 4114 3631 4162 suos,
3668 4105 3731 4155 ut

2083 4173 2231 4229 servi
2263 4174 2538 4230 obediant
2584 4176 2841 4232 dominis
2872 4178 3226 4245 carnalibus,
3263 4187 3327 4237 ut
3358 4183 3603 4258 domini,
3638 4204 3728 4245 re-

2083 4261 2236 4317 lictis
2270 4262 2467 4328 minis,
2498 4280 2566 4318 ea
2594 4264 2775 4320 servis
2822 4282 2950 4336 quae
2990 4268 3155 4338 justa
3184 4275 3342 4342 sunt,
3378 4274 3676 4344 praebeant
3707 4295 3722 4334 :

2081 4357 2138 4406 et
2158 4353 2227 4406 ad
2252 4357 2573 4406 extremum
2593 4351 2910 4424 Epistolam
2930 4371 3097 4411 suam
3118 4356 3224 4412 hoc
3243 4359 3355 4416 fine
3371 4362 3682 4422 concludat
3708 4383 3723 4421 :

2083 4439 2222 4507 Quid
2251 4456 2431 4510 agam,
2462 4443 2649 4495 notum
2688 4441 2837 4496 vobis
2863 4444 2898 4513 Γ
2911 4446 3037 4499 ισίει
3084 4446 3344 4518 Tychicus
3371 4450 3727 4511 charissimus

313 4534 409 4587 lus
436 4531 718 4602 apostolus
762 4531 887 4586 Jesu
919 4528 1124 4583 Christi
1164 4543 1268 4598 per
1294 4530 1630 4582 voluntatem
1661 4529 1781 4593 Dei,
1809 4537 1859 4584 et
1889 4530 1970 4585 Ti-
2000 4535 2048 4600 Ι)
2077 4534 2271 4599 /rater,
2303 4532 2355 4582 et
2384 4528 2565 4597 ﬁdelis
2613 4529 2864 4585 minister
2891 4533 2952 4586 in
2975 4533 3200 4590 Domino
3231 4553 3250 4590 :
3283 4554 3446 4608 quem
3474 4542 3611 4597 misi
3652 4543 3729 4599 αα

308 4621 566 4676 motheus
588 4622 766 4690 frater
793 4618 1015 4690 (Coloss.
1049 4634 1089 4681 1,
1126 4616 1195 4687 1).
1231 4620 1297 4669 Et
1324 4615 1381 4669 in
1426 4618 1920 4687 consequentibus
1954 4635 1966 4673 :

314 4709 492 4780 Cujus
547 4709 729 4779 factus
781 4724 903 4763 sum
947 4722 1041 4778 ego
1096 4705 1309 4760 Paulus
1351 4704 1625 4770 minister,
1682 4706 1777 4775 qui
1824 4723 1974 4762 nunc

306 4797 525 4870 gaudeo
549 4798 611 4852 in
633 4797 982 4870 passionibus
1008 4810 1106 4867 pro
1137 4793 1286 4849 vobis
1313 4812 1338 4858 ;
1365 4800 1415 4847 et
1455 4792 1727 4864 adimpleo
1755 4810 1817 4849 ea
1847 4810 1974 4866 quae

394 4923 411 4957 ¹
463 4921 570 4978 Pro
617 4924 908 4994 expetitus,
961 4919 1116 4991 quod
1150 4933 1308 4994 _mss.
1353 4917 1563 4994 nostri
1591 4921 1649 4973 et
1696 4918 1971 4975 Rabanus

312 4988 717 5075 substituunt,
733 4988 953 5075 _minus
970 4988 1121 5075 recte
1150 4988 1370 5075 legerat
1398 4988 1972 5075 Martiameus,_'repe-

309 5069 478 5122 titus.
491 5060 712 5145 Vadem
729 5064 925 5137 ipsum
940 5063 1149 5145 habeto
1167 5060 1652 5145 llierongmumin
1664 5060 1764 5116 lib.
1779 5060 1972 5145 lVomi-

308 5153 451 5192 num
468 5138 539 5192 de
557 5132 797 5193 Actibus
816 5134 1210 5208 apostolorum
1234 5150 1246 5187 :
1268 5132 1421 5200 Saul,
1435 5134 1728 5203 expetitus,
1749 5135 1863 5189 sive
1877 5151 1972 5206 pe-

310 5226 485 5312 titio;
500 5228 791 5312 Consonat
810 5205 1156 5312 Hebraicum
1173 5205 1450 5312 Stetimus
1461 5221 1975 5312 qu‘oihidiximus‘.

393 5298 415 5330 ²
445 5297 523 5351 Ex
561 5313 628 5374 eo
681 5295 858 5352 etiam
912 5294 1085 5374 paulo
1114 5297 1265 5374 .post
1297 5296 1779 5374 argumentatur,
1812 5294 1968 5374 quod

312 5368 477 5423 idem
508 5367 581 5423 ad
631 5362 931 5440 utrosque
961 5362 1157 5422 fecerit
1162 5362 1431 5490 dportitor
1453 5362 1785 5444 litterarum
1819 5362 1968 5421 One-

312 5439 528 5491 simus.
563 5439 776 5491 Verum
829 5441 959 5491 nost
1000 5438 1156 5491 Theo
1202 5440 1418 5491 orntum
1450 5439 1794 5491 interpretes
1845 5437 1968 5491 ole-

309 5439 528 5495 simus.
563 5439 776 5494 Verum
821 5438 959 5520 post
1000 5438 1418 5493 Theodoritum
1450 5438 1794 5515 interpretes
1845 5438 1965 5509 ple-

307 5510 486 5587 rjque
515 5526 721 5567 omnes
738 5510 1061 5587 _aliquanto
1092 5510 1224 5580 post
1275 5507 1471 5587 datam
1504 5508 1864 5587 arbitrantur
1894 5509 1965 5563 ad

307 5527 365 5567 r1
413 5527 486 5567 ue
515 5527 721 5567 omnes
761 5527 1061 5583 aliquanto
1092 5527 1224 5580 ροδῐ.
1275 5527 1471 5587 natura
1504 5527 1864 5563 ΒΓυΙῐιῐἮῐιῐιΠΓ
1894 5527 1965 5563 8.0

307 5527 707 5655 Caossenses
737 5580 1080 5655 Epistolam,
1131 5593 1266 5655 cum
1315 5577 1538 5635 scilicet
1584 5578 1826 5636 Romam
1876 5597 1966 5637 se-

308 5655 511 5717 cundo
540 5652 851 5718 Onesimus
881 5652 1170 5712 rediisset.

2078 4634 2171 4673 vos
2196 4619 2253 4672 in
2283 4618 2382 4672 hoc
2427 4619 2629 4689 ipsum,
2665 4622 2723 4672 ut
2767 4623 3109 4691 cognoscatis
3137 4640 3259 4695 qum
3286 4628 3435 4682 circa
3462 4645 3550 4684 me
3576 4639 3725 4696 sunt,

2079 4717 2130 4764 et
2176 4709 2484 4763 consoletur
2528 4706 2691 4762 corda
2736 4716 2911 4765 vestra
2949 4710 3171 4782 (Coloss.
3220 4731 3300 4782 1v,
3330 4717 3386 4784 7,
3417 4716 3493 4787 8).
3527 4717 3730 4791 Tychi-

2081 4813 2185 4851 cus
2206 4801 2399 4852 autem
2425 4794 2475 4850 is
2496 4802 2604 4861 est,
2628 4799 2729 4867 qui
2750 4802 2807 4852 et
2824 4799 2895 4853 ad
2917 4798 3289 4858 Colossenses
3304 4820 3437 4859 cum
3452 4805 3727 4863 Onesimo

2151 4920 2173 4955 ³
2224 4919 2434 4974 Iisdem
2512 4920 2933 4991 propemodum
2984 4923 3175 4979 verbis
3233 4926 3725 4986 PseudooAmbro-

2080 4992 2207 5047 sius
2254 4990 2743 5069 argumentatur:
2777 4990 2907 5047 aliis
2956 4994 3295 5069 episcopum
3347 4999 3580 5069 quidem
3616 5007 3727 5055 Ar-

2081 5061 2359 5137 chippum
2381 5061 2603 5137 fuisse,
2640 5079 2752 5116 non
2800 5061 3416 5137 tamen—Colossarum,
3448 5071 3551 5126 sed
3583 5072 3728 5128 Lao-

2080 5132 2255 5189 diceae
2290 5135 2345 5187 in
2377 5132 2647 5205 Phrygia,
2680 5149 3028 5204 persuasum
3062 5137 3189 5203 fuit,
3222 5141 3377 5211 quod
3404 5132 3606 5199 minus
3635 5154 3728 5206 est

2078 5212 2682 5295 verosimileu'auctor
2731 5229 2864 5295 vero
2913 5218 3238 5295 (lo-tument,
3272 5220 3329 5274 in
3369 5220 3538 5295 _Pauli
3587 5222 3726 5295 Epi-

2079 5285 2259 5341 stolas
2291 5287 2399 5367 sub
2435 5283 2792 5367 Hieronymi,
2840 5287 3097 5367 nomine,
3121 5283 3270 5367 quos
3297 5291 3596 5348 exhibebit
3625 5283 3727 5367 βο-

2079 5362 2337 5413 stremus
2385 5361 2582 5409 tomus
2617 5372 2629 5409 :
2664 5378 2691 5404 α
2727 5355 2852 5422 Hic,
2884 5358 3082 5429 inquit,
3135 5355 3418 5419 diaconus
3466 5355 3728 5421 erat-Ue

2078 5454 2192 5514 quo
2226 5438 2295 5514 ad
2344 5434 2718 5514 Colossenses
2750 5436 2830 5514 ait
2865 5451 2877 5489 :
2915 5438 3385 5514 DiciteArrchippo
3416 5460 3436 5498 :
3474 5445 3599 5499 Vide
3624 5446 3727 5500 mi-

2076 5506 2365 5593 nisterium
2395 5506 2537 5593 quod
2564 5508 2844 5589 accepisti,
2876 5517 2935 5563 ut
3137 5506 3383 5593 impleas.
3422 5537 3449 5593 ξ»
3480 5515 3726 5593 Propius

2076 5580 2149 5636 ad
2180 5580 2484 5658 ﬁdem_est
2536 5593 2696 5658 eum‘
2720 5579 2977 5658 episcopi
3008 5579 3260 5640 Colossis
3289 5585 3543 5658 gessisse
3571 5579 3726 5658 v'ices

2074 5668 2178 5728 pro
2206 5648 2494 5727 Epaphra,
2519 5665 2654 5708 cum
2682 5648 2777 5709 hic
2802 5648 2993 5711 Romae
3015 5660 3172 5713 esset
3192 5648 3351 5733 apud
3370 5660 3428 5715 S.
3450 5656 3727 5719 Paulum.
