4066 6190
421 337 538 404 643

1662 325 1726 391 s.
1773 323 2087 392 EUSEBII
2131 325 2575 389 HIERONYMI
3656 335 3754 408 ea

421 473 694 540 mittitur,
727 473 783 526 et
811 473 1140 540 eotempore
1164 464 1506 522 Onesimum
1530 463 1737 518 habuit
1759 461 2054 529 comitem,
2089 461 2138 526 Α
2170 477 2236 514 ea
2267 449 2442 514 nunc
2473 458 2933 515 commilitonem
2965 457 3099 527 diei,
3135 457 3281 530 quod
3334 459 3389 515 in
3432 463 3614 518 eodem
3653 483 3755 522 cer-

419 581 534 636 quo
566 561 877 616 Onesimus
909 559 979 613 ad
1024 555 1424 611 Philemonem
1456 551 1680 608 litteras
1713 551 2057 622 perferebat.

491 656 587 706 «Et
603 647 990 706 Thimotheus
1008 646 1233 701 frater.»
1246 649 1309 699 In
1323 643 1454 698 aliis
1471 639 2062 714 epistolisSosthenes

416 747 472 798 et
501 739 795 803 Silvanus,
828 735 1120 792 interdum
1175 738 1234 790 et
1259 732 1601 788 Timotheus
1633 730 1812 785 frater
1837 727 1944 801 [AL
1977 731 2058 782 ta-

416 838 497 888 cet
542 828 740 899 frater]
791 826 1133 882 assumitur.
1165 828 1229 878 In
1279 826 1533 894 quatuor
1584 823 1815 875 tantum
1864 817 2059 872 Timo-

417 920 612 984 theus,
644 916 785 989 quia
819 913 908 970 vel
961 913 1164 968 eodem
1212 916 1492 981 tempore,
1522 908 1610 965 vel
1661 909 1942 980 praesente
1972 903 2063 960 Ti-

421 1008 655 1064 motheo
703 1003 1066 1074 eaaterisque,
1117 1001 1342 1055 dictatas
1390 999 1527 1054 sint.
1583 997 1744 1064 Quod
1797 1011 1902 1068 ego
1950 995 2058 1048 du-

419 1097 555 1170 plici
586 1113 656 1151 ex
693 1110 870 1150 causa
914 1092 1134 1146 factum
1161 1094 1339 1162 puto;
1375 1092 1440 1143 ut
1467 1091 1526 1142 et
1573 1083 1831 1158 Epistola
1876 1084 2059 1155 majo-

415 1203 539 1243 rem
562 1185 802 1240 haberet
836 1179 1409 1249 auctoritatem,quae
1449 1193 1567 1232 non
1596 1176 1666 1231 ab
1701 1191 1815 1230 uno
1848 1173 2062 1230 scribe-

415 1277 626 1332 batur:
651 1278 706 1329 et
736 1271 874 1344 quia
890 1267 1053 1325 nulla
1083 1266 1378 1324 aemulatio
1409 1270 1533 1322 erat
1561 1264 1716 1320 inter
1744 1262 2059 1335 apostolos,

417 1365 466 1422 si
496 1365 635 1437 quid
669 1363 812 1418 forte
830 1359 1006 1415 Paulo
1038 1359 1314 1421 dictante,
1333 1355 1430 1412 alii
1464 1355 1706 1427 spiritus
1736 1353 2062 1425 suggessis-

416 1458 522 1521 set,
557 1452 778 1523 absque
821 1447 943 1504 ulla
989 1446 1228 1502 tristitia
1274 1445 1524 1500 addebat
1565 1442 1782 1498 Paulus
1812 1441 1872 1496 in
1906 1441 2057 1496 litte-

414 1542 495 1598 ris
525 1558 674 1614 quas
718 1539 991 1594 dictabat.
1035 1535 1369 1592 Secundum
1419 1533 1474 1588 id
1508 1533 1665 1603 quod
1713 1532 1838 1604 ipse
1869 1530 2062 1586 Corin-

413 1632 553 1687 thiis
610 1629 900 1703 praecepit,
937 1632 998 1680 ut
1047 1627 1095 1681 si
1137 1624 1249 1679 alio
1299 1623 1702 1696 prophetante,
1736 1619 1834 1676 alii
1887 1619 2063 1675 fuerit

414 1717 754 1784 revelatum,
789 1720 975 1768 taceat
999 1712 1094 1766 ille
1126 1711 1222 1782 qui
1257 1711 1418 1782 prius
1449 1709 1831 1782 prephetabat
1863 1709 1907 1779 (Ι
1939 1710 2058 1762 Cor.

414 1823 531 1872 xxv,
565 1806 674 1874 30).
727 1804 813 1858 Ita
861 1802 987 1874 ipse
1040 1817 1274 1872 quoque
1325 1803 1678 1896 praeceptum
1725 1813 1857 1852 sum
1890 1812 2060 1868 opere
2094 1832 2139 1896 Β

414 1893 762 1966 complebat,
783 1896 839 1946 et
861 1893 1095 1962 propter
1119 1906 1303 1961 pauca
1325 1906 1451 1959 qua:
1475 1887 1585 1942 alio
1604 1887 1910 1943 addiderat
1931 1903 2063 1957 sug-

413 1988 647 2056 gerente
697 1987 762 2036 ut
809 1997 1001 2048 suam,
1050 1978 1132 2033 ita
1181 1978 1424 2033 alterius
1473 1993 1707 2048 quoque
1755 1975 2061 2047 epistolam

415 2071 846 2146 praescribebat.
879 2067 1210 2132 Philemoni,
1247 2067 1460 2138 inquit,
1494 2067 1706 2121 dilecto.
1733 2065 1855 2120 Non
1891 2064 2064 2118 habe-

414 2168 510 2217 tur
575 2161 633 2215 in
671 2165 864 2214 Graeco
910 2156 1275 2230 ἠγαπημένῳ,
1338 2156 1493 2226 quod
1551 2155 1780 2210 dilectus
1824 2153 2060 2220 dicitur,

415 2253 514 2308 sed
550 2249 834 2324 ἀγαπητῷ,
869 2248 925 2302 id
969 2252 1059 2301 est
1105 2245 1389 2316 diligibili.
1427 2244 1579 2298 Inter
1626 2243 1903 2297 dilectum
1958 2258 2062 2296 au-

414 2345 530 2394 tem
558 2344 614 2392 et
651 2335 1019 2408 diligibilem,
1052 2334 1160 2388 hoc
1209 2333 1468 2399 interest,
1503 2334 1655 2403 quod
1688 2331 1934 2386 dilectus
1964 2348 2061 2402 ap-

415 2425 619 2498 pellari
650 2429 839 2496 potest
868 2429 923 2478 et
955 2423 1049 2476 ille
1082 2421 1180 2493 qui
1233 2420 1601 2475 dilectionem
1638 2437 1750 2474 non
1785 2425 2060 2475 meretur.

420 2513 728 2585 Diligibilis
759 2530 893 2568 vero
928 2511 974 2566 is
1008 2516 1234 2565 tantum
1269 2509 1368 2580 qui
1402 2509 1605 2564 merito
1639 2508 1920 2580 diligitur.
1960 2514 2060 2564 De-

414 2603 592 2674 nique
622 2607 680 2657 et
710 2601 980 2656 inimicos
1013 2605 1242 2655 nostros
1265 2597 1505 2670 diligere
1539 2597 1933 2669 praecipimur,
1960 2596 2060 2668 qui

415 2696 555 2746 sunt
617 2691 769 2748 750
819 2688 1034 2759 dilecti,
1083 2688 1180 2742 sed
1239 2703 1351 2741 non
1416 2685 2060 2758 diligibiles.Amamus

410 2781 622 2852 quippe
672 2779 825 2844 illos,
860 2795 974 2833 non
1029 2777 1167 2848 quia
1198 2776 1384 2831 amari
1435 2782 1754 2844 merentur,
1787 2776 1887 2830 sed
1921 2774 2063 2845 quia

415 2869 750 2941 praecipitur
779 2884 876 2923 eos
905 2867 1036 2922 odio
1068 2883 1182 2920 non
1214 2865 1532 2920 habendos.
1564 2863 1705 2919 lllud
1741 2880 1872 2918 vero
1906 2863 2059 2934 quod

415 2960 474 3014 in
508 2957 941 3031 quadragesimi
994 2956 1189 3027 quarti
1221 2954 1438 3010 Psalmi
1481 2953 1650 3009 titulo
1684 2958 2059 3024 przenotatur,

407 3064 510 3120 pro
552 3047 766 3112 dilecto,
801 3045 1012 3101 melius
1063 3045 1238 3099 habet
1267 3043 1323 3099 in
1376 3044 1591 3107 Graeco,
1621 3061 1720 3114 pro
1746 3043 2014 3114 diligibili
2041 3059 2059 3096 :

413 3135 512 3208 qui
543 3135 708 3191 locus
740 3134 1218 3190 manilestissime
1239 3134 1310 3188 de
1331 3133 1558 3188 Christo
1595 3132 1954 3204 intelligitur.
1981 3131 2060 3186 Li-

2171 548 2388 602 tamine
2435 547 2701 618 belloque
2750 549 3129 619 superaverit.
3166 549 3443 604 Scribitur
3482 552 3636 608 etiam
3681 555 3759 609 Ec-

2172 634 2357 690 clesiae
2408 653 2534 708 quae
2575 637 2634 690 in
2684 637 2856 692 domo
2907 638 3034 708 ejus
3079 642 3188 692 est.
3222 637 3429 694 Verum
3473 642 3568 695 hoc
3611 643 3761 711 ambi-

2171 741 2374 796 guum,
2407 729 2603 780 utrum
2636 725 2899 782 Ecclesiae
2931 743 3058 799 quae
3091 726 3150 782 in
3180 727 3351 783 domo
3379 727 3630 801 Archippi
3659 729 3758 787 sit:

2169 831 2241 870 an
2273 814 2323 868 ei
2355 831 2480 886 quae
2510 815 2569 870 in
2602 815 2774 871 domo
2812 815 3194 872 Philemonis.
3229 817 3335 872 Sed
3367 817 3504 873 mihi
3532 819 3762 875 videntur

2170 920 2286 959 non
2333 905 2402 959 ad
2455 904 2752 977 Archippi,
2787 906 2887 961 sed
2938 907 3008 961 ad
3044 905 3398 962 Philomenis
3444 907 3762 964 referendum

2169 1009 2298 1048 esse
2329 1009 2662 1064 personam,
2689 994 2785 1050 cui
2817 995 2942 1067 ipsa
2959 1011 3192 1067 quoque
3213 994 3456 1066 epistola
3472 997 3761 1067 deputatur.

2169 1081 2316 1136 Nam
2350 1081 2482 1138 licet
2514 1082 2725 1139 Paulus
2755 1089 2812 1139 et
2831 1083 3176 1140 Timotheus
3208 1085 3424 1156 pariter
3451 1085 3682 1140 scribant
3705 1085 3764 1142 ad

2171 1170 2590 1242 Philemonem,
2623 1171 2894 1244 Appiam,
2927 1172 3310 1246 Archippum,
3343 1178 3400 1229 et
3446 1172 3762 1230 Ecclesiam:

2171 1264 2368 1316 tamen
2399 1261 2458 1316 in
2494 1262 2874 1333 sequentibus
2901 1263 3256 1335 approbatur
3285 1261 3524 1319 Paulum
3545 1268 3764 1319 tantum-

2171 1350 2343 1406 modo
2372 1351 2444 1406 ad
2475 1350 2874 1408 Philemonem
2922 1353 3193 1417 scribere,
3228 1357 3285 1408 et
3317 1369 3498 1408 unum
3522 1369 3642 1408 cum
3667 1369 3761 1409 uno

2169 1439 2568 1494 sermocinari.
2603 1439 2816 1496 Gratias
2851 1458 2953 1513 ago
2986 1447 3096 1498 Deo
3139 1458 3258 1498 meo
3306 1444 3574 1514 semper‘,
3613 1447 3656 1497 et
3680 1457 3768 1496 me-

2169 1528 2417 1584 moriam
2438 1531 2524 1584 tui
2536 1531 2745 1600 faciens
2761 1521 2920 1602 (vers.
2937 1532 3012 1601 4).
3037 1535 3204 1587 Hunc
3231 1537 3424 1587 autem
3439 1548 3640 1587 morem
3655 1531 3770 1586 scri-

2169 1615 2344 1671 bendi
2366 1618 2421 1672 in
2449 1619 2748 1675 nonnullis
2781 1619 3042 1692 epistolis
3065 1622 3192 1691 ejus
3213 1620 3470 1676 invenire
3501 1621 3731 1693 poteritis
3757 1639 3766 1676 :

2172 1709 2326 1778 quod
2369 1725 2501 1762 cum
2534 1707 2750 1780 plures,
2785 1715 2839 1764 et
2869 1711 2938 1765 ad
2975 1711 3170 1782 plures
3212 1711 3357 1767 751
3395 1711 3453 1765 in
3485 1710 3773 1782 praefatione

2175 1803 2487 1867 ponantur,
2521 1803 2721 1868 postea
2751 1815 2852 1870 per
2883 1803 3068 1854 totum
3103 1816 3317 1871 corpus
3337 1798 3619 1871 Epistolae,
3649 1815 3772 1854 unus

2171 1886 2480 1957 disputans
2534 1886 2863 1942 inducatur.
2905 1887 3048 1943 Illud
3081 1890 3237 1960 quod
3288 1890 3364 1944 ad
3417 1887 3638 1944 Galatas
3665 1888 3777 1943 scri-

2170 1976 2315 2030 bens
2365 1975 2678 2046 Apostolus
2726 1977 2852 2031 ait:
2892 1977 2947 2030 in
2996 1977 3209 2032 Christi
3243 1978 3359 2033 fide
3396 1977 3536 2032 nihil
3583 1977 3775 2043 referre,

2172 2063 2405 2135 gentilis
2457 2065 2533 2119 sit
2582 2065 2814 2135 aliquis,
2861 2083 2932 2121 an
2977 2067 3213 2122 Iudaeus
3251 2086 3263 2122 :
3299 2068 3409 2134 vir,
3444 2085 3512 2122 an
3560 2065 3775 2121 mulier:

2172 2169 2393 2219 servus,
2427 2170 2498 2208 an
2550 2153 2695 2208 liber
2725 2155 2922 2221 (Galat.
2955 2172 3038 2223 ιιι,
3069 2156 3162 2227 28)
3197 2173 3208 2211 :
3242 2156 3424 2211 etiam
3473 2156 3528 2210 in
3557 2156 3655 2210 hoc
3681 2154 3780 2210 loco

2174 2242 2547 2313 perspicuum
2583 2243 2666 2297 fit.
2703 2249 2858 2299 Inter
2886 2245 3032 2300 duos
3065 2245 3282 2317 quippe
3318 2262 3482 2300 veros
3511 2251 3564 2301 et
3591 2249 3781 2317 aposto-

2172 2330 2334 2399 licos,
2368 2331 2518 2386 inter
2566 2339 2993 2403 cooperatorem
3041 2333 3226 2404 Pauli,
3259 2339 3323 2389 et
3361 2333 3777 2390 commilitonem

2170 2421 2318 2490 ejus,
2354 2421 2612 2474 medium
2638 2421 2878 2492 Apphim
2911 2438 3120 2476 nomen
3153 2422 3473 2478 inseritur:
3502 2429 3561 2478 ut
3586 2421 3674 2476 tali
3696 2420 3780 2490 [AL

2171 2507 2327 2578 talis)
2360 2525 2428 2562 ex
2460 2515 2706 2580 utroque
2739 2509 2915 2564 latere
2963 2509 3108 2565 fulta
3152 2511 3460 2581 comitatu,
3494 2527 3595 2566 non
3628 2509 3782 2562 videa-

2172 2602 2269 2651 tur
2299 2597 2560 2652 ordinem
2595 2616 2766 2653 sexus
2798 2599 3031 2666 habere,
3057 2601 3155 2654 sed
3191 2601 3411 2656 meriti.
3437 2601 3589 2666 Quod
3618 2602 3781 2653 autem

2173 2685 2252 2739 ait
2284 2703 2296 2739 :
2332 2687 2517 2741 Gratia
2567 2688 2715 2743 vobis
2744 2696 2794 2744 et
2821 2705 2936 2759 pax
2973 2705 3007 2743 a
3039 2690 3142 2744 Deo
3190 2691 3371 2746 Patre
3400 2695 3591 2758 nostro,
3621 2692 3667 2743 et
3695 2690 3780 2740 Do-

2171 2775 2324 2828 mino
2350 2775 2473 2830 Jesu
2505 2775 2738 2845 Christo,
2768 2775 2958 2832 adhuc
3008 2794 3041 2832 a
3072 2777 3310 2833 duobus
3360 2779 3431 2834 ad
3463 2777 3646 2850 plures
3673 2772 3784 2830 scri-

2170 2862 2349 2928 bitur,
2383 2867 2439 2918 et
2469 2863 2528 2918 in
2560 2865 2835 2920 omnibus
2876 2882 3020 2937 pene
3051 2867 3332 2939 Epistolis
3364 2866 3576 2939 aequale
3603 2867 3622 2900 ³
3647 2863 3783 2936 prin-

2171 2951 2389 3022 cipium
2417 2957 2522 3021 est,
2547 2959 2611 3007 ut
2643 2954 2890 3025 gratiam
2923 2955 3006 3010 eis
3038 2959 3095 3009 et
3124 2971 3334 3026 pacem
3367 2974 3401 3012 a
3430 2955 3538 3011 Deo
3569 2955 3715 3010 Patre
3741 2952 3783 3005 et

2171 3041 2396 3096 Christo
2446 3042 2692 3098 Domino
2751 3042 3123 3116 imprecetur.
3185 3048 3260 3099 Ex
3329 3062 3440 3117 quo
3498 3040 3786 3100 ostenditur

2174 3149 2352 3187 unam
2386 3132 2513 3187 Filii
2550 3133 2850 3204 Patrisque
2877 3150 3004 3189 esse
3039 3140 3342 3202 naturam,
3387 3153 3516 3191 cum
3547 3135 3599 3189 id
3631 3133 3788 3204 potest

409 3204 498 3281 eet
527 3225 682 3280 enim
715 3224 899 3280 Judaei
933 3241 1104 3278 iniou
1139 3224 1394 3293 (ηπ-την),
1418 3223 1525 3277 hoc
1557 3227 1644 3276 est
1675 3231 1921 3276 amatum
1941 3221 2058 3287 Dei,
2090 3204 2132 3266 (ἶ
2176 3221 2356 3276 Filius
2405 3227 2680 3292 praestare
2726 3224 2878 3293 quod
2930 3223 3118 3288 Pater,
3173 3229 3228 3278 et
3287 3225 3503 3280 dicitur
3546 3224 3598 3278 id
3655 3223 3788 3277 Pater

2175 3314 2449 3380 praestare
2480 3310 2631 3381 quod
2668 3309 2868 3366 Filius.
2904 3311 3102 3367 Gratia
3143 3318 3346 3368 autem
3379 3319 3487 3380 est,
3520 3329 3628 3385 qua
3655 3307 3788 3365 nullo

2177 3398 2382 3453 merito
2413 3415 2517 3454 nec
2564 3416 2734 3470 opere
2790 3399 3102 3456 salvamur.
3137 3401 3270 3469 Pax,
3316 3420 3432 3474 qua
3477 3396 3786 3458 reconciliati

2179 3492 2288 3540 Deo
2332 3504 2431 3557 per
2477 3486 2772 3543 Christum
2807 3505 3014 3544 sumus
3073 3495 3136 3544 ut
3181 3490 3258 3544 ibi
3304 3493 3685 3547 :Obsecramus
3710 3499 3790 3559 pro

2175 3575 2414 3640 Christo,
2448 3577 2900 3633 reconciliamini
2930 3579 3031 3634 Deo
3063 3579 3134 3648 (Il
3161 3580 3289 3635 Cor.
3330 3599 3382 3652 ν,
3416 3581 3526 3651 20).

2245 3666 2475 3734 (Versu/1
2520 3667 2689 3736 seqq.)
2737 3689 2762 3715 ‹‹
2813 3666 3041 3721 Gratias
3091 3684 3198 3737 ago
3229 3668 3353 3724 Deo
3403 3685 3526 3724 meo
3577 3678 3791 3735 semper.

409 3313 779 3369 Salomonem
830 3312 942 3368 dici
994 3317 1219 3384 putent,
1254 3312 1406 3383 quod
1442 3311 1490 3366 ei
1525 3329 1558 3365 a
1592 3315 1703 3366 Deo
1738 3310 1814 3365 sit
1863 3311 1935 3365 ob
1969 3327 2065 3364 sa-

409 3402 690 3474 pientiam
737 3418 950 3458 nomen
1001 3399 1342 3471 impositum
1393 3417 1404 3453 :
1455 3405 1649 3454 tamen
1702 3407 1916 3453 amatus
1967 3399 2064 3453 Dei

411 3491 543 3563 quis
576 3492 762 3563 magis
793 3491 905 3545 dici
941 3495 1148 3560 potest,
1185 3488 1294 3544 nisi
1328 3489 1380 3544 is
1409 3490 1478 3543 de
1511 3505 1626 3559 quo
1661 3488 1717 3542 in
1754 3487 2065 3558 Evangelia

409 3583 581 3634 Pater
627 3579 927 3650 loquitur:
965 3579 1070 3631 Hic
1092 3585 1171 3631 est
1199 3577 1370 3632 Filius
1417 3594 1567 3631 mens
1613 3577 1840 3631 dilectus
1872 3578 1926 3630 in
1962 3591 2066 3646 quo

418 3666 560 3721 mihi
590 3667 719 3721 bene
774 3665 1078 3736 complacui
1103 3667 1247 3718 hunc
1293 3664 1480 3719 audite
1523 3666 1674 3734 (Luc.
1710 3682 1784 3733 ix,
1818 3664 1929 3729 3(5).
1966 3668 2066 3718 De-

417 3755 594 3827 nique
624 3758 679 3809 et
699 3755 756 3810 in
791 3755 940 3809 Isaia
962 3753 1040 3808 ita
1061 3753 1345 3824 scriptum
1373 3753 1584 3808 habet:
1611 3754 1847 3808 Cantabo
1871 3753 2066 3808 dilecto
2175 3753 2519 3808 memoriam
2551 3754 2634 3808 tui
2668 3755 2882 3810 faciens
2913 3755 2970 3809 in
3002 3757 3372 3813 orationibus
3398 3758 3558 3827 meis,
3582 3754 3792 3811 audiens

414 3846 694 3900 canticum
742 3843 1033 3913 dz'ligibilis
1081 3844 1259 3898 vineae
1287 3857 1443 3898 mea.
1485 3844 1641 3897 Vinea
1691 3845 1843 3912 facta
1873 3846 1946 3896 est
1977 3842 2062 3897 di-

415 3935 546 3989 lecto
589 3934 721 4005 (lsa.
754 3950 806 4003 v,
840 3933 911 4003 1).
946 3932 1013 3986 Et
1043 3931 1150 3986 hoc
1192 3931 1559 3986 circumcisio
1614 3931 1683 3985 de
1715 3930 1929 4002 populo
1961 3932 2062 3985 Ju-

416 4022 580 4078 daico
598 4023 1006 4094 accipiendum
1033 4025 1265 4092 putans,
1287 4019 1532 4091 impegit
1551 4020 1606 4074 in
1624 4019 1875 4091 lapidem
1895 4021 2065 4075 offen-

414 4111 616 4180 sionis,
643 4115 699 4166 et
721 4115 943 4182 petram
970 4107 1226 4164 scandali
1255 4109 1369 4179 (Isa
1392 4125 1511 4172 vm,
1537 4109 1646 4179 14),
1671 4125 1682 4162 :
1706 4125 1819 4163 non
1847 4109 2061 4180 recogi-

412 4207 547 4256 tans
560 4200 790 4255 vineam
811 4216 936 4270 quae
951 4199 1020 4253 de
1041 4198 1280 4270 ngypto
1300 4197 1584 4252 translata
1597 4202 1683 4252 est
1697 4198 1712 4269 (
1725 4197 2060 4265 Psalmaxrx,

411 4291 488 4358 9),
519 4304 647 4343 esse
676 4288 916 4342 domum
950 4286 1145 4356 Israel,
1179 4291 1236 4341 et
1264 4286 1564 4341 Christum
1589 4285 1683 4341 hic
1713 4285 1826 4342 dici
1859 4286 1948 4342 vel
1983 4287 2063 4341 di-

409 4375 714 4449 ligibilcm,
737 4375 822 4430 vel
841 4375 1122 4431 dilectum
1149 4393 1160 4430 :
1190 4376 1329 4430 dum
1349 4380 1406 4430 et
1429 4375 1553 4446 ipse
1571 4375 1732 4447 diligi
1760 4382 2063 4432 meretura

411 4464 654 4534 sanctis,
686 4469 743 4520 et
772 4465 954 4520 sancti
989 4480 1122 4520 eum
1153 4464 1425 4536 diligunt,
1451 4465 1756 4520 offerentes
1787 4470 1843 4520 et
1873 4466 2061 4538 magis

2173 3841 2513 3896 charitatem
2547 3847 2730 3912 tuam,
2761 3848 2816 3898 et
2850 3844 3018 3898 fidem
3054 3862 3230 3915 quam
3265 3846 3450 3903 habes
3484 3847 3539 3900 in
3577 3841 3785 3899 Domino

2172 3931 2332 3997 Jesu,
2365 3936 2420 3986 et
2449 3949 2652 3988 omnes
2683 3936 2916 3987 sanctos
2933 3933 3060 4003 ejus
3085 3951 3096 3988 :
3125 3939 3187 3988 ut
3208 3934 3655 3990 communicatio
3679 3927 3788 3985 fidei

2175 4025 2287 4074 tua}
2319 4020 2554 4076 evidens
2587 4022 2687 4076 fiat
2731 4022 2784 4075 in
2819 4023 3113 4094 agnitione
3157 4026 3354 4080 omnis
3388 4024 3542 4087 boni,
3575 4021 3710 4094 quod
3742 4018 3787 4070 in

2172 4109 2336 4164 vobis
2366 4111 2386 4144 ³
2416 4115 2503 4164 est
2549 4109 2605 4163 in
2659 4110 2905 4165 Christo.
2941 4133 2967 4160 ››
3001 4111 3130 4166 Haec
3155 4113 3282 4181 jam
3337 4131 3452 4169 non
3500 4118 3559 4168 ut
3606 4106 3789 4166 Paulus

2172 4203 2227 4251 et
2257 4197 2619 4265 Timotheus,
2656 4198 2977 4254 Philemoni
3036 4206 3097 4254 et
3141 4203 3407 4271 caeteris;
3444 4203 3538 4257 sed
3568 4205 3626 4254 ut
3654 4194 3788 4252 solus

2173 4285 2409 4358 Paulus,
2443 4286 2514 4341 ad
2547 4287 2736 4342 solum
2788 4288 3184 4345 Philemonem
3235 4291 3500 4364 loquitur
3529 4307 3542 4346 :
3577 4287 3782 4348 Gratias,

2172 4374 2464 4446 inquiens,
2492 4392 2590 4447 ago
2637 4378 2742 4432 Deo
2775 4375 2898 4433 meo
2937 4395 3146 4450 semper
3176 4380 3282 4448 [Αἰ.
3320 4381 3485 4437 addit
3521 4381 3586 4445 et]
3616 4391 3788 4432 memo-

2171 4466 2317 4519 riam
2357 4468 2443 4520 tui
2469 4468 2680 4530 faciens
2712 4469 2770 4522 in
2813 4469 3152 4524 orationibus
3182 4471 3338 4524 meis.
3375 4469 3655 4540 Ambigua
3682 4476 3790 4518 vero

409 4555 776 4620 charitatem,
810 4570 988 4626 quam
1035 4552 1154 4608 ulla
1186 4554 1290 4624 [AL
1327 4553 1461 4624 alia]
1492 4553 1794 4608 charitatis
1826 4555 2066 4626 prazmia
2093 4561 2140 4626 Β
2171 4553 2415 4619 dictum,
2449 4561 2651 4610 utrum
2700 4558 2921 4627 gratias
2970 4561 3106 4630 agat
3136 4558 3251 4614 Deo
3299 4576 3407 4615 suo
3460 4572 3695 4628 semper,
3725 4564 3784 4605 an

408 4643 793 4717 postulantes.
828 4643 1104 4697 Scribunt
1144 4641 1322 4712 igitur
1350 4641 1563 4696 Paulus
1613 4647 1668 4696 et
1695 4641 2058 4709 Timotheus,

409 4733 730 4790 Philemoni
761 4730 1107 4787 charissimo
1138 4735 1194 4784 et
1222 4731 1580 4801 cooperatori
1608 4745 1620 4785 :
1649 4730 1748 4801 qui
1782 4731 1906 4786 ideo
1929 4731 2061 4786 cha-

408 4823 681 4879 rissimus
726 4823 919 4876 dictus
952 4825 1059 4887 est,
1093 4819 1248 4891 quod
1305 4820 1361 4873 in
1407 4819 1608 4874 eodem
1643 4819 1855 4874 Christi
1889 4836 2058 4890 opere

404 4917 686 4968 versetur.
720 4910 964 4983 Apphize
1007 4910 1112 4978 [Αἰ.
1166 4907 1387 4980 Appiis]
1423 4925 1653 4979 quoque
1703 4908 1908 4974 sorori,
1942 4926 2058 4964 non

406 4999 640 5055 habenti
673 4999 732 5054 in
765 5016 827 5054 se
859 4997 1012 5054 falsa;
1044 4997 1288 5070 aliquid,
1320 5002 1378 5053 et
1411 4997 1554 5052 ﬁcta
1601 4997 2006 5069 germanitatis
2041 5015 2053 5052 :

405 5093 462 5142 et
515 5087 805 5160 Archippo
881 5087 1287 5154 commilitoni,
1351 5103 1528 5158 quem
1585 5087 1838 5142 arbitror
1915 5104 2051 5143 cum

406 5175 583 5232 Paulo
613 5181 670 5230 et
727 5176 1032 5232 Timotheo
1081 5181 1284 5232 contra
1315 5174 1676 5231 adversarios
1706 5192 1809 5248 pro
1840 5176 2056 5232 Christi

403 5265 641 5320 nomine
662 5264 1037 5320 dimicantem
1068 5263 1364 5320 exstitisse
1384 5264 1683 5333 victorem,
1713 5268 1768 5320 et
1791 5271 2052 5338 propter-

473 5460 488 5494 ¹
524 5459 764 5516 Addunt
794 5460 974 5534 nostri
1005 5477 1148 5517 mss.
1173 5478 1274 5532 pro
1296 5461 1464 5529 vobis,
1490 5478 1640 5534 quas
1664 5463 1935 5520 nesciunt
1957 5482 2050 5520 vo-

399 5547 496 5588 ces
547 5534 779 5588 Graecus
831 5532 1048 5606 pariter
1097 5537 1309 5600 textus,
1362 5532 1536 5606 atque
1582 5534 1823 5591 Latinus
1873 5537 2051 5592 inter-

403 5619 740 5736 prfsf’itiose
770 5674 1042 5752 Martias,
1065 5675 1225 5752 quale
1244 5692 1264 5734 ,ο
1284 5673 1433 5736 levia
1462 5676 1519 5734 id
1551 5678 1758 5753 genius
1788 5677 1904 5738 alia
1923 5696 2051 5756 pas~

2173 4644 2513 4698 memoriam
2547 4645 2674 4716 ejus
2720 4646 2893 4701 faciat
2924 4646 2982 4700 in
3015 4646 3380 4703 orationibus
3413 4648 3537 4703 suis
3568 4655 3788 4713 semper.

2171 4732 2238 4786 Et
2291 4737 2608 4804 utrumque
2658 4733 2900 4806 intelligi
2954 4740 3160 4807 potest.
3193 4735 3300 4798 Qui
3353 4736 3508 4791 enim
3561 4726 3789 4806 prazcipit

2168 4821 2320 4892 aliis,
2357 4826 2417 4876 ut
2443 4822 2502 4877 in
2543 4823 2820 4878 omnibus
2871 4823 3088 4894 gratias
3121 4830 3298 4897 agant
3332 4827 3464 4896 Deo,
3517 4820 3683 4878 nullis
3710 4831 3790 4872 an-

2167 4910 2378 4981 gustiis
2426 4909 2639 4980 poterit
2686 4911 2990 4978 coarctari,
3040 4914 3106 4965 ut
3151 4911 3371 4984 gratias
3420 4924 3645 4981 semper
3695 4907 3786 4957 Deo

2167 4999 2293 5070 ipse
2325 5015 2438 5053 non
2472 4998 2699 5052 referat.
2737 4999 2794 5053 Si
2828 5004 3022 5054 autem
3057 5016 3161 5071 pro
3207 5000 3449 5068 sanctis,
3483 5002 3539 5052 et
3567 4987 3788 5050 meliori-

2166 5087 2277 5142 bus
2311 5087 2644 5160 quibusque
2683 5087 2894 5143 Paulus
2927 5105 3158 5160 semper
3179 5089 3384 5144 orabat
3418 5088 3667 5159 (sanctus
3695 5095 3784 5135 au—

2164 5179 2281 5230 tem
2317 5181 2371 5231 et
2403 5175 2702 5232 Philemon
2736 5181 2844 5243 est,
2871 5182 3095 5233 tantam
3124 5177 3348 5233 habens
3381 5178 3438 5231 in
3472 5192 3530 5230 se
3561 5172 3720 5227 ﬁdem
3739 5166 3786 5219 et

2164 5263 2532 5336 charitatem,
2583 5273 2647 5322 ut
2695 5283 2810 5322 non
2864 5266 3055 5322 solum
3105 5267 3307 5323 auditu
3367 5265 3441 5331 ei,
3485 5263 3581 5319 sed
3629 5257 3783 5315 etiam

2164 5465 2274 5522 sim
2304 5464 2687 5536 castigantur.

2232 5538 2254 5572 ³
2283 5527 2696 5607 Cistercienses
2752 5553 2889 5607 ms.,
2925 5537 2986 5593 in
3033 5536 3207 5594 nobis.
3240 5533 3438 5591 Variat
3468 5536 3524 5589 et
3569 5527 3781 5586 Greca!

2161 5614 2375 5682 textus,
2413 5605 2538 5683 ὑμῖν
2567 5614 2623 5666 et
2645 5609 2804 5682 ἡμῖν.
