4066 6190
314 350 432 423 645
1183 353 1700 418 COMMENTAR.
1747 354 1821 414 ΙΝ
1868 349 2117 415 EPIST.
2163 347 2265 415 Al)
2308 351 2855 419 PHILEMONEM.
3607 359 3726 423 646

320 508 490 566 opere
521 489 880 560 nosceretur)
912 492 968 545 et
999 505 1100 562 pro
1133 487 1470 543 Philemone
1502 502 1736 558 semper
1765 503 1963 541 orasse
1995 494 2046 560 Α
2077 490 2132 542 et
2154 487 2384 558 justitia
2419 487 2512 541 Dei
2544 487 2603 542 in
2635 504 2700 568 eo
2731 488 3014 544 reveletur
3043 507 3110 546 ex
3146 492 3258 548 fide
3311 493 3368 548 in
3422 495 3617 564 fidem,
3652 496 3732 550 si-

324 580 593 652 Paulum,
625 578 902 636 credibile
933 583 1060 634 est:
1103 594 1218 650 quo
1269 577 1489 633 scilicet
1538 577 1682 631 ﬁdes
1734 581 1790 631 et
1838 575 1975 630 cha-
2085 583 2182 632 cut
2212 577 2496 649 scriptum
2527 581 2652 632 est:
2685 578 2868 633 Justus
2889 583 3069 634 autem
3093 596 3163 635 ex
3191 581 3301 649 ﬁde
3328 585 3464 638 vicit
3500 585 3735 656 (Ilabac.

323 672 465 728 ritas
496 685 674 742 quam
702 669 959 724 habebat
987 667 1045 722 in
1104 665 1358 734 Christo,
1392 670 1448 721 et
1477 665 1536 720 in
1585 681 1790 720 omnes
1825 665 1976 722 752
2087 683 2149 730 ii,
2186 667 2260 738 4).
2296 665 2634 738 Praecipitur
2665 672 2724 722 et
2754 667 2810 721 in
2845 667 2956 722 alio
2983 667 3108 723 loco
3138 687 3150 724 :
3181 671 3368 726 Sancti
3396 675 3576 741 estote,
3601 690 3732 745 quo-

327 764 560 818 sanctos
591 759 742 829 ejus,
777 773 880 829 per
923 754 1514 811 communicationem
1577 754 1734 823 ﬁdei,
1767 759 1823 808 et
1851 771 1980 826 ope-
2086 756 2242 810 niam
2274 771 2369 826 ego
2417 759 2638 810 sanctus
2693 772 2834 822 sum,
2895 756 3028 811 dicit
3089 759 3354 814 Dominus
3405 761 3542 816 Deus
3571 771 3746 817 vester

327 848 612 904 rationem
647 844 964 917 agnitionis
995 844 1054 898 in
1087 843 1244 898 omni
1283 843 1455 910 bono,
1488 843 1702 899 Christi
1753 843 1980 898 miseri-
2090 846 2204 910 (Lei
2221 847 2278 898 it.
2310 863 2424 912 xu,
2451 845 2529 916 2.)
2584 845 2794 900 Eadem
2855 847 3137 901 sanctitas
3192 849 3372 903 servis
3423 850 3664 904 debetur
3694 856 3750 906 et

331 937 529 993 cordia
560 938 928 1000 servaretur;
977 936 1033 988 et
1080 933 1150 987 de
1199 932 1482 987 charitate
1521 932 1756 1003 quidem
1804 947 1980 1002 quam
2093 933 2378 988 Domino:
2413 939 2470 987 et
2519 934 2893 988 sanctificans
2947 934 3164 1007 quippe
3211 941 3267 991 et
3299 937 3652 993 sanctilicati
3682 955 3751 994 ex

337 1027 587 1082 habebat
617 1023 676 1078 in
706 1022 934 1079 Christo
964 1022 1124 1087 Jesu,
1158 1026 1214 1077 et
1245 1022 1302 1075 in
1331 1037 1535 1076 omnes
1567 1025 1801 1075 sanctos
1833 1021 1983 1091 ejus,
2095 1039 2209 1076 uno
2242 1039 2468 1077 omnes.
2506 1022 2628 1075 Non
2663 1027 2937 1093 putemus
2966 1023 3148 1078 levem
3205 1024 3564 1081 Philemonis
3608 1044 3749 1098 pra:-

336 1132 452 1171 non
484 1112 741 1169 difﬁcilis
770 1110 1169 1182 interpretatio
1200 1115 1326 1165 est:
1362 1126 1476 1181 qua
1509 1113 1639 1181 post
1677 1109 1858 1164 Deum
1898 1109 1983 1162 di-
2095 1110 2466 1176 dicationem,
2528 1111 2574 1164 si
2637 1111 2839 1164 eadem
2900 1113 3070 1166 tidem
3132 1113 3346 1168 habeat
3407 1116 3463 1168 in
3515 1121 3747 1171 sanctos

336 1204 515 1276 ligere
553 1202 837 1273 jubemus
884 1204 941 1254 et
999 1198 1313 1270 proximos.
1347 1198 1512 1253 Nunc
1545 1198 1650 1253 hoc
1683 1197 1987 1269 quaeritur,
2098 1217 2273 1270 quam
2307 1204 2363 1254 et
2395 1199 2450 1253 in
2484 1200 2689 1255 Deum.
2723 1200 2826 1262 Qui
2864 1200 3047 1256 crebit
3081 1207 3259 1257 Deum
3294 1208 3561 1259 sanctum
3597 1221 3747 1272 esse,

338 1291 634 1366 quomodo
655 1289 920 1346 eamdem
946 1287 1119 1344 fidem
1147 1288 1203 1342 in
1227 1287 1456 1343 Christo
1473 1287 1609 1342 Jesu
1630 1285 1989 1358 haberequis
2102 1289 2301 1360 utique
2335 1305 2447 1342 non
2483 1295 2657 1343 errat.
2687 1289 2847 1352 Quod
2883 1289 2930 1343 si
2964 1290 3096 1361 quis
3128 1291 3428 1347 hominem
3484 1294 3583 1364 qui
3617 1311 3751 1350 san-

342 1381 545 1455 possit,
579 1385 636 1435 et
663 1379 720 1434 in
755 1382 987 1434 sanctos
1017 1379 1182 1448 ejus;
1209 1374 1315 1428 ἀπὸ
1346 1379 1532 1429 κοινοῦ
1565 1375 1718 1431 enim
1756 1379 1991 1430 resonat
2103 1383 2230 1432 ctus
2268 1394 2379 1431 non
2413 1381 2519 1442 est,
2555 1382 2823 1432 sanetum
2857 1394 2984 1433 esse
3015 1379 3344 1450 crediderit,
3375 1386 3432 1436 et
3468 1381 3564 1436 Dei
3616 1399 3751 1438 eum

341 1470 684 1526 charitatem
719 1484 894 1539 quam
917 1467 1098 1521 habes
1121 1465 1178 1520 in
1198 1465 1436 1520 Domino
1460 1465 1759 1533 Jesu,etin
1789 1481 1992 1520 omnes
2093 1466 2354 1537 junxerit
2385 1466 2669 1531 societati,
2703 1465 3007 1521 Christum
3042 1467 3237 1536 violat,
3271 1469 3442 1538 cujus
3494 1472 3758 1542 corporis

345 1563 579 1615 sanctos
609 1559 768 1627 ejus:
803 1561 860 1612 et
890 1556 1064 1610 fidem
1089 1557 1128 1618 ί,
1174 1572 1348 1626 quam
1400 1554 1578 1609 habes
1631 1553 1688 1607 in
1741 1553 1990 1607 Domino
2103 1573 2307 1610 omnes
2340 1555 2596 1610 membra
2629 1572 2858 1609 sumus.
2886 1557 2994 1624 Qui
3013 1557 3168 1623 dicit,
3192 1556 3405 1629 inquit,
3431 1560 3640 1623 iustum
3671 1563 3757 1614 in-

346 1648 507 1714 Jesu,
537 1653 590 1701 et
618 1645 678 1700 in
706 1661 910 1700 omnes
941 1649 1177 1699 sanctos
1233 1644 1382 1713 ejus.
1436 1643 1512 1696 Ad
1572 1641 1992 1712 expositionem
2095 1644 2665 1715 justum,etiniustum
2686 1644 2922 1713 justum,
2952 1645 3344 1701 abominabitz’s
3364 1649 3756 1720 uterqueapud

347 1737 528 1807 hujus
557 1733 665 1789 loci
697 1734 766 1789 de
791 1733 982 1788 Exodo
1016 1748 1324 1788 sumamus
1355 1732 1684 1802 exemplum
1712 1747 1722 1785 :
1756 1729 1998 1785 Credidit
2108 1734 2271 1787 Deum
2303 1741 2380 1787 est
2407 1733 2586 1804 (Prov.
2613 1734 2875 1801 xvu,15):
2904 1731 3175 1788 similiter
3196 1734 3296 1805 qui
3320 1743 3587 1791 sanctum
3613 1737 3756 1792 dicit

337 1825 576 1899 papulas
605 1824 710 1878 Deo
741 1827 792 1878 et
822 1822 991 1893 Moysi
1018 1838 1168 1877 servo
1197 1823 1312 1894 ejus
1342 1820 1533 1892 (Exod.
1567 1837 1680 1886 xxv,
1710 1820 1822 1890 31).
1872 1819 1996 1874 Una
2033 1861 2074 1899 η
2107 1838 2235 1877 esse
2266 1839 2378 1876 non
2412 1828 2698 1889 sanctum,
2732 1825 2789 1876 et
2821 1839 3056 1877 rursum
3088 1840 3204 1877 non
3257 1831 3552 1892 sanctum,
3595 1843 3752 1882 asse-

344 1919 526 1985 atque
553 1912 755 1967 eadem
788 1909 1103 1966 credulitas
1162 1910 1219 1964 in
1274 1913 1503 1982 Moysen
1554 1910 1823 1979 refertur,
1851 1912 1908 1962 et
1939 1907 1998 1962 in
2034 1907 2077 1924 ”
2112 1910 2186 1965 rit
2215 1914 2504 1975 sanctum,
2540 1909 2952 1965 abominabilis
2983 1911 3136 1981 apud
3170 1912 3355 1966 Deum
3390 1919 3498 1968 est.
3543 1915 3758 1970 Omnes

344 2003 529 2058 Deum
558 2018 570 2056 :
605 2005 672 2055 ut
692 1999 944 2072 populus
975 1998 1076 2070 qui
1107 1999 1381 2054 credebat
1413 1999 1470 2052 in
1498 1998 2004 2068 Dominum,a3que
2113 2001 2438 2067 credentes,
2471 2000 2794 2053 secundum
2855 1999 3230 2070 Apostolum,
3267 2001 3486 2057 Christi
3547 2020 3761 2075 corpus

355 2090 679 2146 credidisse
709 2089 938 2143 dicatur
984 2087 1090 2159 (Al.
1148 2086 1456 2157 scribatur)
1510 2086 1567 2141 in
1601 2102 1852 2141 servum.
1887 2085 2004 2140 Hoc
2113 2087 2450 2144 efﬁciuntur
2498 2088 2600 2160 (At.
2648 2087 2962 2158 efficimur)
3021 2089 3069 2154 (I
3126 2089 3254 2144 Cor.
3284 2107 3389 2158 x11,
3419 2093 3530 2163 27).
3566 2092 3673 2155 Qui
3707 2092 3765 2147 in

354 2185 554 2235 autem
586 2195 700 2234 non
735 2176 924 2233 solum
956 2177 1013 2230 in
1049 2176 1264 2248 Moyse,
1288 2176 1385 2231 sed
1414 2175 1472 2230 in
1493 2175 1768 2230 omnibus
1788 2173 2005 2230 sanctis

353 2270 485 2340 ejus
515 2274 603 2323 est
638 2285 650 2333 ;
683 2271 748 2321 ut
789 2265 1123 2338 quicunque
1170 2264 1418 2320 credidit
1476 2264 1611 2331 Deo,
1665 2263 1833 2318 aliter
1879 2264 2007 2334 ejus

355 2359 532 2413 fidem
567 2357 821 2428 recipere
851 2371 965 2410 non
999 2358 1194 2426 queat,
1221 2353 1333 2409 nisi
1365 2354 1558 2409 credat
1590 2357 1646 2408 et
1678 2353 1736 2407 in
1772 2358 2008 2408 sanctos

309 2459 316 2464 '
359 2446 640 2518 ejus.Non
665 2449 755 2501 est
778 2444 932 2499 enim
957 2443 1014 2499 in
1031 2443 1212 2498 Deum
1242 2443 1494 2514 perfecta
1514 2442 1747 2498 dilectio
1766 2447 1821 2498 et
1844 2443 2008 2510 fides,

359 2553 490 2608 quae
513 2535 570 2589 in
593 2534 896 2590 ministros
923 2534 1050 2604 ejus
1082 2533 1214 2587 odio
1246 2537 1304 2586 et
1333 2530 1674 2587 infidelitate
1713 2536 2007 2586 tenuatur.

363 2625 527 2690 Quod
561 2629 755 2680 autem
789 2623 938 2688 dico,
1000 2621 1114 2676 tale
1170 2626 1296 2676 est:
1345 2620 1590 2676 credidit
1640 2621 1748 2690 (Al.
1808 2619 2010 2690 credit)

365 2713 661 2785 quispiam
691 2713 748 2766 in
773 2712 1130 2767 conditorem
1161 2710 1374 2765 Deum:
1401 2726 1512 2765 non
1538 2713 1729 2782 potest
1759 2710 2010 2778 credere,

371 2801 487 2857 nisi
511 2800 673 2874 prius
703 2799 1031 2865 crediderit,
1055 2799 1126 2854 de
1158 2799 1378 2854 sanctis
1409 2799 1536 2870 ejus
1567 2815 1696 2854 vera
1728 2815 1856 2854 esse
1889 2815 2013 2870 quae

371 2891 592 2963 scripta
622 2893 796 2945 sunt:
826 2890 1008 2944 Adam
1065 2905 1097 2942 a
1160 2893 1270 2943 Deo
1328 2887 1708 2959 plasmatum,
1746 2891 1916 2941 Evam
1949 2904 2016 2942 ex

373 2985 534 3036 costa
563 2978 744 3049 illius,
767 2982 823 3034 et
848 2977 1026 3033 latere
1057 2977 1617 3044 fabricatam,Enoch
1641 2976 2014 3046 translatum,

373 3069 494 3125 Noe
522 3068 804 3140 naufrago
835 3065 1026 3122 solum
1057 3067 1195 3121 orbe
1225 3070 1518 3121 servatum
1548 3083 1560 3134 ;
1597 3066 1749 3136 quod
1792 3065 2018 3136 primus

374 3157 667 3214 Abraham
702 3158 772 3213 de
795 3163 948 3212 terra
977 3173 1106 3224 sua,
1136 3160 1192 3211 et
1228 3155 1573 3226 cognatione
1593 3155 1802 3223 jussus
1841 3154 2015 3225 exire,

379 3246 889 3303 circumcisionem
923 3261 1098 3316 quam
1133 3244 1188 3297 in
1222 3244 1455 3314 signum
1490 3242 1698 3297 futurae
1730 3241 1908 3313 prolis
1933 3258 2022 3297 ac-

384 3341 631 3408 ceperat,
694 3334 944 3400 posteris
1001 3332 1354 3404 dereliquit:
1414 3331 1567 3402 quod
1601 3331 1762 3386 Isaac
1794 3331 2025 3387 oblatus

383 3424 615 3480 victima
637 3425 734 3490 sit,
754 3428 812 3479 et
833 3439 936 3496 pro
959 3421 1057 3477 illo
1083 3421 1234 3477 aries
1276 3421 1637 3487 immolatus,
1689 3425 2024 3476 coronatus-

380 3529 492 3584 que
523 3513 811 3582 sentibus,
847 3511 1178 3584 passionem
1210 3509 1439 3565 Domini
1466 3509 1808 3564 deformarit
1833 3527 1844 3564 :
1870 3509 2024 3580 quod

378 3601 609 3674 Moyses
637 3605 692 3657 et
733 3604 916 3656 Aaron
967 3601 1167 3655 decem
1217 3598 1410 3670 plagis
1454 3599 1762 3670 Egyptum
1809 3598 2024 3653 afﬂixe-

377 3691 500 3746 rint
523 3707 536 3745 :
557 3691 708 3762 quod
736 3691 802 3745 ad
827 3705 1024 3745 vocem
1045 3689 1182 3744 Jesu
1213 3687 1315 3741 ﬁlii
1341 3687 1493 3742 Nave
1515 3702 1828 3758 precesque
1858 3692 2030 3742 stete-

379 3778 458 3834 rit
486 3778 573 3834 sol
605 3779 662 3834 in
697 3778 953 3848 Gabaon,
979 3783 1036 3832 et
1069 3777 1209 3831 luna
1259 3776 1317 3829 in
1370 3775 1515 3830 valle
1543 3775 1728 3830 Ailon.
1764 3776 2028 3847 Longum

379 3873 470 3922 est
501 3867 768 3923 universa
797 3869 818 3902 ²
844 3867 1120 3922 Judicum
1153 3869 1318 3937 gesta
1348 3881 1682 3934 percurrere
1709 3881 1720 3918 :
1757 3869 1813 3919 et
1845 3869 2027 3919 totam

380 3958 628 4012 Samson
664 3955 942 4024 fabulam,
978 3956 1046 4010 ad
1081 3955 1195 4010 veri
1229 3953 1368 4009 solis
1399 3953 1529 4024 (hoc
1559 3953 1773 4024 quippe
1817 3970 2029 4008 nomen

381 4048 511 4117 ejus
544 4046 735 4117 sonat)
767 4046 996 4101 trahere
1031 4048 1488 4098 sacramentum.
1526 4043 1608 4096 Ad
1662 4043 1884 4114 Regum
1920 4044 2026 4113 (Αι.

381 4135 737 4206 Regnorum)
770 4135 948 4190 libros
977 4134 1203 4189 veniam
1237 4133 1470 4204 quando
1503 4132 1560 4186 in
1586 4136 1846 4203 tempore
1875 4148 2030 4187 mes-

382 4223 489 4288 sis,
523 4224 864 4278 obsecrante
893 4220 1394 4292 Samuele,pluviae
1428 4221 1497 4275 de
1530 4219 1757 4287 ccelo,et
1789 4219 2033 4274 ﬂumina

381 4317 618 4383 repente
650 4316 1001 4366 manarunt:
1037 4315 1091 4364 et
1127 4309 1297 4365 David
1336 4314 1546 4364 unctus
1577 4309 1635 4362 in
1665 4325 1856 4381 regem
1903 4314 2028 4364 est:

385 4404 440 4455 et
472 4400 700 4455 Nathan
737 4400 886 4457 753
920 4404 978 4454 et
1007 4399 1126 4454 Gad
1173 4398 1668 4470 prophetaverunt
1718 4397 2028 4470 mysteria;

385 4505 519 4544 cum
548 4489 700 4544 Elias
730 4488 899 4562 igneo
934 4493 1135 4560 raptus
1167 4491 1253 4542 est
1285 4503 1479 4552 curru,
1511 4492 1568 4542 et
1592 4485 1835 4542 Elisa—aus
1868 4485 2034 4558 spiri-

2115 2177 2329 2232 Christi
2363 2193 2601 2247 corpore
2657 2181 2814 2231 errat
2860 2181 2916 2231 et
2974 2175 3210 2246 labitur,
3262 2195 3531 2234 asserens
3577 2197 3760 2236 mem-

2117 2268 2286 2321 brum
2323 2269 2450 2335 ejus
2490 2263 2578 2320 vel
2608 2271 2880 2320 sanctum
2914 2282 3062 2334 esse,
3087 2283 3218 2322 cum
3248 2285 3362 2322 non
3394 2269 3470 2324 sit
3497 2285 3507 2324 :
3533 2269 3620 2324 vel
3652 2286 3764 2325 non

2120 2358 2386 2410 sanctum
2420 2370 2566 2419 esse,
2595 2371 2726 2408 cum
2759 2359 3029 2409 sanctum
3065 2355 3161 2422 sit,
3195 2356 3323 2410 vide
3365 2357 3525 2428 quali
3563 2360 3771 2413 crimi-

2123 2461 2191 2498 ne
2224 2442 2505 2498 obnoxius
2536 2443 2672 2496 tiat:
2714 2443 2814 2511 Vae,
2866 2442 2946 2497 ait
2995 2443 3198 2513 Isaias,
3248 2446 3346 2516 qui
3397 2445 3586 2502 dicunt
3614 2447 3770 2504 dulce

2121 2549 2396 2597 amarum,
2421 2540 2470 2586 et
2501 2548 2755 2586 amarum
2784 2531 2977 2587 dulce:
3002 2541 3261 2604 ponentes
3291 2535 3542 2589 tenebras
3573 2535 3768 2604 lucem,

2121 2626 2170 2675 ct
2203 2621 2377 2676 lucem
2403 2621 2652 2675 tenebras
2682 2621 2808 2692 (Isa.
2833 2637 2886 2690 v,
2906 2621 3018 2690 20).
3049 2620 3245 2690 Dulce,
3271 2629 3410 2694 puto
3443 2641 3570 2679 esse
3601 2642 3771 2681 sanc-

2125 2709 2428 2764 timoniam
2457 2727 2468 2763 :
2497 2726 2786 2772 amarum,
2811 2711 2964 2780 quod
2990 2711 3390 2766 sanctimoniae
3415 2715 3772 2768 contrarium

2125 2803 2250 2866 est;
2282 2814 2443 2868 teque
2472 2797 2571 2852 lux
2601 2798 2987 2852 sanctimonia
3016 2798 3262 2870 intelligi
3296 2805 3504 2870 potest,
3525 2803 3774 2858 tenebrae

2127 2888 2427 2942 contrariae
2459 2887 2772 2941 sanctitati.
2797 2886 2938 2950 Quis
2969 2891 3142 2958 putas
3188 2904 3218 2942 e
3251 2889 3419 2944 nobis
3452 2891 3773 2960 probandis

2129 2974 2588 3030 numismatibus
2635 2973 2881 3028 callidus
2939 2975 3238 3046 trapezita,
3272 2993 3385 3030 non
3443 2979 3661 3032 errabit
3709 2978 3766 3035 in

2129 3063 2478 3119 discretione
2511 3067 2849 3117 sanctorum
2872 3062 2900 3116 ‘I
2945 3062 3052 3128 Qui
3102 3079 3236 3118 cum
3276 3063 3334 3118 in
3370 3064 3554 3121 Deum
3587 3065 3676 3121 vel
3710 3067 3768 3122 in

2130 3159 2364 3207 sanctos
2378 3153 2504 3221 ejus
2527 3150 2807 3223 aequalem
2833 3150 3173 3206 charitatem
3197 3151 3550 3220 habuerit,et
3571 3154 3766 3222 fidem,

2131 3241 2318 3312 ipsius
2351 3239 2482 3294 fidei
2542 3238 3129 3295 communicationem
3189 3241 3362 3296 debet
3410 3242 3622 3299 habere
3655 3261 3770 3300 non

2135 3331 2428 3402 disparem
2454 3345 2466 3382 :
2498 3333 2562 3384 ut
2582 3329 2734 3384 sicut
2754 3329 2937 3384 credit
2958 3333 3014 3384 et
3045 3328 3255 3402 diligit,
3282 3330 3362 3385 ita
3405 3331 3775 3389 dilectionem

2137 3436 2303 3474 suam
2337 3422 2393 3473 et
2423 3419 2597 3472 fidem
2629 3433 2801 3490 opere
2833 3422 3157 3474 consumat.
3187 3419 3346 3475 Unde
3397 3419 3481 3476 ait
3535 3422 3780 3479 Evidens

2137 3508 2230 3579 fiat
2260 3511 2318 3562 in
2349 3509 2628 3576 agnitione
2657 3509 2840 3562 omnis
2870 3507 2998 3562 boni
3015 3525 3036 3569 ;
3067 3508 3185 3563 sive
3211 3512 3280 3563 ut
3335 3508 3393 3564 in
3426 3510 3622 3566 Graeco
3655 3529 3782 3568 me-

2137 3597 2251 3652 lius
2282 3597 2549 3661 habetur,
2576 3595 2814 3666 efﬁcax;
2849 3596 3000 3652 754
3049 3592 3274 3671 ἐνεργὴς
3331 3599 3488 3653 enim
3548 3603 3782 3672 proprie

2141 3685 2439 3740 transferri
2470 3689 2678 3756 potest,
2706 3685 2930 3758 efﬁcax,
2963 3686 3083 3740 sive
3111 3689 3428 3758 operatrix:
3451 3693 3517 3743 ut
3549 3706 3662 3744 non
3689 3708 3782 3746 so-

2138 3774 2262 3830 lum
2297 3775 2468 3830 fidem
2494 3773 2679 3840 nobis,
2707 3779 2763 3829 et
2792 3773 3137 3830 charitatem
3162 3776 3220 3830 in
3239 3776 3506 3843 Deum,et
3530 3777 3586 3832 in
3613 3796 3782 3835 sanc-

2140 3870 2228 3919 tos
2260 3866 2387 3934 ejus
2421 3864 2688 3918 sufficere
2745 3879 2917 3935 posse
2975 3864 3319 3934 credamus;
3383 3867 3483 3922 sed
3533 3867 3592 3922 in
3625 3868 3781 3938 quod

2140 3952 2431 4008 credimus
2461 3953 2570 4020 (At.
2603 3951 2900 4024 creditur),
2955 3969 3126 4023 opere
3169 3953 3547 4026 compleatur.
3595 3955 3790 4011 Potest

2142 4047 2334 4097 autem
2361 4041 2641 4109 accidere,
2665 4046 2729 4096 ut
2749 4042 2882 4112 quis
2924 4041 3134 4096 habeat
3155 4043 3351 4108 ﬁdem,
3385 4048 3440 4097 et
3466 4059 3592 4098 eam
3616 4060 3788 4114 opere

2142 4135 2542 4187 consummet:
2577 4146 2779 4185 verum
2812 4129 3156 4200 simpliciter
3211 4135 3264 4184 et
3322 4131 3499 4198 nude,
3536 4149 3650 4186 non
3683 4132 3792 4188 ha-

2141 4220 2286 4275 bens
2312 4219 2669 4291 agnitionem
2704 4235 2808 4272 nec
2866 4218 3169 4272 scientiam
3228 4219 3376 4288 ejus,
3424 4221 3596 4291 juxta
3643 4220 3788 4277 illud

2140 4308 2398 4380 Apostoli
2429 4327 2440 4364 :
2478 4309 2742 4375 Conﬁteor
2759 4309 2938 4362 zelum
2962 4310 3071 4362 Dei
3091 4308 3304 4380 habent,
3330 4310 3422 4365 sed
3452 4328 3563 4366 non.
3591 4329 3788 4369 secun-

2141 4399 2272 4452 dum
2319 4398 2613 4452 scientiam
2669 4398 2844 4468 (Rom.
2904 4415 2959 4463 x,
2992 4399 3067 4466 2).
3127 4398 3274 4453 Sunt
3323 4398 3494 4456 hodie
3525 4399 3788 4473 plerique

2143 4485 2522 4558 simplicium,
2559 4484 2659 4557 qui
2691 4485 2912 4540 faciunt
2943 4503 3116 4558 opera
3138 4487 3406 4560 justities,
3437 4493 3493 4544 et
3531 4506 3646 4544 non
3680 4489 3788 4544 ha-

384 4583 448 4633 tu
491 4577 707 4649 duplici
768 4583 1037 4633 mortuus
1089 4582 1386 4631 mortuum
1447 4575 1771 4631 suscitavit.
1805 4575 1933 4630 Hcce
1977 4579 2034 4630 et
2065 4598 2108 4662 υ
2147 4576 2284 4630 bent
2313 4591 2513 4629 eorum
2547 4592 2673 4646 quea
2730 4573 2840 4646 ipsi
2889 4583 3205 4647 operantur
3254 4577 3582 4633 scientiam.
3628 4577 3790 4632 Unde

391 4671 599 4722 cetera
629 4683 756 4738 quas
787 4668 857 4722 de
889 4666 1109 4721 sanctis
1149 4664 1367 4736 scripta
1396 4669 1554 4730 sunt,
1591 4664 1704 4719 nisi
1735 4665 1868 4736 quis
1898 4664 2032 4719 uni-

383 4771 552 4811 versa
580 4753 911 4819 crediderit,
945 4754 1002 4809 in
1037 4753 1219 4808 Deum
1250 4758 1585 4807 sanctorum
1639 4753 1870 4807 credere
1919 4770 2034 4808 non

388 4843 642 4900 valebit:
680 4860 784 4898 nec
816 4843 1025 4898 adduci
1058 4843 1128 4898 ad
1164 4842 1336 4897 fidem
1377 4840 1602 4896 Veteris
1654 4841 2034 4910 Testamenti,

389 4933 502 4989 nisi
551 4949 914 5005 quaecunque
971 4933 1040 4988 de
1100 4930 1446 5004 patriarchis
1502 4935 1556 4984 et
1610 4930 1930 5002 prophetis,
1982 4935 2040 4986 et

389 5021 521 5076 aliis
552 5021 886 5094 insignibus
928 5021 1070 5075 viris
1125 5024 1323 5074 narrat
1371 5018 1633 5086 historia,
1696 5020 2038 5091 comproba-

388 5111 513 5166 rit3
541 5116 608 5165 ut
637 5127 703 5166 ex
736 5111 848 5166 fide
887 5111 1075 5184 Legis.
1133 5109 1204 5164 ad
1257 5108 1430 5163 fidem
1479 5107 1674 5162 veniat
1719 5108 2036 5180 Evangelii,

463 5256 479 5289 ¹
513 5253 869 5310 Suffecimus
901 5254 994 5309 hic
1025 5255 1095 5310 ad
1126 5269 1236 5308 ms.
1268 5251 1668 5306 Cisterciensis
1701 5251 2036 5307 vetustioris

389 5326 799 5382 auctoritatem
832 5327 979 5381 duos
1032 5341 1237 5381 versus
1278 5327 1721 5394 consequentes,
1773 5332 1824 5378 et
1855 5323 2034 5392 ﬁdem,

387 5414 559 5470 quam
588 5397 754 5453 habes
785 5400 845 5452 in
899 5399 1126 5470 Domino
1179 5399 1332 5470 Jesu,
1391 5403 1449 5470 et
1495 5397 1556 5448 in
1585 5410 1798 5470 Aomnes
1826 5403 2040 5470 sanctos

389 5465 529 5540 ejus,
563 5470 663 5540 qui
695 5474 753 5524 et
782 5469 1094 5525 necessarii
1119 5468 1356 5538 quidem
1388 5465 1706 5540 integritati
1739 5467 2038 5520 sententiae

391 5537 552 5616 sunt,
579 5537 642 5595 et
670 5542 1011 5616 earumdem
1041 5537 1280 5616 recursu
1309 5554 1544 5605 vocum,
1573 5537 1788 5608 quibus
1821 5542 1878 5616 e_t
1909 5554 2038 5607 pro-

389 5613 545 5685 ;ime
576 5609 842 5685 superior
871 5628 1096 5685 sensus
1109 5609 1480 5678 terminatur,
1502 5609 1888 5685 amanuenfis
1904 5625 2040 5685 ocu-

389 5683 501 5760 los,
534 5679 839 5767 tam'smpe
865 5683 1034 5744 obvio
1083 5681 1251 5757 lapsu
1301 5680 1545 5758 putandi
1575 5684 1715 5740 sunt
1744 5679 2037 5754 effugisse.

2146 4663 2407 4719 addidit:
2445 4665 2507 4720 Ut
2536 4665 2956 4719 communicatio
2987 4664 3116 4734 ﬁdei
3145 4668 3253 4719 tuae
3287 4667 3580 4736 operutria:
3605 4667 3707 4736 ﬁat
3735 4668 3795 4720 in

2145 4755 2426 4823 agnitione
2453 4755 2632 4809 omnis
2661 4753 2805 4808 boni.
2839 4752 3087 4816 Quantis
3117 4754 3399 4826 gradibus
3437 4756 3795 4828 quantisque

2148 4841 2416 4907 saltibus,
2449 4841 2804 4914 apostolicus
2837 4842 2892 4896 in
2928 4842 3135 4898 altiora
3165 4859 3358 4898 sermo
3382 4845 3403 4877 ‘
3454 4861 3515 4898 se
3565 4845 3798 4900 tendit?

2149 4931 2333 4986 Habet
2363 4931 2656 5002 quispiam
2707 4931 3049 4986 charitatem
3100 4936 3156 4986 et
3217 4933 3388 4987 fidem
3432 4933 3492 4987 in
3529 4935 3706 4988 Deum
3738 4939 3797 4990 et

2147 5020 2205 5074 in
2239 5025 2474 5074 sanctos
2503 5019 2630 5090 ejus
2661 5035 2675 5075 :
2707 5020 2805 5074 sed
2840 5018 3080 5075 forsitan
3124 5037 3238 5075 non
3296 5021 3506 5092 aequali
3550 5039 3677 5078 eam
3735 5024 3794 5078 in

2148 5125 2350 5163 omnes
2385 5108 2548 5163 lance
2580 5108 2993 5163 communicet.
3027 5107 3432 5166 Communicet
3459 5111 3701 5168 forsitan
3734 5113 3792 5168 in

2149 5251 2422 5328 Rabanus
2454 5267 2686 5328 quoque
2716 5250 2773 5306 in
2807 5267 2912 5306 suo
2943 5249 3079 5305 olim
3113 5252 3428 5328 exemplari
3458 5254 3618 5328 legit.

2221 5323 2241 5356 ²
2275 5328 2380 5376 Pro
2408 5323 2696 5390 uni-versa,
2731 5339 2919 5394 quam
2942 5339 3141 5377 vocem
3175 5323 3498 5380 rectissime
3517 5323 3669 5383 mss.
3698 5343 3799 5382 no-

2149 5395 2253 5449 stri
2286 5394 2679 5466 substituunt,
2711 5393 2883 5449 antea
2911 5393 3232 5466 legebatur,
3268 5395 3511 5452 diversa.

2219 5469 2239 5546 ’ς
2269 5465 2434 5546 ῥρψᾱ
2467 5464 2810 5546 Yictorium,
2842 5464 3400 5546 vera—comprobavit.

2218 5537 2680 5615 _‘_Cistercienses
2711 5553 2879 5605 mss.,
2919 5537 3250 5615 quantisque
3299 5540 3683 5614 progressibus
3738 5543 3798 5599 in

2148 5609 2353 5668 altiora
2386 5623 2582 5678 sermo,
2615 5613 2726 5668 etc.
