4066 6190
381 321 496 384 647

1629 312 1694 374 S.
1743 305 2052 374 EUSEBII
2097 310 2546 375 HIERONYMI

3583 285 3586 287 “
3639 320 3740 395 ω

385 455 649 515 cunctos,
681 447 782 504 sed
813 463 983 520 opere
1013 463 1129 501 non
1156 443 1415 517 expleat:
1450 443 1747 500 voluntate
1787 443 2030 516 impleat
2059 445 2113 510 Α
2143 443 2453 498 fessionem
2484 442 2717 510 Christi,
2754 443 2968 500 Paulus
3021 443 3214 500 Romae
3253 453 3405 502 esset
3433 445 3490 504 in
3517 463 3744 518 carcere,

383 540 596 612 aliquis
622 541 634 573 ι
663 541 719 590 et
748 553 939 608 opere,
969 535 1069 591 sed
1102 539 1399 604 gestorum
1431 550 1674 589 suorum
1708 534 2020 605 perfectam

382 629 594 684 habere
626 643 742 680 non
772 627 964 696 potest
995 623 1314 678 notionem.
1361 621 1448 676 Sit
1477 621 1612 676 talis
1660 637 1892 692 quoque
1924 619 2023 691 qui

375 723 429 771 et
459 733 604 788 opus
636 715 846 770 habeat
877 717 933 767 et
965 711 1292 775 scientiam,
1321 711 1421 765 sed
1473 727 1588 764 non
1639 709 1834 764 omnis
1865 708 2022 780 agni-

371 806 588 860 tionem
617 803 793 858 habet
824 801 956 856 boni
988 819 1000 867 ;
1037 800 1224 855 multa
1276 799 1432 854 enim
1471 798 1659 868 ijuste,
1695 801 2020 860 mansuete,

375 893 756 964 studioseque
786 894 1148 962 perpetrans,
1199 888 1391 959 impar
1447 891 1535 942 est
1578 888 1703 941 suis
1735 887 1790 940 in
1824 884 2022 957 aliqua

375 986 540 1054 parte
572 979 902 1035 virtutibus.
927 980 1012 1032 An
1058 993 1172 1031 non
1232 975 1366 1030 talis
1423 974 1779 1030 Philemon?
1837 976 2022 1030 Habet

373 1071 590 1142 quippe
620 1066 1211 1124 communicationem
1243 1064 1583 1136 operatricis
1617 1064 1770 1134 ﬁdei,
1803 1067 1859 1118 et
1880 1063 2016 1118 cha-

375 1159 567 1214 ritatis
597 1157 657 1212 in
691 1155 983 1228 agnitione
1013 1154 1205 1210 omnis
1236 1153 1394 1208 boni.
1419 1154 1553 1217 Quze
1587 1169 1722 1208 cum
1751 1152 1811 1207 in
1843 1168 2016 1224 apos-

372 1247 507 1303 tolis
538 1248 635 1314 sit,
670 1263 783 1301 non
823 1261 952 1299 eam
984 1247 1258 1316 putemus
1284 1243 1357 1296 ob
1387 1241 1445 1297 id
1475 1246 1703 1296 tantum
1735 1257 1863 1296 esse
1889 1257 2015 1312 per-

371 1337 600 1402 fectam,
631 1336 677 1390 si
711 1335 768 1389 in
801 1333 918 1388 illis
947 1333 1062 1388 sit:
1096 1332 1196 1387 sed
1229 1332 1286 1385 in
1319 1345 1384 1385 eo
1417 1334 1601 1385 totam
1633 1345 1761 1385 esse
1784 1331 1824 1397 ²,
1876 1329 2014 1400 quia

369 1423 582 1480 Christi
610 1429 718 1490 est,
751 1427 816 1477 ut
842 1419 1125 1493 quidquid
1165 1418 1323 1484 boni,
1346 1423 1403 1474 et
1431 1417 1490 1473 in
1513 1417 1854 1473 Philemone
1887 1418 2013 1472 lau-

368 1516 560 1583 datur,
587 1517 643 1568 et
671 1513 741 1566 de
773 1509 1169 1583 apostolorum
1228 1507 1490 1579 exemplo
1537 1506 1828 1562 sumitur:
1875 1506 2010 1561 inde

364 1604 586 1658 bonum
614 1601 708 1664 sit,
743 1601 883 1672 quia
912 1599 983 1654 de
1013 1599 1169 1652 fonte
1198 1596 1410 1651 Christi
1443 1597 1709 1650 ducatur.

437 1690 623 1761 (Vers.
656 1690 737 1756 7.)
768 1711 794 1737 ‹‹
829 1686 1121 1742 Gaudium
1151 1683 1307 1740 enim
1341 1701 1620 1756 magnum
1667 1684 2008 1750 habuimus,

361 1782 419 1834 et
451 1776 910 1833 consolationem
972 1774 1031 1828 in
1089 1772 1370 1828 charitate
1426 1777 1548 1843 tua,
1599 1773 1739 1842 quia
1788 1770 2012 1827 viscera

363 1871 700 1922 sanctorum
734 1864 1143 1936 requieverunt
1193 1879 1294 1934 per
1345 1866 1423 1924 te,
1476 1862 1673 1917 frater.
1713 1881 1740 1910 »
1773 1860 2010 1917 Plenius

362 1954 619 2012 inculcat
648 1958 704 2009 et
731 1954 950 2020 edocet,
984 1968 1163 2023 quare
1212 1950 1456 2006 dixerit:
1506 1948 1729 2004 Gratias
1775 1964 1877 2022 ago
1904 1950 2008 2004 Deo

361 2060 499 2112 meo,
528 2059 737 2116 semper
792 2042 1115 2097 memoriam
1159 2041 1246 2095 lui
1291 2041 1505 2110 faciens
1551 2041 1612 2094 in
1657 2040 2008 2094 orationibus

361 2136 496 2188 meis
527 2133 687 2203 (vers.
721 2133 796 2200 4).
825 2130 1076 2203 Dignum
1105 2129 1397 2200 siquidem
1429 2133 1552 2183 erat
1590 2143 1760 2200 agere
1789 2127 2008 2199 gratias

359 2221 472 2277 Deo
525 2238 702 2293 super
757 2219 1039 2274 charitate
1107 2216 1486 2282 Philemonis,
1549 2215 1650 2287 qui
1710 2215 2005 2271 internum

358 2310 552 2365 cordis
585 2310 883 2372 alfectum,
933 2312 990 2362 et
1051 2305 1366 2378 profondos
1425 2306 1606 2359 animi
1665 2308 2005 2360 sanctorum

358 2414 622 2469 recessus
656 2395 1030 2468 suscipiendo
1062 2394 1356 2450 refecerat.
1383 2394 1450 2448 Et
1479 2393 1587 2448 hoc
1619 2392 1838 2448 idioma
1868 2410 2004 2464 apo-

357 2486 629 2542 stolicum
663 2490 787 2554 est;
825 2490 886 2539 ut
912 2498 1144 2554 semper
1173 2481 1394 2538 viscera
1426 2485 1607 2545 vocet,
1639 2480 1837 2536 volens
1883 2481 2003 2552 ple-

358 2591 493 2630 nam
528 2575 742 2629 mentis
773 2571 1080 2628 ostendere
1111 2570 1475 2626 charitatem.
1530 2569 1691 2626 Unde
1740 2570 2004 2641 gaudens

357 2679 489 2718 cum
521 2662 913 2735 gaudentibus
962 2660 1135 2732 (Rom.
1196 2673 1296 2729 χιι,
1334 2659 1442 2727 15),
1477 2663 1534 2714 et
1590 2675 1723 2713 cum
1778 2658 1868 2712 bis
1899 2658 1999 2729 qui

354 2751 782 2824 requieverant,
816 2767 877 2805 se
909 2749 1184 2805 refectum
1217 2763 1344 2802 esse
1377 2747 1619 2803 credens
1647 2763 1657 2802 :
1699 2747 1846 2803 755
1899 2747 2000 2801 ha-

353 2843 451 2896 bet
480 2840 736 2895 laetitiam
800 2856 912 2895 non
972 2836 1371 2892 transitoriam
1431 2840 1488 2891 et
1547 2835 1842 2903 levem,et
1873 2852 1999 2907 quae

355 2930 594 2984 fortuito
628 2928 811 3000 possit
853 2926 1151 2991 accidere;
1207 2924 1305 2980 sed
1366 2941 1662 2997 magnam,
1717 2929 1774 2980 et
1830 2929 2002 2996 prout

353 3023 477 3073 erat
508 3018 564 3072 in
598 3016 939 3088 Philempne
968 3014 1244 3083 Charitas,
1275 3013 1627 3070 eminentem
1656 3033 1667 3068 :
1697 3031 1870 3084 quam
1903 3032 2000 3069 an-

354 3106 529 3177 gebat
557 3104 876 3160 consolatio
907 3120 1082 3175 super
1137 3102 1495 3158 Philemonis
1544 3102 1824 3158 charitate
1863 3103 1998 3158 des-

2135 532 2379 587 credidit
2411 533 2466 586 in
2497 533 2830 588 Christum:
2864 540 2921 589 et
2969 534 3042 588 ab
3088 549 3154 589 eo
3201 534 3540 606 baptizatus,
3589 538 3744 610 digna

2134 621 2475 692 pcenitentia
2506 622 2767 676 maculas
2789 623 2914 677 vitae
2946 623 3158 694 prioris
3189 623 3498 680 abstersit:
3549 626 3602 680 in
3632 633 3746 684 tan-

2132 716 2259 764 tum
2293 715 2356 764 ut
2385 710 2434 764 is
2467 710 2767 782 apostolus
2798 711 3192 766 conversionis
3224 713 3351 782 ejus
3398 713 3552 771 testis
3584 715 3746 785 fieret,

2133 798 2231 869 qui
2261 799 2565 868 quondam
2599 799 2836 854 Petrum
2870 799 3281 870 increpaverat,
3307 816 3421 856 non
3453 807 3596 857 recto
3617 806 3744 874 pede

2134 887 2190 940 in
2239 885 2534 959 Evangelii
2586 887 2828 944 veritate
2884 889 3250 959 gradientem
3293 889 3500 954 (Galat.
3547 908 3604 956 η,
3643 893 3742 964 11).

2129 976 2425 1041 Quantum
2459 974 2639 1048 igitur
2658 976 2727 1031 ad
2763 982 3064 1048 peccatum
3087 983 3144 1032 et
3167 978 3237 1032 ad
3255 977 3482 1033 facinus
3502 980 3742 1050 pertinet,

2130 1079 2242 1134 quo
2276 1063 2581 1118 dominum
2613 1065 2858 1134 laeserat,
2881 1065 3110 1122 veniam
3133 1082 3246 1122 non
3279 1071 3535 1122 meretur
3556 1069 3751 1140 {quan-

2128 1156 2254 1206 tum
2285 1169 2417 1208 vero
2453 1154 2522 1208 ad
2555 1153 2816 1224 Apostoli
2865 1153 3290 1220 testimonium,
3342 1156 3440 1227 qui
3487 1157 3592 1211 scit
3629 1173 3745 1212 eum

2129 1240 2296 1312 plene
2325 1257 2690 1308 conversum,
2724 1243 2932 1314 grandi
2967 1244 3222 1314 pondere
3244 1244 3743 1317 premitur,quiro-

2128 1335 2320 1401 gatur,
2350 1335 2414 1384 ut
2445 1330 2543 1402 qui
2575 1347 2604 1386 e
2635 1348 2798 1388 servo
2831 1331 3072 1402 fugitivo
3099 1337 3276 1404 atque
3316 1338 3565 1406 raptore,
3596 1335 3748 1389 mini-

2130 1422 2252 1474 ster
2279 1418 2538 1491 Apostoli
2575 1419 2760 1474 factus
2789 1425 2930 1475 erat.
2965 1421 3151 1491 (Quod
3183 1426 3379 1476 autem
3413 1421 3567 1477 aliud
3600 1422 3750 1479 habe»

2126 1507 2226 1562 bat
2253 1507 2565 1579 Apostolus
2597 1509 2998 1564 ministerium
3065 1509 3174 1565 nisi
3236 1509 3531 1582 Evangelii
3560 1510 3751 1567 Christi

2122 1596 2258 1651 Jesu
2273 1597 2321 1665 ?)
2346 1597 2473 1666 jam
2505 1613 2619 1652 non
2651 1597 2819 1668 quasi
2852 1614 2886 1652 a
2917 1598 3176 1663 domino,
3210 1599 3314 1654 sed
3348 1600 3512 1671 quasi
3545 1617 3579 1655 a
3626 1615 3747 1654 con-

2125 1701 2308 1755 servo,
2341 1690 2398 1738 et
2430 1685 2877 1758 coevangelista,
2910 1686 3313 1758 ignosceretur
3342 1687 3418 1756 ei,
3440 1688 3537 1760 qui
3567 1704 3750 1744 servus

2123 1778 2278 1829 esset
2307 1774 2518 1829 Christi
2551 1774 2827 1830 similiter
2855 1781 2912 1831 et
2936 1775 3223 1832 minister.

2196 1862 2385 1932 (Vers.
2422 1865 2487 1916 10
2545 1864 2732 1936 seqq.)
2793 1885 2820 1914 «
2879 1864 3130 1920 Obsecro
3188 1869 3244 1920 te
3303 1865 3377 1920 de
3437 1881 3564 1922 meo
3619 1865 3741 1933 tilio,

2121 1967 2292 2021 quem
2325 1951 2500 2022 genui
2535 1951 2592 2005 in
2629 1952 2780 2008 756
2830 1952 3104 2020 vinculis,
3168 1952 3472 2020 Onesimo,
3520 1954 3617 2026 qui
3661 1954 3751 2008 tibi

2117 2039 2433 2110 aliquando
2465 2039 2692 2096 inutilis
2726 2042 2834 2096 luit
2859 2058 2872 2107 ;
2897 2057 3052 2096 nunc
3076 2047 3276 2096 autem
3313 2047 3371 2097 et
3394 2042 3526 2108 tibi,
3547 2047 3604 2098 et
3623 2041 3749 2097 mihi

2117 2128 2278 2183 utilis
2310 2135 2432 2183 est:
2468 2145 2642 2200 quem
2675 2129 2872 2184 remisi
2903 2129 3030 2184 tibi.
3054 2131 3137 2186 Tu
3161 2135 3361 2188 autem
3386 2130 3575 2199 illum,
3599 2132 3650 2186 id
3673 2137 3748 2186 est

2118 2233 2247 2272 mea
2276 2217 2519 2288 viscera,
2546 2219 2798 2290 suscipe,
2833 2234 3008 2290 quem
3040 2235 3145 2290 ego
3187 2218 3491 2276 volueram
3538 2235 3744 2276 mecum

2117 2305 2394 2374 detinere,
2430 2311 2494 2360 ut
2526 2323 2628 2376 pro
2658 2313 2714 2361 te
2773 2306 2916 2361 mihi
2979 2305 3346 2363 ministraret
3403 2307 3461 2362 in
3522 2305 3746 2364 vinculis

2117 2393 2433 2466 Evangelii.
2481 2417 2501 2441 ι
2538 2393 2753 2450 Volens
2784 2396 3096 2465 impetrare
3126 2396 3278 2466 quod
3338 2395 3612 2468 postulat,
3637 2398 3778 2466 jam-

2115 2499 2228 2536 non
2251 2499 2353 2554 pro
2377 2499 2536 2538 servo
2552 2482 2925 2550 Philemonis,
2947 2483 3049 2538 sed
3073 2500 3177 2556 pro
3202 2482 3331 2540 tilio
3351 2501 3461 2540 suo
3481 2501 3541 2540 se
3563 2485 3751 2540 asserit

2112 2571 2444 2643 deprecari;
2479 2576 2538 2626 et
2565 2571 2636 2627 de
2667 2571 2764 2627 illo
2796 2571 2914 2626 ﬁlio
2945 2588 3120 2643 quem
3152 2575 3431 2645 genuerit
3473 2574 3530 2629 in
3565 2574 3744 2628 vincu-

2111 2657 2184 2712 lis
2208 2658 2523 2730 Evangelii,
2548 2659 2657 2715 hoc
2725 2665 2833 2727 est,
2863 2677 2991 2731 quae
3053 2677 3154 2733 pro
3202 2659 3430 2718 Christi
3459 2661 3741 2734 Evangelia

2111 2746 2475 2802 sustinebat:
2509 2749 2609 2820 qui
2642 2765 2774 2803 cum
2807 2754 2940 2804 ante
2971 2749 3198 2804 inutilis
3229 2751 3476 2806 domino
3507 2768 3608 2807 suo
3636 2756 3746 2807 tan-

2109 2841 2235 2891 tum
2262 2836 2437 2892 fuerit
2467 2839 2593 2906 (nec
2624 2838 2780 2892 enim
2836 2854 3038 2893 servus
3099 2839 3193 2893 fur
3251 2844 3439 2912 atque
3484 2839 3738 2912 fugitivus

2107 2924 2273 2980 alteri
2300 2924 2515 2990 nocuit,
2548 2925 2662 2979 nisi
2694 2926 2932 2982 domino
2954 2927 3083 2994 suo)
3111 2943 3267 2982 nunc
3300 2927 3623 2984 econtrario
3646 2927 3742 2984 uti-

2109 3012 2292 3069 litatis
2351 3014 2847 3086 compensatione,
2880 3031 2996 3086 qua
3049 3015 3162 3086 ipsi
3198 3017 3446 3072 domino
3476 3023 3529 3072 et
3583 3015 3742 3072 Paulo

2108 3101 2267 3156 utilis
2292 3106 2401 3171 est,
2435 3103 2773 3174 caeterisque
2831 3120 2934 3174 per
2988 3103 3253 3171 Paulum,
3287 3104 3430 3177 plus
3459 3104 3740 3162 charitatis

355 3194 629 3262 candens,
665 3192 834 3264 plena
863 3211 896 3246 a
948 3193 1113 3248 Patre
1171 3191 1731 3256 misericordiarum,
1781 3195 1838 3246 et
1886 3191 1999 3248 Deo
2030 3191 2072 3258 C
2113 3196 2387 3256 meretur,
2421 3208 2596 3264 quam
2629 3191 2746 3246 odii
2777 3197 2912 3246 ante
2944 3198 3254 3247 meruerat.
3288 3192 3459 3250 Unde
3488 3195 3603 3250 ait:
3652 3193 3746 3262 Qui

355 3282 535 3338 totius
560 3280 974 3338 consolationis
996 3282 1070 3353 (11
1100 3280 1224 3335 Cor.
1260 3297 1296 3346 1,
1330 3281 1405 3348 3).

423 3365 694 3439 (Vers.'8,
725 3370 806 3439 9.)
867 3392 893 3421 ‹‹
931 3370 1168 3441 Propter
1226 3369 1378 3439 quod
1441 3369 1686 3423 multam
1719 3367 1993 3424 fiduciam

348 3461 570 3516 habens
602 3461 658 3514 in
692 3460 919 3513 Christo
944 3458 1108 3524 Jesu,
1141 3457 1468 3528 imperandi
1505 3456 1609 3511 tibi
1661 3457 1814 3528 quod
1857 3475 1993 3529 pro-

348 3550 476 3604 dest
506 3554 743 3620 prepter
771 3547 1148 3601 charitatem:
1186 3545 1374 3616 magis
1425 3547 1702 3611 obsecro;
1747 3561 1878 3600 cum
1914 3545 1994 3603 sis

346 3636 501 3702 talis,
535 3640 599 3690 ut
631 3635 842 3690 Paulus
869 3649 1080 3689 senex:
1110 3650 1264 3688 nunc
1289 3638 1484 3688 autem
1518 3638 1574 3688 et
1605 3633 1993 3690 vincthJesu

347 3725 586 3780 Christi.
629 3746 656 3773 »
709 3722 907 3777 Multis
954 3722 1012 3776 in
1071 3721 1468 3776 Philemonem
1532 3721 1806 3778 laudibus
1863 3728 1994 3778 ante

349 3812 688 3886 praemissis,
722 3829 854 3866 cum
890 3828 981 3866 res
1006 3810 1138 3865 talis
1171 3811 1266 3877 sit,
1302 3827 1405 3882 pro
1452 3827 1567 3882 qua
1615 3818 1854 3883 rogatus
1883 3817 1992 3882 est,

348 3919 479 3974 qua:
507 3907 563 3958 et
593 3901 889 3974 praestanti
925 3901 1000 3955 sit
1027 3899 1187 3954 utilis
1217 3904 1273 3955 et
1303 3900 1551 3971 roganti,
1593 3905 1818 3971 poterat
1846 3900 1993 3956 Pau-

346 3991 440 4046 lus
471 3991 659 4064 magis
690 3991 1190 4062 imperare,quam
1216 3993 1427 4059 petere.
1454 3989 1518 4043 Et
1541 3989 1647 4044 hoc
1680 4005 1746 4043 ex
1780 3989 1995 4044 fiducia

345 4078 447 4134 illa
475 4080 761 4145 veniebat,
796 4079 950 4151 quod
981 4077 1082 4149 qui
1138 4082 1300 4132 tanta
1357 4077 1429 4132 ob
1487 4077 1781 4132 Christum
1815 4093 1993 4149 Opera

344 4174 725 4241 perpetraret,
762 4168 965 4239 utique
995 4167 1189 4239 impar
1217 4165 1306 4221 sui
1336 4166 1394 4221 in
1445 4166 1666 4221 caeteris
1717 4183 1843 4221 esse
1875 4183 1989 4222 non

349 4263 594 4328 poterat.
619 4257 727 4312 Sed
763 4258 887 4312 vult
918 4255 1108 4329 magis
1140 4259 1333 4326 petere
1356 4271 1534 4326 quam
1560 4255 1790 4326 jubere,
1822 4271 1992 4327 gran-

355 4345 413 4400 di
443 4345 696 4417 petentis
753 4344 1100 4400 auctoritate
1151 4344 1486 4416 proposita;
1545 4362 1646 4410 per
1701 4361 1877 4416 quam
1939 4348 1996 4400 et

347 4431 662 4506 Apostolus
685 4435 1034 4498 obsecrat,et
1055 4449 1233 4488 senex
1255 4438 1310 4488 et
1331 4433 1561 4488 vinctus
1591 4433 1728 4488 Jesu
1758 4433 1993 4489 Christi.

349 4524 561 4578 Totum
594 4527 788 4577 autem
823 4538 924 4594 pro
956 4538 1071 4593 quo
1106 4526 1289 4594 rogat,
1325 4519 1469 4576 illud
1509 4527 1631 4576 est:
1682 4521 1996 4577 Onesimus

344 4630 546 4668 servus
577 4609 955 4680 Philemonis,
987 4611 1181 4682 fugam
1219 4611 1370 4665 furto
1393 4610 1703 4665 cumulans
1729 4612 1994 4682 quaedam

349 4702 427 4757 rei
462 4701 795 4758 domestica:
827 4698 1206 4772 compilarat:
1242 4697 1377 4753 hinc
1400 4699 1420 4732 ⁵
1478 4715 1727 4770 pergens
1771 4699 1841 4754 ad
1882 4700 1994 4754 Ita-

345 4790 504 4862 liam,
538 4807 608 4846 ne
639 4790 697 4845 in
731 4790 993 4862 proximo
1017 4787 1244 4843 facilius
1270 4792 1464 4859 posset
1495 4787 1872 4860 apprehendi,
1897 4805 1993 4861 pe-

345 4881 580 4935 cuniam
615 4878 837 4936 domini
871 4895 973 4951 per
1017 4877 1312 4932 luxuriam
1354 4877 1717 4948 prodegerat.
1766 4880 1884 4932 Hoc
1923 4893 1996 4933 ne

348 4967 482 5038 quis
499 4971 664 5039 putet
683 4973 920 5034 temere,
944 4971 1086 5022 etut
1113 4965 1256 5021 libet
1278 4982 1310 5021 a
1333 4965 1503 5020 nobis
1557 4967 1780 5026 ﬁctum.
1814 4967 1868 5022 in
1903 4983 1992 5022 se-

350 5055 667 5127 quentibus
696 5055 902 5111 discat.
937 5056 1249 5127 Nunquam
1282 5053 1439 5109 enim
1475 5053 1689 5109 Paulus
1738 5055 1992 5112 diceret:

347 5144 409 5199 Si
439 5144 569 5214 quid
595 5146 779 5199 nocuit
809 5145 911 5199 tibi
938 5151 1034 5198 aut
1079 5144 1256 5214 debet,
1291 5144 1389 5198 hoc
1416 5143 1560 5198 mihi
1617 5145 1850 5214 imputa.
1885 5149 1996 5215 Ego

343 5233 556 5290 Paulus
584 5236 784 5306 scripsi
810 5251 984 5290 manu
1012 5250 1154 5300 mea,
1185 5248 1284 5304 ego
1314 5232 1541 5288 reddam
1570 5236 1730 5300 (vers.
1762 5235 1848 5300 18,
1883 5236 1994 5307 19.)

345 5323 461 5378 Nec
492 5339 742 5399 sponsor
773 5324 850 5380 rei
886 5324 1051 5378 fieret
1103 5321 1334 5392 ablatae,
1387 5321 1499 5378 nisi
1548 5326 1704 5378 esset
1747 5323 1804 5378 id
1837 5323 1994 5395 quod

343 5409 603 5466 ablatum
638 5411 826 5467 fuerat
856 5411 1235 5483 dissipatum.
1260 5411 1363 5466 Hic
1395 5410 1576 5484 igitur
1598 5427 1730 5466 cum
1763 5412 1836 5469 ob
1866 5429 1997 5469 con-

411 5538 427 5571 ¹
463 5539 585 5591 Duo
616 5552 786 5600 mss.,
816 5536 1150 5592 voluntatem
1175 5535 1399 5604 impleat
1429 5537 1660 5606 aliquis,
1693 5540 1803 5593 etc.

410 5607 428 5644 ¹
463 5608 645 5679 μάθω
679 5624 844 5679 mss.,
879 5610 939 5663 in
969 5623 1035 5664 ea
1062 5610 1240 5679 tutam
1265 5621 1396 5672 esse,
1428 5612 1542 5663 etc.

410 5676 601 5739 tlMss.
633 5683 807 5741 antea
830 5676 922 5739 hic
977 5677 1313 5752 emendant,
1373 5679 1879 5750 quemadmodum
1939 5684 1996 5742 et

2105 3281 2206 3335 tibi
2224 3279 2526 3352 aliquando
2557 3281 2776 3336 inutilis
2802 3283 2928 3352 fuit.
2982 3280 3134 3349 Tibi,
3192 3281 3416 3353 inquit,
3464 3283 3607 3349 soli;
3638 3297 3740 3337 non

2102 3370 2361 3425 cazteris:
2399 3386 2552 3424 nunc
2582 3375 2778 3424 autem
2809 3374 2866 3424 et
2896 3369 3063 3436 mihi,
3098 3374 3155 3425 et
3197 3370 3306 3426 tibi
3368 3371 3546 3428 utilis.
3578 3369 3733 3428 Utilis

2104 3457 2340 3513 domino
2373 3458 2430 3512 in
2462 3474 2550 3522 eo,
2582 3459 2719 3530 quia
2753 3463 2952 3531 posset
2973 3463 3028 3513 et
3060 3459 3237 3514 Paulo
3268 3462 3494 3516 servire
3523 3476 3620 3533 pro
3645 3460 3735 3514 do-

2106 3546 2264 3599 mino
2298 3562 2403 3600 suo
2429 3571 2444 3613 ;
2469 3545 2644 3602 Paulo
2673 3563 2805 3602 vero
2838 3547 2894 3602 in
2929 3563 2994 3603 eo
3030 3546 3191 3603 utilis
3217 3572 3230 3604 :
3253 3549 3401 3620 quia
3426 3549 3523 3605 illo
3551 3549 3607 3604 in
3632 3565 3736 3604 car-

2105 3651 2254 3699 cere,
2286 3633 2651 3706 vinculisque
2682 3635 2934 3704 detenlo,
2993 3641 3192 3707 posset
3223 3636 3275 3691 ei
3340 3637 3401 3694 in
3447 3634 3733 3708 Evangelia

2107 3722 2458 3779 ministrare.
2492 3723 2679 3778 Simul
2713 3729 2908 3780 autem
2941 3724 3358 3781 admirandum
3391 3727 3463 3782 de
3512 3740 3736 3797 magna.

2110 3812 2376 3867 nimitate
2423 3811 2707 3883 Apostoli,
2735 3817 2792 3868 et
2822 3812 2879 3867 in
2912 3813 3208 3868 Christum
3235 3821 3436 3871 mente
3467 3812 3736 3871 ferventis.

2103 3901 2357 3956 Tenetur
2386 3901 2443 3956 in
2490 3917 2739 3966 carcere,
2796 3901 3050 3958 vinculis
3106 3902 3440 3974 stringitur,
3486 3900 3738 3976 squalore

2107 3989 2387 4060 corporis,
2420 3989 2732 4046 charorum
2783 3990 3173 4062 separatione,
3220 3991 3553 4062 pmnalibus
3595 3995 3736 4044 tene-

2106 4078 2230 4134 bris
2260 4083 2609 4144 coaretatur,
2641 4084 2698 4134 et
2727 4095 2838 4134 non
2874 4080 3051 4133 sentit
3082 4079 3388 4150 injuriam,
3417 4097 3530 4137 non
3558 4077 3736 4134 dolore

2103 4167 2418 4235 cruciatur,
2454 4167 2599 4223 nihil
2632 4168 2790 4222 novit
2819 4167 3000 4237 aliud,
3052 4167 3165 4224 nisi
3208 4169 3279 4224 de
3328 4169 3539 4225 Christi
3568 4169 3732 4223 Evan-

2103 4255 2252 4327 gelio
2285 4257 2556 4328 cogitare.
2590 4256 2821 4312 Sciebat
2849 4272 3106 4323 servum,
3147 4257 3374 4313 sciebat
3419 4256 3733 4328 fugitivum,

2105 4345 2324 4400 sciebat
2355 4343 2671 4416 aliquando
2705 4350 2994 4416 raptorem
3049 4346 3119 4400 ad
3172 4344 3390 4402 Christi
3422 4345 3591 4400 fidem
3621 4355 3733 4399 esse

2105 4450 2475 4489 conversum.
2507 4433 2758 4489 Grandis
2787 4432 3002 4488 laboris
3034 4438 3124 4489 est
3154 4432 3330 4490 talem
3364 4433 3652 4490 hominem
3681 4428 3733 4483 in

2105 4540 2170 4579 eo
2202 4539 2570 4595 perseverare
2593 4523 2748 4594 quod
2772 4522 2969 4594 cmpit,
2995 4523 3213 4580 Idcirco
3244 4521 3435 4578 ﬁlium
3467 4536 3657 4582 suum,
3684 4519 3733 4572 et

2107 4610 2295 4666 ﬁlium
2327 4610 2713 4682 vinculorum,
2745 4616 2800 4666 et
2832 4610 3170 4666 ministrum
3207 4609 3508 4684 Evangelii
3536 4608 3593 4663 in
3621 4605 3732 4661 vin-

2107 4699 2252 4756 culis
2282 4700 2608 4766 constituti,
2641 4699 2919 4766 inculcat,
2950 4715 3016 4755 ac
3048 4698 3310 4771 replicat,
3345 4705 3408 4755 ut
3448 4697 3730 4754 Philemon

2103 4788 2198 4844 ille
2221 4791 2538 4861 prudenter
2555 4793 2612 4844 et
2633 4789 3054 4861 dispensatorie
3076 4793 3310 4845 tantum
3333 4789 3392 4845 in
3417 4785 3729 4860 praefatione

2105 4877 2402 4943 laudatus,
2435 4894 2550 4933 non
2581 4878 2822 4933 auderet
2853 4894 3085 4950 negare,
3109 4895 3182 4934 nc
3212 4878 3336 4934 suis
3368 4875 3636 4932 laudibus
3662 4869 3730 4925 vi-

2105 4967 2340 5022 deretur
2361 4967 2659 5038 indignus.
2680 4967 2841 5031 Quod
2864 4971 3060 5022 autem
3083 4966 3165 5022 ait
3191 4984 3202 5021 :
3229 4967 3302 5022 Tu
3329 4971 3516 5022 autem
3548 4959 3725 5025 illum,

2105 5055 2162 5111 id
2188 5064 2266 5112 est
2294 5072 2417 5112 mea
2449 5057 2679 5122 viscera,
2711 5057 2946 5125 suscipe,
2978 5055 3088 5110 hoc
3119 5060 3227 5126 est,
3261 5053 3415 5126 quod
3447 5051 3610 5125 paulo
3639 5062 3727 5102 an-

2105 5150 2160 5201 te
2187 5144 2302 5200 dixi
2329 5163 2342 5201 :
2376 5145 2599 5200 viscera
2625 5143 2955 5216 significare
3001 5144 3300 5200 internum
3351 5141 3539 5198 cordis
3570 5136 3725 5193 atl‘ec-

2104 5239 2253 5302 tum,
2286 5240 2342 5288 et
2372 5232 2602 5306 plenam
2633 5248 2703 5288 ex
2733 5233 2928 5289 animo
2962 5232 3343 5300 voluntatem,
3377 5244 3507 5285 cum
3553 5229 3723 5281 totum

2105 5322 2392 5394 quidquid
2425 5323 2485 5377 in
2521 5321 2690 5379 nobis
2720 5327 2827 5387 est,
2876 5322 3200 5393 suscipitur
3246 5339 3280 5376 a
3327 5321 3543 5391 rogato.
3583 5311 3725 5368 Alias

2104 5416 2300 5468 autem
2329 5427 2532 5466 omnes
2565 5410 2730 5467 liberi
2758 5409 2980 5466 viscera
3009 5415 3146 5465 sunt
3177 5411 3502 5482 parentum.

2104 5535 2309 5592 Petrus
2339 5534 2558 5592 Potitus
2587 5534 2644 5591 in
2679 5535 2779 5592 lib.
2814 5535 3033 5593 Misce”.
3067 5535 3275 5606 Qumt.
3309 5529 3623 5606 conjecerat
3646 5535 3720 5581 re-

2104 5607 2462 5682 ponendum.
