4066 6190
303 338 423 415 m

1171 345 1689 411 COMMENTAR.
1736 347 1816 407 ΙΝ
1864 341 2109 409 EPIST.
2159 345 2265 407 AD
2312 346 2855 411 PHILEMONEM.

3595 352 3719 413 630

374 484 559 557 (Vers.
594 483 708 554 14.)
754 505 782 535 α
813 482 949 539 Sine
978 481 1217 538 consilio
1249 485 1444 536 autem
1476 483 1578 534 tuo
1609 478 1757 534 nihil
1790 478 1946 534 volui
1978 481 2032 545 Α
2062 482 2120 534 et
2166 479 2222 532 in
2268 479 2543 535 Onesimo
2593 496 2908 550 possumus
2957 480 3302 554 intelligere,
3338 484 3493 555 quod
3552 485 3711 542 mala

306 574 492 630 facere
527 588 540 625 :
592 575 658 626 ut
688 587 804 626 non
837 569 1007 641 quasi
1056 585 1124 624 ex
1154 567 1500 622 necessitate
1530 567 1748 621 bonum
1782 569 1949 619 tuum

306 666 483 728 esset,
515 660 618 716 sed
665 657 1148 715 voluntarium.»
1198 660 1319 711 Hoc
1368 655 1522 727 quod
1574 671 1608 709 a
1655 653 1953 726 plerisque

307 750 605 824 quieritur,
651 753 708 803 et
756 746 1080 818 saepissime
1129 750 1519 800 retractatur:
1571 760 1751 815 quare
1799 743 1954 798 Deus

303 840 602 897 hominem
628 836 865 906 faciens,
893 852 1007 889 non
1031 850 1162 894 eum
1196 835 1415 889 bonum
1450 837 1792 904 rectumque
1819 848 1953 886 con-

301 914 536 993 diderit,
564 927 634 982 de
658 927 801 982 751
832 923 1103 995 praesenti
1137 922 1261 977 loco
1294 921 1438 977 solvi
1472 926 1678 993 potest.
1703 920 1760 975 Si
1794 920 1951 975 enim

302 1018 459 1074 Deus
499 1014 849 1080 voluntarie,
881 1019 936 1067 et
984 1029 1096 1067 non
1147 1008 1215 1067 ex
1247 1011 1591 1066 necessitate
1621 1011 1810 1065 bonus
1841 1013 1952 1076 est,

299 1106 503 1162 debuit
546 1102 846 1159 hominem
902 1101 1141 1165 faciens,
1188 1100 1260 1154 ad
1311 1116 1480 1155 suam
1530 1098 1847 1170 imaginem
1895 1102 1953 1154 et

299 1193 750 1251 similitudinem
802 1191 1008 1257 facere,
1043 1188 1163 1249 hoc,
1203 1194 1311 1255 est,
1356 1194 1420 1242 ut
1471 1191 1528 1242 et
1574 1187 1698 1257 ipse
1746 1186 1952 1242 volun-

300 1283 468 1352 tarie,
525 1287 584 1337 et
640 1297 755 1336 non
816 1295 885 1334 ex
944 1278 1289 1333 necessitate
1344 1277 1536 1331 bonus
1602 1279 1777 1331 esset.
1840 1276 1948 1340 Qui

299 1376 497 1427 autem
556 1371 827 1425 asserunt
886 1367 967 1421 ita
1022 1382 1157 1421 eum
1217 1356 1490 1420 debuisse
1540 1364 1687 1430 fieri,
1721 1369 1785 1418 ut
1825 1381 1949 1418 ma-

297 1461 429 1516 lum
458 1459 715 1530 recipere
746 1473 860 1512 non
893 1461 1109 1527 posset,
1140 1454 1252 1509 hoc
1283 1453 1483 1509 dicunt
1516 1467 1529 1507 :
1582 1453 1718 1508 talis
1749 1453 1953 1508 debuit

298 1549 429 1605 ﬁeri
464 1547 564 1620 qui
597 1545 940 1602 necessitate
971 1545 1160 1599 bonus
1190 1548 1365 1610 esset,
1399 1548 1455 1597 et
1485 1559 1602 1598 non
1632 1542 1948 1597 voluntate.

297 1637 470 1703 Quod
519 1636 568 1693 si
615 1634 748 1691 talis
779 1633 990 1690 fuisset
1018 1632 1282 1698 effectus,
1318 1632 1418 1703 qui
1451 1632 1669 1687 bonum
1703 1646 1821 1685 non
1852 1647 1949 1686 vo-

297 1727 550 1793 luntate,
584 1725 685 1780 sed
736 1723 1082 1779 necessitate
1129 1721 1450 1793 perficeret,
1483 1736 1600 1775 non
1649 1724 1806 1774 esset
1836 1723 1949 1773 Deo

295 1813 518 1873 similis
551 1831 563 1870 :
615 1813 714 1885 qui
766 1812 896 1868 ideo
946 1811 1136 1867 bonus
1179 1814 1291 1875 est,
1322 1808 1460 1881 quia
1488 1806 1632 1873 vult,
1666 1823 1781 1862 non
1813 1805 1951 1878 quia

291 1905 549 1977 cogitur.
581 1903 660 1958 Ex
709 1917 824 1974 quo
874 1899 1253 1955 manifestum
1284 1903 1393 1967 est,
1425 1912 1549 1952 rem
1579 1913 1677 1953 eos
1708 1896 1859 1951 inter
1887 1912 1950 1951 se

291 1992 597 2068 postulare
625 1990 1002 2047 contrariam.
1034 1987 1182 2043 Nam
1213 2002 1282 2042 ex
1306 2003 1372 2040 eo
1404 1986 1559 2058 quod
1591 1985 1816 2049 dicunt,
1850 1984 1949 2039 de-

295 2083 436 2140 buit
461 2081 638 2137 homo
668 2080 783 2136 Deo
816 2076 1028 2134 similis
1058 2076 1203 2142 ﬁeri,
1235 2074 1379 2129 illud
1413 2079 1639 2146 petunt,
1674 2078 1739 2128 ut
1784 2071 1949 2127 liberi

294 2174 468 2229 fieret
516 2169 761 2237 arbitrii,
794 2168 945 2224 sicut
993 2168 1142 2221 Deus
1192 2165 1318 2236 ipse
1365 2168 1472 2219 est.
1504 2164 1586 2219 Ex
1632 2178 1697 2218 eo
1753 2167 1949 2217 autem

294 2261 457 2333 quod
489 2260 748 2315 inferunt
777 2256 881 2330 [Αι.
915 2254 1206 2325 infertur],
1238 2252 1372 2335 talis
1417 2252 1620 2308 debuit
1669 2251 1815 2321 ﬁeri,
1850 2249 1950 2322 qui

293 2349 529 2406 malum
560 2347 815 2419 recipere
846 2361 960 2400 non
993 2347 1227 2416 posset;
1281 2343 1422 2397 dum
1454 2341 1863 2397 necessitatem
1897 2340 1949 2395 ei

291 2437 444 2495 boni
475 2437 813 2510 important,
858 2432 1002 2488 illud
1032 2430 1253 2495 volunt,
1285 2436 1350 2485 ut
1380 2429 1554 2485 homo
1586 2429 1700 2484 Deo
1739 2426 1950 2484 similis

268 2554 273 2557 ·
295 2544 425 2585 non
449 2527 631 2583 ﬁeret.
658 2522 849 2580 Potuit
868 2523 1066 2593 itaque
1086 2525 1142 2576 et
1170 2518 1469 2592 apostolus
1491 2516 1708 2573 Paulus
1729 2518 1951 2589 absque

289 2616 603 2674 voluntate
630 2610 1011 2677 Philemonis,
1040 2609 1382 2665 Onesimum
1414 2607 1527 2663 sibi
1575 2608 1630 2662 in
1681 2606 1950 2662 ministe-

290 2707 461 2764 rium
487 2704 753 2760 retinere.
776 2702 888 2758 Sed
921 2700 971 2755 si
998 2698 1106 2755 hoc
1126 2697 1253 2754 sine
1273 2697 1570 2753 voluntate
1597 2695 1951 2752 Philemonis

290 2795 573 2852 fecisset:
604 2794 821 2848 bonum
843 2790 1081 2862 quidem
1102 2792 1246 2856 erat,
1266 2788 1368 2842 sed
1391 2803 1506 2841 non
1526 2785 1945 2841 voluntarium.

288 2884 466 2951 Quod
497 2887 696 2938 autem
726 2896 841 2935 non
871 2883 995 2935 erat
1021 2875 1441 2943 voluntarium,
1475 2874 1591 2930 alio
1622 2890 1832 2946 genere
1864 2891 1951 2929 ar-

280 2973 594 3049 guebatur
617 2986 731 3025 non
755 2960 1146 3026 essebonum.
1172 2963 1324 3020 Nihil
1349 2965 1565 3036 quippe
1597 2965 1814 3019 bonum
1837 2962 1949 3017 dici

289 3066 517 3136 potest,
552 3059 665 3115 nisi
717 3058 867 3130 quod
916 3055 1247 3111 ultroneum
1292 3059 1400 3109 est.
1435 3053 1513 3107 Ex
1544 3068 1660 3124 quo
1689 3050 1948 3122 Apostoli

292 3148 726 3208 consideranda
759 3146 1070 3219 prudentia
1097 3148 1187 3199 est
1213 3160 1226 3199 :
1260 3142 1361 3214 qui
1390 3141 1607 3196 idcirco
1638 3140 1949 3212 fugitivum

293 3254 542 3297 servum
593 3213 841 3293 remittit
888 3234 958 3289 ad
1008 3213 1338 3297 dominum,
1371 3234 1437 3285 ut
1483 3229 1667 3302 prosit
1712 3229 1950 3284 domino
1981 3213 2023 3279 ί]

294 3345 416 3385 suo
447 3342 462 3374 τ
517 3327 615 3398 qui
648 3325 926 3398 prodesse
955 3339 1070 3378 non
1102 3324 1346 3393 poterat,
1380 3319 1429 3374 si
1459 3319 1697 3374 domino
1729 3324 1952 3373 tenere~

292 3423 405 3474 tur
446 3417 702 3472 absente.
733 3412 1008 3486 Superior
1051 3427 1187 3483 ergo
1237 3408 1479 3482 quaestio
1529 3409 1611 3463 ita
1662 3406 1950 3462 solvitur:

291 3505 503 3563 Potuit
546 3504 699 3560 Deus
749 3501 1049 3558 hominem
1105 3500 1233 3555 sine
1275 3497 1575 3554 voluntate
1607 3497 1735 3569 ejus
1768 3497 1954 3552 facere

290 3596 549 3653 bonum.
583 3597 759 3649 Porro
792 3591 842 3648 si
878 3590 988 3646 hoc
1018 3588 1272 3654 fecisset,
1306 3604 1421 3643 non
1453 3591 1578 3642 erat
1607 3586 1826 3641 bonum
1857 3600 1954 3640 vo-

292 3680 772 3749 luntarium,sed
796 3677 1181 3735 necessitatis.
1199 3676 1360 3744 Quod
1386 3680 1582 3731 autem
1608 3674 1956 3730 necessitate

293 3774 529 3829 bonum
563 3774 671 3840 est,
704 3785 819 3825 non
851 3771 941 3824 est
968 3767 1212 3836 bonum,
1244 3770 1303 3820 et
1330 3764 1443 3820 alio
1472 3780 1685 3836 genere
1733 3762 1956 3818 malum

294 3860 596 3934 arguitur.
630 3857 818 3931 Igitur
865 3857 1098 3929 proprio
1146 3852 1387 3909 arbitrio
1437 3869 1540 3907 nos
1596 3852 1955 3923 relinquens,

296 3948 503 4021 magis
551 3948 625 4004 ad
671 3961 840 4002 suam
884 3944 1202 4017 imaginem
1234 3945 1292 3998 et
1320 3940 1770 3997 similitudinem
1804 3940 1957 3996 fecit.

296 4037 579 4096 Similem
623 4040 820 4092 autem
853 4034 969 4090 Deo
999 4049 1128 4088 esse
1157 4029 1426 4087 absolute
1454 4030 1674 4085 bonum
1706 4034 1814 4085 est.

375 4124 571 4197 (Vers.
605 4126 693 4192 15,
726 4123 842 4193 16.)
873 4144 902 4172 ‹‹
934 4121 1202 4177 Forsitan
1234 4119 1389 4175 enim
1425 4119 1552 4174 ideo
1584 4118 1855 4173 discessit
1886 4118 1960 4173 ad

295 4216 520 4272 horam
563 4231 597 4269 a
626 4218 703 4281 te,
734 4217 800 4267 ut
830 4216 1114 4266 aeternum
1145 4209 1313 4263 illum
1345 4209 1652 4280 reciperes.
1684 4206 1814 4261 Jam
1847 4222 1961 4262 non

294 4306 471 4361 sicut
491 4317 745 4368 servum,
770 4301 870 4356 sed
893 4298 1028 4372 plus
1048 4314 1233 4362 servo,
1258 4297 1496 4352 fratrem
1521 4296 1959 4365 charissimum,

294 4391 571 4449 maxime
617 4388 760 4444 mihi
801 4406 813 4443 :
864 4391 1082 4461 quanto
1137 4386 1328 4458 magis
1379 4389 1577 4441 autem
1629 4384 1755 4451 tibi,
1798 4389 1855 4440 et
1904 4386 1961 4440 in

294 4482 587 4545 carne,et
610 4478 669 4533 in
691 4477 960 4533 Domino.
983 4498 1011 4526 »
1033 4475 1469 4545 Nonnunquam
1494 4473 1715 4529 malum
1739 4473 1964 4531 occasio

2062 568 2349 639 principia
2404 569 2738 624 occasiones
2795 569 3013 624 fuerint
3060 570 3141 625 rei
3199 571 3379 627 bonas.
3435 573 3494 627 Si
3550 574 3709 631 enim

2061 656 2363 711 dominum
2399 676 2512 713 non
2547 657 2812 729 fugisset,
2844 674 3150 729 nunquam
3180 660 3436 716 venisset
3463 662 3710 720 Romam

2064 744 2160 799 ubi
2210 751 2333 800 erat
2382 745 2595 801 Paulus
2625 746 2853 801 vinctus
2896 748 2951 801 in
2999 763 3248 803 carcere.
3281 748 3338 803 Si
3371 749 3618 806 Paulum
3650 752 3709 808 in

2060 833 2311 889 vinculis
2367 852 2479 889 non
2538 834 2798 900 vidisset,
2861 853 2977 891 non
3035 837 3352 908 recepisset
3418 837 3592 895 fidem
3649 841 3709 896 in

2061 922 2378 977 Christum.
2400 924 2457 977 Si
2480 922 2693 978 Christi
2718 940 2832 978 non
2858 924 3163 980 habuisset
3190 926 3709 998 ﬁdem,nunquam

2062 1010 2225 1066 Pauli
2269 1012 2510 1067 effectus
2541 1011 2717 1081 filius,
2753 1013 2811 1068 in
2844 1030 2991 1084 opus
3027 1014 3319 1087 Evangelii
3356 1017 3708 1073 mitteretur.

2060 1101 2141 1155 Ex
2171 1116 2285 1172 quo
2316 1100 2619 1172 paulatim,
2651 1106 2708 1156 et
2736 1118 2839 1173 per
2867 1103 3085 1173 gradus
3116 1120 3276 1169 suos,
3310 1105 3710 1177 reciprocante

2061 1190 2369 1255 sententia,
2401 1190 2531 1244 ideo
2581 1190 2850 1246 minister
2880 1191 3170 1262 Evangelii
3216 1198 3305 1248 est
3342 1193 3531 1250 factus
3559 1195 3710 1252 One-

2061 1277 2270 1347 simus,
2295 1279 2429 1350 quia
2454 1279 2602 1349 lugit
2628 1296 2661 1334 a
2686 1280 2944 1335 domino.
2975 1280 3221 1336 Pulchre
3245 1286 3441 1338 autem
3464 1284 3708 1357 addens,

2058 1369 2325 1437 forsitan,
2393 1369 2745 1423 sententiam
2828 1370 3199 1441 temperavit,
3269 1370 3509 1428 Occulta
3575 1379 3715 1430 sunt

2060 1456 2274 1527 quippe
2316 1456 2543 1526 judicia
2598 1457 2715 1527 Dei,
2749 1462 2807 1512 et
2852 1458 3229 1514 temerarium
3278 1464 3367 1515 est
3416 1463 3583 1532 quasi
3641 1463 3713 1518 de

2058 1550 2217 1600 certo
2242 1546 2618 1616 pronuntiare
2636 1547 2788 1618 quod
2810 1547 3056 1602 dubium
3084 1552 3190 1603 est.
3207 1550 3480 1618 Forsitan,
3499 1550 3710 1622 inquit,

2060 1632 2180 1688 ideo
2221 1634 2521 1689 discessit:
2572 1639 2759 1701 caute,
2794 1635 3020 1703 timide,
3053 1636 3434 1709 trepidanter,
3486 1644 3544 1695 et
3593 1656 3712 1699 non

2060 1726 2181 1777 toto
2211 1722 2318 1794 [Αἰ.
2352 1727 2563 1793 totum]
2597 1724 2706 1779 fixo
2750 1725 2983 1796 gradu:
3040 1729 3105 1780 ut
3152 1725 3200 1782 si
3252 1743 3367 1781 non
3417 1728 3713 1800 posuisset

2056 1813 2312 1881 forsitan,
2346 1812 2623 1868 omnibus
2669 1812 2852 1868 servis
2885 1813 3227 1885 fugiendum
3260 1820 3436 1884 esset,
3470 1821 3536 1872 ut
3566 1834 3707 1890 apo-

2059 1899 2247 1955 stolici
2308 1902 2530 1956 ﬁerent.
2591 1902 2752 1965 Quod
2812 1909 3029 1969 autem,
3088 1903 3161 1959 ad
3223 1905 3436 1976 horam,
3489 1907 3709 1976 junxit,

2060 1988 2262 2045 horam
2298 2007 2399 2062 pro
2441 1995 2700 2062 tempore
2728 1990 3011 2047 debemus
3042 1992 3321 2064 accipere.
3352 1994 3436 2049 Ad
3468 2011 3708 2068 compa-

2060 2078 2344 2134 rationem
2392 2080 2547 2134 enim
2597 2079 2960 2147 aatemitatis,
3011 2096 3184 2135 omne
3242 2086 3478 2153 tempus
3536 2084 3708 2140 breve

2059 2173 2166 2224 est.
2217 2169 2279 2224 Ut
2328 2176 2599 2224 aternum
2652 2169 2815 2223 illum
2860 2170 3143 2240 reciperes.
3197 2169 3406 2226 Nullus
3457 2160 3709 2231 aeternus

2059 2256 2337 2311 dominus
2369 2257 2516 2312 servi
2548 2257 2638 2311 sui
2664 2273 2678 2312 :
2711 2261 2969 2328 potestas
2991 2257 3208 2330 quippe
3232 2259 3382 2330 ejus,
3406 2264 3464 2315 et
3495 2262 3709 2320 utrius-

2059 2361 2172 2416 que
2225 2344 2499 2408 conditio,
2542 2349 2725 2400 morte
2774 2344 2996 2401 finitur.
3050 2349 3363 2404 Onesimus
3418 2365 3550 2405 vero
3607 2350 3710 2422 qui

2059 2449 2128 2488 ex
2160 2433 2270 2488 fide
2302 2433 2513 2489 Christi
2564 2433 2752 2489 factus
2803 2439 3059 2491 aeternus
3109 2440 3218 2504 est,
3252 2442 3465 2494 aeterno
3518 2438 3709 2495 Phile-

2060 2518 2239 2590 moni,
2274 2520 2414 2592 quia
2456 2521 2514 2575 in
2546 2519 2843 2576 Christum
2874 2530 2932 2577 et
2961 2522 3086 2595 ipse
3116 2525 3464 2593 crediderat,
3498 2525 3710 2599 spiritu

2060 2608 2349 2664 libertatis
2408 2614 2663 2681 accepto,
2715 2611 2842 2682 jam
2901 2628 3016 2667 non
3083 2629 3306 2681 servus,
3364 2616 3465 2671 sed
3531 2616 3713 2673 frater

2059 2699 2232 2770 coepit
2281 2715 2410 2755 esse
2468 2700 2537 2754 de
2596 2715 2782 2767 servo,
2845 2700 3024 2756 frater
3079 2703 3486 2772 charissimus,
3534 2706 3715 2762 frater

2059 2793 2309 2843 aeternus
2344 2804 2357 2841 :
2408 2793 2620 2843 aeterno
2650 2794 2708 2843 et
2735 2788 2847 2861 ipsi
2879 2790 3157 2861 Apostolo
3189 2791 3545 2863 dominoque
3575 2810 3710 2861 suo,

2060 2877 2154 2932 cui
2185 2877 2528 2932 Onesimum
2562 2882 2627 2932 ut
2655 2878 2847 2932 carnis
2879 2883 3013 2933 ante
3044 2879 3300 2935 conditio
3334 2896 3347 2933 :
3394 2880 3477 2935 ita
3505 2887 3711 2953 postea

2061 2965 2307 3038 spiritus
2356 2965 2612 3037 copulat.
2644 2967 2715 3021 Et
2761 2971 2901 3021 tunc
2946 2967 3184 3037 quidem
3233 2970 3469 3039 quando
3500 2977 3625 3027 erat
3654 2972 3709 3030 ei

2060 3056 2362 3124 subjectus
2391 3053 2451 3108 in
2482 3071 2675 3123 carne,
2699 3071 2813 3109 non
2836 3060 2961 3110 erat
2990 3055 3040 3110 ei
3063 3055 3309 3125 junctus
3340 3056 3397 3111 iu
3420 3058 3703 3131 Domino;

2060 3159 2217 3198 nunc
2248 3147 2441 3198 autem
2490 3141 2542 3196 ei
2586 3146 2643 3196 et
2687 3141 2746 3197 in
2789 3159 2962 3199 carne
2985 3144 3231 3214 junctus
3262 3149 3370 3214 est,
3403 3151 3460 3202 et
3506 3148 3567 3204 in
3599 3153 3709 3206 Do-

2064 3232 2244 3287 mino.
2279 3231 2359 3286 Ex
2408 3247 2523 3302 quo
2572 3230 2957 3303 intelligimus
2986 3248 3219 3288 servum
3260 3234 3360 3306 qui
3397 3237 3714 3295 crediderit

2062 3321 2312 3387 Christo,
2344 3319 2564 3392 duplici
2599 3319 2836 3375 domino
2868 3337 2974 3376 suo
3004 3320 3130 3394 lege
3169 3324 3512 3397 constringi,
3544 3331 3611 3382 ut
3660 3327 3713 3383 ei

2063 3416 2121 3465 et
2166 3408 2359 3464 carnis
2411 3406 2756 3464 necessitate
2800 3409 3090 3481 jungatur
3137 3411 3207 3466 ad
3259 3416 3514 3485 tempus,
3547 3420 3604 3471 et
3650 3416 3713 3472 in

2064 3503 2346 3554 aeternum
2379 3496 2588 3569 spiritu
2640 3497 2965 3568 copuletur.

2135 3586 2318 3654 (Vers.
2363 3588 2468 3654 17.)
2519 3608 2547 3635 ‹‹
2578 3584 2638 3641 Si
2665 3602 2799 3659 ergo
2834 3586 3015 3642 habes
3055 3603 3148 3643 me
3197 3590 3444 3656 socium,
3476 3593 3715 3666 suscipe

2065 3676 2233 3731 illum
2266 3675 2419 3730 sicut
2451 3691 2561 3729 me.
2596 3696 2623 3725 »
2675 3674 2977 3731 Philemon
3005 3678 3027 3711 ²
3077 3676 3324 3734 Paulum
3355 3680 3578 3737 socium
3612 3682 3719 3739 ha-

2069 3767 2202 3821 bere
2231 3764 2521 3836 cupiebat,
2543 3769 2600 3819 et
2630 3763 2689 3818 in
2719 3763 3016 3820 Christum
3049 3767 3313 3833 credens,
3337 3767 3485 3825 tales
3515 3770 3719 3843 utique

2065 3854 2298 3910 volebat
2346 3853 2558 3908 habere
2606 3853 2923 3924 profectus,
2957 3858 3023 3909 ut
3067 3855 3244 3911 Paulo
3288 3857 3501 3913 similis
3533 3859 3717 3925 fieret,

2069 3947 2127 3999 et
2175 3942 2227 3997 ei
2279 3942 2429 3998 759
2470 3941 2930 3998 communicaret
2974 3942 3032 3998 in
3075 3943 3345 4000 vinculis.
3377 3947 3717 4005 Considere-

2071 4049 2204 4087 mus
2233 4047 2368 4103 ergo
2399 4035 2684 4102 quantum
2718 4030 2812 4085 hic
2857 4031 3130 4087 laudetur
3158 4032 3493 4104 Onesimus,
3526 4051 3716 4106 quan-

2069 4126 2193 4176 tum
2228 4120 2543 4192 profecisse
2583 4119 2860 4175 dicatur:
2911 4137 3044 4175 cum
3100 4120 3184 4175 ita
3229 4122 3599 4192 recipiendus
3629 4129 3722 4181 est
3810 4146 3813 4155 ’

2071 4214 2136 4264 ut
2164 4208 2479 4281 Apostolus
2510 4212 2566 4269 et
2598 4207 2682 4262 sic
2714 4209 2841 4278 ejus
2874 4207 3148 4263 dominus
3194 4213 3257 4263 ut
3298 4209 3461 4265 Pauli
3513 4212 3722 4271 debeat

2072 4298 2403 4354 desiderare
2423 4296 2806 4351 consortium.
2832 4295 3080 4351 Breviter
3101 4298 3255 4369 quod
3279 4298 3421 4354 dicit
3451 4300 3564 4356 tale
3593 4308 3682 4359 est
3704 4319 3719 4359 :

2073 4387 2133 4442 Si
2165 4402 2256 4441 me
2288 4384 2374 4439 vis
2407 4384 2617 4438 habere
2646 4389 2997 4451 consortem,
3022 4383 3235 4441 habeto
3265 4392 3320 4443 et
3351 4386 3719 4462 Onesimum,

2074 4489 2248 4545 quem
2266 4489 2370 4544 ego
2388 4476 2815 4536 consortem,et
2832 4471 3017 4528 filium
3038 4489 3257 4543 meum,
3273 4480 3332 4530 et
3354 4476 3575 4533 viscera
3592 4494 3725 4534 mea

298 4572 378 4628 ﬁt
405 4570 722 4636 bonorum,
745 4571 802 4623 et
822 4567 1129 4621 hominum
1158 4580 1335 4636 prava
1358 4563 1604 4619 consilia
1626 4568 1775 4619 Deus
1799 4564 1969 4618 vertit
2002 4584 2046 4648 D
2078 4563 2292 4618 habeo:
2315 4578 2488 4633 quem
2512 4560 2560 4615 si
2586 4577 2699 4615 non
2723 4562 3073 4633 susceperis,
3091 4579 3196 4618 nec
3220 4563 3431 4620 habere
3450 4565 3725 4635 volueris,

298 4660 383 4716 ad
442 4661 689 4712 rectum.
721 4655 884 4722 Quod
933 4654 1062 4710 dico
1115 4651 1486 4708 manifestius
1534 4651 1798 4723 exemplo
1850 4654 1966 4708 fiet.

294 4745 536 4818 Joseph
595 4746 823 4815 fratres,
880 4742 975 4799 sui
1032 4742 1183 4800 758
1242 4740 1347 4797 zeli
1406 4740 1666 4796 stimulis
1722 4740 1971 4808 incitati,

297 4833 642 4894 lsmaelitis
669 4833 877 4905 viginti
899 4831 1093 4887 aureis
1117 4833 1132 4865 ¹
1165 4830 1554 4885 vendiderunt
1583 4828 1733 4898 (Gen.
1758 4847 1972 4900 xxxvu,

294 4926 435 4997 28).
479 4926 598 4978 Hoc
646 4921 881 4976 initium
930 4925 988 4976 et
1036 4919 1206 4992 patri,
1259 4923 1317 4973 et
1366 4918 1663 4985 fratribus,
1710 4922 1768 4973 et
1813 4917 1972 4972 omni

300 5015 568 5086 11-33pr
590 5012 877 5066 bonorum
898 5010 1164 5065 omnium
1188 5007 1317 5063 fuit.
1349 5008 1605 5079 Denique
1630 5007 1755 5079 ipse
1776 5010 1978 5078 postea

299 5103 393 5161 ad
450 5100 657 5155 fratres
690 5116 704 5154 :
758 5099 877 5166 Vos,
908 5096 1125 5169 inquit,
1154 5098 1431 5168 cogitastis
1461 5095 1524 5152 de
1552 5112 1638 5151 me
1680 5096 1829 5150 mala
1859 5112 1878 5149 :
1927 5103 1978 5151 et

299 5191 466 5248 Deus
492 5189 750 5259 cogitavit
778 5187 843 5242 de
869 5202 960 5242 me
990 5187 1129 5241 bona
1158 5184 1312 5258 (Gen.
1347 5202 1398 5255 L,
1428 5185 1543 5255 20).
1586 5183 1788 5240 Simile
1836 5185 1975 5255 quid

399 5350 416 5384 ¹
454 5349 620 5422 Legit
647 5348 757 5405 hoc
786 5347 912 5404 loco
943 5346 1266 5404 secundum
1300 5346 1650 5416 Interpretes
1682 5343 1851 5422 LXX,
1878 5343 1977 5422 qui

304 5437 439 5498 pro
466 5418 665 5503 viginti
712 5421 1362 5503 argenteistosuerunt
1405 5431 1599 5500 aureos
1646 5418 1981 5503 viginti“._De

363 5509 453 5550 uo
481 5487 696 5548 videsis
739 5487 938 5564 ipsum
969 5487 1385 5564 Hieronymum
1416 5487 1475 5564 in
1508 5504 1801 5564 cap._xxv:1
1832 5487 1981 5564 Mat-3

2080 4656 2137 4706 et
2169 4651 2292 4721 ipse
2322 4648 2603 4720 intelligis
2632 4648 2788 4721 quod
2822 4665 2914 4704 me
2944 4649 3158 4706 habere
3188 4667 3304 4706 non
3337 4652 3549 4724 possis.

2152 4740 2337 4808 (Vers.
2374 4740 2484 4810 18.)
2539 4761 2567 4788 ‹‹
2600 4738 2658 4792 Si
2702 4742 2897 4793 autem
2947 4738 3173 4811 aliquid
3221 4741 3422 4796 nocuit
3469 4741 3596 4812 tibi,
3629 4746 3733 4798 aut

2083 4830 2272 4894 debet,
2307 4829 2414 4883 hoc
2446 4827 2592 4882 mihi
2626 4828 2869 4899 imputa.
2904 4848 2932 4877 ››
2970 4828 3236 4884 Imitator
3269 4829 3494 4885 Domini
3528 4832 3647 4898 sui,
3677 4836 3735 4887 et

2084 4916 2378 4972 Christum
2428 4916 2488 4970 in
2538 4932 2600 4971 se
2645 4915 2978 4987 loquentem
3012 4915 3256 4985 habens,
3292 4933 3360 4973 ea
3382 4919 3552 4988 juxta
3580 4921 3734 4976 vires

2085 5022 2223 5061 suas
2256 5006 2425 5060 debet
2457 5005 2642 5061 facere
2673 5021 2802 5076 qua:
2832 5003 3119 5060 Christus.
3153 5006 3213 5061 Si
3252 5007 3407 5062 enim
3449 5006 3549 5063 ille
3577 5009 3737 5065 infir-

2086 5097 2321 5149 mitates
2370 5100 2601 5151 nostras
2632 5094 2899 5166 portavit,
2934 5098 2991 5149 et
3023 5092 3225 5166 plagas
3258 5101 3489 5153 nostras
3520 5097 3733 5167 doluit,

2078 5184 2240 5253 juste
2266 5182 2579 5254 Apostolus
2605 5199 2708 5254 pro
2729 5182 3005 5237 Onesimo
3035 5199 3098 5238 se
3120 5186 3381 5257 opponit,
3406 5191 3461 5242 et
3487 5188 3741 5260 spondet

2086 5342 2282 5424 .[oseph
2328 5358 2458 5412 non,
2491 5351 2551 5424 at
2597 5343 2784 5424 multi
2808 5346 3021 5424 putant,
3042 5344 3210 5424 jacta
3232 5313 3372 5424 _f.X.\'
3409 5345 3740 5424 interpretes

2089 5414 2465 5487 (quibuscum
2497 5418 2694 5468 tamen
2729 5414 2822 5469 hic
2855 5414 3009 5487 facit)
3041 5417 3242 5484 viginti
3269 5419 3459 5474 aureis
3489 5414 3741 5476 venditus

2088 5490 2205 5562 est;
2252 5485 2341 5540 sed
2382 5486 2550 5557 juxta
2598 5487 2922 5541 chraicam
2970 5485 3255 5543 veritatem
3298 5491 3499 5559 viginti
3538 5505 3739 5562 argen-

304 5557 495 5624 thai.‘
526 5564 713 5621 MART.
744 5557 814 5604 ἐ-
852 5562 1128 5618 Notatum
1179 5557 1309 5617 vero
1361 5557 1601 5624 ipsimet
1647 5559 1705 5614 S.
1755 5557 1982 5615 Doctori
2090 5559 2214 5614 teis.

304 5635 609 5714 superius
639 5635 699 5693 in
721 5634 1113 5693 Commentar.
1146 5632 1208 5690 in
1240 5630 1471 5709 Matth.,
1495 5647 1623 5709 cap.
1649 5647 1803 5703 xxvx,
1825 5630 1981 5709 quod

623 5763 886 5828 Ρηιιοι..
930 5758 1144 5828 XXVI.

2161 5630 2182 5665 ³
2212 5627 2429 5689 Vitiosa
2474 5643 2654 5704 penes
2686 5628 3090 5690 Martianaeum
3123 5631 3520 5697 Philemonem.

3386 5762 3459 5825 21
