  <div class='ocr_page' id='page_1' title='image "/cluster/home/n/w/nwhite01/storage/ocr_20150623/26/hvd.32044052772472/337.png"; bbox 0 0 4066 6190; ppageno 0'>
   <div class='ocr_carea' id='block_1_1' title="bbox 475 299 588 358">
    <p class='ocr_par' dir='ltr' id='par_1_1' title="bbox 475 299 588 358">
     <span class='ocr_line' id='line_1_1' title="bbox 475 299 588 358; baseline 0.009 -1"><span class='ocrx_word' id='word_1_1' title='bbox 475 299 588 358; x_wconf 83' lang='grc'>651</span> 
     </span>
    </p>
   </div>
   <div class='ocr_carea' id='block_1_2' title="bbox 1637 298 2569 362">
    <p class='ocr_par' dir='ltr' id='par_1_2' title="bbox 1637 298 2569 362">
     <span class='ocr_line' id='line_1_2' title="bbox 1637 298 2569 362; baseline 0 -3"><span class='ocrx_word' id='word_1_2' title='bbox 1637 300 1700 359; x_wconf 93' lang='lat' dir='ltr'>S.</span> <span class='ocrx_word' id='word_1_3' title='bbox 1749 298 2055 360; x_wconf 78' lang='lat' dir='ltr'>EUSEBll</span> <span class='ocrx_word' id='word_1_4' title='bbox 2095 298 2569 362; x_wconf 76' lang='lat' dir='ltr'>HIERONYMI.</span> 
     </span>
    </p>
   </div>
   <div class='ocr_carea' id='block_1_3' title="bbox 3692 306 3791 368">
    <p class='ocr_par' dir='ltr' id='par_1_3' title="bbox 3692 306 3791 368">
     <span class='ocr_line' id='line_1_3' title="bbox 3692 306 3791 368; baseline 0.02 -2"><span class='ocrx_word' id='word_1_5' title='bbox 3692 306 3791 368; x_wconf 67' lang='lat'>652</span> 
     </span>
    </p>
   </div>
   <div class='ocr_carea' id='block_1_4' title="bbox 480 428 3792 503">
    <p class='ocr_par' dir='ltr' id='par_1_4' title="bbox 480 428 3792 503">
     <span class='ocr_line' id='line_1_4' title="bbox 480 428 3792 503; baseline 0.002 -18"><span class='ocrx_word' id='word_1_6' title='bbox 480 448 614 503; x_wconf 72' lang='lat' dir='ltr'>qua:</span> <span class='ocrx_word' id='word_1_7' title='bbox 646 428 748 484; x_wconf 90' lang='lat' dir='ltr'>ille</span> <span class='ocrx_word' id='word_1_8' title='bbox 778 429 1046 484; x_wconf 83' lang='lat' dir='ltr'>debebat.</span> <span class='ocrx_word' id='word_1_9' title='bbox 1080 428 1153 484; x_wconf 93' lang='lat' dir='ltr'>Ut</span> <span class='ocrx_word' id='word_1_10' title='bbox 1182 433 1379 485; x_wconf 91' lang='lat' dir='ltr'>autem</span> <span class='ocrx_word' id='word_1_11' title='bbox 1412 446 1590 502; x_wconf 83' lang='lat' dir='ltr'>supra</span> <span class='ocrx_word' id='word_1_12' title='bbox 1633 430 1909 499; x_wconf 84' lang='lat' dir='ltr'>diximus,</span> <span class='ocrx_word' id='word_1_13' title='bbox 1941 436 2134 487; x_wconf 91' lang='lat' dir='ltr'>totum</span> <span class='ocrx_word' id='word_1_14' title='bbox 2164 433 2220 498; x_wconf 85' lang='grc' dir='ltr'><strong>Α</strong></span> <span class='ocrx_word' id='word_1_15' title='bbox 2249 430 2520 499; x_wconf 91' lang='lat' dir='ltr'>volueris,</span> <span class='ocrx_word' id='word_1_16' title='bbox 2551 435 2703 488; x_wconf 89' lang='lat' dir='ltr'>recte</span> <span class='ocrx_word' id='word_1_17' title='bbox 2748 431 2910 488; x_wconf 81' lang='lat' dir='ltr'>Pauli</span> <span class='ocrx_word' id='word_1_18' title='bbox 2965 430 3024 486; x_wconf 90' lang='lat' dir='ltr'>in</span> <span class='ocrx_word' id='word_1_19' title='bbox 3072 429 3298 488; x_wconf 82' lang='lat' dir='ltr'>Christo</span> <span class='ocrx_word' id='word_1_20' title='bbox 3341 430 3538 489; x_wconf 75' lang='lat' dir='ltr'>viscera</span> <span class='ocrx_word' id='word_1_21' title='bbox 3576 432 3792 492; x_wconf 80' lang='lat' dir='ltr'><strong>dicentur</strong></span> 
     </span>
    </p>
   </div>
   <div class='ocr_carea' id='block_1_5' title="bbox 478 517 2121 592">
    <p class='ocr_par' dir='ltr' id='par_1_5' title="bbox 478 517 2121 592">
     <span class='ocr_line' id='line_1_5' title="bbox 478 517 2121 592; baseline 0 -17"><span class='ocrx_word' id='word_1_22' title='bbox 478 519 621 575; x_wconf 91' lang='lat' dir='ltr'>illud</span> <span class='ocrx_word' id='word_1_23' title='bbox 672 524 780 585; x_wconf 89' lang='lat' dir='ltr'>est,</span> <span class='ocrx_word' id='word_1_24' title='bbox 833 518 986 589; x_wconf 93' lang='lat' dir='ltr'>quod</span> <span class='ocrx_word' id='word_1_25' title='bbox 1037 517 1297 573; x_wconf 90' lang='lat' dir='ltr'>ablatum</span> <span class='ocrx_word' id='word_1_26' title='bbox 1348 522 1522 587; x_wconf 87' lang='lat' dir='ltr'>furto,</span> <span class='ocrx_word' id='word_1_27' title='bbox 1575 525 1631 576; x_wconf 91' lang='lat' dir='ltr'>et</span> <span class='ocrx_word' id='word_1_28' title='bbox 1677 536 1780 592; x_wconf 92' lang='lat' dir='ltr'>per</span> <span class='ocrx_word' id='word_1_29' title='bbox 1830 520 2121 576; x_wconf 84' lang='lat' dir='ltr'>luxuriam</span> 
     </span>
    </p>
   </div>
   <div class='ocr_carea' id='block_1_6' title="bbox 479 608 2127 682">
    <p class='ocr_par' dir='ltr' id='par_1_6' title="bbox 479 608 2127 682">
     <span class='ocr_line' id='line_1_6' title="bbox 479 608 2127 682; baseline 0.001 -19"><span class='ocrx_word' id='word_1_30' title='bbox 479 608 797 682; x_wconf 89' lang='lat' dir='ltr'>perditum,</span> <span class='ocrx_word' id='word_1_31' title='bbox 850 624 966 663; x_wconf 90' lang='lat' dir='ltr'>non</span> <span class='ocrx_word' id='word_1_32' title='bbox 1016 612 1239 678; x_wconf 88' lang='lat' dir='ltr'>poterat</span> <span class='ocrx_word' id='word_1_33' title='bbox 1291 609 1558 666; x_wconf 87' lang='lat' dir='ltr'>absolvi:</span> <span class='ocrx_word' id='word_1_34' title='bbox 1614 611 1769 682; x_wconf 92' lang='lat' dir='ltr'>quod</span> <span class='ocrx_word' id='word_1_35' title='bbox 1822 610 2127 665; x_wconf 83' lang='lat' dir='ltr'>Philemon</span> 
     </span>
    </p>
   </div>
   <div class='ocr_carea' id='block_1_7' title="bbox 479 697 2126 771">
    <p class='ocr_par' dir='ltr' id='par_1_7' title="bbox 479 697 2126 771">
     <span class='ocr_line' id='line_1_7' title="bbox 479 697 2126 771; baseline 0.001 -19"><span class='ocrx_word' id='word_1_36' title='bbox 479 697 687 770; x_wconf 82' lang='lat' dir='ltr'>grandi</span> <span class='ocrx_word' id='word_1_37' title='bbox 720 697 905 769; x_wconf 89' lang='lat' dir='ltr'>pretio</span> <span class='ocrx_word' id='word_1_38' title='bbox 939 697 1222 768; x_wconf 81' lang='lat' dir='ltr'>pensabat</span> <span class='ocrx_word' id='word_1_39' title='bbox 1247 697 1360 768; x_wconf 76' lang='lat' dir='ltr'>[AL</span> <span class='ocrx_word' id='word_1_40' title='bbox 1388 700 1825 770; x_wconf 80' lang='lat' dir='ltr'>compensabat]</span> <span class='ocrx_word' id='word_1_41' title='bbox 1849 700 1990 754; x_wconf 91' lang='lat' dir='ltr'>dum</span> <span class='ocrx_word' id='word_1_42' title='bbox 2023 714 2126 771; x_wconf 93' lang='lat' dir='ltr'>pro</span> 
     </span>
    </p>
   </div>
   <div class='ocr_carea' id='block_1_8' title="bbox 481 785 2127 859">
    <p class='ocr_par' dir='ltr' id='par_1_8' title="bbox 481 785 2127 859">
     <span class='ocr_line' id='line_1_8' title="bbox 481 785 2127 859; baseline -0.001 -16"><span class='ocrx_word' id='word_1_43' title='bbox 481 803 646 843; x_wconf 90' lang='lat' dir='ltr'>servo</span> <span class='ocrx_word' id='word_1_44' title='bbox 712 785 978 859; x_wconf 89' lang='lat' dir='ltr'>fugitivo,</span> <span class='ocrx_word' id='word_1_45' title='bbox 1028 790 1085 840; x_wconf 91' lang='lat' dir='ltr'>et</span> <span class='ocrx_word' id='word_1_46' title='bbox 1150 788 1399 857; x_wconf 86' lang='lat' dir='ltr'>pecunia</span> <span class='ocrx_word' id='word_1_47' title='bbox 1464 788 1717 859; x_wconf 89' lang='lat' dir='ltr'>perdita,</span> <span class='ocrx_word' id='word_1_48' title='bbox 1767 792 1823 842; x_wconf 88' lang='lat' dir='ltr'>et</span> <span class='ocrx_word' id='word_1_49' title='bbox 1888 788 2127 843; x_wconf 75' lang='lat' dir='ltr'>fratrem</span> 
     </span>
    </p>
   </div>
   <div class='ocr_carea' id='block_1_9' title="bbox 483 875 2128 953">
    <p class='ocr_par' dir='ltr' id='par_1_9' title="bbox 483 875 2128 953">
     <span class='ocr_line' id='line_1_9' title="bbox 483 875 2128 953; baseline 0.001 -23"><span class='ocrx_word' id='word_1_50' title='bbox 483 875 921 940; x_wconf 89' lang='lat' dir='ltr'>charissimum,</span> <span class='ocrx_word' id='word_1_51' title='bbox 946 879 1001 930; x_wconf 88' lang='lat' dir='ltr'>et</span> <span class='ocrx_word' id='word_1_52' title='bbox 1030 876 1264 929; x_wconf 77' lang='lat' dir='ltr'>fratrem</span> <span class='ocrx_word' id='word_1_53' title='bbox 1297 876 1577 947; x_wconf 80' lang='lat' dir='ltr'>reciperet</span> <span class='ocrx_word' id='word_1_54' title='bbox 1606 883 1907 953; x_wconf 68' lang='lat' dir='ltr'>aeternum,</span> <span class='ocrx_word' id='word_1_55' title='bbox 1942 882 1999 932; x_wconf 89' lang='lat' dir='ltr'>et</span> <span class='ocrx_word' id='word_1_56' title='bbox 2028 893 2128 948; x_wconf 91' lang='lat' dir='ltr'>per</span> 
     </span>
    </p>
   </div>
   <div class='ocr_carea' id='block_1_10' title="bbox 482 963 1770 1035">
    <p class='ocr_par' dir='ltr' id='par_1_10' title="bbox 482 963 1770 1035">
     <span class='ocr_line' id='line_1_10' title="bbox 482 963 1770 1035; baseline 0.002 -16"><span class='ocrx_word' id='word_1_57' title='bbox 482 982 614 1019; x_wconf 89' lang='lat' dir='ltr'>eum</span> <span class='ocrx_word' id='word_1_58' title='bbox 652 964 763 1020; x_wconf 86' lang='lat' dir='ltr'>sibi</span> <span class='ocrx_word' id='word_1_59' title='bbox 794 963 1140 1035; x_wconf 89' lang='lat' dir='ltr'>Apostolnm</span> <span class='ocrx_word' id='word_1_60' title='bbox 1174 964 1387 1019; x_wconf 87' lang='lat' dir='ltr'>faceret</span> <span class='ocrx_word' id='word_1_61' title='bbox 1427 966 1770 1021; x_wconf 78' lang='lat' dir='ltr'>debitorem.</span> 
     </span>
    </p>
   </div>
   <div class='ocr_carea' id='block_1_11' title="bbox 555 1053 2126 1125">
    <p class='ocr_par' dir='ltr' id='par_1_11' title="bbox 555 1053 2126 1125">
     <span class='ocr_line' id='line_1_11' title="bbox 555 1053 2126 1125; baseline 0.001 -18"><span class='ocrx_word' id='word_1_62' title='bbox 555 1055 743 1125; x_wconf 91' lang='lat' dir='ltr'>(Vers.</span> <span class='ocrx_word' id='word_1_63' title='bbox 779 1053 889 1124; x_wconf 85' lang='grc'>19.)</span> <span class='ocrx_word' id='word_1_64' title='bbox 924 1075 951 1101; x_wconf 88' lang='grc'>‹‹</span> <span class='ocrx_word' id='word_1_65' title='bbox 986 1053 1099 1124; x_wconf 88' lang='lat' dir='ltr'>Ego</span> <span class='ocrx_word' id='word_1_66' title='bbox 1132 1053 1349 1108; x_wconf 85' lang='lat' dir='ltr'>Paulus</span> <span class='ocrx_word' id='word_1_67' title='bbox 1380 1053 1588 1125; x_wconf 77' lang='lat' dir='ltr'>scripsi</span> <span class='ocrx_word' id='word_1_68' title='bbox 1619 1072 1798 1110; x_wconf 89' lang='lat' dir='ltr'>manu</span> <span class='ocrx_word' id='word_1_69' title='bbox 1831 1071 1980 1111; x_wconf 90' lang='lat' dir='ltr'>mea.</span> <span class='ocrx_word' id='word_1_70' title='bbox 2014 1058 2126 1125; x_wconf 87' lang='lat' dir='ltr'>Ego</span> 
     </span>
    </p>
   </div>
   <div class='ocr_carea' id='block_1_12' title="bbox 483 1141 2126 1214">
    <p class='ocr_par' dir='ltr' id='par_1_12' title="bbox 483 1141 2126 1214">
     <span class='ocr_line' id='line_1_12' title="bbox 483 1141 2126 1214; baseline -0.002 -15"><span class='ocrx_word' id='word_1_71' title='bbox 483 1144 748 1208; x_wconf 82' lang='lat' dir='ltr'>reddam,</span> <span class='ocrx_word' id='word_1_72' title='bbox 782 1147 847 1197; x_wconf 91' lang='lat' dir='ltr'>ut</span> <span class='ocrx_word' id='word_1_73' title='bbox 878 1158 991 1196; x_wconf 90' lang='lat' dir='ltr'>non</span> <span class='ocrx_word' id='word_1_74' title='bbox 1026 1142 1215 1197; x_wconf 89' lang='lat' dir='ltr'>dicam</span> <span class='ocrx_word' id='word_1_75' title='bbox 1245 1142 1374 1209; x_wconf 88' lang='lat' dir='ltr'>tibi,</span> <span class='ocrx_word' id='word_1_76' title='bbox 1408 1143 1547 1214; x_wconf 85' lang='lat' dir='ltr'>quia</span> <span class='ocrx_word' id='word_1_77' title='bbox 1589 1149 1646 1198; x_wconf 89' lang='lat' dir='ltr'>et</span> <span class='ocrx_word' id='word_1_78' title='bbox 1674 1142 1870 1214; x_wconf 89' lang='lat' dir='ltr'>ipsum</span> <span class='ocrx_word' id='word_1_79' title='bbox 1897 1146 1952 1197; x_wconf 88' lang='lat' dir='ltr'>te</span> <span class='ocrx_word' id='word_1_80' title='bbox 1983 1141 2126 1197; x_wconf 90' lang='lat' dir='ltr'>mihi</span> 
     </span>
    </p>
   </div>
   <div class='ocr_carea' id='block_1_13' title="bbox 485 1231 2128 1295">
    <p class='ocr_par' dir='ltr' id='par_1_13' title="bbox 485 1231 2128 1295">
     <span class='ocr_line' id='line_1_13' title="bbox 485 1231 2128 1295; baseline -0.001 -8"><span class='ocrx_word' id='word_1_81' title='bbox 485 1233 682 1287; x_wconf 85' lang='lat' dir='ltr'>debes.</span> <span class='ocrx_word' id='word_1_82' title='bbox 718 1254 745 1280; x_wconf 86' lang='grc'>››</span> <span class='ocrx_word' id='word_1_83' title='bbox 779 1231 939 1294; x_wconf 90' lang='lat' dir='ltr'>Quod</span> <span class='ocrx_word' id='word_1_84' title='bbox 976 1231 1117 1286; x_wconf 83' lang='lat' dir='ltr'>dicit</span> <span class='ocrx_word' id='word_1_85' title='bbox 1146 1231 1259 1286; x_wconf 83' lang='lat' dir='ltr'>tale</span> <span class='ocrx_word' id='word_1_86' title='bbox 1288 1236 1412 1287; x_wconf 87' lang='lat' dir='ltr'>est:</span> <span class='ocrx_word' id='word_1_87' title='bbox 1446 1232 1608 1295; x_wconf 88' lang='lat' dir='ltr'>Quod</span> <span class='ocrx_word' id='word_1_88' title='bbox 1631 1232 1943 1288; x_wconf 82' lang='lat' dir='ltr'>Onesimus</span> <span class='ocrx_word' id='word_1_89' title='bbox 1977 1231 2128 1286; x_wconf 86' lang='lat' dir='ltr'>furto</span> 
     </span>
    </p>
   </div>
   <div class='ocr_carea' id='block_1_14' title="bbox 483 1320 2127 1393">
    <p class='ocr_par' dir='ltr' id='par_1_14' title="bbox 483 1320 2127 1393">
     <span class='ocr_line' id='line_1_14' title="bbox 483 1320 2127 1393; baseline -0.001 -17"><span class='ocrx_word' id='word_1_90' title='bbox 483 1320 696 1393; x_wconf 86' lang='lat' dir='ltr'>rapuit,</span> <span class='ocrx_word' id='word_1_91' title='bbox 730 1335 835 1391; x_wconf 85' lang='lat' dir='ltr'>ego</span> <span class='ocrx_word' id='word_1_92' title='bbox 868 1336 959 1374; x_wconf 90' lang='lat' dir='ltr'>me</span> <span class='ocrx_word' id='word_1_93' title='bbox 988 1321 1245 1392; x_wconf 77' lang='lat' dir='ltr'>Spondeo</span> <span class='ocrx_word' id='word_1_94' title='bbox 1280 1320 1644 1376; x_wconf 87' lang='lat' dir='ltr'>redditurum</span> <span class='ocrx_word' id='word_1_95' title='bbox 1681 1338 1693 1376; x_wconf 90' lang='lat'>:</span> <span class='ocrx_word' id='word_1_96' title='bbox 1751 1322 1922 1391; x_wconf 86' lang='lat' dir='ltr'>cujus</span> <span class='ocrx_word' id='word_1_97' title='bbox 1954 1336 2127 1391; x_wconf 89' lang='lat' dir='ltr'>spon-</span> 
     </span>
    </p>
   </div>
   <div class='ocr_carea' id='block_1_15' title="bbox 483 1408 2125 1481">
    <p class='ocr_par' dir='ltr' id='par_1_15' title="bbox 483 1408 2125 1481">
     <span class='ocr_line' id='line_1_15' title="bbox 483 1408 2125 1481; baseline 0 -17"><span class='ocrx_word' id='word_1_98' title='bbox 483 1409 686 1478; x_wconf 89' lang='lat' dir='ltr'>sionis,</span> <span class='ocrx_word' id='word_1_99' title='bbox 723 1408 976 1478; x_wconf 84' lang='lat' dir='ltr'>Epistola</span> <span class='ocrx_word' id='word_1_100' title='bbox 1021 1409 1142 1463; x_wconf 67' lang='lat' dir='ltr'>haec</span> <span class='ocrx_word' id='word_1_101' title='bbox 1174 1414 1231 1463; x_wconf 89' lang='lat' dir='ltr'>et</span> <span class='ocrx_word' id='word_1_102' title='bbox 1263 1426 1474 1464; x_wconf 91' lang='lat' dir='ltr'>manus</span> <span class='ocrx_word' id='word_1_103' title='bbox 1504 1410 1673 1464; x_wconf 89' lang='lat' dir='ltr'>testis</span> <span class='ocrx_word' id='word_1_104' title='bbox 1714 1414 1802 1464; x_wconf 92' lang='lat' dir='ltr'>est</span> <span class='ocrx_word' id='word_1_105' title='bbox 1846 1409 2081 1481; x_wconf 87' lang='lat' dir='ltr'>propria</span> <span class='ocrx_word' id='word_1_106' title='bbox 2113 1425 2125 1464; x_wconf 91' lang='lat'>:</span> 
     </span>
    </p>
   </div>
   <div class='ocr_carea' id='block_1_16' title="bbox 484 1497 2130 1572">
    <p class='ocr_par' dir='ltr' id='par_1_16' title="bbox 484 1497 2130 1572">
     <span class='ocr_line' id='line_1_16' title="bbox 484 1497 2130 1572; baseline 0 -19"><span class='ocrx_word' id='word_1_107' title='bbox 484 1516 661 1572; x_wconf 85' lang='lat' dir='ltr'>quam</span> <span class='ocrx_word' id='word_1_108' title='bbox 693 1515 807 1553; x_wconf 89' lang='lat' dir='ltr'>non</span> <span class='ocrx_word' id='word_1_109' title='bbox 839 1498 1010 1554; x_wconf 87' lang='lat' dir='ltr'>solito</span> <span class='ocrx_word' id='word_1_110' title='bbox 1041 1515 1199 1553; x_wconf 90' lang='lat' dir='ltr'>more</span> <span class='ocrx_word' id='word_1_111' title='bbox 1230 1499 1464 1569; x_wconf 84' lang='lat' dir='ltr'>dictavi,</span> <span class='ocrx_word' id='word_1_112' title='bbox 1498 1500 1598 1553; x_wconf 92' lang='lat' dir='ltr'>sed</span> <span class='ocrx_word' id='word_1_113' title='bbox 1635 1516 1762 1554; x_wconf 90' lang='lat' dir='ltr'>mea</span> <span class='ocrx_word' id='word_1_114' title='bbox 1793 1516 1970 1553; x_wconf 89' lang='lat' dir='ltr'>manu</span> <span class='ocrx_word' id='word_1_115' title='bbox 2003 1497 2130 1570; x_wconf 87' lang='lat' dir='ltr'>ipse</span> 
     </span>
    </p>
   </div>
   <div class='ocr_carea' id='block_1_17' title="bbox 483 1585 2127 1663">
    <p class='ocr_par' dir='ltr' id='par_1_17' title="bbox 483 1585 2127 1663">
     <span class='ocr_line' id='line_1_17' title="bbox 483 1585 2127 1663; baseline -0.002 -21"><span class='ocrx_word' id='word_1_116' title='bbox 483 1586 825 1658; x_wconf 89' lang='lat' dir='ltr'>conscripsi.</span> <span class='ocrx_word' id='word_1_117' title='bbox 841 1586 1021 1641; x_wconf 85' lang='lat' dir='ltr'>Crede</span> <span class='ocrx_word' id='word_1_118' title='bbox 1040 1586 1217 1658; x_wconf 82' lang='lat' dir='ltr'>igitur</span> <span class='ocrx_word' id='word_1_119' title='bbox 1232 1586 1375 1641; x_wconf 92' lang='lat' dir='ltr'>mihi</span> <span class='ocrx_word' id='word_1_120' title='bbox 1400 1604 1501 1658; x_wconf 91' lang='lat' dir='ltr'>pro</span> <span class='ocrx_word' id='word_1_121' title='bbox 1514 1587 1785 1643; x_wconf 89' lang='lat' dir='ltr'>Onesimo</span> <span class='ocrx_word' id='word_1_122' title='bbox 1809 1585 2127 1663; x_wconf 80' lang='lat' dir='ltr'>pollicenti.</span> 
     </span>
    </p>
   </div>
   <div class='ocr_carea' id='block_1_18' title="bbox 396 1674 2129 1746">
    <p class='ocr_par' dir='ltr' id='par_1_18' title="bbox 396 1674 2129 1746">
     <span class='ocr_line' id='line_1_18' title="bbox 396 1674 2129 1746; baseline -0.001 -16"><span class='ocrx_word' id='word_1_123' title='bbox 396 1729 404 1736; x_wconf 80' lang='grc'>,</span> <span class='ocrx_word' id='word_1_124' title='bbox 484 1676 601 1730; x_wconf 90' lang='lat' dir='ltr'>Hoc</span> <span class='ocrx_word' id='word_1_125' title='bbox 635 1679 829 1729; x_wconf 91' lang='lat' dir='ltr'>autem</span> <span class='ocrx_word' id='word_1_126' title='bbox 861 1674 987 1729; x_wconf 91' lang='lat' dir='ltr'>dico</span> <span class='ocrx_word' id='word_1_127' title='bbox 1019 1674 1187 1744; x_wconf 88' lang='lat' dir='ltr'>quasi</span> <span class='ocrx_word' id='word_1_128' title='bbox 1232 1675 1303 1729; x_wconf 89' lang='lat' dir='ltr'>ad</span> <span class='ocrx_word' id='word_1_129' title='bbox 1337 1678 1676 1730; x_wconf 84' lang='lat' dir='ltr'>extraneum</span> <span class='ocrx_word' id='word_1_130' title='bbox 1710 1675 1978 1746; x_wconf 88' lang='lat' dir='ltr'>loquens.</span> <span class='ocrx_word' id='word_1_131' title='bbox 2011 1675 2129 1730; x_wconf 71' lang='lat' dir='ltr'>Cae-</span> 
     </span>
    </p>
   </div>
   <div class='ocr_carea' id='block_1_19' title="bbox 482 1762 2128 1835">
    <p class='ocr_par' dir='ltr' id='par_1_19' title="bbox 482 1762 2128 1835">
     <span class='ocr_line' id='line_1_19' title="bbox 482 1762 2128 1835; baseline 0 -18"><span class='ocrx_word' id='word_1_132' title='bbox 482 1767 678 1817; x_wconf 83' lang='lat' dir='ltr'>terum</span> <span class='ocrx_word' id='word_1_133' title='bbox 710 1762 759 1817; x_wconf 90' lang='lat' dir='ltr'>si</span> <span class='ocrx_word' id='word_1_134' title='bbox 791 1762 861 1816; x_wconf 91' lang='lat' dir='ltr'>ad</span> <span class='ocrx_word' id='word_1_135' title='bbox 884 1762 988 1832; x_wconf 89' lang='lat' dir='ltr'>jus</span> <span class='ocrx_word' id='word_1_136' title='bbox 1018 1779 1216 1818; x_wconf 90' lang='lat' dir='ltr'>meum</span> <span class='ocrx_word' id='word_1_137' title='bbox 1250 1762 1502 1829; x_wconf 87' lang='lat' dir='ltr'>redeam,</span> <span class='ocrx_word' id='word_1_138' title='bbox 1533 1768 1770 1835; x_wconf 85' lang='lat' dir='ltr'>propter</span> <span class='ocrx_word' id='word_1_139' title='bbox 1800 1779 2128 1818; x_wconf 88' lang='lat' dir='ltr'>sermonem</span> 
     </span>
    </p>
   </div>
   <div class='ocr_carea' id='block_1_20' title="bbox 484 1851 2126 1924">
    <p class='ocr_par' dir='ltr' id='par_1_20' title="bbox 484 1851 2126 1924">
     <span class='ocr_line' id='line_1_20' title="bbox 484 1851 2126 1924; baseline 0.001 -18"><span class='ocrx_word' id='word_1_140' title='bbox 484 1851 721 1921; x_wconf 88' lang='lat' dir='ltr'>Christi,</span> <span class='ocrx_word' id='word_1_141' title='bbox 781 1868 953 1922; x_wconf 87' lang='lat' dir='ltr'>quem</span> <span class='ocrx_word' id='word_1_142' title='bbox 1015 1851 1121 1905; x_wconf 90' lang='lat' dir='ltr'>tibi</span> <span class='ocrx_word' id='word_1_143' title='bbox 1177 1852 1587 1924; x_wconf 87' lang='lat' dir='ltr'>evangelizavi,</span> <span class='ocrx_word' id='word_1_144' title='bbox 1645 1857 1703 1908; x_wconf 91' lang='lat' dir='ltr'>et</span> <span class='ocrx_word' id='word_1_145' title='bbox 1760 1853 2126 1909; x_wconf 87' lang='lat' dir='ltr'>Christianus</span> 
     </span>
    </p>
   </div>
   <div class='ocr_carea' id='block_1_21' title="bbox 485 1940 2127 2011">
    <p class='ocr_par' dir='ltr' id='par_1_21' title="bbox 485 1940 2127 2011">
     <span class='ocr_line' id='line_1_21' title="bbox 485 1940 2127 2011; baseline -0.001 -14"><span class='ocrx_word' id='word_1_146' title='bbox 485 1942 724 1997; x_wconf 74' lang='lat' dir='ltr'>effectus</span> <span class='ocrx_word' id='word_1_147' title='bbox 771 1957 856 2008; x_wconf 90' lang='lat' dir='ltr'>es,</span> <span class='ocrx_word' id='word_1_148' title='bbox 884 1940 1139 2011; x_wconf 89' lang='lat' dir='ltr'>teipsum</span> <span class='ocrx_word' id='word_1_149' title='bbox 1187 1941 1330 1995; x_wconf 86' lang='lat' dir='ltr'>mihi</span> <span class='ocrx_word' id='word_1_150' title='bbox 1359 1941 1555 1996; x_wconf 89' lang='lat' dir='ltr'>debes.</span> <span class='ocrx_word' id='word_1_151' title='bbox 1590 1942 1751 2007; x_wconf 85' lang='lat' dir='ltr'>Quod</span> <span class='ocrx_word' id='word_1_152' title='bbox 1785 1941 1835 1996; x_wconf 89' lang='lat' dir='ltr'>si</span> <span class='ocrx_word' id='word_1_153' title='bbox 1866 1947 1926 1996; x_wconf 89' lang='lat' dir='ltr'>tu</span> <span class='ocrx_word' id='word_1_154' title='bbox 1961 1957 2127 1996; x_wconf 91' lang='lat' dir='ltr'>meus</span> 
     </span>
    </p>
   </div>
   <div class='ocr_carea' id='block_1_22' title="bbox 486 2028 2130 2103">
    <p class='ocr_par' dir='ltr' id='par_1_22' title="bbox 486 2028 2130 2103">
     <span class='ocr_line' id='line_1_22' title="bbox 486 2028 2130 2103; baseline -0.001 -18"><span class='ocrx_word' id='word_1_155' title='bbox 486 2047 569 2099; x_wconf 92' lang='lat' dir='ltr'>es,</span> <span class='ocrx_word' id='word_1_156' title='bbox 593 2035 649 2085; x_wconf 90' lang='lat' dir='ltr'>et</span> <span class='ocrx_word' id='word_1_157' title='bbox 680 2034 780 2085; x_wconf 88' lang='lat' dir='ltr'>tua</span> <span class='ocrx_word' id='word_1_158' title='bbox 810 2028 1004 2085; x_wconf 82' lang='lat' dir='ltr'>omnia</span> <span class='ocrx_word' id='word_1_159' title='bbox 1034 2046 1164 2085; x_wconf 88' lang='lat' dir='ltr'>mea</span> <span class='ocrx_word' id='word_1_160' title='bbox 1194 2036 1334 2084; x_wconf 90' lang='lat' dir='ltr'>sunt</span> <span class='ocrx_word' id='word_1_161' title='bbox 1364 2048 1375 2085; x_wconf 94' lang='lat'>:</span> <span class='ocrx_word' id='word_1_162' title='bbox 1407 2030 1715 2086; x_wconf 88' lang='lat' dir='ltr'>Onesimus</span> <span class='ocrx_word' id='word_1_163' title='bbox 1744 2046 1997 2103; x_wconf 90' lang='lat' dir='ltr'>quoque,</span> <span class='ocrx_word' id='word_1_164' title='bbox 2026 2029 2130 2102; x_wconf 89' lang='lat' dir='ltr'>qui</span> 
     </span>
    </p>
   </div>
   <div class='ocr_carea' id='block_1_23' title="bbox 486 2119 2124 2192">
    <p class='ocr_par' dir='ltr' id='par_1_23' title="bbox 486 2119 2124 2192">
     <span class='ocr_line' id='line_1_23' title="bbox 486 2119 2124 2192; baseline 0.001 -19"><span class='ocrx_word' id='word_1_165' title='bbox 486 2124 626 2175; x_wconf 87' lang='lat' dir='ltr'>tuus</span> <span class='ocrx_word' id='word_1_166' title='bbox 657 2122 765 2184; x_wconf 89' lang='lat' dir='ltr'>est,</span> <span class='ocrx_word' id='word_1_167' title='bbox 797 2134 963 2173; x_wconf 89' lang='lat' dir='ltr'>meus</span> <span class='ocrx_word' id='word_1_168' title='bbox 994 2125 1101 2174; x_wconf 90' lang='lat' dir='ltr'>est.</span> <span class='ocrx_word' id='word_1_169' title='bbox 1140 2123 1403 2175; x_wconf 87' lang='lat' dir='ltr'>Poteram</span> <span class='ocrx_word' id='word_1_170' title='bbox 1436 2120 1616 2192; x_wconf 84' lang='lat' dir='ltr'>igitur</span> <span class='ocrx_word' id='word_1_171' title='bbox 1646 2137 1711 2175; x_wconf 91' lang='lat' dir='ltr'>eo</span> <span class='ocrx_word' id='word_1_172' title='bbox 1744 2119 1827 2174; x_wconf 87' lang='lat' dir='ltr'>uti</span> <span class='ocrx_word' id='word_1_173' title='bbox 1858 2124 1923 2174; x_wconf 91' lang='lat' dir='ltr'>ut</span> <span class='ocrx_word' id='word_1_174' title='bbox 1954 2136 2082 2175; x_wconf 90' lang='lat' dir='ltr'>meo</span> <span class='ocrx_word' id='word_1_175' title='bbox 2111 2136 2124 2185; x_wconf 91' lang='lat'><strong>;</strong></span> 
     </span>
    </p>
   </div>
   <div class='ocr_carea' id='block_1_24' title="bbox 484 2206 2129 2280">
    <p class='ocr_par' dir='ltr' id='par_1_24' title="bbox 484 2206 2129 2280">
     <span class='ocr_line' id='line_1_24' title="bbox 484 2206 2129 2280; baseline 0 -16"><span class='ocrx_word' id='word_1_176' title='bbox 484 2209 586 2264; x_wconf 91' lang='lat' dir='ltr'>sed</span> <span class='ocrx_word' id='word_1_177' title='bbox 618 2206 900 2263; x_wconf 84' lang='lat' dir='ltr'>voluntati</span> <span class='ocrx_word' id='word_1_178' title='bbox 951 2212 1061 2263; x_wconf 77' lang='lat' dir='ltr'>tuae</span> <span class='ocrx_word' id='word_1_179' title='bbox 1108 2207 1395 2280; x_wconf 89' lang='lat' dir='ltr'>relinquo,</span> <span class='ocrx_word' id='word_1_180' title='bbox 1434 2214 1498 2263; x_wconf 88' lang='lat' dir='ltr'>ut</span> <span class='ocrx_word' id='word_1_181' title='bbox 1545 2209 1868 2265; x_wconf 88' lang='lat' dir='ltr'>mercedem</span> <span class='ocrx_word' id='word_1_182' title='bbox 1911 2209 2129 2264; x_wconf 88' lang='lat' dir='ltr'>habeas</span> 
     </span>
    </p>
   </div>
   <div class='ocr_carea' id='block_1_25' title="bbox 485 2297 857 2368">
    <p class='ocr_par' dir='ltr' id='par_1_25' title="bbox 485 2297 857 2368">
     <span class='ocr_line' id='line_1_25' title="bbox 485 2297 857 2368; baseline -0.008 -15"><span class='ocrx_word' id='word_1_183' title='bbox 485 2297 857 2368; x_wconf 84' lang='lat' dir='ltr'>ignoscendo.</span> 
     </span>
    </p>
   </div>
   <div class='ocr_carea' id='block_1_26' title="bbox 557 2385 2120 2458">
    <p class='ocr_par' dir='ltr' id='par_1_26' title="bbox 557 2385 2120 2458">
     <span class='ocr_line' id='line_1_26' title="bbox 557 2385 2120 2458; baseline 0 -19"><span class='ocrx_word' id='word_1_184' title='bbox 557 2385 744 2458; x_wconf 92' lang='lat' dir='ltr'>(Vers.</span> <span class='ocrx_word' id='word_1_185' title='bbox 766 2385 881 2457; x_wconf 86' lang='lat'>20.)</span> <span class='ocrx_word' id='word_1_186' title='bbox 919 2408 937 2433; x_wconf 79' lang='grc' dir='ltr'>α</span> <span class='ocrx_word' id='word_1_187' title='bbox 966 2386 1074 2453; x_wconf 89' lang='lat' dir='ltr'>Ita,</span> <span class='ocrx_word' id='word_1_188' title='bbox 1098 2385 1296 2457; x_wconf 82' lang='lat' dir='ltr'>frater,</span> <span class='ocrx_word' id='word_1_189' title='bbox 1319 2402 1423 2458; x_wconf 88' lang='lat' dir='ltr'>ego</span> <span class='ocrx_word' id='word_1_190' title='bbox 1456 2391 1509 2441; x_wconf 89' lang='lat' dir='ltr'>te</span> <span class='ocrx_word' id='word_1_191' title='bbox 1541 2388 1701 2442; x_wconf 86' lang='lat' dir='ltr'>fruar</span> <span class='ocrx_word' id='word_1_192' title='bbox 1730 2387 1789 2441; x_wconf 90' lang='lat' dir='ltr'>in</span> <span class='ocrx_word' id='word_1_193' title='bbox 1812 2388 2073 2442; x_wconf 91' lang='lat' dir='ltr'>Domino.</span> <span class='ocrx_word' id='word_1_194' title='bbox 2095 2406 2120 2439; x_wconf 70' lang='grc' dir='ltr'><strong>υ</strong></span> 
     </span>
    </p>
   </div>
   <div class='ocr_carea' id='block_1_27' title="bbox 483 2474 2129 2548">
    <p class='ocr_par' dir='ltr' id='par_1_27' title="bbox 483 2474 2129 2548">
     <span class='ocr_line' id='line_1_27' title="bbox 483 2474 2129 2548; baseline 0 -18"><span class='ocrx_word' id='word_1_195' title='bbox 483 2474 903 2548; x_wconf 89' lang='lat' dir='ltr'>Proprietatem</span> <span class='ocrx_word' id='word_1_196' title='bbox 937 2474 1191 2529; x_wconf 85' lang='lat' dir='ltr'>Graecam</span> <span class='ocrx_word' id='word_1_197' title='bbox 1224 2475 1464 2530; x_wconf 88' lang='lat' dir='ltr'>Latinus</span> <span class='ocrx_word' id='word_1_198' title='bbox 1495 2492 1686 2532; x_wconf 89' lang='lat' dir='ltr'>sermo</span> <span class='ocrx_word' id='word_1_199' title='bbox 1732 2494 1845 2531; x_wconf 89' lang='lat' dir='ltr'>non</span> <span class='ocrx_word' id='word_1_200' title='bbox 1881 2480 1895 2512; x_wconf 74' lang='grc' dir='ltr'><strong><em>ι</em></strong></span> <span class='ocrx_word' id='word_1_201' title='bbox 1948 2474 2129 2548; x_wconf 84' lang='lat' dir='ltr'>expli-</span> 
     </span>
    </p>
   </div>
   <div class='ocr_carea' id='block_1_28' title="bbox 484 2559 2129 2639">
    <p class='ocr_par' dir='ltr' id='par_1_28' title="bbox 484 2559 2129 2639">
     <span class='ocr_line' id='line_1_28' title="bbox 484 2559 2129 2639; baseline 0.001 -19"><span class='ocrx_word' id='word_1_202' title='bbox 484 2568 597 2620; x_wconf 89' lang='lat' dir='ltr'>cat.</span> <span class='ocrx_word' id='word_1_203' title='bbox 649 2564 810 2627; x_wconf 88' lang='lat' dir='ltr'>Quod</span> <span class='ocrx_word' id='word_1_204' title='bbox 864 2562 1019 2617; x_wconf 92' lang='lat' dir='ltr'>enim</span> <span class='ocrx_word' id='word_1_205' title='bbox 1072 2563 1172 2634; x_wconf 86' lang='lat' dir='ltr'>ait,</span> <span class='ocrx_word' id='word_1_206' title='bbox 1224 2562 1331 2631; x_wconf 80' lang='grc' dir='ltr'>ναὶ,</span> <span class='ocrx_word' id='word_1_207' title='bbox 1387 2559 1584 2639; x_wconf 68' lang='grc' dir='ltr'>ἀδελφέ</span> <span class='ocrx_word' id='word_1_208' title='bbox 1631 2582 1643 2618; x_wconf 93' lang='lat'>:</span> <span class='ocrx_word' id='word_1_209' title='bbox 1694 2563 1776 2617; x_wconf 78' lang='grc' dir='ltr'>ναὶ</span> <span class='ocrx_word' id='word_1_210' title='bbox 1833 2566 2129 2636; x_wconf 89' lang='lat' dir='ltr'>quoddam</span> 
     </span>
    </p>
   </div>
   <div class='ocr_carea' id='block_1_29' title="bbox 486 2651 2128 2725">
    <p class='ocr_par' dir='ltr' id='par_1_29' title="bbox 486 2651 2128 2725">
     <span class='ocr_line' id='line_1_29' title="bbox 486 2651 2128 2725; baseline 0.001 -17"><span class='ocrx_word' id='word_1_211' title='bbox 486 2651 656 2725; x_wconf 74' lang='lat' dir='ltr'>quasi</span> <span class='ocrx_word' id='word_1_212' title='bbox 685 2652 1021 2707; x_wconf 89' lang='lat' dir='ltr'>adverbium</span> <span class='ocrx_word' id='word_1_213' title='bbox 1058 2651 1414 2708; x_wconf 83' lang='lat' dir='ltr'>blandientis</span> <span class='ocrx_word' id='word_1_214' title='bbox 1442 2658 1549 2708; x_wconf 91' lang='lat' dir='ltr'>est.</span> <span class='ocrx_word' id='word_1_215' title='bbox 1581 2653 1695 2709; x_wconf 90' lang='lat' dir='ltr'>Nos</span> <span class='ocrx_word' id='word_1_216' title='bbox 1727 2659 1922 2709; x_wconf 90' lang='lat' dir='ltr'>autem</span> <span class='ocrx_word' id='word_1_217' title='bbox 1953 2654 2128 2710; x_wconf 86' lang='lat' dir='ltr'>inter-</span> 
     </span>
    </p>
   </div>
   <div class='ocr_carea' id='block_1_30' title="bbox 485 2742 2130 2815">
    <p class='ocr_par' dir='ltr' id='par_1_30' title="bbox 485 2742 2130 2815">
     <span class='ocr_line' id='line_1_30' title="bbox 485 2742 2130 2815; baseline 0.001 -18"><span class='ocrx_word' id='word_1_218' title='bbox 485 2747 802 2815; x_wconf 89' lang='lat' dir='ltr'>pretantes,</span> <span class='ocrx_word' id='word_1_219' title='bbox 837 2743 937 2814; x_wconf 82' lang='lat' dir='ltr'>ita,</span> <span class='ocrx_word' id='word_1_220' title='bbox 980 2744 1174 2813; x_wconf 83' lang='lat' dir='ltr'>frater,</span> <span class='ocrx_word' id='word_1_221' title='bbox 1217 2742 1492 2812; x_wconf 91' lang='lat' dir='ltr'>aquatius</span> <span class='ocrx_word' id='word_1_222' title='bbox 1540 2746 1596 2798; x_wconf 90' lang='lat' dir='ltr'>et</span> <span class='ocrx_word' id='word_1_223' title='bbox 1642 2742 1886 2798; x_wconf 84' lang='lat' dir='ltr'>dilutius</span> <span class='ocrx_word' id='word_1_224' title='bbox 1937 2743 2130 2800; x_wconf 88' lang='lat' dir='ltr'>nescio</span> 
     </span>
    </p>
   </div>
   <div class='ocr_carea' id='block_1_31' title="bbox 489 2829 2128 2905">
    <p class='ocr_par' dir='ltr' id='par_1_31' title="bbox 489 2829 2128 2905">
     <span class='ocr_line' id='line_1_31' title="bbox 489 2829 2128 2905; baseline 0.001 -19"><span class='ocrx_word' id='word_1_225' title='bbox 489 2830 631 2904; x_wconf 90' lang='lat' dir='ltr'>quid</span> <span class='ocrx_word' id='word_1_226' title='bbox 680 2829 869 2902; x_wconf 87' lang='lat' dir='ltr'>magis</span> <span class='ocrx_word' id='word_1_227' title='bbox 918 2831 1078 2886; x_wconf 91' lang='lat' dir='ltr'>aliud</span> <span class='ocrx_word' id='word_1_228' title='bbox 1133 2847 1311 2902; x_wconf 88' lang='lat' dir='ltr'>quam</span> <span class='ocrx_word' id='word_1_229' title='bbox 1360 2830 1419 2885; x_wconf 92' lang='lat' dir='ltr'>id</span> <span class='ocrx_word' id='word_1_230' title='bbox 1469 2832 1622 2902; x_wconf 88' lang='lat' dir='ltr'>quod</span> <span class='ocrx_word' id='word_1_231' title='bbox 1676 2837 1766 2887; x_wconf 89' lang='lat' dir='ltr'>est</span> <span class='ocrx_word' id='word_1_232' title='bbox 1820 2831 2128 2905; x_wconf 85' lang='lat' dir='ltr'>scriptum,</span> 
     </span>
    </p>
   </div>
   <div class='ocr_carea' id='block_1_32' title="bbox 489 2907 2130 2991">
    <p class='ocr_par' dir='ltr' id='par_1_32' title="bbox 489 2907 2130 2991">
     <span class='ocr_line' id='line_1_32' title="bbox 489 2907 2130 2991; baseline 0.001 -15"><span class='ocrx_word' id='word_1_233' title='bbox 489 2937 792 2976; x_wconf 90' lang='lat' dir='ltr'>sonamus.</span> <span class='ocrx_word' id='word_1_234' title='bbox 826 2907 988 2975; x_wconf 86' lang='lat' dir='ltr'>Sicut</span> <span class='ocrx_word' id='word_1_235' title='bbox 1017 2920 1171 2975; x_wconf 90' lang='lat' dir='ltr'>enim</span> <span class='ocrx_word' id='word_1_236' title='bbox 1203 2934 1356 2975; x_wconf 82' lang='lat' dir='ltr'><strong>ANNA</strong></span> <span class='ocrx_word' id='word_1_237' title='bbox 1386 2920 1544 2991; x_wconf 60' lang='lat' dir='ltr'>(tua)</span> <span class='ocrx_word' id='word_1_238' title='bbox 1585 2919 1726 2975; x_wconf 90' lang='lat' dir='ltr'>illud</span> <span class='ocrx_word' id='word_1_239' title='bbox 1758 2922 2130 2990; x_wconf 82' lang='lat' dir='ltr'>Hebraicum,</span> 
     </span>
    </p>
   </div>
   <div class='ocr_carea' id='block_1_33' title="bbox 489 3009 2134 3082">
    <p class='ocr_par' dir='ltr' id='par_1_33' title="bbox 489 3009 2134 3082">
     <span class='ocr_line' id='line_1_33' title="bbox 489 3009 2134 3082; baseline 0.001 -17"><span class='ocrx_word' id='word_1_240' title='bbox 489 3026 595 3082; x_wconf 90' lang='lat' dir='ltr'>pro</span> <span class='ocrx_word' id='word_1_241' title='bbox 644 3026 758 3080; x_wconf 88' lang='lat' dir='ltr'>quo</span> <span class='ocrx_word' id='word_1_242' title='bbox 814 3010 1145 3079; x_wconf 84' lang='lat' dir='ltr'>frequenter</span> <span class='ocrx_word' id='word_1_243' title='bbox 1179 3009 1328 3063; x_wconf 76' lang='lat'><strong>760</strong></span> <span class='ocrx_word' id='word_1_244' title='bbox 1359 3009 1743 3081; x_wconf 86' lang='lat' dir='ltr'>Septuaginta</span> <span class='ocrx_word' id='word_1_245' title='bbox 1789 3010 2134 3082; x_wconf 86' lang='lat' dir='ltr'>interpretes</span> 
     </span>
    </p>
   </div>
   <div class='ocr_carea' id='block_1_34' title="bbox 494 3092 2131 3172">
    <p class='ocr_par' dir='ltr' id='par_1_34' title="bbox 494 3092 2131 3172">
     <span class='ocr_line' id='line_1_34' title="bbox 494 3092 2131 3172; baseline 0.004 -21"><span class='ocrx_word' id='word_1_246' title='bbox 494 3099 539 3151; x_wconf 78' lang='grc' dir='ltr'>ὦ</span> <span class='ocrx_word' id='word_1_247' title='bbox 572 3092 637 3165; x_wconf 72' lang='grc' dir='ltr'>δὴ</span> <span class='ocrx_word' id='word_1_248' title='bbox 670 3096 1120 3167; x_wconf 88' lang='lat' dir='ltr'>transtulerunt,</span> <span class='ocrx_word' id='word_1_249' title='bbox 1154 3098 1213 3152; x_wconf 90' lang='lat' dir='ltr'>in</span> <span class='ocrx_word' id='word_1_250' title='bbox 1243 3097 1445 3169; x_wconf 86' lang='lat' dir='ltr'>lingua</span> <span class='ocrx_word' id='word_1_251' title='bbox 1473 3115 1582 3153; x_wconf 86' lang='lat' dir='ltr'>sua</span> <span class='ocrx_word' id='word_1_252' title='bbox 1608 3098 1901 3170; x_wconf 86' lang='lat' dir='ltr'>signiﬁcat</span> <span class='ocrx_word' id='word_1_253' title='bbox 1930 3100 2131 3172; x_wconf 89' lang='lat' dir='ltr'>depre-</span> 
     </span>
    </p>
   </div>
   <div class='ocr_carea' id='block_1_35' title="bbox 493 3171 2209 3259">
    <p class='ocr_par' dir='ltr' id='par_1_35' title="bbox 493 3171 2209 3259">
     <span class='ocr_line' id='line_1_35' title="bbox 493 3171 2209 3259; baseline -0.005 -12"><span class='ocrx_word' id='word_1_254' title='bbox 493 3189 682 3247; x_wconf 90' lang='lat' dir='ltr'>cantis</span> <span class='ocrx_word' id='word_1_255' title='bbox 730 3189 999 3245; x_wconf 81' lang='lat' dir='ltr'>affectum</span> <span class='ocrx_word' id='word_1_256' title='bbox 1034 3205 1045 3242; x_wconf 90' lang='lat'>:</span> <span class='ocrx_word' id='word_1_257' title='bbox 1102 3190 1253 3243; x_wconf 91' lang='lat' dir='ltr'>unde</span> <span class='ocrx_word' id='word_1_258' title='bbox 1292 3204 1718 3259; x_wconf 89' lang='lat' dir='ltr'>nonnunquam</span> <span class='ocrx_word' id='word_1_259' title='bbox 1749 3171 2135 3257; x_wconf 81' lang='lat' dir='ltr'>Symmachus</span> <span class='ocrx_word' id='word_1_260' title='bbox 2166 3171 2209 3239; x_wconf 88' lang='lat' dir='ltr'>C</span> 
     </span>
    </p>
   </div>
   <div class='ocr_carea' id='block_1_36' title="bbox 493 3273 2139 3354">
    <p class='ocr_par' dir='ltr' id='par_1_36' title="bbox 493 3273 2139 3354">
     <span class='ocr_line' id='line_1_36' title="bbox 493 3273 2139 3354; baseline -0.002 -18"><span class='ocrx_word' id='word_1_261' title='bbox 493 3296 599 3354; x_wconf 93' lang='lat' dir='ltr'>pro</span> <span class='ocrx_word' id='word_1_262' title='bbox 645 3296 818 3346; x_wconf 78' lang='lat' dir='ltr'><strong>ANNA,</strong></span> <span class='ocrx_word' id='word_1_263' title='bbox 865 3273 1080 3348; x_wconf 68' lang='grc' dir='ltr'>δέομαι,</span> <span class='ocrx_word' id='word_1_264' title='bbox 1112 3276 1221 3331; x_wconf 90' lang='lat' dir='ltr'>hoc</span> <span class='ocrx_word' id='word_1_265' title='bbox 1252 3279 1358 3346; x_wconf 87' lang='lat' dir='ltr'>est,</span> <span class='ocrx_word' id='word_1_266' title='bbox 1392 3276 1623 3342; x_wconf 81' lang='lat' dir='ltr'>obsecro,</span> <span class='ocrx_word' id='word_1_267' title='bbox 1656 3276 1959 3332; x_wconf 87' lang='lat' dir='ltr'>transtulit</span> <span class='ocrx_word' id='word_1_268' title='bbox 1990 3295 2003 3333; x_wconf 93' lang='lat'>:</span> <span class='ocrx_word' id='word_1_269' title='bbox 2054 3278 2139 3333; x_wconf 90' lang='lat' dir='ltr'>ita</span> 
     </span>
    </p>
   </div>
   <div class='ocr_carea' id='block_1_37' title="bbox 489 3364 2135 3438">
    <p class='ocr_par' dir='ltr' id='par_1_37' title="bbox 489 3364 2135 3438">
     <span class='ocr_line' id='line_1_37' title="bbox 489 3364 2135 3438; baseline -0.002 -12"><span class='ocrx_word' id='word_1_270' title='bbox 489 3375 548 3427; x_wconf 89' lang='lat' dir='ltr'>et</span> <span class='ocrx_word' id='word_1_271' title='bbox 576 3387 683 3426; x_wconf 90' lang='lat' dir='ltr'>nos</span> <span class='ocrx_word' id='word_1_272' title='bbox 704 3369 969 3425; x_wconf 89' lang='lat' dir='ltr'>eamdem</span> <span class='ocrx_word' id='word_1_273' title='bbox 992 3367 1050 3421; x_wconf 90' lang='lat' dir='ltr'>in</span> <span class='ocrx_word' id='word_1_274' title='bbox 1073 3366 1268 3421; x_wconf 67' lang='lat' dir='ltr'>Graeca</span> <span class='ocrx_word' id='word_1_275' title='bbox 1288 3364 1490 3436; x_wconf 88' lang='lat' dir='ltr'>lingua</span> <span class='ocrx_word' id='word_1_276' title='bbox 1511 3364 1625 3420; x_wconf 91' lang='lat' dir='ltr'>vim</span> <span class='ocrx_word' id='word_1_277' title='bbox 1654 3366 1934 3436; x_wconf 90' lang='lat' dir='ltr'>patimur,</span> <span class='ocrx_word' id='word_1_278' title='bbox 1959 3384 2135 3438; x_wconf 89' lang='lat' dir='ltr'>quam</span> 
     </span>
    </p>
   </div>
   <div class='ocr_carea' id='block_1_38' title="bbox 488 3454 2136 3525">
    <p class='ocr_par' dir='ltr' id='par_1_38' title="bbox 488 3454 2136 3525">
     <span class='ocr_line' id='line_1_38' title="bbox 488 3454 2136 3525; baseline 0 -12"><span class='ocrx_word' id='word_1_279' title='bbox 488 3458 670 3513; x_wconf 66' lang='lat' dir='ltr'>Graeci</span> <span class='ocrx_word' id='word_1_280' title='bbox 701 3456 996 3513; x_wconf 88' lang='lat' dir='ltr'>sustinent</span> <span class='ocrx_word' id='word_1_281' title='bbox 1027 3455 1083 3509; x_wconf 91' lang='lat' dir='ltr'>in</span> <span class='ocrx_word' id='word_1_282' title='bbox 1108 3454 1365 3509; x_wconf 65' lang='lat' dir='ltr'>Hebrma.</span> <span class='ocrx_word' id='word_1_283' title='bbox 1390 3455 1552 3521; x_wconf 81' lang='lat' dir='ltr'>Quod</span> <span class='ocrx_word' id='word_1_284' title='bbox 1578 3457 1772 3509; x_wconf 88' lang='lat' dir='ltr'>autem</span> <span class='ocrx_word' id='word_1_285' title='bbox 1801 3455 1883 3510; x_wconf 87' lang='lat' dir='ltr'>ait</span> <span class='ocrx_word' id='word_1_286' title='bbox 1911 3474 1923 3511; x_wconf 90' lang='lat'>:</span> <span class='ocrx_word' id='word_1_287' title='bbox 1954 3457 2063 3525; x_wconf 87' lang='lat' dir='ltr'>Ego</span> <span class='ocrx_word' id='word_1_288' title='bbox 2088 3464 2136 3513; x_wconf 81' lang='lat' dir='ltr'>te</span> 
     </span>
    </p>
   </div>
   <div class='ocr_carea' id='block_1_39' title="bbox 484 3541 2134 3618">
    <p class='ocr_par' dir='ltr' id='par_1_39' title="bbox 484 3541 2134 3618">
     <span class='ocr_line' id='line_1_39' title="bbox 484 3541 2134 3618; baseline 0 -17"><span class='ocrx_word' id='word_1_289' title='bbox 484 3549 653 3617; x_wconf 78' lang='lat' dir='ltr'>fruar</span> <span class='ocrx_word' id='word_1_290' title='bbox 679 3548 739 3600; x_wconf 82' lang='lat' dir='ltr'>in</span> <span class='ocrx_word' id='word_1_291' title='bbox 766 3546 1013 3614; x_wconf 82' lang='lat' dir='ltr'>Domino,</span> <span class='ocrx_word' id='word_1_292' title='bbox 1046 3541 1203 3598; x_wconf 89' lang='lat' dir='ltr'>aliud</span> <span class='ocrx_word' id='word_1_293' title='bbox 1239 3543 1422 3598; x_wconf 90' lang='lat' dir='ltr'>multo</span> <span class='ocrx_word' id='word_1_294' title='bbox 1454 3542 1802 3615; x_wconf 86' lang='lat' dir='ltr'>intelligitur</span> <span class='ocrx_word' id='word_1_295' title='bbox 1826 3561 2000 3615; x_wconf 88' lang='lat' dir='ltr'>quam</span> <span class='ocrx_word' id='word_1_296' title='bbox 2032 3563 2134 3618; x_wconf 90' lang='lat' dir='ltr'>pu-</span> 
     </span>
    </p>
   </div>
   <div class='ocr_carea' id='block_1_40' title="bbox 482 3631 2131 3705">
    <p class='ocr_par' dir='ltr' id='par_1_40' title="bbox 482 3631 2131 3705">
     <span class='ocr_line' id='line_1_40' title="bbox 482 3631 2131 3705; baseline 0.001 -16"><span class='ocrx_word' id='word_1_297' title='bbox 482 3638 663 3690; x_wconf 85' lang='lat' dir='ltr'>tatur.</span> <span class='ocrx_word' id='word_1_298' title='bbox 695 3632 1009 3705; x_wconf 87' lang='lat' dir='ltr'>Apostolus</span> <span class='ocrx_word' id='word_1_299' title='bbox 1058 3649 1172 3687; x_wconf 88' lang='lat' dir='ltr'>non</span> <span class='ocrx_word' id='word_1_300' title='bbox 1206 3632 1419 3686; x_wconf 84' lang='lat' dir='ltr'>fruitur</span> <span class='ocrx_word' id='word_1_301' title='bbox 1448 3631 1560 3686; x_wconf 89' lang='lat' dir='ltr'>nisi</span> <span class='ocrx_word' id='word_1_302' title='bbox 1594 3648 1659 3687; x_wconf 92' lang='lat' dir='ltr'>eo</span> <span class='ocrx_word' id='word_1_303' title='bbox 1692 3632 1790 3703; x_wconf 92' lang='lat' dir='ltr'>qui</span> <span class='ocrx_word' id='word_1_304' title='bbox 1824 3633 2041 3690; x_wconf 89' lang='lat' dir='ltr'>multas</span> <span class='ocrx_word' id='word_1_305' title='bbox 2070 3635 2131 3691; x_wconf 91' lang='lat' dir='ltr'>in</span> 
     </span>
    </p>
   </div>
   <div class='ocr_carea' id='block_1_41' title="bbox 482 3720 2129 3795">
    <p class='ocr_par' dir='ltr' id='par_1_41' title="bbox 482 3720 2129 3795">
     <span class='ocr_line' id='line_1_41' title="bbox 482 3720 2129 3795; baseline 0.001 -16"><span class='ocrx_word' id='word_1_306' title='bbox 482 3738 547 3780; x_wconf 86' lang='lat' dir='ltr'>se</span> <span class='ocrx_word' id='word_1_307' title='bbox 594 3722 770 3778; x_wconf 82' lang='lat' dir='ltr'>habet</span> <span class='ocrx_word' id='word_1_308' title='bbox 816 3720 1305 3790; x_wconf 87' lang='lat' dir='ltr'>concinentesque</span> <span class='ocrx_word' id='word_1_309' title='bbox 1352 3721 1621 3786; x_wconf 86' lang='lat' dir='ltr'>virtutes,</span> <span class='ocrx_word' id='word_1_310' title='bbox 1653 3727 1709 3776; x_wconf 92' lang='lat' dir='ltr'>et</span> <span class='ocrx_word' id='word_1_311' title='bbox 1738 3726 1925 3777; x_wconf 88' lang='lat' dir='ltr'>totum</span> <span class='ocrx_word' id='word_1_312' title='bbox 1973 3725 2129 3795; x_wconf 91' lang='lat' dir='ltr'>quod</span> 
     </span>
    </p>
   </div>
   <div class='ocr_carea' id='block_1_42' title="bbox 482 3808 2131 3884">
    <p class='ocr_par' dir='ltr' id='par_1_42' title="bbox 482 3808 2131 3884">
     <span class='ocr_line' id='line_1_42' title="bbox 482 3808 2131 3884; baseline 0.001 -17"><span class='ocrx_word' id='word_1_313' title='bbox 482 3810 752 3867; x_wconf 88' lang='lat' dir='ltr'>Christus</span> <span class='ocrx_word' id='word_1_314' title='bbox 782 3808 1044 3865; x_wconf 77' lang='lat' dir='ltr'>dicitur&quot;</span> <span class='ocrx_word' id='word_1_315' title='bbox 1073 3826 1176 3880; x_wconf 91' lang='lat' dir='ltr'>pro</span> <span class='ocrx_word' id='word_1_316' title='bbox 1207 3808 1483 3864; x_wconf 88' lang='lat' dir='ltr'>varietate</span> <span class='ocrx_word' id='word_1_317' title='bbox 1513 3826 1824 3865; x_wconf 87' lang='lat' dir='ltr'>causarum</span> <span class='ocrx_word' id='word_1_318' title='bbox 1861 3829 1874 3867; x_wconf 91' lang='lat'>:</span> <span class='ocrx_word' id='word_1_319' title='bbox 1908 3813 2131 3884; x_wconf 89' lang='lat' dir='ltr'>sapien-</span> 
     </span>
    </p>
   </div>
   <div class='ocr_carea' id='block_1_43' title="bbox 480 3897 2132 3968">
    <p class='ocr_par' dir='ltr' id='par_1_43' title="bbox 480 3897 2132 3968">
     <span class='ocr_line' id='line_1_43' title="bbox 480 3897 2132 3968; baseline 0.001 -12"><span class='ocrx_word' id='word_1_320' title='bbox 480 3900 625 3957; x_wconf 89' lang='lat' dir='ltr'>tiam</span> <span class='ocrx_word' id='word_1_321' title='bbox 656 3898 940 3966; x_wconf 89' lang='lat' dir='ltr'>videlicet,</span> <span class='ocrx_word' id='word_1_322' title='bbox 965 3897 1286 3968; x_wconf 85' lang='lat' dir='ltr'>justitiam,</span> <span class='ocrx_word' id='word_1_323' title='bbox 1320 3897 1760 3967; x_wconf 85' lang='lat' dir='ltr'>continentiam,</span> <span class='ocrx_word' id='word_1_324' title='bbox 1796 3906 2132 3957; x_wconf 90' lang='lat' dir='ltr'>mansuetu-</span> 
     </span>
    </p>
   </div>
   <div class='ocr_carea' id='block_1_44' title="bbox 480 3985 2132 4060">
    <p class='ocr_par' dir='ltr' id='par_1_44' title="bbox 480 3985 2132 4060">
     <span class='ocr_line' id='line_1_44' title="bbox 480 3985 2132 4060; baseline 0.001 -14"><span class='ocrx_word' id='word_1_325' title='bbox 480 3989 699 4060; x_wconf 91' lang='lat' dir='ltr'>dinem,</span> <span class='ocrx_word' id='word_1_326' title='bbox 732 3987 1204 4060; x_wconf 85' lang='lat' dir='ltr'>temperantiam,</span> <span class='ocrx_word' id='word_1_327' title='bbox 1232 3985 1561 4041; x_wconf 88' lang='lat' dir='ltr'>castitatem</span> <span class='ocrx_word' id='word_1_328' title='bbox 1588 4002 1600 4041; x_wconf 93' lang='lat'>:</span> <span class='ocrx_word' id='word_1_329' title='bbox 1635 3988 1741 4043; x_wconf 90' lang='lat' dir='ltr'>has</span> <span class='ocrx_word' id='word_1_330' title='bbox 1775 3989 2132 4060; x_wconf 83' lang='lat' dir='ltr'>imprecetur</span> 
     </span>
    </p>
   </div>
   <div class='ocr_carea' id='block_1_45' title="bbox 478 4075 2128 4150">
    <p class='ocr_par' dir='ltr' id='par_1_45' title="bbox 478 4075 2128 4150">
     <span class='ocr_line' id='line_1_45' title="bbox 478 4075 2128 4150; baseline -0.001 -15"><span class='ocrx_word' id='word_1_331' title='bbox 478 4080 808 4136; x_wconf 89' lang='lat' dir='ltr'>Philemoni</span> <span class='ocrx_word' id='word_1_332' title='bbox 848 4096 860 4134; x_wconf 93' lang='lat'>:</span> <span class='ocrx_word' id='word_1_333' title='bbox 912 4082 977 4133; x_wconf 90' lang='lat' dir='ltr'>ut</span> <span class='ocrx_word' id='word_1_334' title='bbox 1022 4093 1155 4131; x_wconf 92' lang='lat' dir='ltr'>cum</span> <span class='ocrx_word' id='word_1_335' title='bbox 1188 4076 1279 4131; x_wconf 90' lang='lat' dir='ltr'>his</span> <span class='ocrx_word' id='word_1_336' title='bbox 1310 4075 1713 4145; x_wconf 88' lang='lat' dir='ltr'>abundaverit,</span> <span class='ocrx_word' id='word_1_337' title='bbox 1743 4076 1868 4149; x_wconf 92' lang='lat' dir='ltr'>ipse</span> <span class='ocrx_word' id='word_1_338' title='bbox 1898 4094 1964 4133; x_wconf 93' lang='lat' dir='ltr'>eo</span> <span class='ocrx_word' id='word_1_339' title='bbox 1998 4096 2128 4150; x_wconf 91' lang='lat' dir='ltr'>per-</span> 
     </span>
    </p>
   </div>
   <div class='ocr_carea' id='block_1_46' title="bbox 479 4163 2124 4240">
    <p class='ocr_par' dir='ltr' id='par_1_46' title="bbox 479 4163 2124 4240">
     <span class='ocr_line' id='line_1_46' title="bbox 479 4163 2124 4240; baseline -0.001 -17"><span class='ocrx_word' id='word_1_340' title='bbox 479 4169 684 4225; x_wconf 88' lang='lat' dir='ltr'>fruens</span> <span class='ocrx_word' id='word_1_341' title='bbox 705 4167 1037 4240; x_wconf 85' lang='lat' dir='ltr'>impleatur.</span> <span class='ocrx_word' id='word_1_342' title='bbox 1063 4166 1131 4220; x_wconf 86' lang='lat' dir='ltr'>Et</span> <span class='ocrx_word' id='word_1_343' title='bbox 1152 4181 1223 4219; x_wconf 89' lang='lat' dir='ltr'>ne</span> <span class='ocrx_word' id='word_1_344' title='bbox 1248 4169 1415 4237; x_wconf 90' lang='lat' dir='ltr'>putes</span> <span class='ocrx_word' id='word_1_345' title='bbox 1439 4163 1598 4219; x_wconf 89' lang='lat' dir='ltr'>illam</span> <span class='ocrx_word' id='word_1_346' title='bbox 1630 4165 1966 4221; x_wconf 87' lang='lat' dir='ltr'>fruitionem</span> <span class='ocrx_word' id='word_1_347' title='bbox 1990 4167 2124 4240; x_wconf 91' lang='lat' dir='ltr'>dici,</span> 
     </span>
    </p>
   </div>
   <div class='ocr_carea' id='block_1_47' title="bbox 479 4253 2124 4328">
    <p class='ocr_par' dir='ltr' id='par_1_47' title="bbox 479 4253 2124 4328">
     <span class='ocr_line' id='line_1_47' title="bbox 479 4253 2124 4328; baseline 0 -16"><span class='ocrx_word' id='word_1_348' title='bbox 479 4273 596 4328; x_wconf 89' lang='lat' dir='ltr'>qua</span> <span class='ocrx_word' id='word_1_349' title='bbox 642 4274 749 4312; x_wconf 91' lang='lat' dir='ltr'>nos</span> <span class='ocrx_word' id='word_1_350' title='bbox 798 4272 950 4327; x_wconf 69' lang='lat' dir='ltr'>saepe</span> <span class='ocrx_word' id='word_1_351' title='bbox 996 4253 1175 4310; x_wconf 89' lang='lat' dir='ltr'>nostri</span> <span class='ocrx_word' id='word_1_352' title='bbox 1220 4253 1369 4309; x_wconf 88' lang='lat' dir='ltr'>inter</span> <span class='ocrx_word' id='word_1_353' title='bbox 1398 4270 1504 4309; x_wconf 90' lang='lat' dir='ltr'>nos</span> <span class='ocrx_word' id='word_1_354' title='bbox 1536 4255 1846 4325; x_wconf 77' lang='lat' dir='ltr'>praesentia</span> <span class='ocrx_word' id='word_1_355' title='bbox 1876 4253 2124 4312; x_wconf 90' lang='lat' dir='ltr'>delecta-</span> 
     </span>
    </p>
   </div>
   <div class='ocr_carea' id='block_1_48' title="bbox 477 4344 2126 4415">
    <p class='ocr_par' dir='ltr' id='par_1_48' title="bbox 477 4344 2126 4415">
     <span class='ocr_line' id='line_1_48' title="bbox 477 4344 2126 4415; baseline 0 -15"><span class='ocrx_word' id='word_1_356' title='bbox 477 4361 632 4411; x_wconf 88' lang='lat' dir='ltr'>mur,</span> <span class='ocrx_word' id='word_1_357' title='bbox 666 4345 909 4411; x_wconf 85' lang='lat' dir='ltr'>addidit,</span> <span class='ocrx_word' id='word_1_358' title='bbox 944 4346 1005 4398; x_wconf 80' lang='lat' dir='ltr'>in</span> <span class='ocrx_word' id='word_1_359' title='bbox 1032 4345 1264 4399; x_wconf 76' lang='lat' dir='ltr'>Domino</span> <span class='ocrx_word' id='word_1_360' title='bbox 1297 4361 1314 4397; x_wconf 89' lang='lat'>:</span> <span class='ocrx_word' id='word_1_361' title='bbox 1370 4347 1434 4399; x_wconf 91' lang='lat' dir='ltr'>ut</span> <span class='ocrx_word' id='word_1_362' title='bbox 1480 4359 1548 4398; x_wconf 85' lang='lat' dir='ltr'>ex</span> <span class='ocrx_word' id='word_1_363' title='bbox 1596 4360 1661 4398; x_wconf 92' lang='lat' dir='ltr'>eo</span> <span class='ocrx_word' id='word_1_364' title='bbox 1708 4344 1863 4415; x_wconf 92' lang='lat' dir='ltr'>quod</span> <span class='ocrx_word' id='word_1_365' title='bbox 1895 4344 2126 4401; x_wconf 85' lang='lat' dir='ltr'>Domini</span> 
     </span>
    </p>
   </div>
   <div class='ocr_carea' id='block_1_49' title="bbox 475 4431 2127 4505">
    <p class='ocr_par' dir='ltr' id='par_1_49' title="bbox 475 4431 2127 4505">
     <span class='ocr_line' id='line_1_49' title="bbox 475 4431 2127 4505; baseline 0.001 -14"><span class='ocrx_word' id='word_1_366' title='bbox 475 4452 688 4491; x_wconf 88' lang='lat' dir='ltr'>nomen</span> <span class='ocrx_word' id='word_1_367' title='bbox 738 4435 1082 4505; x_wconf 88' lang='lat' dir='ltr'>adjunctum</span> <span class='ocrx_word' id='word_1_368' title='bbox 1132 4437 1240 4498; x_wconf 90' lang='lat' dir='ltr'>est,</span> <span class='ocrx_word' id='word_1_369' title='bbox 1276 4431 1714 4504; x_wconf 85' lang='lat' dir='ltr'>intelligeretur,</span> <span class='ocrx_word' id='word_1_370' title='bbox 1749 4438 1805 4488; x_wconf 91' lang='lat' dir='ltr'>et</span> <span class='ocrx_word' id='word_1_371' title='bbox 1846 4433 1961 4489; x_wconf 89' lang='lat' dir='ltr'>alia</span> <span class='ocrx_word' id='word_1_372' title='bbox 1997 4451 2127 4492; x_wconf 88' lang='lat' dir='ltr'>esse</span> 
     </span>
    </p>
   </div>
   <div class='ocr_carea' id='block_1_50' title="bbox 469 4521 1918 4596">
    <p class='ocr_par' dir='ltr' id='par_1_50' title="bbox 469 4521 1918 4596">
     <span class='ocr_line' id='line_1_50' title="bbox 469 4521 1918 4596; baseline -0.001 -15"><span class='ocrx_word' id='word_1_373' title='bbox 469 4525 690 4595; x_wconf 85' lang='lat' dir='ltr'>fruitio,</span> <span class='ocrx_word' id='word_1_374' title='bbox 726 4541 841 4596; x_wconf 90' lang='lat' dir='ltr'>qua</span> <span class='ocrx_word' id='word_1_375' title='bbox 871 4525 1003 4595; x_wconf 83' lang='lat' dir='ltr'>quis</span> <span class='ocrx_word' id='word_1_376' title='bbox 1035 4524 1257 4593; x_wconf 85' lang='lat' dir='ltr'>absque</span> <span class='ocrx_word' id='word_1_377' title='bbox 1288 4521 1534 4577; x_wconf 86' lang='lat' dir='ltr'>Domino</span> <span class='ocrx_word' id='word_1_378' title='bbox 1566 4522 1918 4593; x_wconf 80' lang='lat' dir='ltr'>perfruatur.</span> 
     </span>
    </p>
   </div>
   <div class='ocr_carea' id='block_1_51' title="bbox 541 4610 2117 4686">
    <p class='ocr_par' dir='ltr' id='par_1_51' title="bbox 541 4610 2117 4686">
     <span class='ocr_line' id='line_1_51' title="bbox 541 4610 2117 4686; baseline 0.001 -17"><span class='ocrx_word' id='word_1_379' title='bbox 541 4637 569 4664; x_wconf 88' lang='grc'>‹‹</span> <span class='ocrx_word' id='word_1_380' title='bbox 603 4614 790 4669; x_wconf 82' lang='lat' dir='ltr'>Reﬁce</span> <span class='ocrx_word' id='word_1_381' title='bbox 838 4616 1060 4666; x_wconf 76' lang='lat' dir='ltr'>viscera</span> <span class='ocrx_word' id='word_1_382' title='bbox 1112 4628 1241 4665; x_wconf 89' lang='lat' dir='ltr'>mea</span> <span class='ocrx_word' id='word_1_383' title='bbox 1292 4610 1349 4665; x_wconf 91' lang='lat' dir='ltr'>in</span> <span class='ocrx_word' id='word_1_384' title='bbox 1403 4610 1652 4666; x_wconf 87' lang='lat' dir='ltr'>Christo.</span> <span class='ocrx_word' id='word_1_385' title='bbox 1692 4635 1717 4660; x_wconf 86' lang='grc'><strong>››</strong></span> <span class='ocrx_word' id='word_1_386' title='bbox 1770 4612 1934 4668; x_wconf 85' lang='lat' dir='ltr'>Sicut</span> <span class='ocrx_word' id='word_1_387' title='bbox 1992 4615 2117 4686; x_wconf 87' lang='lat' dir='ltr'>ipse</span> 
     </span>
    </p>
   </div>
   <div class='ocr_carea' id='block_1_52' title="bbox 463 4699 2113 4760">
    <p class='ocr_par' dir='ltr' id='par_1_52' title="bbox 463 4699 2113 4760">
     <span class='ocr_line' id='line_1_52' title="bbox 463 4699 2113 4760; baseline -0.001 0"><span class='ocrx_word' id='word_1_388' title='bbox 463 4703 580 4760; x_wconf 83' lang='lat' dir='ltr'>frui</span> <span class='ocrx_word' id='word_1_389' title='bbox 631 4702 757 4758; x_wconf 89' lang='lat' dir='ltr'>vult</span> <span class='ocrx_word' id='word_1_390' title='bbox 793 4700 1132 4756; x_wconf 84' lang='lat' dir='ltr'>Philemone</span> <span class='ocrx_word' id='word_1_391' title='bbox 1165 4700 1222 4753; x_wconf 91' lang='lat' dir='ltr'>in</span> <span class='ocrx_word' id='word_1_392' title='bbox 1257 4699 1502 4755; x_wconf 93' lang='lat' dir='ltr'>Domino</span> <span class='ocrx_word' id='word_1_393' title='bbox 1537 4717 1548 4754; x_wconf 88' lang='lat'>:</span> <span class='ocrx_word' id='word_1_394' title='bbox 1602 4699 1682 4753; x_wconf 87' lang='lat' dir='ltr'>ita</span> <span class='ocrx_word' id='word_1_395' title='bbox 1729 4701 1950 4756; x_wconf 87' lang='lat' dir='ltr'>viscera</span> <span class='ocrx_word' id='word_1_396' title='bbox 2004 4720 2113 4759; x_wconf 87' lang='lat' dir='ltr'>sua</span> 
     </span>
    </p>
   </div>
   <div class='ocr_carea' id='block_1_53' title="bbox 463 4787 2110 4862">
    <p class='ocr_par' dir='ltr' id='par_1_53' title="bbox 463 4787 2110 4862">
     <span class='ocr_line' id='line_1_53' title="bbox 463 4787 2110 4862; baseline -0.002 -12"><span class='ocrx_word' id='word_1_397' title='bbox 463 4793 829 4858; x_wconf 86' lang='lat' dir='ltr'>Onesimum,</span> <span class='ocrx_word' id='word_1_398' title='bbox 854 4807 1026 4862; x_wconf 89' lang='lat' dir='ltr'>quem</span> <span class='ocrx_word' id='word_1_399' title='bbox 1052 4793 1107 4844; x_wconf 90' lang='lat' dir='ltr'>et</span> <span class='ocrx_word' id='word_1_400' title='bbox 1132 4787 1402 4859; x_wconf 82' lang='lat' dir='ltr'>superius</span> <span class='ocrx_word' id='word_1_401' title='bbox 1425 4788 1627 4843; x_wconf 87' lang='lat' dir='ltr'>eodem</span> <span class='ocrx_word' id='word_1_402' title='bbox 1653 4789 1887 4844; x_wconf 90' lang='lat' dir='ltr'>nomine</span> <span class='ocrx_word' id='word_1_403' title='bbox 1918 4790 2110 4862; x_wconf 83' lang='lat' dir='ltr'>appel-</span> 
     </span>
    </p>
   </div>
   <div class='ocr_carea' id='block_1_54' title="bbox 460 4877 2109 4953">
    <p class='ocr_par' dir='ltr' id='par_1_54' title="bbox 460 4877 2109 4953">
     <span class='ocr_line' id='line_1_54' title="bbox 460 4877 2109 4953; baseline 0 -16"><span class='ocrx_word' id='word_1_404' title='bbox 460 4882 620 4950; x_wconf 89' lang='lat' dir='ltr'>lavit,</span> <span class='ocrx_word' id='word_1_405' title='bbox 680 4881 834 4937; x_wconf 81' lang='lat' dir='ltr'>reﬁci</span> <span class='ocrx_word' id='word_1_406' title='bbox 892 4879 1015 4935; x_wconf 81' lang='lat' dir='ltr'>vult</span> <span class='ocrx_word' id='word_1_407' title='bbox 1084 4895 1184 4950; x_wconf 88' lang='lat' dir='ltr'>per</span> <span class='ocrx_word' id='word_1_408' title='bbox 1250 4877 1664 4945; x_wconf 83' lang='lat' dir='ltr'>Philemonem,</span> <span class='ocrx_word' id='word_1_409' title='bbox 1715 4882 1771 4932; x_wconf 90' lang='lat' dir='ltr'>et</span> <span class='ocrx_word' id='word_1_410' title='bbox 1835 4880 2109 4953; x_wconf 88' lang='lat' dir='ltr'>ambigue</span> 
     </span>
    </p>
   </div>
   <div class='ocr_carea' id='block_1_55' title="bbox 461 4965 2106 5037">
    <p class='ocr_par' dir='ltr' id='par_1_55' title="bbox 461 4965 2106 5037">
     <span class='ocr_line' id='line_1_55' title="bbox 461 4965 2106 5037; baseline 0.002 -13"><span class='ocrx_word' id='word_1_411' title='bbox 461 4970 684 5024; x_wconf 89' lang='lat' dir='ltr'>dictum</span> <span class='ocrx_word' id='word_1_412' title='bbox 718 4988 729 5037; x_wconf 90' lang='lat'>;</span> <span class='ocrx_word' id='word_1_413' title='bbox 771 4974 969 5024; x_wconf 87' lang='lat' dir='ltr'>utrum</span> <span class='ocrx_word' id='word_1_414' title='bbox 1002 4969 1220 5023; x_wconf 89' lang='lat' dir='ltr'>viscera</span> <span class='ocrx_word' id='word_1_415' title='bbox 1254 4965 1412 5021; x_wconf 88' lang='lat' dir='ltr'>Pauli</span> <span class='ocrx_word' id='word_1_416' title='bbox 1446 4966 1500 5019; x_wconf 89' lang='lat' dir='ltr'>in</span> <span class='ocrx_word' id='word_1_417' title='bbox 1533 4966 1764 5022; x_wconf 87' lang='lat' dir='ltr'>Christo</span> <span class='ocrx_word' id='word_1_418' title='bbox 1795 4967 2106 5027; x_wconf 84' lang='lat' dir='ltr'>Onesimus</span> 
     </span>
    </p>
   </div>
   <div class='ocr_carea' id='block_1_56' title="bbox 462 5056 2103 5127">
    <p class='ocr_par' dir='ltr' id='par_1_56' title="bbox 462 5056 2103 5127">
     <span class='ocr_line' id='line_1_56' title="bbox 462 5056 2103 5127; baseline 0 -14"><span class='ocrx_word' id='word_1_419' title='bbox 462 5058 587 5113; x_wconf 88' lang='lat' dir='ltr'>sit:</span> <span class='ocrx_word' id='word_1_420' title='bbox 640 5076 709 5113; x_wconf 89' lang='lat' dir='ltr'>an</span> <span class='ocrx_word' id='word_1_421' title='bbox 751 5059 973 5114; x_wconf 87' lang='lat' dir='ltr'>viscera</span> <span class='ocrx_word' id='word_1_422' title='bbox 1001 5056 1165 5112; x_wconf 90' lang='lat' dir='ltr'>Pauli</span> <span class='ocrx_word' id='word_1_423' title='bbox 1198 5056 1508 5111; x_wconf 85' lang='lat' dir='ltr'>Onesimus</span> <span class='ocrx_word' id='word_1_424' title='bbox 1558 5072 1659 5127; x_wconf 92' lang='lat' dir='ltr'>per</span> <span class='ocrx_word' id='word_1_425' title='bbox 1706 5056 2103 5113; x_wconf 92' lang='lat' dir='ltr'>Philemonem</span> 
     </span>
    </p>
   </div>
   <div class='ocr_carea' id='block_1_57' title="bbox 460 5144 2104 5219">
    <p class='ocr_par' dir='ltr' id='par_1_57' title="bbox 460 5144 2104 5219">
     <span class='ocr_line' id='line_1_57' title="bbox 460 5144 2104 5219; baseline 0.001 -17"><span class='ocrx_word' id='word_1_426' title='bbox 460 5148 520 5202; x_wconf 92' lang='lat' dir='ltr'>in</span> <span class='ocrx_word' id='word_1_427' title='bbox 573 5146 801 5203; x_wconf 88' lang='lat' dir='ltr'>Christo</span> <span class='ocrx_word' id='word_1_428' title='bbox 850 5146 1161 5201; x_wconf 80' lang='lat' dir='ltr'>reficienda</span> <span class='ocrx_word' id='word_1_429' title='bbox 1216 5144 1351 5199; x_wconf 88' lang='lat' dir='ltr'>sint.</span> <span class='ocrx_word' id='word_1_430' title='bbox 1402 5145 1460 5198; x_wconf 87' lang='lat' dir='ltr'>Si</span> <span class='ocrx_word' id='word_1_431' title='bbox 1516 5145 1788 5218; x_wconf 87' lang='lat' dir='ltr'>superius</span> <span class='ocrx_word' id='word_1_432' title='bbox 1845 5146 2104 5219; x_wconf 89' lang='lat' dir='ltr'>accipere</span> 
     </span>
    </p>
   </div>
   <div class='ocr_carea' id='block_1_58' title="bbox 534 5294 2155 5381">
    <p class='ocr_par' dir='ltr' id='par_1_58' title="bbox 534 5294 2155 5381">
     <span class='ocr_line' id='line_1_58' title="bbox 534 5294 2155 5381; baseline 0.001 -19"><span class='ocrx_word' id='word_1_433' title='bbox 534 5311 548 5343; x_wconf 86' lang='grc'>¹</span> <span class='ocrx_word' id='word_1_434' title='bbox 583 5306 843 5381; x_wconf 86' lang='lat' dir='ltr'>Negandi</span> <span class='ocrx_word' id='word_1_435' title='bbox 869 5306 1421 5381; x_wconf 84' lang='lat' dir='ltr'>particulam,quam</span> <span class='ocrx_word' id='word_1_436' title='bbox 1448 5307 2103 5381; x_wconf 76' lang='lat' dir='ltr'>temereMartian.pras-</span> <span class='ocrx_word' id='word_1_437' title='bbox 2146 5294 2155 5301; x_wconf 14' lang='grc' dir='ltr'><strong>χ</strong></span> 
     </span>
    </p>
   </div>
   <div class='ocr_carea' id='block_1_59' title="bbox 456 5379 2097 5449">
    <p class='ocr_par' dir='ltr' id='par_1_59' title="bbox 456 5379 2097 5449">
     <span class='ocr_line' id='line_1_59' title="bbox 456 5379 2097 5449; baseline 0 -12"><span class='ocrx_word' id='word_1_438' title='bbox 456 5380 729 5449; x_wconf 86' lang='lat' dir='ltr'>termisit,</span> <span class='ocrx_word' id='word_1_439' title='bbox 747 5380 927 5433; x_wconf 90' lang='lat' dir='ltr'>nostri</span> <span class='ocrx_word' id='word_1_440' title='bbox 958 5384 1449 5449; x_wconf 86' lang='lat' dir='ltr'>mss.veteresque</span> <span class='ocrx_word' id='word_1_441' title='bbox 1464 5379 1602 5433; x_wconf 89' lang='lat' dir='ltr'>editi</span> <span class='ocrx_word' id='word_1_442' title='bbox 1626 5379 1753 5433; x_wconf 80' lang='lat' dir='ltr'>libri</span> <span class='ocrx_word' id='word_1_443' title='bbox 1775 5379 2097 5437; x_wconf 37' lang='lat' dir='ltr'>sufﬁci—unt.</span> 
     </span>
    </p>
   </div>
   <div class='ocr_carea' id='block_1_60' title="bbox 526 5450 1949 5521">
    <p class='ocr_par' dir='ltr' id='par_1_60' title="bbox 526 5450 1949 5521">
     <span class='ocr_line' id='line_1_60' title="bbox 526 5450 1949 5521; baseline -0.001 -14"><span class='ocrx_word' id='word_1_444' title='bbox 526 5454 549 5487; x_wconf 78' lang='grc'>³</span> <span class='ocrx_word' id='word_1_445' title='bbox 581 5452 786 5507; x_wconf 87' lang='lat' dir='ltr'>Maluit</span> <span class='ocrx_word' id='word_1_446' title='bbox 814 5451 968 5505; x_wconf 89' lang='lat' dir='ltr'>idem</span> <span class='ocrx_word' id='word_1_447' title='bbox 1002 5450 1292 5515; x_wconf 88' lang='lat' dir='ltr'>Martian.,</span> <span class='ocrx_word' id='word_1_448' title='bbox 1324 5450 1465 5521; x_wconf 86' lang='lat' dir='ltr'>quod</span> <span class='ocrx_word' id='word_1_449' title='bbox 1494 5452 1697 5507; x_wconf 78' lang='lat' dir='ltr'>Christi</span> <span class='ocrx_word' id='word_1_450' title='bbox 1722 5452 1949 5507; x_wconf 68' lang='lat' dir='ltr'>dicitur.</span> 
     </span>
    </p>
   </div>
   <div class='ocr_carea' id='block_1_61' title="bbox 523 5522 2097 5595">
    <p class='ocr_par' dir='ltr' id='par_1_61' title="bbox 523 5522 2097 5595">
     <span class='ocr_line' id='line_1_61' title="bbox 523 5522 2097 5595; baseline 0 -16"><span class='ocrx_word' id='word_1_451' title='bbox 523 5524 546 5559; x_wconf 77' lang='grc'><strong>³</strong></span> <span class='ocrx_word' id='word_1_452' title='bbox 576 5523 726 5580; x_wconf 88' lang='lat' dir='ltr'>Olim</span> <span class='ocrx_word' id='word_1_453' title='bbox 759 5527 902 5588; x_wconf 82' lang='lat' dir='ltr'>erat,</span> <span class='ocrx_word' id='word_1_454' title='bbox 934 5524 995 5576; x_wconf 83' lang='lat' dir='ltr'>ut</span> <span class='ocrx_word' id='word_1_455' title='bbox 1036 5522 1108 5577; x_wconf 81' lang='lat' dir='ltr'>de</span> <span class='ocrx_word' id='word_1_456' title='bbox 1142 5522 1503 5595; x_wconf 65' lang='lat' dir='ltr'>praeparando</span> <span class='ocrx_word' id='word_1_457' title='bbox 1542 5531 1731 5594; x_wconf 79' lang='lat' dir='ltr'>ageret</span> <span class='ocrx_word' id='word_1_458' title='bbox 1761 5523 2013 5595; x_wconf 79' lang='lat' dir='ltr'>hospitio,</span> <span class='ocrx_word' id='word_1_459' title='bbox 2043 5529 2097 5579; x_wconf 77' lang='lat' dir='ltr'>et</span> 
     </span>
    </p>
   </div>
   <div class='ocr_carea' id='block_1_62' title="bbox 448 5593 2095 5671">
    <p class='ocr_par' dir='ltr' id='par_1_62' title="bbox 448 5593 2095 5671">
     <span class='ocr_line' id='line_1_62' title="bbox 448 5593 2095 5671; baseline 0 -18"><span class='ocrx_word' id='word_1_460' title='bbox 448 5611 558 5661; x_wconf 76' lang='lat' dir='ltr'>non</span> <span class='ocrx_word' id='word_1_461' title='bbox 609 5612 722 5654; x_wconf 83' lang='lat' dir='ltr'>una</span> <span class='ocrx_word' id='word_1_462' title='bbox 763 5598 1045 5653; x_wconf 81' lang='lat' dir='ltr'>contentus</span> <span class='ocrx_word' id='word_1_463' title='bbox 1089 5593 1307 5669; x_wconf 77' lang='lat' dir='ltr'>cellula,</span> <span class='ocrx_word' id='word_1_464' title='bbox 1351 5594 1509 5651; x_wconf 82' lang='lat' dir='ltr'>breve</span> <span class='ocrx_word' id='word_1_465' title='bbox 1554 5596 1793 5669; x_wconf 79' lang='lat' dir='ltr'>corporis</span> <span class='ocrx_word' id='word_1_466' title='bbox 1842 5593 1934 5651; x_wconf 69' lang='lat' dir='ltr'>sui</span> <span class='ocrx_word' id='word_1_467' title='bbox 1972 5593 2095 5671; x_wconf 80' lang='lat' dir='ltr'>spa-</span> 
     </span>
    </p>
   </div>
   <div class='ocr_carea' id='block_1_63' title="bbox 2237 519 3797 594">
    <p class='ocr_par' dir='ltr' id='par_1_63' title="bbox 2237 519 3797 594">
     <span class='ocr_line' id='line_1_63' title="bbox 2237 519 3797 594; baseline 0.003 -18"><span class='ocrx_word' id='word_1_468' title='bbox 2237 520 2573 588; x_wconf 87' lang='lat' dir='ltr'>Onesimus,</span> <span class='ocrx_word' id='word_1_469' title='bbox 2628 537 2803 592; x_wconf 92' lang='lat' dir='ltr'>quem</span> <span class='ocrx_word' id='word_1_470' title='bbox 2862 520 2921 575; x_wconf 91' lang='lat' dir='ltr'>in</span> <span class='ocrx_word' id='word_1_471' title='bbox 2980 519 3231 576; x_wconf 89' lang='lat' dir='ltr'>vinculis</span> <span class='ocrx_word' id='word_1_472' title='bbox 3284 519 3495 577; x_wconf 88' lang='lat' dir='ltr'>Christo</span> <span class='ocrx_word' id='word_1_473' title='bbox 3542 522 3725 594; x_wconf 81' lang='lat' dir='ltr'>genuit.</span> <span class='ocrx_word' id='word_1_474' title='bbox 3748 525 3797 581; x_wconf 81' lang='lat' dir='ltr'>Si</span> 
     </span>
    </p>
   </div>
   <div class='ocr_carea' id='block_1_64' title="bbox 2237 608 3796 681">
    <p class='ocr_par' dir='ltr' id='par_1_64' title="bbox 2237 608 3796 681">
     <span class='ocr_line' id='line_1_64' title="bbox 2237 608 3796 681; baseline 0.004 -17"><span class='ocrx_word' id='word_1_475' title='bbox 2237 610 2573 681; x_wconf 88' lang='lat' dir='ltr'>posterius:</span> <span class='ocrx_word' id='word_1_476' title='bbox 2629 610 2688 665; x_wconf 89' lang='lat' dir='ltr'>in</span> <span class='ocrx_word' id='word_1_477' title='bbox 2739 608 2970 666; x_wconf 89' lang='lat' dir='ltr'>Christo</span> <span class='ocrx_word' id='word_1_478' title='bbox 3024 609 3368 666; x_wconf 84' lang='lat' dir='ltr'>reficiendus</span> <span class='ocrx_word' id='word_1_479' title='bbox 3418 613 3499 666; x_wconf 88' lang='lat' dir='ltr'>est</span> <span class='ocrx_word' id='word_1_480' title='bbox 3543 610 3796 670; x_wconf 77' lang='lat' dir='ltr'>Onesimus</span> 
     </span>
    </p>
   </div>
   <div class='ocr_carea' id='block_1_65' title="bbox 2236 696 3804 770">
    <p class='ocr_par' dir='ltr' id='par_1_65' title="bbox 2236 696 3804 770">
     <span class='ocr_line' id='line_1_65' title="bbox 2236 696 3804 770; baseline 0.002 -16"><span class='ocrx_word' id='word_1_481' title='bbox 2236 716 2270 754; x_wconf 89' lang='lat' dir='ltr'>a</span> <span class='ocrx_word' id='word_1_482' title='bbox 2301 696 2658 766; x_wconf 89' lang='lat' dir='ltr'>Philemone,</span> <span class='ocrx_word' id='word_1_483' title='bbox 2684 699 2825 754; x_wconf 92' lang='lat' dir='ltr'>dum</span> <span class='ocrx_word' id='word_1_484' title='bbox 2856 699 2985 770; x_wconf 90' lang='lat' dir='ltr'>ejus</span> <span class='ocrx_word' id='word_1_485' title='bbox 3016 699 3074 753; x_wconf 90' lang='lat' dir='ltr'>in</span> <span class='ocrx_word' id='word_1_486' title='bbox 3103 698 3327 755; x_wconf 86' lang='lat' dir='ltr'>Christo</span> <span class='ocrx_word' id='word_1_487' title='bbox 3356 699 3680 756; x_wconf 85' lang='lat' dir='ltr'>sermonibus</span> <span class='ocrx_word' id='word_1_488' title='bbox 3706 717 3804 757; x_wconf 84' lang='lat' dir='ltr'>eru-</span> 
     </span>
    </p>
   </div>
   <div class='ocr_carea' id='block_1_66' title="bbox 2237 787 2414 843">
    <p class='ocr_par' dir='ltr' id='par_1_66' title="bbox 2237 787 2414 843">
     <span class='ocr_line' id='line_1_66' title="bbox 2237 787 2414 843; baseline -0.006 0"><span class='ocrx_word' id='word_1_489' title='bbox 2237 787 2414 843; x_wconf 86' lang='lat' dir='ltr'>ditur.</span> 
     </span>
    </p>
   </div>
   <div class='ocr_carea' id='block_1_67' title="bbox 2308 875 3807 949">
    <p class='ocr_par' dir='ltr' id='par_1_67' title="bbox 2308 875 3807 949">
     <span class='ocr_line' id='line_1_67' title="bbox 2308 875 3807 949; baseline 0.001 -19"><span class='ocrx_word' id='word_1_490' title='bbox 2308 877 2491 948; x_wconf 90' lang='lat' dir='ltr'>(Vers.</span> <span class='ocrx_word' id='word_1_491' title='bbox 2523 876 2638 949; x_wconf 83' lang='grc'>21.)</span> <span class='ocrx_word' id='word_1_492' title='bbox 2687 899 2708 926; x_wconf 75' lang='grc' dir='ltr'><em>α</em></span> <span class='ocrx_word' id='word_1_493' title='bbox 2744 877 3052 933; x_wconf 80' lang='lat' dir='ltr'>Conﬁdens</span> <span class='ocrx_word' id='word_1_494' title='bbox 3080 877 3152 933; x_wconf 91' lang='lat' dir='ltr'>de</span> <span class='ocrx_word' id='word_1_495' title='bbox 3179 875 3499 933; x_wconf 80' lang='lat' dir='ltr'>obedientia</span> <span class='ocrx_word' id='word_1_496' title='bbox 3521 880 3612 932; x_wconf 87' lang='lat' dir='ltr'>tua</span> <span class='ocrx_word' id='word_1_497' title='bbox 3636 875 3807 949; x_wconf 79' lang='lat' dir='ltr'>scripsi</span> 
     </span>
    </p>
   </div>
   <div class='ocr_carea' id='block_1_68' title="bbox 2236 964 3805 1038">
    <p class='ocr_par' dir='ltr' id='par_1_68' title="bbox 2236 964 3805 1038">
     <span class='ocr_line' id='line_1_68' title="bbox 2236 964 3805 1038; baseline 0 -18"><span class='ocrx_word' id='word_1_498' title='bbox 2236 965 2342 1020; x_wconf 89' lang='lat' dir='ltr'>tibi</span> <span class='ocrx_word' id='word_1_499' title='bbox 2379 984 2391 1021; x_wconf 91' lang='lat'>:</span> <span class='ocrx_word' id='word_1_500' title='bbox 2443 966 2635 1022; x_wconf 90' lang='lat' dir='ltr'>sciens</span> <span class='ocrx_word' id='word_1_501' title='bbox 2665 966 2944 1038; x_wconf 88' lang='lat' dir='ltr'>quoniam</span> <span class='ocrx_word' id='word_1_502' title='bbox 2976 982 3154 1038; x_wconf 87' lang='lat' dir='ltr'>super</span> <span class='ocrx_word' id='word_1_503' title='bbox 3183 965 3241 1021; x_wconf 91' lang='lat' dir='ltr'>id</span> <span class='ocrx_word' id='word_1_504' title='bbox 3271 965 3419 1037; x_wconf 92' lang='lat' dir='ltr'>quod</span> <span class='ocrx_word' id='word_1_505' title='bbox 3448 964 3564 1021; x_wconf 90' lang='lat' dir='ltr'>dico</span> <span class='ocrx_word' id='word_1_506' title='bbox 3590 964 3753 1020; x_wconf 87' lang='lat' dir='ltr'>facies.</span> <span class='ocrx_word' id='word_1_507' title='bbox 3782 985 3805 1014; x_wconf 76' lang='grc' dir='ltr'><strong>υ</strong></span> 
     </span>
    </p>
   </div>
   <div class='ocr_carea' id='block_1_69' title="bbox 2236 1052 3808 1127">
    <p class='ocr_par' dir='ltr' id='par_1_69' title="bbox 2236 1052 3808 1127">
     <span class='ocr_line' id='line_1_69' title="bbox 2236 1052 3808 1127; baseline -0.001 -18"><span class='ocrx_word' id='word_1_508' title='bbox 2236 1054 2343 1118; x_wconf 88' lang='lat' dir='ltr'>Qui</span> <span class='ocrx_word' id='word_1_509' title='bbox 2378 1054 2678 1125; x_wconf 69' lang='lat' dir='ltr'>praesumit</span> <span class='ocrx_word' id='word_1_510' title='bbox 2703 1056 2774 1110; x_wconf 92' lang='lat' dir='ltr'>de</span> <span class='ocrx_word' id='word_1_511' title='bbox 2802 1072 2868 1112; x_wconf 90' lang='lat' dir='ltr'>eo</span> <span class='ocrx_word' id='word_1_512' title='bbox 2900 1071 3073 1127; x_wconf 91' lang='lat' dir='ltr'>quem</span> <span class='ocrx_word' id='word_1_513' title='bbox 3105 1059 3411 1127; x_wconf 85' lang='lat' dir='ltr'>rogaturus</span> <span class='ocrx_word' id='word_1_514' title='bbox 3432 1058 3537 1124; x_wconf 83' lang='lat' dir='ltr'>.est,</span> <span class='ocrx_word' id='word_1_515' title='bbox 3559 1052 3672 1124; x_wconf 83' lang='lat' dir='ltr'>ipsa</span> <span class='ocrx_word' id='word_1_516' title='bbox 3694 1069 3808 1125; x_wconf 86' lang='lat' dir='ltr'>quo-</span> 
     </span>
    </p>
   </div>
   <div class='ocr_carea' id='block_1_70' title="bbox 2236 1141 3811 1216">
    <p class='ocr_par' dir='ltr' id='par_1_70' title="bbox 2236 1141 3811 1216">
     <span class='ocr_line' id='line_1_70' title="bbox 2236 1141 3811 1216; baseline -0.002 -18"><span class='ocrx_word' id='word_1_517' title='bbox 2236 1144 2551 1199; x_wconf 88' lang='lat' dir='ltr'>dammodo</span> <span class='ocrx_word' id='word_1_518' title='bbox 2598 1144 3055 1216; x_wconf 78' lang='lat' dir='ltr'>praesumptione</span> <span class='ocrx_word' id='word_1_519' title='bbox 3094 1143 3449 1216; x_wconf 72' lang='lat' dir='ltr'>przejudicat,</span> <span class='ocrx_word' id='word_1_520' title='bbox 3479 1158 3546 1198; x_wconf 88' lang='lat' dir='ltr'>ne</span> <span class='ocrx_word' id='word_1_521' title='bbox 3570 1141 3618 1197; x_wconf 88' lang='lat' dir='ltr'>ei</span> <span class='ocrx_word' id='word_1_522' title='bbox 3644 1155 3811 1212; x_wconf 78' lang='lat' dir='ltr'>negare</span> 
     </span>
    </p>
   </div>
   <div class='ocr_carea' id='block_1_71' title="bbox 2238 1227 3805 1305">
    <p class='ocr_par' dir='ltr' id='par_1_71' title="bbox 2238 1227 3805 1305">
     <span class='ocr_line' id='line_1_71' title="bbox 2238 1227 3805 1305; baseline -0.003 -18"><span class='ocrx_word' id='word_1_523' title='bbox 2238 1231 2411 1288; x_wconf 84' lang='lat' dir='ltr'>liceat</span> <span class='ocrx_word' id='word_1_524' title='bbox 2441 1233 2594 1304; x_wconf 92' lang='lat' dir='ltr'>quod</span> <span class='ocrx_word' id='word_1_525' title='bbox 2643 1237 2899 1305; x_wconf 89' lang='lat' dir='ltr'>rogatur.</span> <span class='ocrx_word' id='word_1_526' title='bbox 2934 1237 3110 1288; x_wconf 91' lang='lat' dir='ltr'>Porro</span> <span class='ocrx_word' id='word_1_527' title='bbox 3141 1232 3189 1288; x_wconf 92' lang='lat' dir='ltr'>si</span> <span class='ocrx_word' id='word_1_528' title='bbox 3221 1231 3334 1288; x_wconf 91' lang='lat' dir='ltr'>scit</span> <span class='ocrx_word' id='word_1_529' title='bbox 3362 1230 3454 1287; x_wconf 89' lang='lat' dir='ltr'>ille</span> <span class='ocrx_word' id='word_1_530' title='bbox 3479 1229 3570 1302; x_wconf 89' lang='lat' dir='ltr'>qui</span> <span class='ocrx_word' id='word_1_531' title='bbox 3596 1227 3805 1303; x_wconf 78' lang='lat' dir='ltr'>postulat</span> 
     </span>
    </p>
   </div>
   <div class='ocr_carea' id='block_1_72' title="bbox 2238 1315 3814 1395">
    <p class='ocr_par' dir='ltr' id='par_1_72' title="bbox 2238 1315 3814 1395">
     <span class='ocr_line' id='line_1_72' title="bbox 2238 1315 3814 1395; baseline -0.002 -20"><span class='ocrx_word' id='word_1_532' title='bbox 2238 1320 2553 1392; x_wconf 89' lang='lat' dir='ltr'>plusquam</span> <span class='ocrx_word' id='word_1_533' title='bbox 2606 1321 2851 1393; x_wconf 88' lang='lat' dir='ltr'>rogavit,</span> <span class='ocrx_word' id='word_1_534' title='bbox 2897 1326 3167 1395; x_wconf 82' lang='lat' dir='ltr'>rogatum</span> <span class='ocrx_word' id='word_1_535' title='bbox 3215 1336 3345 1376; x_wconf 91' lang='lat' dir='ltr'>esse</span> <span class='ocrx_word' id='word_1_536' title='bbox 3391 1318 3674 1374; x_wconf 87' lang='lat' dir='ltr'>futurum:</span> <span class='ocrx_word' id='word_1_537' title='bbox 3715 1315 3814 1372; x_wconf 84' lang='lat' dir='ltr'>ideo</span> 
     </span>
    </p>
   </div>
   <div class='ocr_carea' id='block_1_73' title="bbox 2241 1405 3817 1482">
    <p class='ocr_par' dir='ltr' id='par_1_73' title="bbox 2241 1405 3817 1482">
     <span class='ocr_line' id='line_1_73' title="bbox 2241 1405 3817 1482; baseline -0.004 -17"><span class='ocrx_word' id='word_1_538' title='bbox 2241 1410 2470 1466; x_wconf 90' lang='lat' dir='ltr'>minora</span> <span class='ocrx_word' id='word_1_539' title='bbox 2518 1410 2680 1482; x_wconf 89' lang='lat' dir='ltr'>petit,</span> <span class='ocrx_word' id='word_1_540' title='bbox 2725 1414 2793 1465; x_wconf 89' lang='lat' dir='ltr'>ut</span> <span class='ocrx_word' id='word_1_541' title='bbox 2838 1410 3050 1466; x_wconf 89' lang='lat' dir='ltr'>habeat</span> <span class='ocrx_word' id='word_1_542' title='bbox 3095 1412 3336 1482; x_wconf 89' lang='lat' dir='ltr'>rogatus</span> <span class='ocrx_word' id='word_1_543' title='bbox 3383 1405 3748 1472; x_wconf 87' lang='lat' dir='ltr'>voluntariam,</span> <span class='ocrx_word' id='word_1_544' title='bbox 3771 1408 3817 1460; x_wconf 87' lang='lat' dir='ltr'>et</span> 
     </span>
    </p>
   </div>
   <div class='ocr_carea' id='block_1_74' title="bbox 2222 1491 3820 1570">
    <p class='ocr_par' dir='ltr' id='par_1_74' title="bbox 2222 1491 3820 1570">
     <span class='ocr_line' id='line_1_74' title="bbox 2222 1491 3820 1570; baseline -0.003 -17"><span class='ocrx_word' id='word_1_545' title='bbox 2222 1499 2524 1569; x_wconf 89' lang='lat' dir='ltr'>majorem</span> <span class='ocrx_word' id='word_1_546' title='bbox 2578 1498 2951 1570; x_wconf 81' lang='lat' dir='ltr'>praestatione</span> <span class='ocrx_word' id='word_1_547' title='bbox 3002 1497 3352 1553; x_wconf 89' lang='lat' dir='ltr'>mercedem.</span> <span class='ocrx_word' id='word_1_548' title='bbox 3380 1495 3434 1552; x_wconf 87' lang='lat' dir='ltr'>Si</span> <span class='ocrx_word' id='word_1_549' title='bbox 3464 1499 3646 1552; x_wconf 88' lang='lat' dir='ltr'>autem</span> <span class='ocrx_word' id='word_1_550' title='bbox 3673 1491 3820 1548; x_wconf 77' lang='lat' dir='ltr'>Phile-</span> 
     </span>
    </p>
   </div>
   <div class='ocr_carea' id='block_1_75' title="bbox 2240 1583 3817 1658">
    <p class='ocr_par' dir='ltr' id='par_1_75' title="bbox 2240 1583 3817 1658">
     <span class='ocr_line' id='line_1_75' title="bbox 2240 1583 3817 1658; baseline -0.004 -16"><span class='ocrx_word' id='word_1_551' title='bbox 2240 1604 2375 1642; x_wconf 89' lang='lat' dir='ltr'>mon</span> <span class='ocrx_word' id='word_1_552' title='bbox 2433 1587 2554 1642; x_wconf 69' lang='lat' dir='ltr'>hzec</span> <span class='ocrx_word' id='word_1_553' title='bbox 2601 1587 2673 1642; x_wconf 91' lang='lat' dir='ltr'>ad</span> <span class='ocrx_word' id='word_1_554' title='bbox 2725 1585 2982 1642; x_wconf 90' lang='lat' dir='ltr'>hominis</span> <span class='ocrx_word' id='word_1_555' title='bbox 3030 1589 3385 1658; x_wconf 71' lang='lat' dir='ltr'>praeceptum</span> <span class='ocrx_word' id='word_1_556' title='bbox 3429 1583 3601 1640; x_wconf 86' lang='lat' dir='ltr'>facit:</span> <span class='ocrx_word' id='word_1_557' title='bbox 3648 1584 3817 1654; x_wconf 82' lang='lat' dir='ltr'>quanto</span> 
     </span>
    </p>
   </div>
   <div class='ocr_carea' id='block_1_76' title="bbox 2240 1667 3819 1748">
    <p class='ocr_par' dir='ltr' id='par_1_76' title="bbox 2240 1667 3819 1748">
     <span class='ocr_line' id='line_1_76' title="bbox 2240 1667 3819 1748; baseline -0.005 -17"><span class='ocrx_word' id='word_1_558' title='bbox 2240 1675 2428 1748; x_wconf 86' lang='lat' dir='ltr'>magis</span> <span class='ocrx_word' id='word_1_559' title='bbox 2489 1675 2660 1732; x_wconf 84' lang='lat' dir='ltr'>faciet</span> <span class='ocrx_word' id='word_1_560' title='bbox 2718 1676 2790 1731; x_wconf 92' lang='lat' dir='ltr'>ob</span> <span class='ocrx_word' id='word_1_561' title='bbox 2844 1674 3218 1731; x_wconf 87' lang='lat' dir='ltr'>dilectionem</span> <span class='ocrx_word' id='word_1_562' title='bbox 3265 1673 3413 1731; x_wconf 82' lang='lat' dir='ltr'>Dei?</span> <span class='ocrx_word' id='word_1_563' title='bbox 3459 1672 3612 1729; x_wconf 89' lang='lat' dir='ltr'>Unde</span> <span class='ocrx_word' id='word_1_564' title='bbox 3660 1667 3819 1726; x_wconf 86' lang='lat' dir='ltr'>merito</span> 
     </span>
    </p>
   </div>
   <div class='ocr_carea' id='block_1_77' title="bbox 2239 1760 3819 1837">
    <p class='ocr_par' dir='ltr' id='par_1_77' title="bbox 2239 1760 3819 1837">
     <span class='ocr_line' id='line_1_77' title="bbox 2239 1760 3819 1837; baseline -0.004 -19"><span class='ocrx_word' id='word_1_565' title='bbox 2239 1763 2502 1837; x_wconf 82' lang='lat' dir='ltr'>Apostoli</span> <span class='ocrx_word' id='word_1_566' title='bbox 2532 1779 2667 1819; x_wconf 90' lang='lat' dir='ltr'>voce</span> <span class='ocrx_word' id='word_1_567' title='bbox 2696 1762 2972 1820; x_wconf 90' lang='lat' dir='ltr'>laudatur</span> <span class='ocrx_word' id='word_1_568' title='bbox 3003 1781 3016 1819; x_wconf 93' lang='lat'>:</span> <span class='ocrx_word' id='word_1_569' title='bbox 3061 1764 3214 1836; x_wconf 91' lang='lat' dir='ltr'>quod</span> <span class='ocrx_word' id='word_1_570' title='bbox 3247 1762 3521 1819; x_wconf 84' lang='lat' dir='ltr'>mandata</span> <span class='ocrx_word' id='word_1_571' title='bbox 3545 1760 3662 1832; x_wconf 83' lang='lat' dir='ltr'>ejus</span> <span class='ocrx_word' id='word_1_572' title='bbox 3686 1771 3819 1830; x_wconf 80' lang='lat' dir='ltr'>opere</span> 
     </span>
    </p>
   </div>
   <div class='ocr_carea' id='block_1_78' title="bbox 2240 1844 3821 1926">
    <p class='ocr_par' dir='ltr' id='par_1_78' title="bbox 2240 1844 3821 1926">
     <span class='ocr_line' id='line_1_78' title="bbox 2240 1844 3821 1926; baseline -0.006 -17"><span class='ocrx_word' id='word_1_573' title='bbox 2240 1858 2562 1926; x_wconf 69' lang='lat' dir='ltr'>praevertet,</span> <span class='ocrx_word' id='word_1_574' title='bbox 2613 1857 2671 1909; x_wconf 93' lang='lat' dir='ltr'>et</span> <span class='ocrx_word' id='word_1_575' title='bbox 2723 1853 2909 1925; x_wconf 89' lang='lat' dir='ltr'>possit</span> <span class='ocrx_word' id='word_1_576' title='bbox 2953 1852 3192 1909; x_wconf 90' lang='lat' dir='ltr'>dicere:</span> <span class='ocrx_word' id='word_1_577' title='bbox 3250 1851 3563 1908; x_wconf 78' lang='lat' dir='ltr'>Voluntaria</span> <span class='ocrx_word' id='word_1_578' title='bbox 3605 1849 3702 1905; x_wconf 71' lang='lat' dir='ltr'>oris</span> <span class='ocrx_word' id='word_1_579' title='bbox 3739 1844 3821 1900; x_wconf 74' lang='lat' dir='ltr'>mei</span> 
     </span>
    </p>
   </div>
   <div class='ocr_carea' id='block_1_79' title="bbox 2234 1935 3823 2014">
    <p class='ocr_par' dir='ltr' id='par_1_79' title="bbox 2234 1935 3823 2014">
     <span class='ocr_line' id='line_1_79' title="bbox 2234 1935 3823 2014; baseline -0.007 -16"><span class='ocrx_word' id='word_1_580' title='bbox 2234 1944 2606 2014; x_wconf 79' lang='lat' dir='ltr'>complaceant</span> <span class='ocrx_word' id='word_1_581' title='bbox 2635 1943 2755 2012; x_wconf 80' lang='lat' dir='ltr'>tibi,</span> <span class='ocrx_word' id='word_1_582' title='bbox 2786 1943 3012 1999; x_wconf 79' lang='lat' dir='ltr'>Domine</span> <span class='ocrx_word' id='word_1_583' title='bbox 3039 1942 3152 2013; x_wconf 75' lang='lat' dir='ltr'>(Ps.</span> <span class='ocrx_word' id='word_1_584' title='bbox 3184 1958 3379 2009; x_wconf 82' lang='lat' dir='ltr'>cxvm,</span> <span class='ocrx_word' id='word_1_585' title='bbox 3413 1938 3532 2012; x_wconf 88' lang='grc'>108)</span> <span class='ocrx_word' id='word_1_586' title='bbox 3562 1955 3574 1993; x_wconf 90' lang='lat'>:</span> <span class='ocrx_word' id='word_1_587' title='bbox 3622 1935 3823 2007; x_wconf 82' lang='lat' dir='ltr'>plusque</span> 
     </span>
    </p>
   </div>
   <div class='ocr_carea' id='block_1_80' title="bbox 2237 2025 3823 2104">
    <p class='ocr_par' dir='ltr' id='par_1_80' title="bbox 2237 2025 3823 2104">
     <span class='ocr_line' id='line_1_80' title="bbox 2237 2025 3823 2104; baseline -0.006 -17"><span class='ocrx_word' id='word_1_588' title='bbox 2237 2033 2458 2089; x_wconf 91' lang='lat' dir='ltr'>faciens</span> <span class='ocrx_word' id='word_1_589' title='bbox 2506 2048 2685 2104; x_wconf 89' lang='lat' dir='ltr'>quam</span> <span class='ocrx_word' id='word_1_590' title='bbox 2736 2036 3089 2104; x_wconf 63' lang='lat' dir='ltr'>praeceptum</span> <span class='ocrx_word' id='word_1_591' title='bbox 3130 2035 3242 2097; x_wconf 88' lang='lat' dir='ltr'>est,</span> <span class='ocrx_word' id='word_1_592' title='bbox 3272 2031 3464 2087; x_wconf 86' lang='lat' dir='ltr'>vincat</span> <span class='ocrx_word' id='word_1_593' title='bbox 3490 2044 3585 2084; x_wconf 87' lang='lat' dir='ltr'>eos</span> <span class='ocrx_word' id='word_1_594' title='bbox 3611 2025 3701 2099; x_wconf 89' lang='lat' dir='ltr'>qui</span> <span class='ocrx_word' id='word_1_595' title='bbox 3724 2028 3823 2078; x_wconf 81' lang='lat' dir='ltr'>tan-</span> 
     </span>
    </p>
   </div>
   <div class='ocr_carea' id='block_1_81' title="bbox 2237 2113 3822 2193">
    <p class='ocr_par' dir='ltr' id='par_1_81' title="bbox 2237 2113 3822 2193">
     <span class='ocr_line' id='line_1_81' title="bbox 2237 2113 3822 2193; baseline -0.006 -18"><span class='ocrx_word' id='word_1_596' title='bbox 2237 2121 2545 2177; x_wconf 89' lang='lat' dir='ltr'>tummodo</span> <span class='ocrx_word' id='word_1_597' title='bbox 2574 2120 2861 2193; x_wconf 88' lang='lat' dir='ltr'>imperata</span> <span class='ocrx_word' id='word_1_598' title='bbox 2898 2120 3179 2191; x_wconf 87' lang='lat' dir='ltr'>fecerunt,</span> <span class='ocrx_word' id='word_1_599' title='bbox 3211 2124 3270 2176; x_wconf 90' lang='lat' dir='ltr'>et</span> <span class='ocrx_word' id='word_1_600' title='bbox 3311 2119 3589 2191; x_wconf 89' lang='lat' dir='ltr'>jubentur</span> <span class='ocrx_word' id='word_1_601' title='bbox 3633 2113 3822 2170; x_wconf 88' lang='lat' dir='ltr'>dicere:</span> 
     </span>
    </p>
   </div>
   <div class='ocr_carea' id='block_1_82' title="bbox 2238 2199 3821 2280">
    <p class='ocr_par' dir='ltr' id='par_1_82' title="bbox 2238 2199 3821 2280">
     <span class='ocr_line' id='line_1_82' title="bbox 2238 2199 3821 2280; baseline -0.008 -14"><span class='ocrx_word' id='word_1_602' title='bbox 2238 2210 2396 2266; x_wconf 78' lang='lat' dir='ltr'>Servi</span> <span class='ocrx_word' id='word_1_603' title='bbox 2443 2210 2668 2266; x_wconf 81' lang='lat' dir='ltr'>inutiles</span> <span class='ocrx_word' id='word_1_604' title='bbox 2712 2225 2928 2274; x_wconf 71' lang='lat' dir='ltr'>sumus,</span> <span class='ocrx_word' id='word_1_605' title='bbox 2960 2209 3108 2280; x_wconf 87' lang='lat' dir='ltr'>quod</span> <span class='ocrx_word' id='word_1_606' title='bbox 3158 2207 3445 2264; x_wconf 72' lang='lat' dir='ltr'>debuimus</span> <span class='ocrx_word' id='word_1_607' title='bbox 3494 2208 3680 2278; x_wconf 73' lang='lat' dir='ltr'>facere,</span> <span class='ocrx_word' id='word_1_608' title='bbox 3710 2199 3821 2255; x_wconf 75' lang='grc' dir='ltr'>τοι</span> 
     </span>
    </p>
   </div>
   <div class='ocr_carea' id='block_1_83' title="bbox 2237 2294 3827 2372">
    <p class='ocr_par' dir='ltr' id='par_1_83' title="bbox 2237 2294 3827 2372">
     <span class='ocr_line' id='line_1_83' title="bbox 2237 2294 3827 2372; baseline -0.008 -17"><span class='ocrx_word' id='word_1_609' title='bbox 2237 2301 2466 2372; x_wconf 79' lang='lat' dir='ltr'>fecimus</span> <span class='ocrx_word' id='word_1_610' title='bbox 2496 2299 2647 2371; x_wconf 87' lang='lat' dir='ltr'>(Luc.</span> <span class='ocrx_word' id='word_1_611' title='bbox 2670 2315 2809 2368; x_wconf 82' lang='lat' dir='ltr'>xvu,</span> <span class='ocrx_word' id='word_1_612' title='bbox 2837 2299 2945 2369; x_wconf 86' lang='grc'>10).</span> <span class='ocrx_word' id='word_1_613' title='bbox 2970 2296 3294 2370; x_wconf 79' lang='lat' dir='ltr'>Virgi‘nitas</span> <span class='ocrx_word' id='word_1_614' title='bbox 3318 2311 3549 2369; x_wconf 87' lang='lat' dir='ltr'>quoque</span> <span class='ocrx_word' id='word_1_615' title='bbox 3575 2294 3827 2365; x_wconf 79' lang='lat' dir='ltr'>propterea</span> 
     </span>
    </p>
   </div>
   <div class='ocr_carea' id='block_1_84' title="bbox 2240 2373 3831 2461">
    <p class='ocr_par' dir='ltr' id='par_1_84' title="bbox 2240 2373 3831 2461">
     <span class='ocr_line' id='line_1_84' title="bbox 2240 2373 3831 2461; baseline -0.009 -17"><span class='ocrx_word' id='word_1_616' title='bbox 2240 2388 2448 2461; x_wconf 89' lang='lat' dir='ltr'>majori</span> <span class='ocrx_word' id='word_1_617' title='bbox 2478 2388 2716 2461; x_wconf 64' lang='lat' dir='ltr'>praemio</span> <span class='ocrx_word' id='word_1_618' title='bbox 2737 2390 3052 2443; x_wconf 87' lang='lat' dir='ltr'>coronatur</span> <span class='ocrx_word' id='word_1_619' title='bbox 3075 2402 3089 2442; x_wconf 96' lang='lat'>:</span> <span class='ocrx_word' id='word_1_620' title='bbox 3112 2386 3254 2457; x_wconf 89' lang='lat' dir='ltr'>quia</span> <span class='ocrx_word' id='word_1_621' title='bbox 3280 2388 3624 2458; x_wconf 67' lang='lat' dir='ltr'>praeceptum</span> <span class='ocrx_word' id='word_1_622' title='bbox 3644 2373 3831 2437; x_wconf 86' lang='lat' dir='ltr'>Domini</span> 
     </span>
    </p>
   </div>
   <div class='ocr_carea' id='block_1_85' title="bbox 2240 2465 3832 2548">
    <p class='ocr_par' dir='ltr' id='par_1_85' title="bbox 2240 2465 3832 2548">
     <span class='ocr_line' id='line_1_85' title="bbox 2240 2465 3832 2548; baseline -0.007 -16"><span class='ocrx_word' id='word_1_623' title='bbox 2240 2495 2356 2534; x_wconf 91' lang='lat' dir='ltr'>non</span> <span class='ocrx_word' id='word_1_624' title='bbox 2383 2478 2578 2543; x_wconf 88' lang='lat' dir='ltr'>habet,</span> <span class='ocrx_word' id='word_1_625' title='bbox 2603 2481 2659 2533; x_wconf 89' lang='lat' dir='ltr'>et</span> <span class='ocrx_word' id='word_1_626' title='bbox 2680 2475 2833 2532; x_wconf 90' lang='lat' dir='ltr'>ultra</span> <span class='ocrx_word' id='word_1_627' title='bbox 2855 2476 3143 2548; x_wconf 85' lang='lat' dir='ltr'>imperata</span> <span class='ocrx_word' id='word_1_628' title='bbox 3164 2491 3228 2531; x_wconf 91' lang='lat' dir='ltr'>se</span> <span class='ocrx_word' id='word_1_629' title='bbox 3251 2472 3440 2532; x_wconf 85' lang='lat' dir='ltr'>tendit</span> <span class='ocrx_word' id='word_1_630' title='bbox 3458 2473 3506 2545; x_wconf 84' lang='grc' dir='ltr'>(Ι</span> <span class='ocrx_word' id='word_1_631' title='bbox 3518 2471 3631 2528; x_wconf 81' lang='lat' dir='ltr'>Cor.</span> <span class='ocrx_word' id='word_1_632' title='bbox 3648 2465 3832 2535; x_wconf 82' lang='lat' dir='ltr'>vn,25).</span> 
     </span>
    </p>
   </div>
   <div class='ocr_carea' id='block_1_86' title="bbox 2310 2555 3835 2638">
    <p class='ocr_par' dir='ltr' id='par_1_86' title="bbox 2310 2555 3835 2638">
     <span class='ocr_line' id='line_1_86' title="bbox 2310 2555 3835 2638; baseline -0.006 -19"><span class='ocrx_word' id='word_1_633' title='bbox 2310 2567 2497 2638; x_wconf 90' lang='lat' dir='ltr'>(Vers.</span> <span class='ocrx_word' id='word_1_634' title='bbox 2521 2567 2637 2637; x_wconf 84' lang='lat'>22.)</span> <span class='ocrx_word' id='word_1_635' title='bbox 2669 2589 2694 2617; x_wconf 83' lang='grc'><strong>‹‹</strong></span> <span class='ocrx_word' id='word_1_636' title='bbox 2720 2564 2906 2621; x_wconf 89' lang='lat' dir='ltr'>Simul</span> <span class='ocrx_word' id='word_1_637' title='bbox 2956 2569 3152 2621; x_wconf 88' lang='lat' dir='ltr'>autem</span> <span class='ocrx_word' id='word_1_638' title='bbox 3180 2569 3240 2621; x_wconf 91' lang='lat' dir='ltr'>et</span> <span class='ocrx_word' id='word_1_639' title='bbox 3284 2578 3545 2637; x_wconf 67' lang='lat' dir='ltr'>prepare</span> <span class='ocrx_word' id='word_1_640' title='bbox 3578 2555 3835 2617; x_wconf 80' lang='lat' dir='ltr'>mihihos-</span> 
     </span>
    </p>
   </div>
   <div class='ocr_carea' id='block_1_87' title="bbox 2241 2644 3834 2728">
    <p class='ocr_par' dir='ltr' id='par_1_87' title="bbox 2241 2644 3834 2728">
     <span class='ocr_line' id='line_1_87' title="bbox 2241 2644 3834 2728; baseline -0.008 -17"><span class='ocrx_word' id='word_1_641' title='bbox 2241 2656 2472 2728; x_wconf 83' lang='lat' dir='ltr'>pitium.</span> <span class='ocrx_word' id='word_1_642' title='bbox 2511 2678 2537 2705; x_wconf 84' lang='lat'>»</span> <span class='ocrx_word' id='word_1_643' title='bbox 2582 2655 2706 2711; x_wconf 91' lang='lat' dir='ltr'>Non</span> <span class='ocrx_word' id='word_1_644' title='bbox 2740 2658 2879 2726; x_wconf 88' lang='lat' dir='ltr'>puto</span> <span class='ocrx_word' id='word_1_645' title='bbox 2910 2658 3031 2711; x_wconf 89' lang='lat' dir='ltr'>tam</span> <span class='ocrx_word' id='word_1_646' title='bbox 3062 2654 3305 2711; x_wconf 87' lang='lat' dir='ltr'>divitem</span> <span class='ocrx_word' id='word_1_647' title='bbox 3337 2653 3516 2709; x_wconf 79' lang='lat' dir='ltr'>fuisse</span> <span class='ocrx_word' id='word_1_648' title='bbox 3541 2644 3834 2723; x_wconf 88' lang='lat' dir='ltr'>Apostolum</span> 
     </span>
    </p>
   </div>
   <div class='ocr_carea' id='block_1_88' title="bbox 2240 2732 3839 2816">
    <p class='ocr_par' dir='ltr' id='par_1_88' title="bbox 2240 2732 3839 2816">
     <span class='ocr_line' id='line_1_88' title="bbox 2240 2732 3839 2816; baseline -0.006 -15"><span class='ocrx_word' id='word_1_649' title='bbox 2240 2751 2297 2801; x_wconf 91' lang='lat' dir='ltr'>et</span> <span class='ocrx_word' id='word_1_650' title='bbox 2324 2746 2507 2800; x_wconf 87' lang='lat' dir='ltr'>tantis</span> <span class='ocrx_word' id='word_1_651' title='bbox 2553 2743 2801 2800; x_wconf 79' lang='lat' dir='ltr'>sarcinis</span> <span class='ocrx_word' id='word_1_652' title='bbox 2848 2747 3224 2816; x_wconf 88' lang='lat' dir='ltr'>occupatum,</span> <span class='ocrx_word' id='word_1_653' title='bbox 3258 2747 3325 2799; x_wconf 92' lang='lat' dir='ltr'>ut</span> <span class='ocrx_word' id='word_1_654' title='bbox 3352 2742 3660 2815; x_wconf 66' lang='lat' dir='ltr'>preparato</span> <span class='ocrx_word' id='word_1_655' title='bbox 3684 2732 3839 2807; x_wconf 68' lang='lat' dir='ltr'>egeret</span> 
     </span>
    </p>
   </div>
   <div class='ocr_carea' id='block_1_89' title="bbox 2242 2825 3839 2905">
    <p class='ocr_par' dir='ltr' id='par_1_89' title="bbox 2242 2825 3839 2905">
     <span class='ocr_line' id='line_1_89' title="bbox 2242 2825 3839 2905; baseline -0.01 -14"><span class='ocrx_word' id='word_1_656' title='bbox 2242 2832 2495 2905; x_wconf 89' lang='lat' dir='ltr'>hospitio</span> <span class='ocrx_word' id='word_1_657' title='bbox 2526 2834 2567 2899; x_wconf 79' lang='grc'>³,</span> <span class='ocrx_word' id='word_1_658' title='bbox 2624 2838 2682 2889; x_wconf 90' lang='lat' dir='ltr'>et</span> <span class='ocrx_word' id='word_1_659' title='bbox 2732 2850 2849 2889; x_wconf 89' lang='lat' dir='ltr'>non</span> <span class='ocrx_word' id='word_1_660' title='bbox 2896 2849 3016 2889; x_wconf 86' lang='lat' dir='ltr'>una</span> <span class='ocrx_word' id='word_1_661' title='bbox 3059 2836 3374 2888; x_wconf 89' lang='lat' dir='ltr'>contentus</span> <span class='ocrx_word' id='word_1_662' title='bbox 3427 2828 3649 2898; x_wconf 86' lang='lat' dir='ltr'>cellula,</span> <span class='ocrx_word' id='word_1_663' title='bbox 3676 2825 3839 2880; x_wconf 84' lang='lat' dir='ltr'>breves</span> 
     </span>
    </p>
   </div>
   <div class='ocr_carea' id='block_1_90' title="bbox 2243 2912 3838 2995">
    <p class='ocr_par' dir='ltr' id='par_1_90' title="bbox 2243 2912 3838 2995">
     <span class='ocr_line' id='line_1_90' title="bbox 2243 2912 3838 2995; baseline -0.01 -16"><span class='ocrx_word' id='word_1_664' title='bbox 2243 2923 2502 2995; x_wconf 91' lang='lat' dir='ltr'>corporis</span> <span class='ocrx_word' id='word_1_665' title='bbox 2532 2922 2624 2978; x_wconf 92' lang='lat' dir='ltr'>sui</span> <span class='ocrx_word' id='word_1_666' title='bbox 2648 2920 2835 2994; x_wconf 89' lang='lat' dir='ltr'>spatio</span> <span class='ocrx_word' id='word_1_667' title='bbox 2861 2922 3035 2992; x_wconf 69' lang='lat' dir='ltr'>aedes,</span> <span class='ocrx_word' id='word_1_668' title='bbox 3058 2920 3464 2992; x_wconf 87' lang='lat' dir='ltr'>amplissimas</span> <span class='ocrx_word' id='word_1_669' title='bbox 3494 2912 3838 2974; x_wconf 81' lang='lat' dir='ltr'>existimaret:</span> 
     </span>
    </p>
   </div>
   <div class='ocr_carea' id='block_1_91' title="bbox 2244 3002 3839 3083">
    <p class='ocr_par' dir='ltr' id='par_1_91' title="bbox 2244 3002 3839 3083">
     <span class='ocr_line' id='line_1_91' title="bbox 2244 3002 3839 3083; baseline -0.01 -15"><span class='ocrx_word' id='word_1_670' title='bbox 2244 3014 2345 3069; x_wconf 90' lang='lat' dir='ltr'>sed</span> <span class='ocrx_word' id='word_1_671' title='bbox 2395 3016 2460 3067; x_wconf 91' lang='lat' dir='ltr'>ut</span> <span class='ocrx_word' id='word_1_672' title='bbox 2503 3012 2645 3067; x_wconf 91' lang='lat' dir='ltr'>dum</span> <span class='ocrx_word' id='word_1_673' title='bbox 2677 3028 2812 3067; x_wconf 89' lang='lat' dir='ltr'>eum</span> <span class='ocrx_word' id='word_1_674' title='bbox 2842 3014 3138 3083; x_wconf 81' lang='lat' dir='ltr'>exspectat</span> <span class='ocrx_word' id='word_1_675' title='bbox 3168 3010 3280 3081; x_wconf 76' lang='grc' dir='ltr'>[Αἱ.</span> <span class='ocrx_word' id='word_1_676' title='bbox 3313 3007 3558 3082; x_wconf 87' lang='lat' dir='ltr'>spectat]</span> <span class='ocrx_word' id='word_1_677' title='bbox 3588 3002 3839 3060; x_wconf 83' lang='lat' dir='ltr'>Philemon</span> 
     </span>
    </p>
   </div>
   <div class='ocr_carea' id='block_1_92' title="bbox 2246 3091 3840 3171">
    <p class='ocr_par' dir='ltr' id='par_1_92' title="bbox 2246 3091 3840 3171">
     <span class='ocr_line' id='line_1_92' title="bbox 2246 3091 3840 3171; baseline -0.007 -14"><span class='ocrx_word' id='word_1_678' title='bbox 2246 3102 2320 3158; x_wconf 92' lang='lat' dir='ltr'>ad</span> <span class='ocrx_word' id='word_1_679' title='bbox 2370 3118 2431 3157; x_wconf 89' lang='lat' dir='ltr'>se</span> <span class='ocrx_word' id='word_1_680' title='bbox 2480 3117 2609 3157; x_wconf 90' lang='lat' dir='ltr'>esse</span> <span class='ocrx_word' id='word_1_681' title='bbox 2652 3105 2988 3170; x_wconf 90' lang='lat' dir='ltr'>venturum,</span> <span class='ocrx_word' id='word_1_682' title='bbox 3020 3099 3213 3171; x_wconf 88' lang='lat' dir='ltr'>magis</span> <span class='ocrx_word' id='word_1_683' title='bbox 3261 3099 3439 3155; x_wconf 77' lang='lat' dir='ltr'>iaciat</span> <span class='ocrx_word' id='word_1_684' title='bbox 3467 3095 3617 3169; x_wconf 90' lang='lat' dir='ltr'>quod</span> <span class='ocrx_word' id='word_1_685' title='bbox 3646 3091 3840 3163; x_wconf 73' lang='lat' dir='ltr'>rogatu!</span> 
     </span>
    </p>
   </div>
   <div class='ocr_carea' id='block_1_93' title="bbox 2247 3174 3843 3262">
    <p class='ocr_par' dir='ltr' id='par_1_93' title="bbox 2247 3174 3843 3262">
     <span class='ocr_line' id='line_1_93' title="bbox 2247 3174 3843 3262; baseline -0.011 -14"><span class='ocrx_word' id='word_1_686' title='bbox 2247 3196 2354 3249; x_wconf 91' lang='lat' dir='ltr'>est.</span> <span class='ocrx_word' id='word_1_687' title='bbox 2388 3191 2446 3247; x_wconf 92' lang='lat' dir='ltr'>Si</span> <span class='ocrx_word' id='word_1_688' title='bbox 2480 3195 2675 3245; x_wconf 91' lang='lat' dir='ltr'>autem</span> <span class='ocrx_word' id='word_1_689' title='bbox 2707 3189 2817 3245; x_wconf 77' lang='lat' dir='ltr'>hoc</span> <span class='ocrx_word' id='word_1_690' title='bbox 2848 3206 2962 3245; x_wconf 90' lang='lat' dir='ltr'>non</span> <span class='ocrx_word' id='word_1_691' title='bbox 2995 3187 3447 3262; x_wconf 82' lang='lat' dir='ltr'>dispensatoris,</span> <span class='ocrx_word' id='word_1_692' title='bbox 3470 3185 3569 3242; x_wconf 88' lang='lat' dir='ltr'>sed</span> <span class='ocrx_word' id='word_1_693' title='bbox 3596 3196 3717 3238; x_wconf 82' lang='lat' dir='ltr'>vero</span> <span class='ocrx_word' id='word_1_694' title='bbox 3742 3174 3843 3249; x_wconf 77' lang='lat' dir='ltr'>quis</span> 
     </span>
    </p>
   </div>
   <div class='ocr_carea' id='block_1_94' title="bbox 2246 3265 3842 3351">
    <p class='ocr_par' dir='ltr' id='par_1_94' title="bbox 2246 3265 3842 3351">
     <span class='ocr_line' id='line_1_94' title="bbox 2246 3265 3842 3351; baseline -0.005 -14"><span class='ocrx_word' id='word_1_695' title='bbox 2246 3280 2542 3337; x_wconf 81' lang='lat' dir='ltr'>existimat</span> <span class='ocrx_word' id='word_1_696' title='bbox 2584 3280 2961 3351; x_wconf 89' lang='lat' dir='ltr'>imperatum,</span> <span class='ocrx_word' id='word_1_697' title='bbox 2994 3282 3060 3334; x_wconf 89' lang='lat' dir='ltr'>ut</span> <span class='ocrx_word' id='word_1_698' title='bbox 3089 3276 3203 3334; x_wconf 91' lang='lat' dir='ltr'>sibi</span> <span class='ocrx_word' id='word_1_699' title='bbox 3233 3276 3560 3349; x_wconf 88' lang='lat' dir='ltr'>hospitium</span> <span class='ocrx_word' id='word_1_700' title='bbox 3587 3265 3842 3345; x_wconf 61' lang='lat' dir='ltr'>praparel:</span> 
     </span>
    </p>
   </div>
   <div class='ocr_carea' id='block_1_95' title="bbox 2245 3366 3846 3443">
    <p class='ocr_par' dir='ltr' id='par_1_95' title="bbox 2245 3366 3846 3443">
     <span class='ocr_line' id='line_1_95' title="bbox 2245 3366 3846 3443; baseline -0.009 -18"><span class='ocrx_word' id='word_1_701' title='bbox 2245 3370 2506 3443; x_wconf 90' lang='lat' dir='ltr'>apostolo</span> <span class='ocrx_word' id='word_1_702' title='bbox 2557 3369 2745 3441; x_wconf 88' lang='lat' dir='ltr'>magis</span> <span class='ocrx_word' id='word_1_703' title='bbox 2774 3384 2952 3440; x_wconf 88' lang='lat' dir='ltr'>quam</span> <span class='ocrx_word' id='word_1_704' title='bbox 2983 3366 3162 3424; x_wconf 87' lang='lat' dir='ltr'>Paulo</span> <span class='ocrx_word' id='word_1_705' title='bbox 3202 3366 3532 3438; x_wconf 88' lang='lat' dir='ltr'>hospitium</span> <span class='ocrx_word' id='word_1_706' title='bbox 3564 3368 3846 3434; x_wconf 65' lang='lat' dir='ltr'>praeparan-</span> 
     </span>
    </p>
   </div>
   <div class='ocr_carea' id='block_1_96' title="bbox 2244 3443 3846 3521">
    <p class='ocr_par' dir='ltr' id='par_1_96' title="bbox 2244 3443 3846 3521">
     <span class='ocr_line' id='line_1_96' title="bbox 2244 3443 3846 3521; baseline -0.011 -7"><span class='ocrx_word' id='word_1_707' title='bbox 2244 3460 2386 3514; x_wconf 92' lang='lat' dir='ltr'>dum</span> <span class='ocrx_word' id='word_1_708' title='bbox 2436 3462 2543 3514; x_wconf 91' lang='lat' dir='ltr'>est.</span> <span class='ocrx_word' id='word_1_709' title='bbox 2575 3456 2873 3513; x_wconf 87' lang='lat' dir='ltr'>Venturus</span> <span class='ocrx_word' id='word_1_710' title='bbox 2913 3457 2986 3513; x_wconf 89' lang='lat' dir='ltr'>ad</span> <span class='ocrx_word' id='word_1_711' title='bbox 3017 3472 3227 3512; x_wconf 89' lang='lat' dir='ltr'>novam</span> <span class='ocrx_word' id='word_1_712' title='bbox 3264 3455 3584 3519; x_wconf 89' lang='lat' dir='ltr'>civitatem,</span> <span class='ocrx_word' id='word_1_713' title='bbox 3613 3443 3846 3521; x_wconf 64' lang='lat' dir='ltr'>pradica-</span> 
     </span>
    </p>
   </div>
   <div class='ocr_carea' id='block_1_97' title="bbox 2245 3537 3847 3617">
    <p class='ocr_par' dir='ltr' id='par_1_97' title="bbox 2245 3537 3847 3617">
     <span class='ocr_line' id='line_1_97' title="bbox 2245 3537 3847 3617; baseline -0.011 -14"><span class='ocrx_word' id='word_1_714' title='bbox 2245 3553 2412 3604; x_wconf 91' lang='lat' dir='ltr'>turus</span> <span class='ocrx_word' id='word_1_715' title='bbox 2458 3546 2833 3613; x_wconf 84' lang='lat' dir='ltr'>Crucilixum,</span> <span class='ocrx_word' id='word_1_716' title='bbox 2866 3551 2924 3602; x_wconf 88' lang='lat' dir='ltr'>et</span> <span class='ocrx_word' id='word_1_717' title='bbox 2957 3545 3225 3602; x_wconf 88' lang='lat' dir='ltr'>inaudita</span> <span class='ocrx_word' id='word_1_718' title='bbox 3254 3546 3537 3617; x_wconf 83' lang='lat' dir='ltr'>dogmata</span> <span class='ocrx_word' id='word_1_719' title='bbox 3565 3537 3847 3596; x_wconf 80' lang='lat' dir='ltr'>delaturus,</span> 
     </span>
    </p>
   </div>
   <div class='ocr_carea' id='block_1_98' title="bbox 2243 3630 3847 3706">
    <p class='ocr_par' dir='ltr' id='par_1_98' title="bbox 2243 3630 3847 3706">
     <span class='ocr_line' id='line_1_98' title="bbox 2243 3630 3847 3706; baseline -0.009 -13"><span class='ocrx_word' id='word_1_720' title='bbox 2243 3636 2465 3693; x_wconf 88' lang='lat' dir='ltr'>sciebat</span> <span class='ocrx_word' id='word_1_721' title='bbox 2516 3635 2588 3690; x_wconf 91' lang='lat' dir='ltr'>ad</span> <span class='ocrx_word' id='word_1_722' title='bbox 2641 3651 2704 3691; x_wconf 89' lang='lat' dir='ltr'>se</span> <span class='ocrx_word' id='word_1_723' title='bbox 2751 3635 3039 3706; x_wconf 88' lang='lat' dir='ltr'>plurimos</span> <span class='ocrx_word' id='word_1_724' title='bbox 3086 3648 3520 3691; x_wconf 84' lang='lat' dir='ltr'>concursuros:</span> <span class='ocrx_word' id='word_1_725' title='bbox 3569 3633 3624 3685; x_wconf 88' lang='lat' dir='ltr'>et</span> <span class='ocrx_word' id='word_1_726' title='bbox 3650 3630 3847 3682; x_wconf 73' lang='lat' dir='ltr'>necesse</span> 
     </span>
    </p>
   </div>
   <div class='ocr_carea' id='block_1_99' title="bbox 2240 3711 3846 3806">
    <p class='ocr_par' dir='ltr' id='par_1_99' title="bbox 2240 3711 3846 3806">
     <span class='ocr_line' id='line_1_99' title="bbox 2240 3711 3846 3806; baseline -0.011 -24"><span class='ocrx_word' id='word_1_727' title='bbox 2240 3731 2363 3783; x_wconf 91' lang='lat' dir='ltr'>erat</span> <span class='ocrx_word' id='word_1_728' title='bbox 2391 3727 2672 3798; x_wconf 91' lang='lat' dir='ltr'>primum,</span> <span class='ocrx_word' id='word_1_729' title='bbox 2695 3728 2763 3780; x_wconf 87' lang='lat' dir='ltr'>ut</span> <span class='ocrx_word' id='word_1_730' title='bbox 2791 3724 3003 3779; x_wconf 89' lang='lat' dir='ltr'>domus</span> <span class='ocrx_word' id='word_1_731' title='bbox 3033 3722 3089 3778; x_wconf 91' lang='lat' dir='ltr'>in</span> <span class='ocrx_word' id='word_1_732' title='bbox 3123 3722 3338 3779; x_wconf 87' lang='lat' dir='ltr'>celebri</span> <span class='ocrx_word' id='word_1_733' title='bbox 3367 3725 3522 3779; x_wconf 88' lang='lat' dir='ltr'>esset</span> <span class='ocrx_word' id='word_1_734' title='bbox 3550 3715 3707 3806; x_wconf 84' lang='lat' dir='ltr'>urbis</span> <span class='ocrx_word' id='word_1_735' title='bbox 3731 3711 3846 3806; x_wconf 73' lang='lat' dir='ltr'>loco,</span> 
     </span>
    </p>
   </div>
   <div class='ocr_carea' id='block_1_100' title="bbox 2240 3804 3848 3887">
    <p class='ocr_par' dir='ltr' id='par_1_100' title="bbox 2240 3804 3848 3887">
     <span class='ocr_line' id='line_1_100' title="bbox 2240 3804 3848 3887; baseline -0.011 -16"><span class='ocrx_word' id='word_1_736' title='bbox 2240 3817 2313 3871; x_wconf 90' lang='lat' dir='ltr'>ad</span> <span class='ocrx_word' id='word_1_737' title='bbox 2365 3831 2543 3887; x_wconf 89' lang='lat' dir='ltr'>quam</span> <span class='ocrx_word' id='word_1_738' title='bbox 2588 3812 2755 3870; x_wconf 86' lang='lat' dir='ltr'>facile</span> <span class='ocrx_word' id='word_1_739' title='bbox 2793 3812 3222 3869; x_wconf 90' lang='lat' dir='ltr'>conveniretur.</span> <span class='ocrx_word' id='word_1_740' title='bbox 3256 3811 3502 3877; x_wconf 90' lang='lat' dir='ltr'>Deinde,</span> <span class='ocrx_word' id='word_1_741' title='bbox 3533 3812 3597 3864; x_wconf 89' lang='lat' dir='ltr'>ut</span> <span class='ocrx_word' id='word_1_742' title='bbox 3625 3804 3693 3861; x_wconf 88' lang='lat' dir='ltr'>ab</span> <span class='ocrx_word' id='word_1_743' title='bbox 3720 3804 3848 3857; x_wconf 76' lang='lat' dir='ltr'>omni</span> 
     </span>
    </p>
   </div>
   <div class='ocr_carea' id='block_1_101' title="bbox 2237 3894 3849 3976">
    <p class='ocr_par' dir='ltr' id='par_1_101' title="bbox 2237 3894 3849 3976">
     <span class='ocr_line' id='line_1_101' title="bbox 2237 3894 3849 3976; baseline -0.009 -16"><span class='ocrx_word' id='word_1_744' title='bbox 2237 3904 2318 3960; x_wconf 92' lang='lat' dir='ltr'>im</span> <span class='ocrx_word' id='word_1_745' title='bbox 2326 3904 2744 3976; x_wconf 89' lang='lat' dir='ltr'>portunitatate</span> <span class='ocrx_word' id='word_1_746' title='bbox 2764 3918 2946 3958; x_wconf 88' lang='lat' dir='ltr'>vacua</span> <span class='ocrx_word' id='word_1_747' title='bbox 2968 3919 2981 3958; x_wconf 89' lang='lat'>:</span> <span class='ocrx_word' id='word_1_748' title='bbox 3007 3906 3072 3958; x_wconf 89' lang='lat' dir='ltr'>ut</span> <span class='ocrx_word' id='word_1_749' title='bbox 3092 3901 3316 3974; x_wconf 90' lang='lat' dir='ltr'>ampla,</span> <span class='ocrx_word' id='word_1_750' title='bbox 3340 3916 3470 3973; x_wconf 73' lang='lat' dir='ltr'>qum</span> <span class='ocrx_word' id='word_1_751' title='bbox 3491 3894 3761 3971; x_wconf 89' lang='lat' dir='ltr'>plurimos</span> <span class='ocrx_word' id='word_1_752' title='bbox 3777 3901 3849 3976; x_wconf 62' lang='lat' dir='ltr'>ca-</span> 
     </span>
    </p>
   </div>
   <div class='ocr_carea' id='block_1_102' title="bbox 2239 3975 3846 4065">
    <p class='ocr_par' dir='ltr' id='par_1_102' title="bbox 2239 3975 3846 4065">
     <span class='ocr_line' id='line_1_102' title="bbox 2239 3975 3846 4065; baseline -0.01 -16"><span class='ocrx_word' id='word_1_753' title='bbox 2239 3975 2399 4065; x_wconf 86' lang='lat' dir='ltr'>peret</span> <span class='ocrx_word' id='word_1_754' title='bbox 2419 3991 2814 4048; x_wconf 89' lang='lat' dir='ltr'>audientium:</span> <span class='ocrx_word' id='word_1_755' title='bbox 2834 4007 2907 4046; x_wconf 88' lang='lat' dir='ltr'>ne</span> <span class='ocrx_word' id='word_1_756' title='bbox 2927 3989 3194 4062; x_wconf 85' lang='lat' dir='ltr'>proxima</span> <span class='ocrx_word' id='word_1_757' title='bbox 3213 3985 3683 4063; x_wconf 86' lang='lat' dir='ltr'>spectaculorum</span> <span class='ocrx_word' id='word_1_758' title='bbox 3706 3975 3846 4034; x_wconf 77' lang='lat' dir='ltr'>locis:</span> 
     </span>
    </p>
   </div>
   <div class='ocr_carea' id='block_1_103' title="bbox 2239 4066 3851 4152">
    <p class='ocr_par' dir='ltr' id='par_1_103' title="bbox 2239 4066 3851 4152">
     <span class='ocr_line' id='line_1_103' title="bbox 2239 4066 3851 4152; baseline -0.009 -16"><span class='ocrx_word' id='word_1_759' title='bbox 2239 4098 2311 4136; x_wconf 88' lang='lat' dir='ltr'>ne</span> <span class='ocrx_word' id='word_1_760' title='bbox 2339 4081 2497 4152; x_wconf 91' lang='lat' dir='ltr'>turpi</span> <span class='ocrx_word' id='word_1_761' title='bbox 2524 4079 2738 4137; x_wconf 90' lang='lat' dir='ltr'>vicinia</span> <span class='ocrx_word' id='word_1_762' title='bbox 2758 4077 3158 4135; x_wconf 88' lang='lat' dir='ltr'>detestabilis:</span> <span class='ocrx_word' id='word_1_763' title='bbox 3196 4083 3501 4151; x_wconf 85' lang='lat' dir='ltr'>postremo</span> <span class='ocrx_word' id='word_1_764' title='bbox 3532 4078 3599 4131; x_wconf 88' lang='lat' dir='ltr'>ut</span> <span class='ocrx_word' id='word_1_765' title='bbox 3624 4070 3681 4127; x_wconf 90' lang='lat' dir='ltr'>in</span> <span class='ocrx_word' id='word_1_766' title='bbox 3712 4066 3851 4141; x_wconf 85' lang='lat' dir='ltr'>plano</span> 
     </span>
    </p>
   </div>
   <div class='ocr_carea' id='block_1_104' title="bbox 2239 4159 3850 4242">
    <p class='ocr_par' dir='ltr' id='par_1_104' title="bbox 2239 4159 3850 4242">
     <span class='ocr_line' id='line_1_104' title="bbox 2239 4159 3850 4242; baseline -0.01 -16"><span class='ocrx_word' id='word_1_767' title='bbox 2239 4170 2429 4242; x_wconf 89' lang='lat' dir='ltr'>potius</span> <span class='ocrx_word' id='word_1_768' title='bbox 2457 4174 2613 4226; x_wconf 89' lang='lat' dir='ltr'>esset</span> <span class='ocrx_word' id='word_1_769' title='bbox 2638 4169 2752 4225; x_wconf 88' lang='lat' dir='ltr'>sita</span> <span class='ocrx_word' id='word_1_770' title='bbox 2783 4184 2959 4240; x_wconf 90' lang='lat' dir='ltr'>quam</span> <span class='ocrx_word' id='word_1_771' title='bbox 2990 4166 3049 4223; x_wconf 91' lang='lat' dir='ltr'>in</span> <span class='ocrx_word' id='word_1_772' title='bbox 3080 4167 3410 4224; x_wconf 75' lang='lat' dir='ltr'>cmnaeulo.</span> <span class='ocrx_word' id='word_1_773' title='bbox 3433 4167 3621 4232; x_wconf 87' lang='lat' dir='ltr'>Quam</span> <span class='ocrx_word' id='word_1_774' title='bbox 3647 4159 3715 4215; x_wconf 88' lang='lat' dir='ltr'>ob</span> <span class='ocrx_word' id='word_1_775' title='bbox 3739 4167 3850 4211; x_wconf 79' lang='lat' dir='ltr'>can-</span> 
     </span>
    </p>
   </div>
   <div class='ocr_carea' id='block_1_105' title="bbox 2235 4251 3852 4314">
    <p class='ocr_par' dir='ltr' id='par_1_105' title="bbox 2235 4251 3852 4314">
     <span class='ocr_line' id='line_1_105' title="bbox 2235 4251 3852 4314; baseline -0.007 0"><span class='ocrx_word' id='word_1_776' title='bbox 2235 4275 2363 4314; x_wconf 90' lang='lat' dir='ltr'>sam</span> <span class='ocrx_word' id='word_1_777' title='bbox 2393 4275 2528 4314; x_wconf 92' lang='lat' dir='ltr'>eum</span> <span class='ocrx_word' id='word_1_778' title='bbox 2557 4257 2829 4314; x_wconf 86' lang='lat' dir='ltr'>existimo</span> <span class='ocrx_word' id='word_1_779' title='bbox 2859 4257 3036 4313; x_wconf 87' lang='lat' dir='ltr'>etiam</span> <span class='ocrx_word' id='word_1_780' title='bbox 3070 4256 3270 4313; x_wconf 63' lang='lat' dir='ltr'>Romae</span> <span class='ocrx_word' id='word_1_781' title='bbox 3308 4255 3371 4312; x_wconf 88' lang='lat' dir='ltr'>in</span> <span class='ocrx_word' id='word_1_782' title='bbox 3403 4251 3687 4311; x_wconf 89' lang='lat' dir='ltr'>conducto</span> <span class='ocrx_word' id='word_1_783' title='bbox 3714 4256 3852 4301; x_wconf 73' lang='lat' dir='ltr'>man-</span> 
     </span>
    </p>
   </div>
   <div class='ocr_carea' id='block_1_106' title="bbox 2236 4342 3848 4429">
    <p class='ocr_par' dir='ltr' id='par_1_106' title="bbox 2236 4342 3848 4429">
     <span class='ocr_line' id='line_1_106' title="bbox 2236 4342 3848 4429; baseline -0.006 -26"><span class='ocrx_word' id='word_1_784' title='bbox 2236 4347 2383 4404; x_wconf 88' lang='lat' dir='ltr'>sisse</span> <span class='ocrx_word' id='word_1_785' title='bbox 2431 4346 2731 4403; x_wconf 90' lang='lat' dir='ltr'>biennium</span> <span class='ocrx_word' id='word_1_786' title='bbox 2782 4347 2889 4418; x_wconf 75' lang='lat' dir='ltr'>[AL</span> <span class='ocrx_word' id='word_1_787' title='bbox 2923 4344 3202 4416; x_wconf 88' lang='lat' dir='ltr'>biennio].</span> <span class='ocrx_word' id='word_1_788' title='bbox 3236 4346 3359 4402; x_wconf 89' lang='lat' dir='ltr'>Nec</span> <span class='ocrx_word' id='word_1_789' title='bbox 3409 4358 3609 4417; x_wconf 86' lang='lat' dir='ltr'>parva,</span> <span class='ocrx_word' id='word_1_790' title='bbox 3640 4342 3848 4429; x_wconf 90' lang='lat' dir='ltr'>ut</span> 
     </span>
    </p>
   </div>
   <div class='ocr_carea' id='block_1_107' title="bbox 2234 4418 3852 4508">
    <p class='ocr_par' dir='ltr' id='par_1_107' title="bbox 2234 4418 3852 4508">
     <span class='ocr_line' id='line_1_107' title="bbox 2234 4418 3852 4508; baseline -0.011 -15"><span class='ocrx_word' id='word_1_791' title='bbox 2234 4440 2359 4494; x_wconf 87' lang='lat' dir='ltr'>erat</span> <span class='ocrx_word' id='word_1_792' title='bbox 2388 4436 2638 4504; x_wconf 89' lang='lat' dir='ltr'>mansio,</span> <span class='ocrx_word' id='word_1_793' title='bbox 2670 4436 2743 4491; x_wconf 90' lang='lat' dir='ltr'>ad</span> <span class='ocrx_word' id='word_1_794' title='bbox 2775 4451 2954 4508; x_wconf 87' lang='lat' dir='ltr'>quam</span> <span class='ocrx_word' id='word_1_795' title='bbox 2991 4434 3340 4491; x_wconf 73' lang='lat' dir='ltr'>Judaeorum</span> <span class='ocrx_word' id='word_1_796' title='bbox 3391 4431 3578 4489; x_wconf 62' lang='lat' dir='ltr'>turba</span> <span class='ocrx_word' id='word_1_797' title='bbox 3628 4418 3852 4500; x_wconf 79' lang='lat' dir='ltr'>quotidie</span> 
     </span>
    </p>
   </div>
   <div class='ocr_carea' id='block_1_108' title="bbox 2150 4524 2621 4608">
    <p class='ocr_par' dir='ltr' id='par_1_108' title="bbox 2150 4524 2621 4608">
     <span class='ocr_line' id='line_1_108' title="bbox 2150 4524 2621 4608; baseline -0.002 -28"><span class='ocrx_word' id='word_1_798' title='bbox 2150 4544 2197 4608; x_wconf 73' lang='grc' dir='ltr'>υ</span> <span class='ocrx_word' id='word_1_799' title='bbox 2232 4524 2621 4582; x_wconf 87' lang='lat' dir='ltr'>conﬂuebant.</span> 
     </span>
    </p>
   </div>
   <div class='ocr_carea' id='block_1_109' title="bbox 2302 4599 3851 4687">
    <p class='ocr_par' dir='ltr' id='par_1_109' title="bbox 2302 4599 3851 4687">
     <span class='ocr_line' id='line_1_109' title="bbox 2302 4599 3851 4687; baseline -0.01 -17"><span class='ocrx_word' id='word_1_800' title='bbox 2302 4636 2331 4665; x_wconf 87' lang='lat'><strong>«</strong></span> <span class='ocrx_word' id='word_1_801' title='bbox 2359 4619 2535 4687; x_wconf 90' lang='lat' dir='ltr'>Spero</span> <span class='ocrx_word' id='word_1_802' title='bbox 2587 4614 2744 4670; x_wconf 88' lang='lat' dir='ltr'>enim</span> <span class='ocrx_word' id='word_1_803' title='bbox 2794 4629 2897 4686; x_wconf 89' lang='lat' dir='ltr'>per</span> <span class='ocrx_word' id='word_1_804' title='bbox 2945 4612 3241 4670; x_wconf 85' lang='lat' dir='ltr'>orationes</span> <span class='ocrx_word' id='word_1_805' title='bbox 3292 4615 3528 4669; x_wconf 84' lang='lat' dir='ltr'>vestras</span> <span class='ocrx_word' id='word_1_806' title='bbox 3557 4599 3751 4664; x_wconf 85' lang='lat' dir='ltr'>donari</span> <span class='ocrx_word' id='word_1_807' title='bbox 3775 4606 3851 4687; x_wconf 64' lang='lat' dir='ltr'>me</span> 
     </span>
    </p>
   </div>
   <div class='ocr_carea' id='block_1_110' title="bbox 2220 4686 3852 4774">
    <p class='ocr_par' dir='ltr' id='par_1_110' title="bbox 2220 4686 3852 4774">
     <span class='ocr_line' id='line_1_110' title="bbox 2220 4686 3852 4774; baseline -0.005 -16"><span class='ocrx_word' id='word_1_808' title='bbox 2220 4686 2413 4759; x_wconf 68' lang='lat' dir='ltr'>vobis.</span> <span class='ocrx_word' id='word_1_809' title='bbox 2442 4727 2471 4753; x_wconf 83' lang='grc'>››</span> <span class='ocrx_word' id='word_1_810' title='bbox 2528 4702 2737 4759; x_wconf 86' lang='lat' dir='ltr'>Filium</span> <span class='ocrx_word' id='word_1_811' title='bbox 2789 4702 2967 4771; x_wconf 88' lang='lat' dir='ltr'>Patri,</span> <span class='ocrx_word' id='word_1_812' title='bbox 3002 4703 3161 4759; x_wconf 92' lang='lat' dir='ltr'>Deus</span> <span class='ocrx_word' id='word_1_813' title='bbox 3210 4706 3460 4774; x_wconf 87' lang='lat' dir='ltr'>rogatus</span> <span class='ocrx_word' id='word_1_814' title='bbox 3507 4693 3780 4765; x_wconf 75' lang='lat' dir='ltr'>indulget,</span> <span class='ocrx_word' id='word_1_815' title='bbox 3805 4686 3852 4740; x_wconf 57' lang='grc' dir='ltr'>οἵ</span> 
     </span>
    </p>
   </div>
   <div class='ocr_carea' id='block_1_111' title="bbox 2221 4774 3849 4865">
    <p class='ocr_par' dir='ltr' id='par_1_111' title="bbox 2221 4774 3849 4865">
     <span class='ocr_line' id='line_1_111' title="bbox 2221 4774 3849 4865; baseline -0.007 -18"><span class='ocrx_word' id='word_1_816' title='bbox 2221 4793 2398 4849; x_wconf 88' lang='lat' dir='ltr'>frater</span> <span class='ocrx_word' id='word_1_817' title='bbox 2453 4809 2605 4865; x_wconf 65' lang='lat' dir='ltr'>saepe</span> <span class='ocrx_word' id='word_1_818' title='bbox 2664 4791 2859 4848; x_wconf 89' lang='lat' dir='ltr'>fratris</span> <span class='ocrx_word' id='word_1_819' title='bbox 2915 4792 3176 4848; x_wconf 89' lang='lat' dir='ltr'>oratione</span> <span class='ocrx_word' id='word_1_820' title='bbox 3228 4794 3524 4847; x_wconf 88' lang='lat' dir='ltr'>servatur.</span> <span class='ocrx_word' id='word_1_821' title='bbox 3569 4774 3849 4865; x_wconf 47' lang='lat' dir='ltr'>Apostolut</span> 
     </span>
    </p>
   </div>
   <div class='ocr_carea' id='block_1_112' title="bbox 2221 4861 3851 4952">
    <p class='ocr_par' dir='ltr' id='par_1_112' title="bbox 2221 4861 3851 4952">
     <span class='ocr_line' id='line_1_112' title="bbox 2221 4861 3851 4952; baseline -0.007 -15"><span class='ocrx_word' id='word_1_822' title='bbox 2221 4888 2418 4938; x_wconf 88' lang='lat' dir='ltr'>autem</span> <span class='ocrx_word' id='word_1_823' title='bbox 2481 4861 2662 4937; x_wconf 81' lang='lat' dir='ltr'>totius</span> <span class='ocrx_word' id='word_1_824' title='bbox 2719 4881 2986 4937; x_wconf 61' lang='lat' dir='ltr'>Ecclesia</span> <span class='ocrx_word' id='word_1_825' title='bbox 3064 4881 3343 4952; x_wconf 90' lang='lat' dir='ltr'>precibus</span> <span class='ocrx_word' id='word_1_826' title='bbox 3402 4873 3754 4935; x_wconf 89' lang='lat' dir='ltr'>conceditur,</span> <span class='ocrx_word' id='word_1_827' title='bbox 3792 4861 3851 4919; x_wconf 84' lang='lat' dir='ltr'>ob</span> 
     </span>
    </p>
   </div>
   <div class='ocr_carea' id='block_1_113' title="bbox 2217 4962 3850 5043">
    <p class='ocr_par' dir='ltr' id='par_1_113' title="bbox 2217 4962 3850 5043">
     <span class='ocr_line' id='line_1_113' title="bbox 2217 4962 3850 5043; baseline -0.006 -17"><span class='ocrx_word' id='word_1_828' title='bbox 2217 4988 2422 5026; x_wconf 91' lang='lat' dir='ltr'>eorum</span> <span class='ocrx_word' id='word_1_829' title='bbox 2455 4971 2555 5043; x_wconf 91' lang='lat' dir='ltr'>qui</span> <span class='ocrx_word' id='word_1_830' title='bbox 2606 4987 2738 5026; x_wconf 89' lang='lat' dir='ltr'>eum</span> <span class='ocrx_word' id='word_1_831' title='bbox 2777 4970 3035 5026; x_wconf 88' lang='lat' dir='ltr'>audituri</span> <span class='ocrx_word' id='word_1_832' title='bbox 3083 4974 3223 5025; x_wconf 90' lang='lat' dir='ltr'>sunt</span> <span class='ocrx_word' id='word_1_833' title='bbox 3252 4967 3577 5024; x_wconf 85' lang='lat' dir='ltr'>utilitatem</span> <span class='ocrx_word' id='word_1_834' title='bbox 3605 4962 3739 5031; x_wconf 78' lang='lat' dir='ltr'>(Act.</span> <span class='ocrx_word' id='word_1_835' title='bbox 3767 4967 3850 5017; x_wconf 67' lang='grc' dir='ltr'>ιιι»</span> 
     </span>
    </p>
   </div>
   <div class='ocr_carea' id='block_1_114' title="bbox 2210 5051 3847 5129">
    <p class='ocr_par' dir='ltr' id='par_1_114' title="bbox 2210 5051 3847 5129">
     <span class='ocr_line' id='line_1_114' title="bbox 2210 5051 3847 5129; baseline -0.009 -17"><span class='ocrx_word' id='word_1_836' title='bbox 2210 5060 2381 5127; x_wconf 84' lang='grc'>5-15).</span> <span class='ocrx_word' id='word_1_837' title='bbox 2415 5059 2481 5114; x_wconf 88' lang='lat' dir='ltr'>Et</span> <span class='ocrx_word' id='word_1_838' title='bbox 2510 5059 2618 5114; x_wconf 90' lang='lat' dir='ltr'>hoc</span> <span class='ocrx_word' id='word_1_839' title='bbox 2648 5059 2891 5129; x_wconf 91' lang='lat' dir='ltr'>donum,</span> <span class='ocrx_word' id='word_1_840' title='bbox 2932 5076 3046 5114; x_wconf 90' lang='lat' dir='ltr'>non</span> <span class='ocrx_word' id='word_1_841' title='bbox 3078 5064 3199 5114; x_wconf 90' lang='lat' dir='ltr'>tam</span> <span class='ocrx_word' id='word_1_842' title='bbox 3230 5058 3294 5113; x_wconf 92' lang='lat' dir='ltr'>in</span> <span class='ocrx_word' id='word_1_843' title='bbox 3324 5072 3475 5113; x_wconf 66' lang='lat' dir='ltr'>eum.</span> <span class='ocrx_word' id='word_1_844' title='bbox 3495 5051 3710 5109; x_wconf 88' lang='lat' dir='ltr'>dicitur</span> <span class='ocrx_word' id='word_1_845' title='bbox 3736 5054 3847 5101; x_wconf 82' lang='lat' dir='ltr'>esse</span> 
     </span>
    </p>
   </div>
   <div class='ocr_carea' id='block_1_115' title="bbox 2210 5135 3842 5221">
    <p class='ocr_par' dir='ltr' id='par_1_115' title="bbox 2210 5135 3842 5221">
     <span class='ocr_line' id='line_1_115' title="bbox 2210 5135 3842 5221; baseline -0.01 -17"><span class='ocrx_word' id='word_1_846' title='bbox 2210 5148 2310 5221; x_wconf 91' lang='lat' dir='ltr'>qui</span> <span class='ocrx_word' id='word_1_847' title='bbox 2329 5148 2587 5204; x_wconf 87' lang='lat' dir='ltr'>defertur</span> <span class='ocrx_word' id='word_1_848' title='bbox 2609 5148 2717 5217; x_wconf 82' lang='lat' dir='ltr'>[AL</span> <span class='ocrx_word' id='word_1_849' title='bbox 2741 5147 3026 5219; x_wconf 75' lang='lat' dir='ltr'>differtur]</span> <span class='ocrx_word' id='word_1_850' title='bbox 3050 5165 3083 5203; x_wconf 91' lang='lat' dir='ltr'>a</span> <span class='ocrx_word' id='word_1_851' title='bbox 3111 5145 3393 5219; x_wconf 77' lang='lat' dir='ltr'>martyrio</span> <span class='ocrx_word' id='word_1_852' title='bbox 3417 5144 3491 5201; x_wconf 88' lang='lat' dir='ltr'>ad</span> <span class='ocrx_word' id='word_1_853' title='bbox 3516 5135 3842 5208; x_wconf 82' lang='lat' dir='ltr'>martyrium</span> 
     </span>
    </p>
   </div>
   <div class='ocr_carea' id='block_1_116' title="bbox 2207 5300 3837 5379">
    <p class='ocr_par' dir='ltr' id='par_1_116' title="bbox 2207 5300 3837 5379">
     <span class='ocr_line' id='line_1_116' title="bbox 2207 5300 3837 5379; baseline 0.006 -15"><span class='ocrx_word' id='word_1_854' title='bbox 2207 5311 2368 5377; x_wconf 73' lang='lat' dir='ltr'>tium,</span> <span class='ocrx_word' id='word_1_855' title='bbox 2433 5308 2572 5365; x_wconf 79' lang='lat' dir='ltr'>aedes</span> <span class='ocrx_word' id='word_1_856' title='bbox 2636 5309 3006 5378; x_wconf 73' lang='lat' dir='ltr'>amplissimas</span> <span class='ocrx_word' id='word_1_857' title='bbox 3069 5308 3437 5379; x_wconf 60' lang='lat' dir='ltr'>existimaret.</span> <span class='ocrx_word' id='word_1_858' title='bbox 3498 5300 3837 5379; x_wconf 64' lang='grc' dir='ltr'>ΙωΡτθὲεδξη</span> 
     </span>
    </p>
   </div>
   <div class='ocr_carea' id='block_1_117' title="bbox 2207 5366 3839 5452">
    <p class='ocr_par' dir='ltr' id='par_1_117' title="bbox 2207 5366 3839 5452">
     <span class='ocr_line' id='line_1_117' title="bbox 2207 5366 3839 5452; baseline -0.008 -18"><span class='ocrx_word' id='word_1_859' title='bbox 2207 5366 2511 5436; x_wconf 82' lang='lat' dir='ltr'>lectionem</span> <span class='ocrx_word' id='word_1_860' title='bbox 2544 5366 2802 5436; x_wconf 80' lang='lat' dir='ltr'>restituit</span> <span class='ocrx_word' id='word_1_861' title='bbox 2824 5380 3183 5452; x_wconf 89' lang='lat' dir='ltr'>jampridem</span> <span class='ocrx_word' id='word_1_862' title='bbox 3212 5376 3536 5440; x_wconf 90' lang='lat' dir='ltr'>Victorius,</span> <span class='ocrx_word' id='word_1_863' title='bbox 3568 5366 3839 5452; x_wconf 44' lang='lat' dir='ltr'>duplicat:</span> 
     </span>
    </p>
   </div>
   <div class='ocr_carea' id='block_1_118' title="bbox 2208 5446 3842 5529">
    <p class='ocr_par' dir='ltr' id='par_1_118' title="bbox 2208 5446 3842 5529">
     <span class='ocr_line' id='line_1_118' title="bbox 2208 5446 3842 5529; baseline -0.01 -20"><span class='ocrx_word' id='word_1_864' title='bbox 2208 5469 2320 5529; x_wconf 81' lang='lat' dir='ltr'>que</span> <span class='ocrx_word' id='word_1_865' title='bbox 2368 5454 2579 5529; x_wconf 78' lang='lat' dir='ltr'>ita,_ut</span> <span class='ocrx_word' id='word_1_866' title='bbox 2624 5446 3231 5529; x_wconf 58' lang='lat' dir='ltr'>etiam_&#39;brevissimas</span> <span class='ocrx_word' id='word_1_867' title='bbox 3286 5453 3346 5529; x_wconf 69' lang='lat' dir='ltr'>et</span> <span class='ocrx_word' id='word_1_868' title='bbox 3403 5446 3842 5529; x_wconf 51' lang='lat' dir='ltr'>angustissimas</span> 
     </span>
    </p>
   </div>
   <div class='ocr_carea' id='block_1_119' title="bbox 2207 5518 3842 5599">
    <p class='ocr_par' dir='ltr' id='par_1_119' title="bbox 2207 5518 3842 5599">
     <span class='ocr_line' id='line_1_119' title="bbox 2207 5518 3842 5599; baseline -0.009 -17"><span class='ocrx_word' id='word_1_869' title='bbox 2207 5518 2378 5599; x_wconf 74' lang='lat' dir='ltr'>aedes,</span> <span class='ocrx_word' id='word_1_870' title='bbox 2410 5522 2768 5599; x_wconf 80' lang='lat' dir='ltr'>existimaret</span> <span class='ocrx_word' id='word_1_871' title='bbox 2794 5523 3111 5599; x_wconf 87' lang='lat' dir='ltr'>Apostolus</span> <span class='ocrx_word' id='word_1_872' title='bbox 3156 5518 3565 5595; x_wconf 84' lang='lat' dir='ltr'>amplissimas</span> <span class='ocrx_word' id='word_1_873' title='bbox 3604 5518 3694 5573; x_wconf 85' lang='lat' dir='ltr'>sui</span> <span class='ocrx_word' id='word_1_874' title='bbox 3725 5520 3842 5569; x_wconf 81' lang='lat' dir='ltr'>cor-</span> 
     </span>
    </p>
   </div>
   <div class='ocr_carea' id='block_1_120' title="bbox 2205 5595 2614 5675">
    <p class='ocr_par' dir='ltr' id='par_1_120' title="bbox 2205 5595 2614 5675">
     <span class='ocr_line' id='line_1_120' title="bbox 2205 5595 2614 5675; baseline -0.005 -20"><span class='ocrx_word' id='word_1_875' title='bbox 2205 5597 2367 5675; x_wconf 89' lang='lat' dir='ltr'>poris</span> <span class='ocrx_word' id='word_1_876' title='bbox 2395 5595 2614 5672; x_wconf 87' lang='lat' dir='ltr'>spatio.</span> 
     </span>
    </p>
   </div>
  </div>
