4066 6190
254 302 381 366 853

1140 304 1657 367 COMMENTAR.
1704 308 1781 367 ΙΝ
1827 305 2077 367 EPIST.
2124 307 2228 366 AD
2271 302 2820 366 PHILEMONEM.

3563 310 3683 367 654

247 438 647 509 praeparatus,
682 450 858 508 quam
892 435 950 490 in
984 451 1082 491 eos
1113 436 1183 491 ad
1217 452 1366 508 quos
1394 438 1709 508 Apostolus
1742 436 1922 493 iuitti-
1954 439 2008 505 Α
2042 436 2304 493 indicant
2350 454 2526 508 quam
2568 436 2982 494 Tharsensem.
3015 439 3171 504 Quod
3208 440 3255 494 si
3291 440 3370 496 ita
3399 444 3505 511 est,
3541 458 3681 513 pos-

256 526 383 581 ‘tur.
417 524 581 589 Quod
614 529 817 581 autem
862 525 1065 580 erebro
1099 524 1314 580 Paulus
1356 526 1412 581 in
1473 543 1701 583 carcere
1734 526 1925 595 fuerit,

269 619 326 671 et
350 615 423 671 de
450 612 699 669 vinculis
729 612 1012 669 liberatus
1066 614 1164 679 sit,
1199 614 1323 685 ipse
1356 615 1411 669 in
1446 615 1558 671 alio
1590 615 1715 671 loco
1748 615 1926 671 dicit:

270 707 341 762 In
373 702 686 761 carceribus
725 702 1070 776 frequenter,
1094 704 1164 772 (Il
1196 703 1316 760 Cor.
1349 721 1425 775 χι,
1457 705 1569 776 25),
1612 705 1681 760 de
1712 704 1930 777 quibus

273 807 703 863 nonnunquam
738 790 970 845 Domini
999 787 1444 858 auxili3,crebro
1477 793 1620 865 ipsis
1660 809 1928 865 persecu-

273 880 504 937 toribus
558 877 701 934 nihil
735 878 978 950 dignum
1035 879 1092 933 in
1141 897 1206 935 eo
1258 886 1443 937 morte
1499 882 1931 937 invenientibus

276 967 702 1025 dimittebatur.
736 966 997 1022 Necdum
1048 968 1201 1023 enim
1253 986 1428 1040 super
1478 970 1712 1024 nomine
1766 969 1930 1025 Chri-

277 1059 470 1114 stiano
536 1055 1052 1113 senatusconsulta
1117 1063 1535 1127 praecesserant

276 1146 677 1202 Christianum
706 1144 1058 1217 sanguinem
1082 1144 1329 1200 Neronis
1357 1146 1590 1219 gladius
1613 1147 1928 1202 dedicaret.

278 1236 392 1292 Sed
426 1252 528 1311 pro
560 1234 815 1289 novitate
850 1234 1305 1305 praedicationis,
1328 1235 1447 1290 sive
1477 1252 1509 1290 a
1538 1236 1755 1291 Judazis
1790 1236 1932 1289 invi-

280 1324 579 1391 dentibus,
604 1323 725 1378 sive
747 1322 819 1378 ab
847 1321 939 1377 his
961 1320 1061 1394 qui
1085 1339 1191 1378 sua
1214 1322 1488 1379 videbant
1513 1324 1668 1380 idola
1689 1323 1931 1392 destrui,

283 1414 357 1468 ad
389 1413 643 1468 furorem
677 1409 911 1484 populis
943 1412 1270 1482 concitatis,
1307 1412 1470 1468 missi
1513 1413 1569 1467 in
1620 1429 1930 1481 carcerem,

285 1518 527 1557 rursum
571 1500 791 1572 impetu
831 1504 888 1555 et
920 1500 1114 1554 furore
1145 1500 1432 1572 deposito,
1472 1503 1621 1558 702
1652 1501 1933 1557 laxaban-

284 1596 406 1646 tur.
440 1590 508 1645 Et
544 1587 651 1645 hoc
689 1589 771 1644 ita
800 1603 930 1643 esse
963 1592 1030 1643 ut
1059 1588 1333 1661 dicimus,
1364 1589 1760 1661 apostolorum
1794 1595 1938 1645 Acta

286 1683 602 1748 testantur,
627 1677 687 1734 in
709 1676 924 1750 quibus
946 1682 1004 1734 et
1024 1677 1181 1733 Felix
1208 1677 1470 1749 loquitur
1491 1680 1561 1734 ad
1585 1680 1896 1752 Agrippam
1919 1697 1935 1733 :

286 1767 553 1841 potuisse
583 1765 803 1823 dimitti
834 1765 1105 1836 Paulum,
1138 1767 1185 1823 si
1220 1784 1335 1822 non
1370 1766 1725 1840 appellasset
1752 1773 1937 1823 Caesa-

286 1874 411 1914 rem
443 1856 580 1929 (Act.
614 1873 765 1919 XXVI,
797 1857 912 1925 32).
948 1860 1012 1911 Et
1041 1856 1179 1928 quia
1209 1855 1432 1912 nullam
1473 1857 1758 1912 invenerit
1801 1872 1935 1912 cau-

283 1960 413 2001 sam
444 1948 655 2017 praeter
685 1944 1036 2016 quaestiones
1067 1944 1355 2015 quasdam
1387 1945 1459 2000 de
1490 1944 1766 2017 religione
1803 1962 1935 2018 pro-

244 2062 253 2071 ι
288 2033 440 2106 prie,
473 2037 532 2087 et
560 2033 631 2088 de
659 2032 912 2104 quodam
942 2031 1105 2098 Jesu,
1127 2049 1302 2104 quem
1334 2036 1552 2090 Paulus
1583 2034 1771 2090 vivere
1800 2052 1941 2107 prie-

286 2121 524 2179 dicabat
571 2120 729 2193 (Ibid.
766 2122 938 2193 1-31).
991 2127 1069 2176 Ex
1121 2138 1235 2193 quo
1286 2122 1834 2194 animadvertimus,
1885 2126 1943 2177 et

288 2228 325 2268 a
352 2210 577 2267 steteris
617 2209 922 2282 judicibus
966 2209 1240 2265 similiter
1266 2227 1366 2266 eos
1400 2211 1660 2284 potuisse
1697 2211 1939 2278 dimitti,

290 2300 353 2355 id
403 2297 610 2374 agente
642 2299 903 2367 Domino,
939 2302 1002 2353 ut
1046 2303 1169 2355 toto
1218 2301 1357 2356 orbe
1408 2317 1555 2357 nova
1606 2299 1939 2373 pradicatio

293 2388 804 2445 disseminaretur.

368 2476 553 2549 (Vers.
584 2478 675 2549 23,
694 2477 807 2548 23).
844 2499 871 2527 ‹‹
893 2475 1124 2534 Salutat
1152 2480 1211 2534 te
1238 2478 1540 2550 Epaphras
1571 2478 1947 2550 concaptivus

304 2583 476 2623 meus
542 2567 600 2621 in
659 2566 890 2622 Christo
957 2566 1096 2622 Jesu
1149 2583 1165 2622 :
1224 2567 1476 2638 Marcus,
1545 2567 1946 2634 Aristarchus,

303 2655 541 2727 Demas,
602 2656 787 2711 Lucas
844 2660 1247 2728 cooperatores
1302 2656 1435 2713 mei.
1470 2677 1500 2706 »
1560 2657 1621 2711 ld
1681 2656 1835 2729 quod
1889 2655 1948 2712 in

303 2744 593 2817 principio
656 2744 1026 2809 dicebamus,
1094 2744 1374 2817 quoniam
1441 2746 1511 2801 ad
1580 2745 1951 2802 Colossenses

305 2832 566 2906 Epistola
602 2835 807 2890 eodem
856 2834 914 2889 in
963 2838 1244 2906 tempore,
1277 2839 1333 2890 et
1362 2850 1465 2906 per
1493 2835 1767 2891 eumdem
1797 2838 1953 2890 esset

304 2922 526 2995 scripta
572 2922 838 2994 bajulum
882 2922 1232 2990 litterarum,
1266 2939 1383 2995 quo
1431 2923 1502 2978 ad
1552 2923 1952 2979 Philemonem

302 3028 542 3085 quoque
571 3014 859 3083 scriptum
889 3015 997 3083 est,
1029 3011 1203 3068 etiam
1236 3028 1439 3068 eorum
1479 3013 1578 3084 qui
1630 3011 1954 3068 salutantes

305 3100 672 3156 inducuntur
722 3101 957 3156 nomina
1003 3101 1229 3158 docent.
1289 3101 1434 3159 Nam
1483 3106 1540 3156 et
1586 3100 1640 3155 in
1694 3102 1823 3173 ipsa
1874 3100 1955 3155 ita

2040 543 2246 581 sumus
2267 530 2324 581 et
2344 525 2674 597 Epuphram
2698 524 2792 580 illo
2823 531 3081 598 tempore
3106 531 3339 598 captum
3368 529 3679 601 suspicari,

2042 632 2154 686 quo
2189 619 2391 685 captus
2423 620 2511 669 est
2546 613 2761 669 Paulus
2794 632 2806 669 :
2840 618 2897 669 et
2928 631 3059 668 cum
3094 618 3435 685 parentibus
3466 618 3589 674 suis
3622 618 3682 673 in

2039 702 2291 759 Colossis
2352 704 2493 758 urbe
2560 703 2709 757 Asia;
2776 702 3146 774 collocatum,
3203 703 3416 760 Christi
3484 712 3684 778 postea

2041 792 2294 864 recipere
2322 808 2671 848 sermonem.
2713 793 2861 847 763
2896 790 3056 847 Unde
3087 793 3157 847 ad
3188 791 3585 860 Colossenses,
3620 800 3685 851 ut

2004 898 2219 952 .supra
2277 881 2556 947 diximus,
2609 882 2931 935 scribitur:
2985 881 3202 938 Salutat
3258 899 3347 938 vos
3401 883 3685 954 Epaphras

2040 972 2141 1041 qui
2187 975 2267 1025 est
2321 988 2389 1025 ea:
2435 972 2603 1037 vobis,
2653 986 2836 1025 servus
2893 970 3119 1039 Christi,
3164 988 3375 1043 semper
3418 972 3685 1028 sollicitus

1596 1076 1608 1113 :
1681 1059 1931 1114 necdum
2036 1075 2138 1130 pro
2189 1050 2332 1114 vobis
2382 1060 2445 1113 in.
2492 1059 2839 1114 orationibus
2887 1060 3114 1130 (Coloss.
3150 1078 3223 1127 iv,
3258 1061 3366 1132 12).
3399 1061 3516 1117 Hoc
3544 1062 3593 1117 si
3625 1078 3689 1118 se

2044 1149 2124 1203 ita
2154 1148 2387 1213 habeat,
2418 1153 2474 1203 et
2507 1148 2883 1204 Aristarchus
2917 1148 3014 1220 qui
3049 1149 3423 1221 concaptivus
3453 1152 3583 1221 ejus
3627 1151 3688 1207 in

2043 1238 2244 1292 eadem
2279 1235 2537 1308 Epistola
2582 1236 2871 1303 dicitur‘,
2925 1238 2995 1291 ad
3049 1238 3312 1292 eamdem
3368 1238 3693 1311 intelligen-

2044 1327 2184 1381 tiam
2238 1327 2557 1381 deducetur
2590 1343 2601 1379 :
2657 1325 2765 1381 nisi
2810 1326 2956 1382 forte
2988 1326 3352 1382 reconditum
3386 1326 3605 1399 aliquid
3637 1331 3695 1385 et.

2045 1420 2362 1483 sacratum,
2397 1421 2459 1469 ut
2506 1414 2747 1486 quidam
2782 1420 3010 1486 putant,
3046 1415 3103 1469 iu
3136 1415 3310 1471 verbo
3341 1416 3694 1488 captivitatis

2046 1505 2375 1559 ostenditur
2422 1504 2536 1574 [ΑΙ.
2581 1504 2882 1575 ostendit],
2936 1504 3089 1575 quod
3150 1505 3305 1575 capti
3364 1504 3582 1577 pariter
3636 1510 3697 1561 et

2044 1592 2243 1663 vincti,
2277 1592 2335 1646 in
2384 1591 2593 1647 vallem
2646 1592 2795 1647 hanc
2845 1592 3079 1648 adducti
3112 1593 3221 1663 [Αἱ.
3266 1593 3526 1664 deducti]
3578 1593 3697 1649 sint

2045 1680 2458 1753 lacrymarum.
2480 1681 2641 1747 Quod
2665 1681 2714 1737 si
2738 1685 3013 1737 neutrum
3041 1681 3338 1754 recipitur,
3363 1698 3430 1737 ex
3450 1698 3515 1738 eo
3538 1683 3695 1754 quod

2048 1769 2141 1824 hic
2172 1769 2435 1825 additum
2468 1775 2558 1825 est
2604 1772 2662 1824 in
2710 1770 2928 1826 Christo
2970 1772 3116 1837 Iesu,
3151 1787 3470 1842 possumus
3502 1771 3695 1843 suspi-

2047 1860 2167 1913 cari
2197 1860 2398 1915 eadem
2429 1875 2564 1914 eum
2596 1863 2789 1914 Roma:
2824 1876 2925 1930 pro
2957 1859 3186 1914 Christo
3231 1858 3465 1915 vincula
3515 1859 3698 1917 susti-

2050 1947 2250 2003 nuisse
2303 1965 2428 2018 quee
2477 1946 2765 2014 Paulum;
2818 1954 2875 2003 et
2924 1951 2987 2002 ut
3033 1947 3294 2001 vinctum
3347 1947 3582 2018 Christi,
3618 1948 3701 2003 ita

2050 2036 2343 2107 captivum
2376 2052 2608 2107 quoque
2640 2036 2767 2107 ejus
2799 2035 3057 2107 potuisse
3087 2034 3223 2090 dici.
3258 2040 3374 2091 Aut
3411 2040 3565 2091 certe
3596 2034 3700 2104 ita,

2053 2125 2207 2196 quod
2240 2124 2451 2179 nobilis
2473 2130 2529 2179 et
2556 2123 2683 2196 ipse
2712 2124 2788 2180 sit
2819 2125 2875 2179 in
2908 2123 3209 2197 apostolis,
3240 2130 3307 2179 ut
3335 2123 3700 2180 Andronicus

2052 2217 2108 2269 et
2135 2211 2310 2284 Julia,
2343 2213 2413 2268 de
2444 2212 2659 2285 quibus
2702 2213 2772 2269 ad
2816 2214 3108 2269 Romanos
3156 2211 3434 2269 scribitur
3466 2230 3478 2269 :
3529 2213 3699 2269 Satu-

2055 2306 2161 2358 tate
2191 2303 2577 2373 Andronicum,
2611 2312 2661 2358 et
2705 2302 2914 2358 Iuliam
2957 2305 3232 2370 cegnatos,
3265 2306 3317 2357 et
3362 2302 3704 2374 concaptivos

2054 2408 2221 2457 meos,
2254 2394 2350 2463 qui
2392 2400 2518 2447 sunt
2564 2392 2776 2447 nobiles
2820 2393 2881 2446 in
2921 2391 3206 2462 apostolis,
3241 2393 3337 2461 qui
3374 2400 3425 2447 et
3456 2399 3589 2447 ante
3620 2406 3707 2448 me

2056 2486 2281 2552 [uerunt
2337 2482 2395 2535 in
2456 2480 2666 2537 Christo
2719 2482 2848 2537 Iesu
2903 2481 3077 2551 (Rom.
3138 2495 3252 2546 xvx,
3310 2481 3387 2551 7).
3449 2479 3578 2535 Haec
3635 2480 3708 2537 de

2058 2570 2348 2642 Epaphra.
2380 2570 2661 2625 Caeterum
2713 2573 3116 2641 cooperatores
3165 2567 3457 2640 Evangelii
3497 2572 3555 2624 et
3582 2569 3706 2625 vin-

2060 2658 2327 2715 culorum
2377 2675 2642 2728 suorum,
2675 2675 2807 2713 cum
2854 2658 2926 2713 ad
2966 2657 3364 2713 Philemonem
3397 2656 3707 2729 epistolam

2061 2748 2357 2818 scriberet,
2418 2748 2676 2803 Marcum
2734 2746 2918 2819 ponit,
2975 2762 3149 2817 quem
3218 2756 3357 2817 puto
3416 2743 3707 2817 Evangelii

2062 2837 2444 2903 conditorem,
2478 2840 2534 2891 et
2564 2834 2966 2891 Aristarchum
3014 2836 3184 2905 cujus
3234 2850 3413 2904 supra
3462 2833 3708 2889 fecimus

2060 2924 2442 2989 mentionem,
2477 2929 2532 2979 et
2565 2925 2822 2988 Demam,
2857 2924 2927 2978 de
2971 2939 3086 2994 quo
3118 2922 3177 2976 in
3210 2920 3324 2977 alio
3356 2920 3480 2977 loco
3512 2921 3708 2994 queri-

2066 3020 2206 3070 tur:
2256 3015 2451 3069 Demas
2495 3030 2581 3068 me
2624 3013 2937 3083 dereliquit,
2972 3011 3208 3082 diligens
3250 3025 3498 3082 praesens
3540 3027 3708 3067 secu-

2064 3104 2196 3170 lum,
2250 3107 2302 3158 et
2359 3103 2499 3158 abiit
2555 3101 2984 3156 Thessalonicam
3043 3099 3117 3171 (II
3174 3101 3303 3155 Tim.
3366 3117 3442 3166 iv,
3497 3101 3575 3172 9).
3635 3101 3705 3156 Et

304 3190 633 3247 scribitur:
692 3212 718 3240 «
752 3190 983 3246 Salutat
1023 3207 1123 3246 vos
1162 3190 1538 3247 Aristarchus
1577 3189 1952 3262 concaptivus
1982 3177 2025 3244 C
2066 3193 2278 3247 Lucam
2332 3190 2643 3257 medicum,
2678 3189 2777 3262 qui
2830 3188 3206 3261 Evangelium
3252 3194 3309 3244 et
3347 3194 3525 3244 Actus
3554 3190 3706 3261 Apo-

306 3294 504 3345 meus,
544 3282 603 3335 et
647 3283 895 3347 Marcus,
943 3279 1331 3335 consobrinus
1384 3280 1681 3349 Barnabas,
1713 3283 1770 3335 et
1815 3283 1956 3351 Epa-

308 3369 518 3443 phras,
549 3367 647 3440 qui
678 3385 746 3425 ex
776 3368 940 3424 vobis
969 3384 1169 3424 servus
1200 3368 1412 3424 Christi
1442 3391 1470 3418 ››
1500 3368 1723 3441 (Coloss.
1756 3385 1831 3436 1v,
1867 3367 1956 3433 10,

312 3460 446 3527 12);
478 3460 536 3513 et
564 3456 738 3529 paulo
770 3457 1014 3513 inferius
1046 3473 1060 3512 :
1118 3481 1139 3507 ι
1174 3458 1400 3514 Salutat
1428 3475 1530 3515 vos
1558 3459 1741 3514 Lucas
1774 3458 1955 3514 medi-

312 3563 422 3602 cus
470 3545 876 3617 charissimus,
909 3552 965 3603 et
994 3551 1241 3615 Demas;
1294 3552 1350 3603 et
1398 3548 1572 3603 dicite
1618 3547 1908 3620 Archippo
1945 3564 1958 3602 :

315 3636 468 3691 Vide
490 3633 880 3691 ministerium
906 3635 1062 3707 quod
1086 3636 1355 3709 accepisti
1379 3636 1438 3691 in
1456 3636 1718 3702 Domino,
1737 3642 1799 3692 ut
1818 3636 1961 3691 illud

316 3722 572 3796 impleas
593 3743 620 3776 ο
653 3723 812 3793 (Ibid.
841 3725 927 3791 14,
957 3725 1044 3785 17)
1071 3749 1084 3791 ς
1116 3729 1173 3781 et
1199 3741 1211 3780 :
1249 3746 1276 3775 «
1309 3725 1594 3781 Memores
1626 3730 1806 3781 estote
1836 3726 1964 3780 vin-

319 3812 592 3868 culorum
633 3828 897 3869 meorum
933 3834 960 3861 »
1009 3812 1167 3884 (Ibid.
1206 3815 1312 3882 18).
1343 3813 1399 3868 Si
1431 3819 1629 3870 autem
1660 3832 1727 3870 ex
1758 3831 1824 3870 eo
1855 3814 1966 3871 ali-

320 3904 461 3974 quis
490 3918 604 3956 non
636 3904 802 3973 putat
829 3900 1046 3972 pariter
1075 3902 1343 3974 scriptas,
1377 3903 1532 3975 quod
1564 3903 1635 3958 ad
1668 3903 1969 3959 Colossen-

322 4008 423 4046 ses
479 4006 667 4063 pauca
725 3990 843 4045 sint
899 3990 1138 4046 nomine
1195 4008 1322 4063 quas
1385 3992 1479 4048 hic
1537 4009 1651 4048 non
1714 3994 1972 4049 ferantur

325 4080 630 4151 ascripta:
681 4078 826 4135 sciat
873 4096 987 4135 non
1038 4096 1243 4136 omnes
1293 4082 1568 4138 omnibus
1612 4086 1715 4138 aut
1753 4083 1973 4138 amicos

325 4185 481 4239 esse,
515 4173 617 4224 aut
645 4174 835 4241 notos,
868 4175 926 4225 et
953 4169 1110 4226 aliud
1157 4186 1286 4226 esse
1334 4171 1616 4242 privatam
1667 4172 1737 4226 ad
1789 4187 1973 4226 unum

327 4257 655 4328 hominem,
681 4257 835 4314 aliud
870 4258 1166 4332 publicam
1197 4260 1268 4314 ad
1304 4260 1636 4316 universam
1660 4261 1975 4316 Ecclesiam

328 4346 642 4419 epistolam
723 4348 868 4405 ﬁeri.
946 4349 1167 4405 Salutat
1244 4357 1323 4419 te,
1405 4349 1627 4421 inquit,
1697 4352 1979 4422 Epaphras

329 4438 680 4508 concaptivus
707 4453 861 4492 meus
890 4439 955 4493 in
975 4438 1191 4495 Chiisto
1210 4442 1363 4495 Jesu.
1388 4439 1530 4504 Quis
1560 4439 1636 4494 sit
1658 4440 1980 4511 Epaphras,

335 4526 716 4598 concaptivus
782 4526 967 4593 Pauli,
1024 4526 1198 4583 talem
1272 4526 1530 4583 fabulam
1598 4529 1979 4600 accepimus:

2065 3280 2349 3337 stolorum
2377 3280 2647 3335 Ecclesiis
2669 3279 3105 3350 derelinquens,
3129 3278 3423 3350 quomodo
3447 3277 3710 3351 Apostoli

2067 3372 2138 3426 de
2205 3369 2594 3441 piscatoribus
2661 3368 2947 3440 piscium,
3018 3367 3336 3439 piscatores
3402 3366 3710 3422 hominum

2070 3459 2203 3514 facti
2233 3463 2371 3514 sunt
2400 3457 2609 3529 (Matth.
2641 3475 2714 3524 1v,
2752 3458 2877 3526 19):
2912 3456 2992 3511 ita
3022 3456 3091 3512 de
3123 3455 3348 3511 medico
3379 3471 3715 3527 corporum,

2072 3548 2128 3602 in
2164 3547 2456 3603 medicum
2505 3552 2593 3602 est
2638 3563 2842 3602 versus
2885 3544 3237 3612 animarum,
3270 3545 3341 3600 de
3388 3562 3503 3617 quo
3551 3548 3609 3600 et
3656 3543 3719 3599 in

2074 3636 2186 3692 alio
2240 3635 2416 3693 loco:
2468 3635 2607 3701 Misi,
2656 3635 2871 3706 inquit,
2919 3650 3045 3689 cum
3100 3634 3201 3689 illo
3256 3634 3516 3703 fratrem,
3569 3633 3724 3706 cujus

2075 3727 2195 3781 laus
2241 3734 2321 3780 est
2369 3727 2427 3780 in
2476 3722 2771 3795 Evangelia
2816 3739 2917 3790 per
2966 3739 3150 3778 omnes
3198 3723 3464 3778 Ecclesias
3493 3723 3564 3791 (ll
3594 3722 3721 3778 Cor.

2076 3832 2197 3881 VIII,
2249 3815 2382 3886 18):
2435 3810 2605 3883 Cujus
2661 3812 2809 3869 liber
2867 3813 3331 3885 quotiescunque
3389 3811 3605 3883 legitur
3660 3810 3723 3866 in

2078 3903 2374 3970 Ecclesiis,
2406 3903 2577 3959 toties
2608 3903 2736 3973 ejus
2766 3902 3057 3957 medicina
3102 3917 3216 3955 non
3262 3904 3470 3955 cessat.

2153 3993 2335 4065 (Vers.
2370 3992 2484 4064 25.)
2542 4015 2567 4042 ‹‹
2600 3991 2798 4047 Gratia
2826 3990 3056 4046 Domini
3107 3989 3287 4045 nostri
3337 3988 3474 4043 Jesu
3507 3986 3724 4042 Christi

2082 4099 2215 4137 cum
2247 4080 2457 4153 spiritu
2492 4087 2700 4136 vestro.
2734 4102 2760 4128 ››
2808 4079 2973 4134 Sicut
3002 4095 3034 4133 a
3064 4077 3302 4132 meliore
3334 4081 3496 4148 parte
3536 4074 3725 4131 homi-

2085 4170 2177 4225 nis
2245 4169 2459 4241 capite,
2520 4172 2864 4224 numeratur
2929 4165 3179 4239 populus
3233 4164 3435 4231 Israel,
3499 4165 3729 4223 dicente

2086 4259 2407 4331 Scriptura,
2440 4257 2763 4312 secundum
2814 4256 3005 4328 capita
3049 4256 3199 4310 764
3230 4271 3430 4311 eorum
3464 4255 3653 4327 (Num.
3685 4272 3729 4321 1,

2090 4350 2177 4420 18)
2212 4364 2225 4402 :
2278 4348 2359 4401 ita
2404 4348 2459 4401 in
2494 4350 2611 4401 toto
2641 4346 2876 4417 quidem
2910 4344 3167 4409 homine,
3201 4347 3257 4399 et
3288 4343 3346 4398 in
3379 4344 3538 4400 omni
3570 4349 3769 4416 parte.

2091 4440 2448 4501 sanctorum,
2483 4434 2668 4505 gratia
2716 4440 2806 4489 est
2859 4433 3086 4490 Domini
3112 4433 3250 4489 Jesu
3286 4432 3522 4488 Christi.
3558 4433 3670 4489 Sed
3701 4450 3737 4488 a

2016 4546 2060 4611 υ
2093 4525 2298 4596 majori
2331 4528 2387 4579 et
2418 4522 2638 4579 meliori
2670 4527 2859 4611 parte,
2894 4522 2949 4577 id
2986 4526 3093 4593 est,
3128 4522 3359 4594 spiritu,
3395 4538 3497 4592 per
3526 4536 3737 4611 synecg

333 4616 519 4671 Alunt
564 4618 834 4687 parentes
884 4615 1131 4687 apostoli
1179 4614 1339 4671 Pauli
1372 4616 1442 4671 de
1473 4614 1721 4671 Giscalis
1753 4608 2045 4688 regione?
2097 4612 2318 4669 dochen
2370 4611 2439 4665 de
2491 4615 2610 4666 toto
2666 4610 2903 4666 homine
2961 4611 3221 4666 dicitur:
3274 4610 3460 4666 Gratia
3520 4608 3744 4665 Domini

336 4704 525 4759 fuisse
568 4704 778 4759 Judaaee
811 4722 825 4760 :
877 4708 935 4760 et
976 4720 1096 4775 eos,
1129 4720 1275 4759 eum
1296 4709 1411 4760 tota
1446 4704 1743 4776 provincia
1774 4705 1987 4759 Roma-
2096 4703 2273 4758 nostri
2294 4703 2422 4757 Iesu
2445 4701 2648 4755 Christi
2675 4717 2797 4755 ram
2828 4701 3037 4771 spiritu
3058 4701 3250 4757 vestro.
3277 4698 3419 4753 Cum
3457 4700 3653 4753 autem
3684 4696 3745 4751 in

338 4811 420 4850 na
448 4797 773 4849 vastaretur
815 4810 1015 4860 manu,
1048 4798 1105 4849 et
1151 4795 1625 4866 dispergerentur
1672 4793 1732 4848 in
1787 4794 1988 4848 orbem
2099 4791 2310 4863 spiritu
2343 4790 2532 4862 gratia
2555 4790 2746 4858 fuerit,
2771 4793 2958 4844 totum
2982 4787 3119 4844 facit
3148 4786 3444 4843 hominem
3478 4785 3751 4859 spiritua-

337 4883 451 4954 [Αἱ.
483 4882 637 4950 orbe]
670 4882 878 4953 Judaei,
911 4882 970 4938 in
1003 4883 1295 4939 Tharsum
1331 4883 1531 4938 urbem
1564 4882 1775 4938 Cilicia:
1811 4882 1991 4937 fuisse
2100 4880 2211 4937 lem
2240 4896 2252 4934 :
2282 4884 2343 4934 ut
2366 4884 2422 4935 et
2455 4896 2587 4934 caro
2619 4879 2829 4950 spiritu
2863 4877 3101 4944 serviat,
3122 4880 3179 4932 et
3201 4875 3397 4931 anima
3424 4892 3535 4931 non
3563 4875 3758 4930 vinca-

342 4970 664 5027 translatos
688 4987 702 5026 :
737 4976 1045 5044 parentum
1073 4971 1464 5027 conditionem
1490 4971 1992 5027 adolescentulum
2102 4973 2246 5024 tura
2271 4984 2442 5023 carne
2462 4975 2517 5022 et
2537 4968 2769 5022 redacta
2786 4965 2962 5022 simul
2992 4967 3047 5021 in
3072 4965 3465 5022 substantiam
3484 4964 3757 5037 spiritua-

341 5059 597 5116 Paulum
641 5066 931 5116 secutum.
965 5061 1033 5115 Et
1080 5061 1164 5116 sic
1212 5077 1384 5132 posse
1431 5065 1585 5117 stare
1639 5060 1784 5116 illud
1837 5059 1993 5132 quod
2102 5058 2557 5122 lem,adhzereat
2590 5056 2831 5111 Domino
2859 5074 2871 5123 ;
2904 5055 3042 5128 quia
3072 5054 3169 5128 qui
3203 5054 3460 5110 adhaeret
3480 5054 3755 5121 Domino,

342 5150 420 5205 de
451 5165 513 5204 se
536 5148 667 5220 ipse
698 5153 989 5205 testatur:
1042 5150 1259 5208 Hebraei
1285 5153 1431 5217 sunt,
1464 5153 1514 5206 et
1544 5166 1680 5219 ego;
1729 5151 1997 5206 Israelita
2106 5164 2261 5203 unus
2318 5145 2559 5218 spiritus
2617 5148 2704 5199 est
2761 5144 3002 5215 (II.Cor.
3059 5161 3136 5209 v1,
3194 5145 3281 5213 17)
3344 5144 3761 5215 Interpretatur

345 5246 497 5303 sunt,
547 5242 597 5293 et
645 5254 742 5308 ego
761 5256 786 5303 ;
830 5254 1013 5294 semen
1057 5239 1294 5296 Abrahae
1340 5247 1487 5306 sunt,
1520 5242 1570 5294 et
1618 5254 1714 5308 ego
1762 5239 1836 5311 (Il
1872 5238 1994 5294 Cor.
2108 5240 2302 5292 autem
2371 5233 2698 5290 secundum
2761 5233 2996 5289 Judaeos
3066 5234 3175 5306 (At.
3245 5232 3544 5303 Hebraaos]
3610 5231 3762 5286 Pau-

346 5344 429 5395 χι,
484 5328 595 5399 22).
654 5328 725 5383 Et
775 5343 1012 5383 rursum
1069 5327 1254 5384 alibi:
1310 5328 1560 5384 Hebrwus
1617 5344 1690 5383 ex
1744 5328 2000 5385 Hebraeis
2110 5324 2224 5395 lus,
2310 5323 2696 5383 admirabilis;
2773 5322 3134 5393 Timotheus,
3195 5320 3513 5392 beneﬁcus;
3568 5318 3763 5376 Phile-

344 5418 618 5491 (Philipp.
644 5434 728 5486 III,
752 5418 807 5490 5)
833 5435 845 5473 :
870 5421 926 5474 et
948 5423 1153 5473 caetera
1176 5434 1301 5490 quas
1322 5416 1493 5473 illum
1519 5416 1787 5473 Judaeum
1810 5414 2000 5488 magis
2112 5430 2269 5481 mon,
2304 5414 2446 5469 mire
2498 5411 2747 5481 donatus,
2784 5413 2902 5468 sive
2951 5428 3007 5469 os
3054 5412 3237 5485 panis,
3272 5410 3343 5467 ab
3390 5426 3509 5481 ore,
3542 5426 3657 5466 non
3690 5407 3765 5465 ab

428 5602 445 5638 ¹
478 5598 644 5659 Hunc
673 5614 907 5677 quoque
935 5598 1129 5657 locum
1159 5596 1505 5673 Oregeniani
1536 5595 1832 5675 dogmatis
1864 5600 2102 5658 accusat
2134 5593 2405 5667 Ruﬁnus,
2436 5610 2611 5669 quem
2644 5592 2880 5665 videsis,
2912 5592 3311 5653 Invectivarum
3359 5588 3460 5649 lib.
3494 5606 3534 5670 ι,
3586 5606 3644 5648 n.
3675 5587 3775 5673 40,

3874 2110 3903 2127 δ
