4066 6190
462 321 581 384 655
1958 322 2068 380 ΑΡ

2165 319 2376 381 me.
3678 296 3770 392 eis

464 472 632 523 osse;
682 454 924 525 Apphia,
954 452 1258 518 continens,
1292 455 1394 507 aut
1435 451 1702 515 libertas;
1751 452 2103 526 Archippus,
2135 453 2191 519 Α
2222 454 2356 509 deat
2408 451 2744 510 testimonio
2801 467 2928 517 suo,
2980 464 3084 506 nec
3133 465 3248 508 non
3295 449 3344 508 ei
3387 451 3482 528 [Αἰ.
3510 460 3662 532 eum],
3699 449 3773 519 cui

464 543 742 614 longitudo
770 544 987 614 operis;
1019 541 1355 607 Onesimus,
1388 542 1713 613 respondens
1734 561 1755 607 ;
1786 541 2109 613 Epaphras,
2223 541 2553 612 specialiter
2582 539 2841 612 Epistula
2870 539 3196 608 dedicatur,
3226 540 3452 597 salutari
3480 544 3540 600 ab
3568 547 3774 607 ubertate

458 633 732 706 frugifer,
761 635 815 686 et
845 632 1054 700 videns,
1089 629 1208 685 sive
1248 647 1628 692 succrescens;
1659 634 1907 698 Marcus,
1938 631 2112 685 subli-
2221 623 2538 686 crescente.
2571 631 2637 685 Et
2668 646 2800 684 eum
2833 629 2939 701 [Αἰ.
2974 632 3062 698 eo]
3097 629 3196 701 qui
3229 629 3406 686 factus
3433 633 3500 687 sit
3523 651 3611 705 per
3651 636 3776 694 man-

461 724 568 777 mis
595 720 891 782 mandato;
923 719 1312 784 Aristarchus,
1345 735 1500 772 mons
1549 721 1732 791 operis
1779 720 2109 789 amplioris,-
2220 721 2355 774 data
2404 719 2734 786 sublimior,
2767 718 2985 790 illoque
3037 719 3135 791 qui
3182 737 3284 792 per
3329 722 3533 793 majora
3573 741 3715 798 opera
3737 729 3780 785 in

469 816 696 878 Demas,
725 810 930 871 silens;
983 809 1188 876 Lucas,
1224 810 1340 875 ipse
1368 824 1715 879 consurgens.
1751 811 1885 873 Qua
1919 807 1967 863 si
2001 825 2108 864 no-
2220 814 2477 864 montem
2529 825 2717 880 usque
2761 808 3130 878 sucereverit,
3163 809 3235 864 ab
3267 825 3330 865 eo
3361 826 3568 883 quoque
3595 815 3676 885 qui
3704 833 3779 888 ρο.

464 899 627 955 mina
653 900 815 970 iuxta
844 897 1378 968 interpretationem
1406 914 1571 953 suam
1605 897 1907 952 volueritis
1938 897 2108 952 intel-
2220 898 2339 953 suit
2371 897 2700 953 custodiam
2731 897 2818 951 ori
2848 912 2974 968 suo,
3008 901 3064 952 et
3093 898 3311 952 ostium
3343 899 3606 956 munitum
3652 902 3784 958 labiis

462 988 662 1061 ligere,
695 1004 810 1042 non
843 990 931 1042 est
960 985 1195 1041 difﬁcile
1227 986 1632 1042 admirabilem
1665 991 1841 1058 atque
1891 987 2108 1042 heneﬁ-
2219 986 2344 1042 suis
2404 987 2573 1055 (Psal.
2626 1003 2749 1049 exc,
2802 987 2856 1056 3)
2895 1001 2908 1041 :
2956 986 3054 1057 qui
3107 985 3321 1042 idcirco
3378 987 3595 1044 forsitan
3644 990 3784 1056 siluit,

463 1094 594 1132 cum
654 1076 942 1148 praecipue
999 1075 1070 1130 ad
1139 1090 1271 1129 eum
1339 1074 1612 1140 scribere,
1674 1074 1766 1129 cui
1837 1076 2109 1131 universa
2220 1076 2356 1147 quia
2400 1077 2471 1130 ad
2524 1075 2816 1130 medicum
2849 1074 3196 1146 Apostolum
3246 1075 3627 1149 dereliquerat.
3653 1079 3709 1133 Et
3732 1079 3786 1134 ad

461 1183 737 1222 concessa
767 1166 888 1221 sint
916 1165 1054 1220 vitia
1082 1169 1098 1200 ί
1143 1169 1199 1220 et
1230 1181 1294 1220 os
1325 1165 1451 1234 ejus
1485 1169 1680 1236 pateat
1712 1165 1782 1218 ad
1817 1165 2104 1220 caelestem
2219 1168 2543 1220 extremum
2568 1165 2639 1219 ab
2660 1181 2725 1219 eo
2748 1163 2848 1235 qui
2871 1181 2973 1235 per
2995 1180 3057 1218 se
3077 1163 3201 1235 ipse
3227 1181 3566 1238 consurgens
3585 1167 3788 1238 quotidie

460 1273 694 1329 panem.
730 1256 944 1312 Deinde
989 1257 1060 1310 ad
1107 1255 1526 1323 continentem,
1559 1259 1614 1310 et
1646 1253 1917 1324 liberam,
1952 1260 2009 1310 et
2039 1256 2106 1310 ad
2220 1260 2521 1326 augeatur,
2547 1269 2974 1325 processusque
3001 1253 3211 1309 habeat
3239 1272 3253 1308 :
3283 1255 3422 1310 dum
3445 1255 3562 1326 ejus
3586 1256 3789 1328 Evange-

459 1345 888 1418 longitudinem
947 1344 1140 1416 operis
1175 1361 1187 1399 :
1241 1345 1395 1415 quod
1459 1361 1762 1414 nunquam
1817 1361 1849 1398 a
1906 1349 2107 1400 sancto
2218 1342 2294 1398 lio
2326 1342 2484 1397 orbis
2515 1341 2810 1413 impletur,
2834 1345 2890 1396 et
2921 1341 3090 1398 toties
3121 1343 3347 1414 crescit,
3373 1343 3584 1416 quoties
3605 1345 3790 1401 auditus

454 1432 651 1490 labore
681 1433 948 1489 desistat.
976 1433 1239 1488 Scribere
1262 1437 1456 1487 autem
1490 1449 1594 1504 pro
1626 1449 1691 1488 eo
1728 1433 1828 1504 qui
1862 1449 2104 1504 respon-
2218 1436 2276 1486 et
2306 1429 2489 1487 lectus
2532 1430 2799 1486 aedificat.

528 1578 545 1610 ¹
577 1577 702 1632 Duo
731 1576 1097 1632 Cisterciens.
1131 1591 1299 1640 mss.,
1333 1591 1583 1630 concessa
1610 1576 1725 1630 sint
1756 1576 1974 1630 vincere
2001 1575 2158 1630 vitia.

1416 1895 2920 2116 APPENDIX

1748 2226 1842 2281 AD
1883 2225 2148 2283 TOMUM
2189 2226 2561 2283 SEPTIMUM

815 2397 1495 2532 OPEBUM
1592 2356 2440 2528 SIEUSEBH
2540 2392 3483 2592 HIEBONYMI

1958 2635 2355 2677 COMPLECTENS

611 2788 1512 2889 COMMENTARIUS
1573 2787 1686 2872 IN
1743 2783 1949 2873 JOB
2008 2783 2145 2872 ET
2215 2783 2918 2874 BREVIABIUM
2974 2786 3089 2872 IN
3146 2785 3679 2878 PSALMOS.

457 1716 3227 1749 mm

1185 2993 2064 3168 COMMENTARII
2133 3069 2264 3162 IN
2335 3068 2812 3164 LIBRUM
2880 3068 3132 3164 JOB.

1445 3250 1894 3324 (Commentarios
1933 3249 1993 3303 in
2030 3249 2150 3316 Job,
2182 3263 2312 3319 quos
2341 3247 2515 3304 editor
2548 3248 2862 3303 Veronensis

595 3347 1004 3410 commentariis
1033 3347 1095 3401 in
1121 3343 1354 3414 majores
1378 3339 1684 3411 prophetas,
1719 3339 1851 3393 tomi
1879 3339 2062 3408 quinti
2089 3337 2400 3408 ampliandi
2424 3353 2611 3407 causa,
2642 3337 3022 3406 subiunxerat,
3055 3354 3176 3404 nos,
3207 3356 3283 3396 ne
3312 3345 3492 3398 tomus
3520 3349 3692 3397 noster

871 3439 1071 3508 iustam
1097 3446 1413 3488 mensuram
1440 3427 1736 3499 excederet,
1769 3427 1892 3498 huc,
1925 3425 2174 3483 ordinem
2209 3425 2487 3481 Biblicum
2521 3426 2749 3482 aliunde
2773 3429 2963 3496 secuti,
2997 3430 3441 3503 transtulimus.)

1934 3580 2368 3641 PROLOGUS.

512 3835 643 3903 Job,
704 3830 805 3904 qui
870 3828 1078 3896 dolens,
1141 3824 1228 3880 vel
1294 3839 1527 3894 magnus
1570 3823 1582 3856 ¹
1648 3822 2086 3893 interpretatur,
2118 3829 2165 3894 B
2198 3818 2419 3886 Latino,
2451 3819 2549 3874 Dei
2591 3820 2706 3874 mei
2751 3835 2954 3876 aurum
3002 3826 3196 3890 sonat,
3231 3822 3486 3894 Baldad,
3516 3821 3814 3897 praecipui“,

441 3927 693 3999 ﬁguram
738 3918 949 3974 Christi
1001 3914 1270 3989 portavit.
1303 3911 1488 3968 Amici
1519 3927 1651 3965 vero
1680 3911 1808 3979 ejus
1839 3910 2088 3999 ﬁguram
2199 3911 2429 3971 vetusta,
2488 3906 2596 3979 [ΑΙ.
2630 3912 2888 3979 vetustas]
2938 3921 3161 3966 secreta.
3213 3912 3474 3986 Sophar,
3527 3911 3815 3985 speculator.

438 3996 843 4070 haereticorum
905 4008 1124 4070 tenent,
1185 4001 1308 4074 qui,
1369 4000 1478 4055 sub
1546 3999 1781 4054 nomine
1847 3996 2084 4064 Christi,
2197 3997 2285 4052 vel
2317 3997 2546 4053 buccina
2574 3998 2616 4052 ³.
2668 3997 2754 4054 Illi
2809 3999 2965 4054 enim
3008 3998 3146 4055 elati
3177 4017 3286 4073 pro
3317 4018 3386 4058 eo
3419 4001 3576 4074 quod
3607 4015 3699 4073 per
3737 4009 3814 4049 na-

437 4101 736 4160 Cbristum
787 4095 1199 4167 blasphemant
1245 4095 1302 4146 et
1349 4089 1737 4161 impugnant;
1776 4085 1898 4140 Eliu
1930 4102 2085 4152 vero,
2197 4091 2340 4140 tura:
2394 4085 2634 4155 bonum,
2669 4086 2865 4158 aliqua
2909 4087 3206 4160 sapienter
3246 4091 3665 4163 praedicabant,
3695 4080 3816 4156 apud

436 4197 496 4248 et
522 4190 753 4245 Baalam
787 4187 895 4258 [Αι.
931 4183 1194 4252 Baldad],
1241 4185 1444 4252 typum
1477 4177 1793 4249 praeferunt
1825 4174 2084 4247 philoso-
2198 4191 2258 4230 se
2310 4175 2644 4244 jactitantes
2701 4176 3090 4245 severitatem,
3151 4194 3290 4234 cum
3357 4183 3675 4235 assertores
3723 4171 3816 4258 sint

432 4279 707 4354 phorum,
742 4255 880 4347 quia
907 4275 1062 4345 foris,
1099 4271 1156 4327 id
1189 4274 1296 4335 est,
1319 4273 1482 4324 extra
1515 4267 1688 4321 ﬁdem
1721 4264 1917 4337 positi,
1941 4263 2083 4354 insi-
2197 4262 2523 4332 mendacii;
2593 4264 2733 4335 quia
2798 4265 2869 4320 de
2934 4264 3184 4337 Christo,
3248 4285 3370 4324 non
3448 4272 3512 4323 ut
3568 4255 3820 4354 divinitati

433 4347 980 4422 dianturEcelesize
1028 4361 1146 4416 Dei.
1182 4359 1282 4414 Isti
1331 4357 1487 4412 enim
1539 4354 1796 4428 pretiosa
1845 4352 2087 4407 nomine
2195 4353 2342 4423 ejus,
2378 4353 2476 4408 sed
2528 4357 2593 4409 ut
2641 4354 2904 4426 ipsorum
2958 4353 3248 4428 impietati
3304 4356 3606 4429 competit,
3636 4352 3712 4408 sic
3751 4347 3816 4401 lo-

432 4457 542 4514 sibi
605 4456 934 4525 imponunt,
989 4449 1157 4523 quasi
1220 4447 1332 4519 ipsi
1393 4446 1512 4501 sint
1568 4459 1779 4499 aurum
1841 4441 1961 4508 Dei,
1994 4441 2083 4496 vel
2194 4447 2476 4513 quuntur.

430 4543 706 4620 praecipui
782 4539 1180 4613 speculatores
1255 4538 1402 4607 ejus.
1471 4532 1708 4604 Eliphaz
1783 4530 1943 4586 enim
2023 4529 2081 4583 in

502 4690 517 4723 ¹
554 4689 702 4759 Lege
750 4683 1009 4749 omnino,
1059 4695 1292 4749 magnus
1339 4681 1397 4732 et
1449 4676 1561 4731 vid.
1606 4675 1708 4729 lib.
1761 4672 2080 4728 Nominum
2186 4678 2331 4759 pius.
2366 4673 2604 4759 Baldad,
2635 4678 2872 4759 vetustas
2913 4675 3048 4759 sola.
3083 4675 3359 4759 .Sophar,
3401 4676 3645 4759 speculae

428 4760 538 4816 col.
575 4744 696 4829 12ῖ,
728 4762 841 4812 etc.
875 4825 888 4829 _
974 4744 1004 4829 μ’
1397 4819 1475 4829 Μ
1525 4818 1538 4829 ι
1696 4821 1728 4829 η
1781 4819 1790 4828 _
1948 4825 1956 4829 Δ
2187 4744 2364 4829 patio,
2397 4747 2478 4801 vel
2529 4747 2920 4818 speculatorem
2955 4744 3254 4819 dissipans,
3287 4744 3817 4822 siue'speculatorm

500 4832 563 4887 In
617 4818 820 4886 eodem
875 4825 1057 4881 lexico
1107 4823 1275 4878 Nom.
1331 4844 1357 4869 ‹‹
1397 4818 1650 4891 Eliphaz,
1686 4819 1790 4871 Dei
1836 4825 2076 4873 conlem-
2188 4818 2403 4873 videbo.
2437 4839 2465 4867 »

426 4965 3814 5003 ____________________________________________________________.—

1241 5089 1819 5180 INCIPIUNT
1881 5089 2384 5175 EDlSSERI
2443 5087 3028 5218 OAPITULA.

1085 5350 1316 5407 CAPUT
1357 5349 1398 5405 Ι.
2099 5350 2141 5414 C
2181 5347 2366 5403 sessio
2393 5347 2521 5418 ejus
2545 5351 2768 5419 septem
2792 5345 2976 5401 millia
2997 5346 3288 5413 ovium,et
3306 5345 3426 5403 tria
3449 5343 3640 5402 millia
3659 5348 3816 5397 came.

489 5472 518 5500 ‹‹
547 5445 649 5502 Vir
669 5448 790 5502 erat
813 5443 870 5499 in
892 5447 1047 5499 terra
1067 5441 1208 5509 Huz,
1229 5439 1463 5495 nomine
1479 5439 1610 5495 Job.
1628 5437 1696 5493 Et
1719 5441 1841 5494 erat
1862 5436 1949 5491 vir
1970 5433 2066 5491 ille
2178 5437 2407 5492 lorum:
2436 5435 2759 5507 quingenta
2785 5436 3175 5508 quoquejuga
3198 5435 3455 5502 bonum,
3481 5438 3540 5489 et
3559 5430 3815 5504 quingen'

415 5536 941 5610 simplexetrectus
959 5549 1023 5588 ac
1041 5530 1526 5594 timensDeum,et
1544 5524 2061 5583 recerlensamalo.
2177 5531 2248 5582 ta:
2283 5525 2458 5582 asinae
2513 5541 2579 5580 ac
2623 5523 2846 5579 familia
2878 5524 3065 5579 multa
3097 5523 3300 5581 nimis.
3337 5523 3597 5597 Eratque
3624 5517 3708 5576 vir
3732 5509 3815 5570 illo

410 5605 664 5706 Natique
685 5630 827 5685 sunt
847 5624 900 5682 ei
926 5625 1150 5697 septem
1176 5617 1373 5689 ﬁlii,et
1394 5621 1511 5674 tres
1540 5616 1690 5673 ﬁliae.
1717 5620 1782 5673 Et
1804 5615 1914 5673 fuit
1933 5631 2063 5691 pos-
2175 5630 2426 5691 magnus
2455 5614 2610 5670 inter
2639 5628 2842 5671 omnes
2869 5612 3208 5673 Orientales.
3245 5612 3318 5671 Et
3345 5611 3517 5673 ibant
3545 5607 3647 5671 ﬁlii
3674 5605 3808 5684 ejus.
