4066 6190
297 326 418 394 651

1440 273 1956 396 COEMENTAB.
2005 326 2082 391 IN
2129 327 2268 392 1οΒ
2313 327 2480 393 CAP.
2529 327 2578 392 Ῑ.

3597 327 3716 397 658

295 469 354 524 et
386 463 636 525 faciebat
665 462 926 525 convivia
950 482 1053 542 per
1081 463 1304 537 domos,
1329 467 1740 540 unusquisque
1771 466 1830 522 in
1860 466 1954 523 die
1983 465 2032 532 Α
2066 464 2223 520 venit
2250 466 2322 521 ad
2352 466 2460 522 Job
2493 467 2591 538 qui
2623 465 2840 523 diceret
2887 483 2898 522 ε
2952 465 3130 524 Boves
3160 463 3422 540 arebant,
3453 471 3511 526 et
3534 465 3712 526 asinos

299 575 429 615 suo.
467 552 547 614 Et'
585 557 887 616 mittentes
942 559 1226 615 vocabant
1255 562 1374 615 tres
1427 574 1657 614 sorores
1687 574 1846 629 suas,
1891 561 1956 613 ut

298 650 678 706 comederent
737 654 796 705 et
861 649 1124 705 biberent
1190 665 1322 704 eum
1391 648 1495 705 eis.
1576 650 1838 720 Cumque
1894 647 1953 703 in

298 738 500 796 orbem
552 737 905 794 transissent
933 738 1056 794 dies
1104 737 1370 806 convivii,
1422 737 1689 794 mittebat
1735 738 1807 793 ad
1855 753 1954 794 eos

296 829 434 891 Job.
467 831 522 884 et
559 827 964 884 sanctiﬁeabat
997 827 1130 884 illos
1163 845 1176 883 :
1211 845 1689 901 consurgensque
1718 826 1954 884 dilucu-

297 914 383 984 lo,
418 938 445 963 ››
488 919 596 971 etc.
650 917 776 971 Hux
823 921 879 972 et
926 916 1044 971 Buz
1091 915 1193 971 ﬁlii
1234 917 1472 972 fuerunt
1498 916 1726 973 Nachor
1754 915 1953 972 fratris

303 1004 574 1072 Abrahze,
607 1003 712 1060 ﬁlii
743 1003 980 1060 Melchs:
1012 1007 1232 1061 sororis
1261 1006 1438 1073 Sarae,
1468 1006 1539 1062 de
1570 1007 1739 1078 cujus
1770 1006 1954 1077 stirpe

297 1095 408 1151 Job
435 1092 759 1149 descendit.
776 1093 902 1149 Non
933 1093 1086 1149 sicut
1115 1093 1355 1166 quidam
1387 1093 1532 1149 falso
1555 1094 1949 1166 suspicantur,

300 1184 375 1240 de
402 1198 615 1256 genere
645 1198 778 1238 eum
837 1181 1017 1238 fuisse
1049 1183 1200 1239 Esau
1254 1182 1432 1254 (Hier.
1468 1182 1652 1250 Quaest
1682 1185 1740 1238 in
1771 1183 1947 1253 Gem).

298 1271 446 1328 Nam
479 1270 717 1344 Eliphaz
765 1271 1028 1326 nascitur
1057 1271 1128 1327 de
1178 1271 1302 1326 Ada
1358 1287 1535 1326 uxore
1565 1272 1738 1337 Esau,
1772 1275 1829 1326 et
1859 1286 1951 1326 re-

297 1361 498 1433 gnavit
528 1361 586 1416 in
619 1360 904 1428 Theman,
937 1360 1092 1416 unde
1139 1360 1314 1416 etiam
1355 1359 1730 1416 Themanites
1761 1361 1952 1415 dictus

299 1451 412 1503 est.
439 1447 726 1514 Theman,
758 1449 1035 1514 Idumaaa,
1068 1447 1195 1504 Seir
1226 1449 1492 1514 Daroma,
1524 1449 1761 1516 Zebora,
1795 1447 1952 1520 regio

299 1535 417 1591 fuit.
464 1537 637 1591 Esau.
681 1536 970 1592 Habitavit
1025 1539 1220 1593 autem
1259 1537 1371 1592 Job
1423 1537 1510 1591 vir
1575 1554 1826 1610 magnus
1893 1537 1950 1591 in

299 1630 463 1680 terra
502 1625 642 1694 Huz,
681 1641 807 1698 quae
845 1626 1266 1698 interpretatur
1327 1627 1704 1683 consiliatrix.
1755 1627 1863 1681 Sed
1897 1629 1954 1681 et

297 1713 579 1780 Elchana,
650 1715 751 1787 qui
829 1715 1245 1788 interpretatur
1305 1718 1543 1787 possesio
1599 1718 1718 1782 Dei,
1788 1720 1953 1787 pater

2064 555 2459 627 pascebantur
2505 557 2676 628 juxta
2730 574 2850 628 eos,
2909 561 2966 612 et
3006 557 3302 613 irruerunt
3327 557 3711 627 Sabaai,tule-

2062 650 2318 718 runtque
2380 647 2596 714 omnia,
2630 651 2687 702 et
2743 663 2954 718 pueros
3003 653 3416 718 percusserunt
3453 647 3646 718 gladio
3693 664 3707 704 :

2063 739 2120 790 et
2158 737 2314 790 evasi
2354 751 2459 807 ego
2518 735 2700 806 solus,
2752 740 2816 792 ut
2871 735 3203 792 nuntiarem
3259 736 3387 791 tibi.
3446 737 3710 808 Cumque

2063 824 2255 879 adhuc
2285 824 2382 879 ille
2412 823 2767 895 loqueretur,
2808 824 2966 880 venit
3017 823 3182 891 alter,
3227 829 3301 908 .et
3329 825 3472 892 dixit
3503 842 3516 880 :
3553 826 3710 897 Ignis

2062 913 2163 969 Dei
2195 913 2402 970 cecidit
2429 930 2460 969 e
2513 913 2655 969 coelo
2700 919 2756 968 et
2802 919 2987 970 tactas
3033 931 3165 970 oves
3215 931 3544 986 puerosque
3573 932 3713 970 con-

2062 1002 2318 1074 sumpsit
2351 1019 2362 1056 :
2397 1008 2453 1058 et
2483 1003 2658 1074 eﬂ‘ugi
2716 1004 2899 1070 solus,
2953 1007 3016 1058 ut
3069 1005 3404 1059 nuntiarem
3436 1004 3564 1060 tibi.
3596 1004 3712 1060 Sed

2063 1092 2254 1147 adhuc
2285 1092 2384 1148 illo
2413 1092 2685 1164 loquente
2715 1093 2870 1148 venit
2902 1092 3072 1160 alius,
3105 1097 3162 1148 et
3189 1093 3334 1149 dixit
3387 1110 3400 1148 :
3460 1093 3714 1149 Chaldaei

2063 1182 2324 1238 fecerunt
2356 1187 2473 1238 tres
2531 1188 2777 1249 turmas,
2825 1187 2882 1238 et
2938 1183 3278 1239 invaserunt
3343 1182 3617 1254 camelos,
3658 1187 3717 1238 et

2061 1270 2323 1327 tulerunt
2355 1288 2484 1339 eos,
2519 1288 2742 1327 necnon
2803 1289 3016 1345 pueros
3047 1277 3464 1345 percusserunt
3495 1273 3712 1345 gladio,

2063 1364 2121 1415 et
2151 1377 2255 1433 ego
2287 1361 2407 1432 fugi
2440 1360 2602 1416 solus
2634 1366 2698 1416 ut
2741 1361 3073 1416 nuntiarem
3105 1362 3232 1418 tibi.
3283 1362 3490 1418 Adhuc
3519 1361 3717 1433 loque-

2061 1449 2239 1504 batur
2267 1447 2383 1516 ille,
2417 1453 2473 1504 et
2529 1465 2659 1505 ecce
2715 1449 2866 1506 alius
2920 1451 3176 1515 intravit,
3213 1455 3274 1506 et
3329 1450 3474 1506 dixit
3505 1467 3518 1507 :
3553 1449 3716 1506 Filiis

2061 1538 2180 1592 tuis
2209 1542 2266 1592 et
2309 1537 2542 1593 ﬁliabus
2590 1539 2980 1606 vescentibus,
3015 1545 3071 1594 et
3121 1539 3457 1595 bibentibus
3512 1537 3713 1594 vinum

2062 1627 2121 1680 in
2153 1626 2327 1681 domo
2380 1627 2577 1682 fratris
2635 1627 2726 1682 sui
2777 1627 3167 1700 primogeniti,
3218 1632 3453 1700 repente
3507 1632 3715 1683 ventus

2060 1714 2372 1770 vehemens
2419 1715 2592 1770 irruit
2648 1735 2682 1772 a
2741 1717 2974 1789 regione
3039 1718 3249 1773 deserti
3299 1723 3358 1773 et
3415 1715 3714 1773 concussit

296 1802 661 1859 sanctissimi
693 1804 984 1860 Samuelis
1015 1804 1330 1878 prophetas,
1379 1806 1468 1860 vir
1509 1822 1664 1861 unus
1694 1803 1948 1877 appella-
1985 1838 2031 1902 Β
2062 1808 2314 1876 quatuor
2364 1805 2613 1876 angulos
2652 1805 2890 1871 domus,
2945 1823 3073 1878 quas
3113 1822 3391 1862 corruens
3421 1804 3716 1879 oppressit

295 1894 397 1947 tur
429 1907 442 1947 :
474 1909 589 1948 non
620 1893 777 1948 enim
809 1910 911 1965 per
954 1894 1183 1950 diversa
1213 1893 1448 1950 mobilis
1496 1903 1670 1964 atque
1703 1893 1948 1949 instabi-

292 1979 372 2036 lis
403 1981 720 2048 ferebatur,
745 1982 846 2037 sed
874 1982 1081 2039 ﬁrmus
1133 1987 1309 2054 atque
1355 1983 1741 2039 inconcussus
1771 1982 1952 2054 persi-

297 2073 482 2135 stens,
513 2071 601 2125 vir
630 2086 785 2126 unus
814 2075 938 2126 erat
969 2089 981 2126 :
1014 2076 1072 2128 et
1109 2072 1324 2128 idcirco
1357 2072 1416 2127 in
1447 2076 1646 2128 monte
1677 2072 1954 2144 Ephraim

295 2159 594 2233 fructi/ero
616 2160 1047 2216 morabatur.ln
1067 2161 1185 2216 alta
1205 2161 1426 2218 scilicet
1446 2160 1956 2234 comtemplatione

301 2248 605 2319 virtutum,
663 2253 731 2304 ut
783 2266 816 2304 a
873 2249 1050 2305 nullis
1081 2251 1522 2321 subjaeentibus
1564 2255 1622 2306 et
1652 2249 1960 2306 circumla-

301 2337 603 2393 trantibus
631 2337 905 2394 vitiorum
938 2339 1600 2411 agitationibus,mentis
1623 2341 1751 2411 ejus
1773 2338 1955 2394 subli-

300 2425 480 2481 mitas
534 2425 892 2498 dijieeretur,
921 2427 1010 2482 vel
1042 2427 1239 2484 unitas
1286 2428 1673 2484 scinderetur.
1708 2428 1958 2483 Proinde

305 2514 404 2570 hic
433 2515 522 2570 vir
544 2531 796 2588 magnus
823 2521 1000 2589 atque
1019 2533 1289 2590 egregius
1303 2517 1502 2583 Job,in
1525 2521 1680 2574 terra
1710 2517 1832 2572 Huz
1863 2517 1962 2573 ha-

305 2604 537 2660 bitasse
567 2605 928 2677 perhibetur,
961 2622 1088 2678 qua;
1123 2607 1474 2662 consiliatrix
1522 2606 1956 2678 interpretatur.

304 2693 435 2750 Non
466 2694 623 2750 enim
654 2699 809 2750 terra
838 2695 1031 2751 carnis
1067 2697 1216 2767 ejus,
1250 2697 1514 2751 animum
1568 2697 1756 2767 ipsius
1786 2712 1960 2767 supe-

301 2783 497 2850 rabat,
534 2785 638 2840 sed
663 2783 1010 2856 imperantis
1040 2783 1221 2840 animi
1254 2783 1495 2840 consilio
1529 2789 1742 2840 cuncta
1787 2785 1960 2840 facie-

299 2871 445 2928 bat:
484 2874 641 2930 unde
671 2879 728 2930 et
786 2873 912 2946 ipse
971 2874 1052 2928 ait
1086 2891 1098 2929 :
1133 2875 1325 2946 Pepigi
1378 2873 1564 2947 [δάκε
1619 2890 1743 2929 cum
1791 2875 1962 2928 oculis

300 2963 442 3017 meis
470 2965 531 3015 ut
561 2978 671 3018 non
703 2965 995 3034 cogitarem
1024 2963 1246 3036 quidem
1275 2962 1341 3018 de
1390 2965 1603 3032 virgine
1633 2963 1776 3034 (Job.
1808 2980 1962 3018 xxxi.

306 3051 383 3121 1).
455 3051 574 3108 Hoc
643 3068 780 3126 ergo
846 3051 1158 3108 consilium
1235 3056 1294 3108 et
1358 3057 1592 3123 pactum
1667 3053 1965 3124 quondam

304 3139 418 3195 sibi
478 3140 735 3197 invicem
769 3141 1048 3210 inierunt,
1081 3140 1256 3197 homo
1302 3141 1429 3212 ejus
1460 3140 1703 3208 interior
1732 3145 1788 3196 et
1817 3146 1968 3195 exte-

2061 1892 2277 1948 liberos
2311 1898 2464 1960 tuos,
2496 1899 2553 1948 et
2608 1895 2822 1950 mortui
2855 1901 3014 1965 sunt,
3073 1900 3129 1951 et
3159 1896 3334 1968 effugi
3391 1912 3496 1968 ego
3529 1893 3715 1964 solus,

2065 1986 2130 2037 ut
2161 1981 2494 2038 nuntiarem
2528 1983 2654 2038 tibi.
2691 2007 2712 2035 ι
2775 1988 2886 2040 Pro
2917 1983 3056 2040 ﬁliis
3094 1984 3242 2050 suis,
3275 2001 3422 2056 quos
3450 1983 3532 2040 ita
3561 1999 3718 2053 rege-

2065 2071 2187 2138 bat,
2219 2076 2281 2126 ut
2310 2089 2425 2127 non
2456 2076 2575 2128 tam
2608 2090 2710 2144 pro
2741 2073 3124 2144 praesentibus
3150 2073 3717 2144 criminibus,fquam

2066 2175 2171 2230 pro
2235 2159 2478 2215 occultis
2534 2161 2592 2215 in
2651 2161 2822 2216 corde
2887 2161 3160 2233 peccatis,
3224 2179 3355 2233 quae
3411 2161 3718 2218 hominum

2068 2264 2300 2320 quoque
2331 2249 2529 2321 fugere
2571 2250 2837 2305 notitiam
2871 2256 3141 2322 possunt,
3193 2251 3449 2306 divinam
3506 2249 3718 2306 cleme-

2067 2337 2209 2392 tiam
2244 2337 2500 2394 assiduis
2531 2339 2832 2394 sacriﬁciis
2881 2338 3555 2410 exoraret.Privilegium
3585 2354 3718 2394 vero

2067 2425 2346 2482 efferendi
2387 2427 2818 2500 primogenitis,
2849 2427 2937 2484 vel
2971 2428 3223 2484 maxime
3281 2427 3517 2499 regibus
3547 2427 3717 2483 debe-

2069 2515 2242 2570 batur
2288 2532 2301 2570 :
2357 2533 2460 2587 pro
2529 2515 2870 2572 excellentia
2927 2517 3195 2572 videlicet
3251 2515 3572 2588 sapientiae,
3631 2515 3721 2570 vel

2070 2604 2374 2660 nobilitate
2408 2607 2656 2678 generis.
2694 2607 2762 2661 Et
2791 2606 2925 2678 quia
2956 2611 3160 2678 typum
3192 2606 3404 2665 Christi
3429 2606 3540 2662 Job
3571 2605 3720 2662 ferre

2069 2694 2348 2760 diximus,
2379 2694 2682 2750 videamus
2713 2712 2869 2751 nunc
2900 2696 3040 2766 quid
3075 2701 3230 2752 terra
3251 2696 3372 2751 Huz
3402 2695 3462 2750 in
3493 2694 3720 2750 Christo

2072 2782 2380 2855 signiﬁcet.
2416 2785 2652 2839 Terram
2685 2785 2856 2853 hanc,
2891 2789 3265 2856 assumptum
3296 2801 3498 2840 verum
3528 2783 3720 2838 homi-

2073 2889 2205 2928 nem
2254 2889 2322 2928 ex
2379 2873 2561 2928 Maria
2589 2873 2994 2942 intelligimus,
3048 2890 3175 2944 quae
3235 2873 3363 2928 ideo
3418 2871 3562 2928 Filio
3622 2873 3722 2928 Dei

2074 2966 2409 3017 assumcnte
2439 2979 2590 3033 eam,
2623 2962 2981 3018 consiliatrix
3013 2961 3242 3030 dicitur,
3268 2961 3420 3032 quod
3455 2977 3556 3032 per
3585 2960 3728 3016 divi-

2076 3050 2319 3105 nitatem
2354 3050 2711 3105 assumentis
2742 3049 3011 3105 habitant
3040 3049 3096 3104 in
3133 3065 3199 3104 ea
3229 3048 3488 3104 thesauri
3520 3048 3726 3104 divina

2079 3139 2378 3210 sapientiae
2419 3146 2474 3194 et
2527 3138 2778 3194 scientiae
2835 3137 3206 3205 absconditi;
3269 3154 3442 3208 quam
3501 3137 3614 3192 sibi
3645 3136 3729 3192 ita
3769 3183 3776 3186 .

304 3228 463 3297 rior;
501 3233 567 3284 ut
598 3235 774 3297 terra,
808 3231 864 3286 id
905 3235 1014 3297 est,
1046 3246 1182 3286 cara
1226 3231 1376 3301 ejus,
1432 3229 1754 3285 obediendo
1807 3230 1968 3285 ﬁeret
1999 3206 2042 3271 Ο
2081 3227 2452 3284 indissolubii
2535 3227 2892 3282 connexione
2967 3227 3287 3297 conjunxit,
3346 3230 3410 3281 ut
3466 3227 3590 3297 ipse
3667 3225 3725 3280 in

307 3317 673 3374 consiliatrix
705 3319 1043 3392 spiritui,ne
1065 3319 1124 3373 in
1159 3336 1225 3374 ea
1244 3318 1644 3374 dominaretur
1665 3317 1962 3389 iniquitas.

305 3405 378 3461 Et
415 3405 551 3477 quia
580 3407 688 3474 vir,
726 3409 900 3478 juxta
927 3407 1190 3463 divinum
1250 3405 1679 3473 testimonium,
1718 3407 1969 3479 simplex

304 3500 452 3562 erat,
521 3497 796 3552 habitans
866 3498 924 3552 in
993 3497 1221 3554 domo:
1265 3501 1518 3569 quatuor
1557 3496 1648 3552 his
1715 3495 1969 3567 pollebat

300 3585 648 3653 virtutibus,
687 3585 1023 3658 prudentia,
1050 3585 1306 3657 justitia,
1341 3585 1703 3653 fortitudine,
1742 3590 1962 3658 tempe-

299 3675 516 3731 rantia.

378 3764 710 3821 «Oﬁ'erebat
731 3763 1070 3822 holocausta
1093 3781 1195 3837 per
1216 3763 1744 3836 singulos.Dicebat
1764 3765 1919 3820 enim
1948 3786 1960 3823 :

304 3853 391 3909 Ne
423 3853 568 3910 forte
599 3853 965 3927 peccaverint
998 3853 1101 3908 ﬁlii
1152 3852 1287 3924 mei,
1319 3857 1375 3909 et
1406 3851 1814 3908 maledixerint
1844 3853 1959 3909 Deo

311 3941 371 3997 in
406 3943 683 4000 cordibus
711 3943 855 3998 suis.
887 3943 980 3999 Sic
1027 3942 1273 3998 faciebat
1300 3941 1410 3998 Job
1440 3940 1668 3997 cunctis
1724 3942 1952 3998 diebus.

311 4033 577 4097 Quadam
613 4036 806 4088 autem
840 4032 932 4087 die
964 4048 1097 4087 cum
1130 4031 1428 4087 venissent
1460 4029 1560 4084 ﬁlii
1593 4030 1693 4085 Dei
1725 4035 1788 4084 ut
1819 4031 1963 4086 assi-

315 4126 539 4182 terent
555 4139 748 4179 coram
777 4121 1018 4178 Domino
1043 4137 1056 4176 :
1087 4120 1252 4176 affuit
1271 4121 1424 4175 inter
1443 4135 1540 4175 eos
1561 4119 1735 4174 etiam
1759 4120 1962 4176 Satan.

310 4213 417 4268 Cui
452 4211 595 4268 dixit
642 4210 926 4266 Dominus
961 4226 974 4265 :
1007 4209 1170 4265 Unde
1199 4210 1360 4264 venis
1382 4209 1409 4262 ?
1440 4208 1546 4274 Qui
1580 4208 1960 4280 respondens,

309 4302 395 4359 ait
429 4318 442 4356 :
476 4299 826 4357 Circumvivi
852 4303 1088 4368 terram,
1125 4303 1180 4353 et
1207 4297 1601 4370 perambulavi
1630 4297 1965 4353 eam.Dixit-

306 4407 425 4463 que
469 4389 752 4446 Dominus
783 4389 852 4444 ad
887 4404 1020 4444 eum
1057 4404 1069 4441 :
1101 4387 1398 4459 Numquid
1444 4386 1826 4442 considerasti
1849 4404 1964 4443 ser-

302 4496 449 4536 vum
497 4495 697 4534 meum
724 4477 854 4544 Job,
889 4476 1045 4549 quod
1078 4492 1193 4531 non
1227 4476 1304 4530 sit
1333 4475 1384 4530 ei
1416 4475 1627 4530 similis
1658 4475 1717 4530 in
1760 4479 1913 4530 terra
1947 4494 1959 4531 :

2075 3317 2359 3372 Trinitate
2389 3334 2544 3371 unus
2575 3317 2652 3372 sit
2673 3315 2829 3371 ﬁlius
2862 3316 2980 3371 Dei.
3007 3317 3241 3387 Septem
3263 3332 3396 3371 vero
3418 3313 3523 3369 filii
3553 3314 3727 3386 septi-

2076 3407 2319 3462 formem
2379 3405 2630 3477 Spiritus
2688 3406 2872 3461 sancti
2945 3405 3241 3476 gratiam;
3283 3409 3340 3460 et
3391 3409 3509 3460 tres
3567 3402 3722 3470 ﬁliae,

2075 3493 2263 3567 legem
2296 3500 2352 3550 et
2383 3493 2833 3566 prophetiam,et
2859 3493 3238 3565 Evangelium
3262 3492 3429 3549 nobis
3454 3492 3726 3548 videntur

2075 3585 2427 3657 signiﬁcare.
2462 3583 2607 3638 Oves
2637 3582 2866 3655 plebem
2898 3582 3138 3648 Christi,
3180 3587 3415 3654 prepter
3445 3583 3722 3637 innocen-

2072 3673 2238 3741 tiam,
2271 3690 2399 3744 qua-r.
2428 3672 2488 3727 in
2547 3672 2840 3743 baptismo
2898 3671 3098 3726 sordes
3146 3675 3514 3742 peccatorum
3544 3670 3723 3742 depo-

2075 3763 2320 3829 suerint,
2355 3761 2638 3817 nominat.
2672 3763 2734 3815 In
2767 3760 3006 3816 camelis
3035 3775 3189 3827 vero,
3235 3759 3498 3832 gentium
3532 3775 3721 3832 pravn-

2075 3855 2274 3914 tatem,
2325 3867 2461 3906 cum
2501 3850 2778 3906 oneribus
2826 3850 3142 3905 criminum
3191 3854 3247 3904 et
3275 3849 3560 3905 tortuosis
3591 3865 3721 3904 sen-

2074 3940 2242 3995 sibus
2265 3940 2336 3995 ad
2369 3939 2666 3995 Christum
2717 3939 3072 3995 venientium
3105 3939 3380 3994 ostendit.
3413 3943 3476 3992 In
3510 3937 3719 4004 bobus,

2074 4028 2174 4100 qui
2233 4028 2452 4082 munda
2481 4027 2760 4082 animalia
2789 4031 2947 4094 sunt,
2979 4026 3318 4082 Judzeorum
3372 4024 3623 4096 plebem.
3659 4026 3721 4080 In

2073 4117 2257 4173 asinis
2289 4135 2421 4172 vero
2474 4117 2845 4172 immundum
2907 4132 3102 4187 pecus,
3134 4114 3397 4186 gentium
3438 4111 3722 4185 populum

2073 4207 2512 4263 demonstravit.
2550 4205 2710 4261 Unde
2764 4205 2944 4258 Isaias
2999 4204 3123 4258 ait:
3162 4203 3418 4272 Cognovit
3466 4203 3555 4258 bos
3597 4217 3724 4274 pos-

2071 4312 2335 4352 sessorem
2365 4311 2547 4364 suum,
2579 4299 2633 4349 et
2663 4296 2855 4348 asinus
2883 4307 3128 4364 praesepe
3182 4292 3396 4347 domini
3449 4293 3540 4346 sui
3591 4295 3721 4358 (Isa.

2072 4404 2112 4452 1,
2143 4388 2197 4455 3)
2231 4403 2243 4440 :
2275 4383 2495 4440 scilicet
2524 4384 2678 4454 quod
2714 4381 3075 4438 nativitatem
3116 4381 3331 4438 Christi
3363 4381 3421 4436 in
3453 4398 3627 4437 carne
3667 4385 3725 4437 et

2070 4473 2255 4529 Judaei
2289 4490 2357 4528 ex
2379 4476 2625 4543 parte,et
2653 4476 2854 4542 gentes
2879 4469 3221 4542 agnoverint
3253 4488 3265 4525 :
3300 4474 3358 4526 et
3388 4469 3446 4525 in
3479 4469 3722 4541 praisepi

303 4570 484 4626 homo
516 4567 785 4640 simplex,
817 4570 872 4621 et
905 4569 1122 4632 rectus,
1153 4581 1219 4620 ac
1249 4563 1467 4619 timens
1514 4568 1698 4619 Deum
1729 4569 1785 4618 et
1816 4580 1964 4620 rece-
1991 4579 2039 4643 Ι)
2071 4561 2272 4618 altaris
2302 4560 2553 4625 Domini,
2611 4558 2777 4630 quasi
2840 4558 3060 4613 munda
3089 4558 3367 4614 animalia
3397 4573 3499 4630 per
3529 4557 3723 4628 Bapti-

302 4659 451 4716 dens
478 4675 511 4714 a
533 4656 688 4713 malo
708 4657 736 4711 ?
765 4655 871 4711 Cui
914 4653 1272 4726 respondens
1311 4653 1599 4723 Satan,ait
1623 4668 1634 4705 :
1661 4651 1962 4724 Numquid

302 4748 528 4804 frustra
554 4746 665 4802 Job
690 4745 855 4800 timet
885 4747 1064 4799 Deum
1089 4743 1116 4794 ?
1143 4742 1346 4798 Nonno
1376 4746 1440 4796 tu
1474 4739 1700 4796 vallasti
1731 4757 1864 4796 eum
1896 4757 1962 4796 ac

302 4837 549 4893 domum
614 4835 742 4906 ejus
772 4831 1228 4902 universamque
1265 4829 1657 4886 substantiam
1699 4830 1827 4900 ejus
1859 4846 1961 4900 per

303 4923 683 4983 circumitum
715 4923 742 4977 ‘I
773 4920 1060 4995 Operibus
1113 4936 1395 4976 manuum
1427 4919 1554 4990 ejus
1589 4917 1958 4983 benedixisti,

302 5019 362 5072 et
393 5011 690 5087 possessio
723 5013 852 5083 ejus
881 5011 1062 5066 erevit
1095 5010 1152 5064 in
1193 5014 1365 5064 terra.
1400 5008 1512 5063 Sed
1543 5007 1784 5063 extende
1815 5025 1958 5079 pau-

296 5103 494 5161 lulum
528 5117 770 5158 manum
794 5104 980 5168 tuam,
1013 5103 1068 5154 et
1099 5103 1270 5170 tange
1295 5102 1507 5152 cuncta
1537 5114 1664 5168 quae
1699 5096 1961 5168 possidet

298 5193 417 5250 nisi
448 5193 507 5248 in
538 5191 745 5248 faciem
775 5187 1138 5246 benedixerit
1162 5186 1292 5242 tibi.
1325 5186 1477 5242 Dixit
1507 5201 1642 5257 ergo
1673 5185 1957 5241 Dominus

299 5283 376 5339 ad
426 5283 602 5338 Satan
635 5297 650 5336 :
682 5280 828 5335 Ecce
859 5277 1128 5333 universa
1157 5293 1287 5349 quae
1325 5275 1523 5345 habet,
1556 5275 1614 5329 in
1649 5292 1826 5330 manu
1861 5282 1958 5329 tua

247 5428 250 5429 ν
301 5376 448 5430 sunt
477 5389 492 5428 :
523 5375 754 5426 tantum
814 5368 871 5423 in
903 5383 1037 5423 eum
1086 5382 1158 5422 ne
1186 5365 1462 5422 extendas
1495 5381 1735 5419 manum
1769 5369 1954 5420 tuam.

300 5463 708 5534 Egressusque
736 5463 826 5514 est
854 5457 1031 5512 Satan
1063 5473 1095 5511 a
1126 5454 1270 5511 facie
1300 5453 1546 5510 Domini.
1580 5453 1725 5508 Cum
1760 5457 1956 5507 autem

302 5550 563 5623 quadam
585 5549 680 5604 die
700 5547 803 5602 ﬁlii
833 5550 890 5602 et
909 5544 1040 5600 ﬁlias
1065 5545 1192 5615 ejus
1213 5543 1582 5600 comederent
1619 5547 1676 5596 et
1696 5541 1959 5596 biberent

302 5638 513 5697 vinum
559 5638 620 5695 in
677 5636 851 5693 domo
900 5633 1097 5691 fratris
1149 5633 1238 5690 sui
1273 5631 1668 5706 primogeniti,
1710 5630 1956 5686 nuntius

2073 4668 2269 4708 smum
2329 4647 2676 4704 accesserint
2747 4664 2760 4701 :
2832 4647 2978 4702 forte
3017 4647 3088 4702 ad
3129 4647 3238 4702 hoc
3277 4647 3514 4718 respicit
3578 4645 3724 4700 illud

2072 4738 2364 4812 Evangelii
2401 4755 2412 4793 :
2445 4740 2647 4806 Iugum
2703 4739 2852 4792 enim
2908 4753 3091 4792 meum
3145 4751 3314 4792 suave
3368 4740 3468 4805 est,
3507 4739 3559 4790 et
3587 4749 3725 4790 onus

2073 4846 2256 4884 meum
2315 4829 2426 4885 leve
2474 4827 2677 4899 iMatth.
2738 4844 2818 4892 xi,
2851 4827 2962 4896 30).
3012 4826 3072 4880 In
3097 4826 3264 4897 jugo,
3321 4824 3606 4880 Judazos:
3663 4824 3723 4879 in

2070 4919 2260 4985 asino,
2319 4919 2389 4973 ad
2445 4934 2618 4987 quem
2651 4933 2802 4972 onus
2836 4913 3024 4986 magis
3075 4913 3343 4985 pertinet,
3401 4917 3626 4985 gentes,
3659 4917 3724 4968 ut

2069 5025 2248 5080 supra
2279 5006 2532 5062 diximus
2563 5003 3188 5076 signiticavit.Magnus
3210 5001 3424 5058 dicitur
3453 5001 3722 5058 Christus

2070 5095 2222 5152 inter
2252 5112 2456 5151 omnes
2487 5093 2830 5162 Orientales,
2867 5092 3191 5147 secundum
3223 5090 3368 5146 illud
3413 5109 3427 5146 :
3474 5089 3639 5148 Unxit
3669 5095 3722 5146 te

2067 5186 2208 5240 Deus
2264 5188 2392 5239 tuus
2452 5185 2568 5238 oleo
2623 5183 2833 5238 latitia?
2859 5196 2981 5252 pra:
3010 5181 3346 5236 consortibus
3375 5181 3486 5234 tuis
3545 5180 3718 5250 (Psal.

2066 5291 2213 5340 xuv,
2245 5274 2320 5343 8).
2354 5273 2647 5327 Numerus
2694 5286 2827 5325 vero
2884 5268 3227 5324 animalium
3287 5269 3344 5324 in
3385 5273 3606 5340 septem
3665 5273 3725 5324 et

2066 5363 2254 5417 tribus
2288 5361 2568 5427 millibus,
2602 5365 2774 5429 atque
2814 5359 2870 5413 in
2929 5358 3264 5429 quin-gentis
3312 5363 3578 5414 sacratus
3609 5363 3718 5413 est.

2066 5453 2210 5507 Nam
2245 5451 2655 5522 septein,juxta
2677 5447 3080 5502 auctoritatem
3113 5447 3570 5518 Scripturarum,
3605 5445 3720 5518 ple-

2067 5541 2392 5595 nitudinem
2427 5537 2742 5609 quamdam
2777 5535 2926 5592 sacri
2958 5535 3215 5608 mysterii
3247 5535 3581 5608 signiﬁcant
3612 5551 3624 5589 :
3655 5539 3721 5590 ut

2066 5629 2166 5700 ibi,
2210 5634 2431 5699 septem
2472 5625 2735 5698 spiritus,
2781 5630 3002 5697 septem
3061 5624 3430 5692 candelabra,
3492 5628 3717 5697 septem
