4066 6190
361 325 481 390 639

368 467 1745 498 __..______..____________________________

1614 348 1677 406 S.
1727 346 2034 410 EUSEBIl
2082 349 2530 410 HIEIIONYMI

3628 351 3729 411 6&0

1566 625 2056 714 INCIPIT
2144 630 2557 719 LIBER.

1847 814 2251 830 m—

441 927 625 1020 (Vers.
657 933 893 1007 iseqq.)
921 964 941 992 α
976 939 1192 998 Paulus
1221 943 1450 1001 vinctus
1488 945 1700 1002 Christi
1729 951 1890 1012 Jesu,
1951 951 2007 1001 et
2036 943 2092 1009 A
2125 944 2288 1002 nulla
2317 947 2616 1020 Scriptura
2647 951 2954 1003 memorat.
2985 946 3278 1002 Audacter
3308 944 3502 1016 itaque
3524 943 3728 1010 faciam,

365 1015 705 1078 Timotheus
738 1025 932 1094 frater,
967 1028 1287 1086 Philemoni
1321 1034 1529 1090 dilecto
1559 1041 1616 1091 et
1642 1039 1999 1109 coop‘eratori

361 1111 576 1178 nostro,
611 1115 668 1166 et
700 1115 938 1184 Apphiae
972 1119 1179 1184 sorori,
1205 1125 1261 1175 et
1291 1123 1582 1196 Archippo
1617 1126 1998 1182 commilitoni

359 1199 578 1286 nostro,
604 1203 660 1253 et
694 1200 957 1258 Ecclesiae
980 1223 1106 1277 qua:
1142 1207 1198 1262 in
1231 1210 1404 1265 domo
1429 1216 1528 1266 tua
1550 1219 1656 1281 est,
1687 1216 1874 1286 gratia
1903 1232 1998 1270 vo-

358 1281 449 1337 bis
480 1290 536 1338 et
567 1303 677 1357 pax
708 1308 741 1344 a
769 1291 886 1347 Deo
920 1293 1083 1351 Patre
1113 1303 1332 1364 nostro,
1390 1306 1447 1355 et
1496 1281 1741 1357 Domino
1801 1309 1998 1359 nostro

357 1373 495 1463 desii
529 1375 754 1463 Christo
782 1381 818 1434 ¹.
847 1404 873 1429 ››
912 1383 1265 1455 ΡιεθροειῐθιὈ
1299 1390 1502 1445 ordine
1518 1397 1690 1463 atque
1708 1408 1996 1463 perverso,

358 1457 416 1513 in
451 1461 736 1552 Epistolas
771 1469 928 1526 Pauli
961 1473 1167 1530 dictari
1201 1494 1234 1531 a
1265 1493 1358 1532 me
1388 1479 1548 1534 vobis
1582 1457 1812 1552 placuit.
1852 1457 2005 1545 Nam.

356 1563 488 1640 cum
522 1551 576 1606 id
607 1557 828 1629 crebro,
861 1576 892 1615 ο
924 1561 1103 1618 Paula
1131 1569 1187 1619 et
1211 1566 1611 1636 Eustochium,
1642 1573 1913 1640 peteretis
1935 1577 1998 1626 ut

356 1635 648 1728 facerem;
699 1650 756 1701 et
813 1664 918 1720 ego
968 1651 1177 1707 obnixe
1227 1672 1296 1710 ne
1343 1657 1589 1712 facerem
1644 1675 1993 1728 recusarem,

354 1726 559 1783 saltem
593 1749 852 1801 parvam,
889 1743 945 1792 et
974 1756 1100 1810 quae
1131 1744 1295 1799 vobis
1329 1750 1392 1799 ut
1423 1763 1666 1802 numero
1698 1764 1995 1814 versuum,

354 1814 436 1907 ita
465 1833 644 1874 sensu
678 1838 910 1896 quoque
940 1832 995 1882 et
1026 1830 1232 1887 ordine
1260 1831 1567 1890 videbatur
1607 1839 1882 1907 extrema,
1934 1841 1998 1891 ut

356 1901 708 1965 dissererem
741 1915 1033 1986 coegistis.
1071 1919 1210 1974 Rem
1245 1921 1438 1993 itaque
1470 1923 1738 1995 principii
1793 1925 1848 1978 in
1884 1925 1996 1979 ﬁne

358 1995 611 2064 tentabo,
643 2004 698 2053 et
727 2004 880 2071 quod
914 2005 1068 2062 alius
1099 2007 1158 2062 in
1208 2011 1440 2066 exordio
1497 2012 1693 2067 statim
1736 2014 1992 2084 Apostoli

357 2091 660 2182 quaereret,
691 2105 891 2182 quare,
929 2100 1030 2151 aut
1063 2113 1178 2168 quo
1209 2102 1492 2171 tempore,
1527 2101 1614 2156 vel
1640 2119 1754 2174 quo
1779 2119 1992 2173 cogno-

355 2180 634 2245 minante,
657 2195 688 2233 e
713 2181 884 2238 Saulo
917 2184 1078 2240 Pauli
1111 2203 1323 2242 nomen
1375 2191 1682 2261 acceperit,
1737 2191 1846 2246 hoc
1888 2208 1992 2262 ego

2115 1039 2214 1094 sed
2251 1039 2392 1092 forte
2421 1053 2552 1092 vere
2583 1037 2654 1090 de
2684 1037 2926 1090 Actibus
2957 1033 3374 1106 Apostolorum
3398 1032 3729 1103 suspiciones

2113 1144 2276 1182 meas
2307 1127 2631 1193 afﬁrmans,
2667 1125 2940 1196 Legimus
2973 1124 3027 1178 in
3061 1123 3164 1190 eis,
3190 1123 3346 1194 quod
3375 1126 3602 1178 sanctus
3620 1120 3727 1190 Spi-

2111 1217 2262 1270 ritus
2291 1214 2608 1270 Antiochiie
2642 1213 2886 1268 dixerit:
2948 1213 3203 1283 Sepurate
3244 1210 3393 1265 mihi
3447 1210 3725 1264 Barnabam

2109 1315 2159 1360 et
2187 1305 2439 1374 Saulum,
2475 1306 2534 1359 in
2567 1319 2699 1374 opus
2729 1303 2803 1356 ad
2831 1301 2970 1373 quod
3009 1302 3282 1370 assumpei
3301 1316 3411 1355 eos.
3445 1300 3582 1353 Tunc
3608 1298 3723 1366 ieju-

2105 1398 2298 1448 nantes
2328 1397 2375 1446 et
2395 1397 2629 1458 orantes,
2664 1394 3102 1462 imponentesque
3147 1390 3226 1444 eis
3264 1405 3484 1447 manus.
3529 1387 3723 1440 dimise-

2107 1487 2236 1536 runt
2275 1483 2398 1537 illos
2453 1483 2746 1547 (.~1ct.x111,
2803 1483 2858 1546 2,
2926 1479 3002 1547 3).
3063 1478 3169 1541 Qui
3228 1495 3366 1532 cum
3425 1475 3720 1531 Seleuciam

2104 1570 2280 1642 Syriae
2302 1569 2758 1638 descendissent,
2791 1573 2847 1623 et
2878 1566 3217 1637 navigantes
3245 1566 3597 1621 Salaminam
3633 1567 3721 1635 Cy-

2103 1660 2212 1731 pri,
2246 1676 2372 1730 quae
2406 1676 2558 1714 nunc
2587 1657 2926 1714 Constantia
2955 1656 3170 1712 dicitur
3193 1655 3608 1726 pervenissent,
3632 1653 3722 1706 ha-

2104 1751 2423 1819 berentque
2454 1764 2650 1803 secum
2683 1747 2742 1802 in
2776 1745 3100 1801 ministerio
3144 1744 3435 1800 Joannem
3493 1744 3722 1814 (propter

2102 1853 2271 1906 quem
2307 1842 2512 1908 postea
2539 1835 2988 1891 aediﬁcatoribus
3011 1832 3276 1890 Ecclesia:
3302 1831 3563 1903 jurgium
3603 1847 3719 1885 con-

2103 1925 2343 1980 citatum
2377 1926 2484 1991 est)
2517 1931 2572 1980 et
2624 1925 2783 1980 omni
2842 1922 3036 1978 insula
3093 1927 3427 1994 peragrata,
3486 1919 3720 1990 Paphum

2103 2031 2289 2086 usque
2334 2013 2650 2080 venissent,
2698 2013 3044 2068 invenerunt
3116 2011 3438 2082 quemdam
3504 2021 3716 2078 magum

2104 2105 2209 2170 [Αι.
2237 2103 2539 2174 magnum]
2575 2099 3164 2172 pseudo-prophetam
3184 2098 3427 2154 nomine
3447 2095 3722 2160 Bar-Jesu,

2101 2208 2233 2246 cum
2267 2191 2612 2262 proconsule
2643 2190 2840 2256 Sergio
2874 2188 3051 2243 Paulo
3109 2187 3228 2242 viro
3281 2186 3582 2258 prudente.
3630 2181 3721 2248 Qui

349 2276 504 2378 fiunc
537 2265 722 2378 facete
750 2272 1069 2378 compellor
1098 2293 1116 2328 :
1148 2293 1220 2330 ne
1249 2294 1346 2332 mu
1377 2279 1397 2311 ²
1427 2278 1687 2349 quidem,
1720 2284 1783 2335 ut
1840 2281 1987 2334 dici-
2019 2314 2065 2378 B
2100 2280 2299 2336 accitis
2332 2280 2596 2335 Barnaba
2627 2283 2683 2334 et
2729 2277 2904 2378 Saplo
2936 2276 3044 2349 [AL
3085 2275 3333 2378 'Paulo],
3383 2273 3724 2378 desiderabat

345 2353 461 2416 tur,
498 2358 632 2408 ante
662 2355 810 2412 hanc
842 2360 997 2417 diem
1029 2362 1088 2417 in
1120 2381 1253 2418 eum
1304 2366 1492 2422 facere
1535 2385 1735 2424 ausus.
1790 2369 1984 2440 Neque

342 2453 478 2493 vero
510 2446 838 2511 putandum
869 2454 977 2518 est,
1015 2455 1077 2504 ut
1105 2469 1138 2506 a
1167 2453 1626 2524 simplicioribus
1658 2457 1879 2512 Latinis
1909 2457 1986 2512 1e-

342 2525 520 2616 gitur,
548 2529 780 2587 Saulum
809 2541 943 2593 ante
974 2537 1196 2594 dictum
1229 2558 1376 2607 esse,
1411 2548 1467 2599 et
1498 2561 1610 2600 non
1645 2545 1813 2601 Saul:
1848 2545 1986 2616 quia

345 2619 402 2704 et
429 2615 500 2671 de
529 2619 684 2674 tribu
717 2620 1018 2694 Beniamin
1052 2633 1177 2682 erat
1205 2630 1469 2703 (Philipp.
1521 2649 1606 2697 ιιι,
1633 2635 1710 2703 5),
1761 2633 1819 2688 in
1868 2615 1986 2704 qua

346 2701 456 2759 hoc
486 2723 694 2764 nomen
732 2711 1078 2772 familiarius
1106 2701 1450 2776 habebatur.
1485 2701 1787 2792 Siquidem
1810 2727 1866 2778 et
1887 2701 1985 2777 ille

345 2793 503 2863 Saul,
538 2813 636 2854 rex
661 2799 896 2869 Judieae,
933 2811 1268 2876 persecutor
1315 2809 1512 2877 David,
1547 2811 1616 2866 de
1646 2811 1800 2866 tribu
1833 2812 1982 2866 Ben-

334 2883 524 2954 jamin
568 2887 678 2944 fuit
717 2890 761 2962 (Ι
794 2893 917 2961 Reg.
952 2911 1028 2959 ix,
1088 2913 1181 2961 xv,
1241 2915 1333 2952 xvr
1370 2900 1525 2970 seq.).
1581 2901 1741 2964 Quod
1788 2905 1980 2955 autem

337 2972 548 3032 Saulus
579 2993 613 3032 a
647 2979 812 3036 nobis
873 2981 1108 3055 dicitur,
1158 3002 1271 3041 non
1318 2987 1531 3042 mirum
1591 2994 1680 3043 est
1744 2989 1984 3044 Hebraea

334 3063 575 3120 nomina
589 3067 660 3122 ad
684 3067 1133 3129 similitudinem
1159 3074 1489 3133 Graecorum
1511 3083 1568 3133 et
1584 3078 1980 3133 Romanorum

339 3166 586 3209 casuum
645 3156 952 3225 declinari,
986 3167 1050 3216 ut
1083 3162 1235 3218 sicut
1265 3181 1367 3236 pro
1386 3166 1626 3238 Joseph,
1649 3166 1978 3237 Josephus:

343 3257 445 3311 pro
474 3241 677 3310 Jacob,
707 3245 962 3304 Jacobus
984 3267 1002 3301 ,ο
1052 3251 1133 3306 ita
1161 3269 1264 3323 pro
1294 3254 1427 3309 Saul
1469 3271 1719 3326 quoque,
1768 3254 1982 3310 Saulus

341 3328 400 3384 in
456 3337 654 3389 nostra
712 3333 914 3408 lingua
962 3355 1027 3393 ac
1085 3357 1356 3396 sermone
1400 3343 1644 3398 dicatur.
1697 3343 1984 3406 Quaeritur

335 3417 534 3490 igitur,
567 3437 691 3492 cur,
725 3430 825 3479 aut
854 3441 969 3496 quo
991 3427 1258 3496 jubente,
1291 3429 1376 3484 vel
1411 3432 1717 3503 antiquum
1768 3448 1979 3488 nomen

339 3507 622 3576 amiserit,
679 3511 768 3566 vel
823 3531 1038 3570 novum
1083 3518 1424 3588 sumpserit.
1486 3520 1558 3575 Ut
1606 3537 1676 3575 ex
1740 3522 1976 3587 Abram,

338 3595 634 3653 Abraham
667 3599 976 3656 diceretur.
1040 3604 1141 3659 Dei
1190 3606 1459 3676 jussione
1515 3609 1834 3678 perfectum
1892 3614 1980 3664 est

2094 2367 2194 2424 Dei
2225 2384 2552 2423 sermonem
2584 2372 2656 2423 ab
2679 2367 2761 2422 eis
2799 2362 3000 2422 audire
3030 2365 3187 2437 (Ibid.
3222 2367 3274 2432 4,
3310 2367 3388 2432 7).
3423 2363 3719 2420 Resistente

2092 2455 2291 2528 itaque
2324 2473 2491 2528 mago
2523 2455 2627 2529 [AL
2665 2456 2919 2526 magno],
2954 2458 3011 2509 et
3040 2472 3073 2509 a
3105 2454 3217 2508 ﬁde
3256 2458 3416 2510 recta
3471 2452 3712 2522 Sergium

2093 2545 2464 2617 depravante,
2500 2546 2698 2600 Saulus
2729 2543 2830 2613 (ait
2879 2543 3200 2613 Scriptura)
3252 2545 3360 2613 qui
3414 2545 3463 2597 et
3509 2541 3712 2602 Paulus,

2093 2633 2334 2705 repletus
2357 2635 2571 2705 Spiritu
2622 2642 2826 2701 sancto,
2880 2634 3097 2689 intuens
3155 2634 3215 2686 in
3275 2648 3406 2687 eum
3451 2630 3645 2698 dixit):
3675 2631 3717 2681 0

2091 2723 2252 2793 plene
2282 2723 2434 2778 omni
2463 2723 2603 2787 dolo,
2635 2728 2684 2778 et
2715 2724 2866 2777 omni
2908 2723 3155 2793 fallacia,
3217 2721 3310 2790 ﬁli
3353 2717 3579 2782 diaboli,
3626 2716 3718 2771 ini-

2090 2813 2234 2866 mice
2288 2813 2468 2866 omnis
2515 2812 2776 2883 justitise,
2834 2825 2945 2864 non
2987 2809 3190 2864 desinis
3253 2810 3570 2864 subvertere
3622 2805 3722 2860 vias

2091 2900 2312 2956 Domini
2340 2908 2511 2954 rectas
2536 2905 2560 2952 γ
2618 2902 2682 2954 Et
2723 2916 2870 2954 nunc
2915 2915 3031 2954 ecce
3079 2913 3280 2952 manus
3321 2898 3542 2953 Domini
3577 2909 3720 2965 super

2092 2997 2163 3054 te,
2186 2993 2237 3044 et
2264 2991 2373 3044 eris
2401 3005 2596 3057 cereus,
2628 3004 2736 3042 non
2770 2987 2954 3044 videns
2983 2987 3153 3043 solem
3174 3003 3350 3057 usque
3397 2987 3466 3041 ad
3511 2994 3717 3054 tempus,

2093 3079 2490 3150 Confestimque
2537 3077 2733 3134 cecidit
2780 3078 2839 3131 in
2880 3093 3008 3132 eum
3054 3076 3232 3144 caligo
3284 3079 3341 3131 et
3383 3075 3628 3138 tenebrae,
3674 3077 3716 3124 el

2093 3169 2365 3222 circuiens
2394 3169 2672 3239 quaerebat
2703 3167 2800 3236 qui
2835 3167 2892 3220 ei
2935 3181 3140 3220 manus
3189 3164 3377 3220 daret.
3440 3165 3573 3218 Tunc
3606 3176 3714 3232 pro-

2090 3257 2300 3326 consul,
2353 3273 2474 3311 cum
2543 3256 2764 3310 vidisset
2839 3259 3050 3325 [actum
3127 3253 3389 3323 credidit,
3461 3252 3720 3307 admirans

2090 3361 2254 3417 super
2301 3345 2552 3399 doctrina
2611 3344 2843 3400 Domini.
2892 3345 2957 3397 Et
3005 3360 3131 3397 cum
3171 3359 3205 3396 α
3251 3343 3442 3414 Papho
3493 3340 3719 3408 navigas-

2089 3443 2210 3490 sent
2236 3434 2466 3503 Paulus,
2499 3441 2552 3487 et
2577 3435 2674 3504 qui
2703 3450 2826 3487 cum
2883 3448 2942 3488 eo
2989 3439 3169 3502 erant,
3219 3435 3490 3487 venerunt
3537 3431 3717 3495 Pergen

2091 3522 2439 3593 Pamphylia,o
2468 3522 2629 3592 (Ibid.
2670 3523 2875 3591 10-13).
2914 3521 3223 3593 Diligenter
3273 3521 3530 3585 attende,
3578 3514 3715 3586 quod

2090 3612 2184 3667 hic
2235 3611 2490 3682 primum
2550 3626 2761 3665 nomen
2819 3609 2981 3665 Pauli
3043 3609 3355 3682 acceperit.
3441 3609 3510 3664 Ut
3577 3605 3714 3660 enim

338 3681 470 3754 (Gen
503 3702 642 3752 xvu,
673 3688 730 3757 5)
764 3689 850 3760 (ut
881 3707 949 3747 ex
982 3694 1166 3760 Sarai,
1216 3700 1366 3750 Sara:
1414 3677 1760 3753 vocabulum
1822 3700 1982 3752 fieret
2010 3677 2052 3744 C
2091 3677 2303 3771 Scipio,
2341 3699 2605 3768 subjecta
2640 3701 2783 3754 747
2820 3699 3035 3766 Africa,
3069 3677 3333 3753 Africani
3368 3697 3476 3754 sibi
3527 3706 3714 3750 nomen

340 3772 504 3842 (Ibid.
535 3775 641 3846 15),
693 3793 855 3848 aeque
904 3781 999 3836 Dei
1029 3780 1341 3852 imperium
1377 3783 1502 3839 fuit.
1539 3785 1604 3840 Et
1635 3791 1698 3839 ut
1747 3786 1816 3840 ad
1878 3803 1978 3840 no-

337 3877 476 3916 vum
508 3867 972 3923 lnstrumentum
1015 3871 1265 3938 veniam,
1298 3877 1360 3926 ut
1409 3872 1634 3939 Simon,
1685 3876 1843 3930 Petri
1886 3892 1982 3930 no-

339 3967 472 4007 men
532 3953 859 4026 acciperet:
921 3963 978 4013 et
1035 3957 1142 4013 ﬂlii
1199 3959 1480 4026 Zehedaei,
1554 3980 1699 4017 salvs
1775 3964 1980 4018 RBEM”

337 4041 482 4110 (Dm
523 4043 652 4113 νεὶ),
685 4043 794 4100 hoc
843 4051 932 4102 est
988 4047 1099 4116 ﬁlii
1144 4051 1399 4115 tonitrui,
1451 4056 1814 4118 vocarentur,
1868 4056 1978 4106 Do—

337 4130 478 4184 mini
511 4133 694 4188 nostri
726 4134 865 4190 Jesu
887 4135 1098 4193 Christi
1122 4154 1256 4194 voce
1281 4144 1632 4210 praeceptum
1657 4145 1747 4194 est
1767 4141 1976 4211 ((Marc.

334 4236 419 4286 ιιι,
457 4222 658 4292 16ο17).
681 4222 870 4286 Quare
899 4230 1094 4281 autem
1129 4243 1160 4282 e
1190 4227 1365 4282 Saulo
1399 4227 1615 4283 Paulus
1655 4228 1846 4284 dictus
1879 4229 1978 4295 sit,

410 4365 426 4398 ¹
457 4363 759 4444 Additum,
801 4374 1003 4431 nostro,
1040 4384 1140 4424 nec
1187 4369 1418 4425 Graecus
1445 4370 1815 4444 archetypus,
1877 4389 1979 4428 nec

343 4449 487 4509 mss.
523 4437 706 4491 nostri
738 4445 1087 4509 agnoscunt.

408 4507 520 4585 '_In
555 4524 699 4562 mss.
732 4507 1033 4585 codicibus
1065 4511 1347 4585 scripturn
1381 4529 1481 4584 pro
1513 4513 1737 4585 syllaba
1769 4532 1860 4570 mu
1891 4532 1978 4569 re-

336 4579 481 4706 geri,
511 4589 822 4662 nc_mutum
840 4583 1064 4663 quidem
1083 4579 1209 4663 .'_vel
1237 4599 1304 4638 ne
1323 4579 1792 4666 motumquidem.
1821 4586 1981 4668 Unus

385 4693 396 4704 .
429 4650 664 4706 Martini
696 4669 729 4706 a
757 4655 991 4706 Carnms
1025 4659 1233 4706 retinet
1262 4659 1321 4706 ut
1351 4659 1485 4706 tum.
1516 4656 1810 4706 Marianua
1844 4657 1981 4706 legit

385 4693 396 4704 .
429 4649 664 4729 Martini
696 4669 729 4706 a
757 4649 991 4729 campis
1025 4653 1233 4729 retinet
1262 4659 1321 4708 ut
1351 4649 1810 4729 tum._M'arianus
1843 4657 1982 4729 legit

336 4723 532 4797 muta:
565 4723 665 4797 sed
701 4723 1021 4797 meliorest
1053 4723 1278 4797 syllaba
1308 4743 1403 4780 mu
1432 4726 1556 4781 sola
1602 4729 1727 4782 sine
1769 4723 1979 4784 litteris

335 4793 569 4870 additis.
595 4794 746 4870 Dicit
761 4796 921 4870 epirn
943 4793 1347 4870 Hieronymus,
1370 4812 1441 4852 ne
1458 4814 1549 4852 mu
1568 4799 1804 4870 quidem
1847 4805 1980 4855 ante

337 4863 485 4938 hanc
507 4865 660 4921 diem
685 4866 743 4922 in
786 4866 1029 4922 Paulum
1063 4883 1131 4921 ex
1160 4863 1342 4923 Saulo
1370 4870 1553 4924 facere
1586 4863 1766 4925 ausus
1824 4887 1978 4938 sum,

333 4935 390 5012 i_d
410 4941 521 5012 est,
545 4953 660 5012 non
680 4955 860 4995 ausus
883 4957 1020 5012 sum
1040 4939 1490 5012 mussitat-cgsive
1510 4935 1982 5012 mussare,quare

335 5006 552 5063 Paulus
576 5008 766 5082 dictus
797 5011 892 5076 sit,
927 5011 1023 5082 qui
1051 5015 1220 5065 antea
1239 5010 1452 5066 Saulus
1479 5006 1978 5068 vocabunt-Mus-

333 5095 456 5156 safe
487 5095 658 5156 porro
688 5081 906 5156 dictum
939 5081 1093 5153 quod
1128 5084 1277 5138 muti
1335 5100 1447 5137 non
1499 5083 1754 5155 amplius
1803 5102 1979 5156 quam

341 5152 410 5228 μῦ
440 5167 535 5206 mu
565 5150 787 5228 dicunt.
813 5150 1180 5228 Puto—autem
1218 5150 1632 5228 Hieronymum
1657 5150 1984 5228 sumpsisse

335 5222 456 5276 haec
476 5238 553 5298 ex
585 5221 839 5277 Varrone
871 5225 1096 5298 dicente
1122 5243 1134 5279 :
1160 5226 1310 5298 Quod
1339 5221 1632 5298 minimum
1676 5235 1770 5290 est,
1795 5221 1986 5298 'ueque

335 5302 395 5378 ut
423 5296 602 5358 aiunt,
639 5299 710 5378 (£3
738 5300 918 5378 [acere
942 5297 1120 5378 audet.
1156 5297 1298 5352 Vide
1468 5314 1521 5352 v1
1551 5298 1616 5353 de
1856 5296 1980 5355 Lat.

336 5364 523 5420 Man'r.
560 5364 890 5430 —-Quidem
927 5386 1067 5423 mss.
1103 5373 1228 5422 tum
1265 5369 1455 5435 nobis,
1487 5386 1621 5424 cum
1651 5371 1984 5426 Martianzeo

332 5435 604 5520 inspecti,
645 5453 718 5520 ne
773 5441 984 5520 mutum
1029 5443 1326 5520 Corrupto,
1364 5441 1702 5520 nat-nullus
1758 5442 1981 5520 dubito.

339 5507 597 5584 Diximus
628 5509 698 5584 de
728 5527 838 5563 mu.
865 5509 1042 5584 Graec.
1083 5513 1173 5579 μῦ.
1208 5507 1604 5584 interjectione
1635 5514 1703 5566 ad
1766 5513 1982 5584 episto-

333 5579 451 5656 l_am
487 5581 574 5647 12,
605 5581 678 5634 ad
703 5581 1018 5656 Antonium
1043 5581 1416 5656 monachum,
1448 5583 1544 5656 ubi
1575 5579 1980 5656 l-lieronvmus,

334 5653 408 5708 Tu
436 5668 504 5708 ne
529 5669 625 5707 mu
649 5652 868 5726 quidem
881 5655 1062 5724 facere
1082 5653 1351 5724 dignaris.
1389 5654 1678 5711 Lucilius:

395 5741 504 5793 Nec
534 5741 750 5795 laudare
778 5741 1069 5809 hominem,
1099 5755 1278 5807 neque
1306 5756 1399 5796 mu
1426 5744 1597 5797 facere
1630 5757 1886 5810 unquam.

2089 3787 2447 3859 assumpsit:
2495 3792 2552 3841 ot
2609 3785 2897 3853 Metellus,
2949 3791 3114 3842 Creta
3163 3787 3363 3842 insula
3405 3785 3713 3856 subjugata,

2088 3876 2322 3948 insigne
2341 3875 2545 3930 Cretici
2585 3893 2702 3930 suae
2727 3875 2958 3930 familiae
2987 3875 3342 3946 reportavit:
3377 3879 3433 3930 et
3488 3874 3714 3943 impera-

2089 3969 2243 4020 tores
2266 3981 2420 4019 nunc
2452 3981 2640 4036 usque
2703 3963 2947 4019 Romani
2995 3980 3059 4018 ex
3115 3964 3400 4032 subjectis
3442 3961 3712 4035 gentibus,

2089 4052 2452 4114 Adiabenici,
2477 4051 2752 4119 Parthici,
2777 4052 3080 4107 Sarmatici
3105 4057 3556 4124 nuncupantur:
3580 4049 3651 4102 ita
3669 4047 3717 4098 et

2090 4140 2304 4196 Saulus
2330 4141 2400 4195 ad
2431 4140 2909 4212 praedicationem
2931 4139 3194 4212 gentium
3220 4141 3464 4207 missus,
3486 4157 3518 4195 a
3547 4137 3714 4210 primo

2089 4229 2353 4286 Ecclesiae
2393 4229 2578 4300 spolio
2612 4228 2960 4300 proconsule
2991 4228 3190 4301 Sergio
3240 4229 3440 4299 Paulo,
3490 4223 3714 4282 victoria:

2163 4372 2247 4425 Ita
2291 4369 2497 4442 legunt
2545 4369 2741 4442 plures
2800 4387 2942 4425 mss.
3005 4369 3256 4435 codices,
3310 4387 3466 4425 unus
3524 4368 3716 4424 retinet

2090 4457 2300 4514 nomen
2327 4445 2690 4514 Boarnerges,
2724 4443 2876 4514 quod
2913 4442 3102 4514 magis
3133 4442 3206 4497 ad
3239 4443 3268 4495 b
3292 4442 3551 4514 Graecum
3593 4444 3713 4491 Βοα-

2087 4513 2295 4588 νεΡΥὲςρ
2328 4519 2384 4567 et
2415 4513 2716 4588 Syriacum
2745 4512 2864 4573 iam
2905 4524 2996 4588 ’1;
3020 4512 3183 4588 benai
3239 4513 3515 4584 reghesch,
3555 4524 3711 4588 quam

2089 4586 2161 4641 ad
2192 4581 2497 4639 Hebraeum
2547 4585 2679 4639 bene
2707 4601 2872 4650 reem,
2925 4583 3046 4639 sive
3077 4584 3217 4639 bane
3264 4581 3430 4649 reem,
3487 4581 3710 4639 accedit.

2094 4658 2217 4711 [lac
2249 4661 2442 4712 tamen
2478 4656 2780 4727 retinenda
2809 4655 3009 4723 lectio;
3046 4654 3587 4727 quiaHieronymus
3617 4653 3710 4706 hoc

2091 4727 2215 4783 loco
2247 4727 2525 4782 Hebraice
2555 4726 2832 4797 loquitur.
2857 4730 3040 4781 MART.
3076 4757 3141 4766 —
3169 4726 3331 4782 Unus
3361 4726 3500 4781 mes.
3525 4739 3710 4797 quem-

2089 4798 2494 4871 admodum_et
2551 4797 2847 4871 Rabanus,
2878 4799 3206 4871 (Boanerges
3263 4798 3485 4871 legunt,
3533 4797 3714 4871 sicque

2091 4870 2360 4944 rescribit
2413 4869 2626 4924 Victor.
2676 4862 2977 4944 Hebraicis
3027 4862 3234 4944 litteris
3264 4862 3382 4929 ivi-1
3422 4862 3511 4928 vi:
3572 4862 3708 4944 quod

2089 4946 2178 4997 est
2208 4942 2402 5013 Graece
2435 4939 2722 5013 Βρανεργὲς
2753 4957 2766 4994 :
2799 4939 3054 5013 vultque,
3086 4939 3329 5013 ~Syriaca
3379 4936 3600 5013 nomen
3626 4936 3708 5013 hic

2092 5012 2454 5090 eﬂ‘erri,g_non
2485 5010 3101 5090 Hebraice._Nos’alibi
3123 5010 3284 5090 saepe
3313 5027 3378 5068 ex
3401 5010 3707 5090 Hieronymi

2095 5083 2384 5156 sententia
2408 5083 2674 5156 derecta
2703 5083 2950 5156 hujusce
2978 5080 3235 5156 nominis
3265 5080 3709 5156 pronuntiatian

2093 5155 2370 5211 diximus.
2405 5154 2546 5209 Vide
2579 5154 2679 5210 lib.
2712 5149 3008 5210 No'minum
3040 5155 3108 5209 dc
3155 5149 3400 5219 Joanne,
3446 5153 3540 5208 ubi
3563 5176 3588 5200 ‹‹
3621 5149 3708 5203 Ba-

2094 5243 2347 5290 nereem,
2382 5226 2595 5300 inquit,
2631 5225 2734 5300 lilii
2767 5225 3028 5300 tonitrui.
3088 5227 3243 5296 quod
3285 5230 3550 5300 corrupte
3591 5222 3706 5300 Boa-

2093 5315 2280 5367 nerges
2305 5295 2743 5369 usus—obtinuit.
2778 5321 2803 5345 ››
2827 5297 2968 5352 Etin
2990 5295 3381 5369 Cormmentar.
3414 5295 3702 5369 in___Danie-

2094 5364 2209 5424 lem
2240 5388 2276 5430 1.
2308 5370 2376 5425 7:
2412 5368 2591 5423 «Filii
2624 5369 2877 5424 Zebedaei
2910 5368 3185 5440 appellati
3244 5373 3380 5424 sunt
3426 5364 3524 5420 ﬁlii
3570 5364 3706 5440 toni:

2093 5441 2230 5511 trui,
2254 5441 2406 5511 quod
2433 5457 2568 5508 non,
2593 5443 2656 5495 ut
2682 5430 2964 5511 plerique.
2988 5430 3224 5512 putant,
3260 5445 3573 5506 Boanerges,
3618 5430 3702 5488 sed

2093 5512 2466 5586 emendatius
2487 5512 2719 5586 legitur,
2753 5512 3113 5568 Beneraham.
3142 5533 3170 5561 ››
3204 5512 3555 5586 Quanquam
3580 5517 3702 5586 non

2091 5583 2410 5656 diffitemur
2443 5580 2602 5653 Syris
2633 5599 2698 5638 eo
2728 5587 2989 5656 tempore
3018 5581 3532 5656 utunsignilicasse‘
3571 5580 3700 5631 toni-

2091 5665 2202 5721 tru,
2235 5655 2389 5727 quod
2420 5652 2744 5711 etiamnum
2767 5652 3018 5711 Arabica
3049 5652 3556 5711 radix’conﬁrmat.
