4066 6190
331 302 445 374 641

1202 308 1720 371 COMMENTAR.
1767 311 1844 372 IN
1888 310 2136 374 EPIST.
2186 312 2290 375 AD
2334 315 2877 384 PHILEMONEM.

3626 335 3750 405 ω

333 462 451 503 suae
481 443 743 517 trophaea
762 442 982 510 retulit,
1014 441 1312 514 erexitque
1341 440 1638 509 vexillum,
1666 448 1729 497 ut
1761 442 1978 537 Paulus
2009 447 2061 512 Α
2089 444 2284 502 desunt
2329 453 2647 519 passionum
2695 453 2899 511 Christi
2946 457 3004 511 in
3051 473 3215 516 carne
3240 477 3364 517 mea
3390 479 3489 533 pro
3519 482 3746 537 corpore

333 536 622 593 diceretur
652 550 683 590 e
721 532 917 590 Saulo.
952 531 1011 588 Si
1043 536 1238 587 autem
1293 531 1697 602 interpretatio
1731 532 1988 587 nominis

336 624 639 698 quteritur,
670 623 883 678 Paulus
910 621 969 675 in
1013 621 1273 690 Hebraeo,
1304 619 1623 675 mirabilem
1651 625 1838 676 sonat.
1877 620 1988 676 Re-

335 730 467 771 vera
482 712 793 782 mirum,ut
810 714 939 782 post
959 710 1111 777 Saul,
1132 711 1232 781 qui
1252 710 1986 781 interpretatur,ea:petitus1

336 820 401 859 eo
434 802 588 874 quod
620 801 691 856 ad
724 799 1049 855 vexandum
1080 796 1421 869 Ecclesiam,
1456 797 1665 853 fuisset
1695 815 1729 853 a
1757 797 1987 856 diabolo

331 889 687 964 postulatus,
745 888 816 944 de
876 890 1246 960 persecutore
1301 902 1403 941 vas
1462 886 1627 941 fieret
1684 885 1988 943 electionis

331 981 468 1052 (Act.
503 997 579 1047 1x,
626 979 735 1045 15).
778 976 916 1033 Plus
948 976 1092 1031 forte
1124 991 1302 1047 quam
1351 975 1629 1047 oportuit,
1664 976 1764 1031 sed
1798 993 1990 1033 neces-

334 1069 487 1126 sarie
531 1067 897 1139 disputatum
928 1069 1036 1121 est.
1072 1064 1233 1130 Quod
1284 1066 1484 1119 autem
1534 1063 1824 1136 sequitur,
1861 1065 1987 1120 Vin-

327 1166 445 1214 ctus
471 1161 602 1214 Jesu
642 1155 867 1221 Christi,
902 1155 960 1209 in
994 1152 1160 1209 nulla
1209 1151 1467 1225 Epistola
1496 1152 1606 1208 hoc
1636 1154 1987 1223 cognomine

330 1264 476 1303 usus
505 1252 614 1310 est,
639 1245 773 1301 licet
803 1244 862 1300 in
893 1258 1137 1315 corpore
1161 1240 1578 1313 Epistolarum,
1604 1241 1675 1296 ad
1708 1241 1987 1311 Ephesios

332 1335 603 1391 videlicet
659 1334 798 1405 (cap.
858 1349 923 1387 ιιι
978 1335 1036 1387 et
1090 1332 1189 1401 ιν),
1249 1335 1307 1386 et
1361 1329 1767 1403 Philippenses
1841 1332 1981 1403 (cap.

330 1443 408 1493 iv,
462 1426 516 1493 1)
570 1427 627 1478 et
681 1421 1050 1478 Colossenses
1105 1420 1247 1492 (cap.
1299 1436 1378 1484 IV,
1430 1420 1506 1491 3),
1568 1435 1695 1475 esse
1753 1420 1813 1474 in
1864 1420 1985 1475 vin-

334 1512 492 1570 culis
550 1528 652 1584 pro
727 1509 1092 1566 confessione
1168 1511 1434 1564 testetur.
1493 1507 1729 1577 Majoris
1787 1512 1983 1564 autem

332 1602 480 1658 mihi
512 1601 737 1656 videtur
765 1598 1082 1672 supercilii,
1116 1597 1376 1652 vinctum
1408 1613 1470 1652 se
1497 1598 1632 1652 Jesu
1664 1596 1878 1653 Christi
1903 1596 1985 1652 di-

332 1674 481 1757 cere,
516 1706 692 1763 quam
752 1686 1118 1760 Apostolum.
1149 1685 1563 1741 Gloriabantur
1600 1686 1817 1759 quippe
1846 1703 1983 1758 apo-

331 1778 488 1848 stoli,
522 1778 677 1850 quod
710 1777 873 1849 digni
930 1776 1161 1831 fuerant
1190 1792 1293 1847 pro
1337 1775 1572 1830 nomine
1598 1775 1736 1831 Jesu
1770 1775 1987 1833 Christi

332 1866 747 1924 contumeliam
802 1865 921 1938 pati
952 1866 1083 1937 (Act.
1117 1881 1171 1935 v,
1206 1864 1330 1935 Ill);
1361 1864 1462 1920 sed
1517 1865 1849 1921 necessaria
1879 1883 1983 1922 au-

331 1957 569 2013 ctoritas
599 1954 990 2011 vinculorum.
1029 1953 1361 2024 Rogaturus
1387 1968 1489 2025 pro
1520 1952 1815 2023 Onesimo,
1848 1954 1986 2011 talis

331 2062 538 2119 rogare
567 2044 790 2113 debuit,
813 2044 913 2115 qui
944 2046 1143 2116 posset
1164 2042 1479 2114 impetrare
1510 2042 1663 2113 quod
1700 2049 1981 2113 posceret.

331 2135 487 2191 Felix
526 2133 805 2189 nimirum
855 2131 953 2204 qui
988 2148 1102 2188 non
1155 2130 1212 2185 in
1246 2129 1553 2201 sapientia,
1586 2146 1702 2185 non
1754 2130 1811 2185 in
1846 2131 1987 2185 divi-

329 2224 449 2294 tiis,
482 2239 600 2279 non
630 2222 690 2277 in
720 2220 1051 2292 eloquentia
1079 2224 1136 2275 et
1178 2218 1436 2291 potentia
1467 2218 1753 2285 szeculari,
1789 2221 1891 2275 sed
1927 2220 1983 2276 in

332 2312 547 2369 Christi
599 2310 975 2384 passionibus
1022 2307 1323 2381 gloriatur.
1357 2307 1482 2362 Tali
1526 2312 1583 2362 et
1626 2308 1699 2362 ad
1749 2307 1986 2365 Galatas

332 2400 655 2474 Epistolam
688 2415 957 2455 sermone
988 2396 1380 2453 concludens:
1416 2397 1490 2451 De
1517 2400 1732 2461 caetero,
1757 2396 1857 2463 ait,
1893 2414 1985 2453 ne-

329 2506 420 2546 mo
466 2489 609 2544 mihi
654 2488 915 2545 molestus
960 2489 1034 2543 sit
1064 2505 1083 2540 :
1116 2502 1211 2557 ego
1260 2487 1411 2541 enim
1456 2486 1717 2553 stigmata
1748 2486 1990 2566 ‘Domini

330 2580 508 2636 nostri
548 2580 676 2635 Jesu
706 2578 919 2634 Christi
965 2578 1025 2632 in
1054 2590 1282 2647 corpore
1324 2589 1442 2629 meo
1484 2578 1644 2645 porto
1674 2573 1875 2644 (Galat.
1906 2592 1985 2642 v1,

337 2670 449 2738 17).
476 2667 601 2724 Non
634 2666 827 2723 omnis
859 2669 1053 2721 autem
1085 2663 1186 2735 qui
1235 2662 1469 2719 vinctus
1499 2666 1607 2728 est,
1638 2663 1869 2718 vinctus
1899 2668 1989 2719 est

335 2756 548 2814 Christi
577 2780 592 2824 ;
618 2754 716 2811 sed
746 2754 1083 2826 quicunque
1131 2768 1235 2824 pro
1264 2750 1476 2806 Christi
1527 2751 1763 2807 nomine
1792 2757 1850 2806 et
1882 2768 1986 2823 pro

334 2848 464 2919 ejus
494 2844 860 2901 confessione
902 2841 1173 2908 vincitur,
1206 2839 1304 2895 ille
1327 2856 1459 2895 vere
1509 2840 1741 2896 vinctus
1772 2840 1989 2896 dicitur

333 2936 479 2992 Jesu
526 2933 764 3000 Christi,
798 2936 855 2988 et
881 2930 1124 3004 sanguis
1172 2930 1394 2985 eli'usus
1424 2929 1474 2983 is
1506 2933 1736 2984 tantum
1771 2934 1987 3000 marty-

337 3040 461 3081 rem
544 3021 704 3088 facit,
761 3020 861 3093 qui
928 3036 1032 3094 pro
1116 3018 1327 3074 Christi
1397 3020 1631 3074 nomine
1698 3018 1983 3074 funditur.

336 3111 552 3168 Scribit
620 3110 801 3184 igitur
872 3110 942 3164 ad
1021 3108 1420 3163 Philemonem
1495 3106 1690 3162 Romae
1758 3107 1986 3163 vinctus

2097 536 2233 605 ejus,
2265 538 2410 608 quod
2448 548 2526 593 est
2572 540 2816 598 Ecclesia
2847 543 2980 615 (Col.
3019 563 3053 613 ι,
3103 548 3196 615 23,
3225 549 3339 620 24).
3393 552 3460 607 Et
3490 553 3549 608 in
3582 536 3694 612 line
3731 575 3745 614 :

2098 624 2365 681 Salutatio
2392 642 2515 683 mea
2562 646 2731 685 manu
2762 633 2948 700 Pauli,
2997 651 3258 692 memores
3289 643 3455 696 estote
3504 643 3751 700 vinculo-

2098 728 2223 767 rum
2272 730 2520 772 meorum
2568 717 2704 785 (Col.
2738 736 2813 786 ιν,
2866 722 2977 794 18).
3034 723 3151 780 Hoc
3199 725 3348 797 ideo,
3385 733 3448 782 ut
3494 731 3755 791 sciamus

2096 800 2205 856 has
2238 819 2471 874 quoque
2520 805 2809 878 Epistolas
2837 811 2906 865 de
2954 828 3184 869 carcere
3215 820 3272 871 et
3320 815 3474 873 inter
3522 819 3755 879 vincula

2104 890 2283 946 fuisse
2314 892 2581 950 dictatas.
2616 895 2763 951 Illud
2816 903 3011 955 autem
3067 904 3297 974 proprie
3327 904 3504 963 habet
3534 909 3604 963 ad
3637 911 3749 967 Co-

2099 976 2417 1049 lossenses,
2450 984 2600 1054 quod
2654 985 2808 1040 idem
2861 986 3197 1056 Onesimus,
3230 993 3329 1063 qui
3379 1011 3536 1051 nunc
3567 995 3752 1055 Phile-

2098 1068 2253 1122 moni
2276 1072 2742 1141 commendatur,
2764 1075 2940 1131 etiam
2962 1077 3215 1149 perlator
3242 1082 3505 1149 ejusdem
3531 1101 3750 1142 sermo-

2096 1156 2188 1211 nis
2221 1156 2347 1212 fuit.
2378 1159 2633 1232 Denique
2663 1162 2744 1216 ait
2772 1180 2784 1217 :
2809 1168 2952 1234 Quae
2980 1167 3128 1222 circa
3157 1186 3245 1224 me
3270 1176 3419 1238 sunt,
3449 1176 3637 1230 omnia
3656 1191 3750 1232 vo-

2094 1246 2180 1300 bis
2207 1250 2337 1301 nota
2365 1248 2531 1318 faciet
2562 1249 2864 1321 Thychicus
2893 1255 3250 1313 charissimus
3269 1261 3463 1329 frater,
3486 1271 3538 1317 et
3576 1266 3748 1320 mini-

2090 1338 2204 1388 ster
2235 1334 2428 1404 ﬁdelis,
2460 1341 2511 1392 et
2540 1354 2833 1395 conservus
2862 1345 2917 1397 in
2950 1344 3179 1401 Domino
3202 1364 3359 1418 quem
3388 1352 3520 1406 misi
3547 1353 3618 1409 ad
3638 1370 3749 1420 vos,

2091 1422 2162 1476 ad
2189 1423 2287 1478 hoc
2333 1429 2393 1479 ut
2442 1432 2731 1497 cognoscat
2778 1447 2897 1502 qum
2939 1435 3087 1489 circa
3130 1452 3221 1491 vos
3248 1441 3396 1504 sunt,
3432 1448 3486 1495 et
3512 1443 3753 1497 console-

2092 1520 2185 1566 tur
2224 1528 2301 1567 co;
2318 1513 2389 1569 da
2425 1519 2620 1581 vestra,
2652 1534 2779 1572 cum
2825 1520 3076 1577 Onesimo
3126 1525 3484 1592 charissima,
3514 1533 3565 1584 el
3595 1529 3753 1601 ﬁdeli

2091 1599 2290 1672 fratre,
2323 1605 2419 1673 qui
2462 1614 2539 1660 est
2568 1622 2638 1662 ex
2684 1608 2833 1663 vobis
2864 1610 3024 1680 (Ibid.
3072 1614 3125 1677 7,
3160 1615 3235 1683 8).
3270 1614 3329 1670 Si
3382 1599 3749 1674 autemvPhi-

2092 1688 2308 1760 lemon,
2341 1693 2412 1747 ad
2466 1710 2641 1765 quem
2692 1699 2812 1751 haec
2852 1700 3101 1769 epistola
3152 1702 3451 1771 scribitur,
3484 1705 3749 1763 Onesimi

2015 1814 2063 1879 Β
2093 1778 2371 1836 dominus
2402 1788 2512 1847 est,
2546 1783 2664 1840 imo
2718 1785 2893 1841 frater
2940 1804 3069 1845 esse
3099 1792 3274 1863 coepit
3304 1792 3361 1847 in
3396 1795 3657 1867 Domino,
3690 1800 3750 1853 et

2095 1867 2165 1921 ad
2196 1868 2569 1926 Colossenses
2600 1872 2850 1929 refertur
2879 1878 3035 1947 quod
3068 1877 3385 1937 Onesimus
3416 1898 3485 1938 ex
3515 1887 3599 1939 eis
3630 1885 3746 1940 sit:

2093 1955 2239 2011 ratio
2283 1974 2389 2013 nos
2419 1958 2549 2031 ipsa
2604 1966 2661 2015 et
2690 1962 2831 2017 ordo
2881 1965 3140 2033 deducit,
3172 1970 3329 2039 quod
3360 1975 3417 2026 et
3449 1973 3751 2030 Philemon

2094 2044 2457 2102 Colossensis
2496 2048 2593 2113 sit,
2624 2055 2681 2104 et
2711 2067 2777 2105 eo
2828 2056 3089 2125 tempore
3121 2072 3495 2114 communem
3531 2063 3600 2116 ad
3634 2080 3757 2119 om-

2096 2149 2228 2188 nem
2280 2134 2594 2191 Ecclesiam
2641 2137 2953 2195 Onesimus
3008 2141 3314 2213 epistolam
3368 2147 3586 2216 tulerit,
3634 2167 3752 2223 quo

2098 2221 2350 2293 privatas
2380 2229 2437 2280 et
2467 2225 2558 2280 sui
2603 2230 3127 2287 commendatrices
3151 2232 3222 2288 ad
3251 2234 3566 2293 Dominum
3601 2221 3751 2296 litte-

2097 2327 2191 2365 ras
2222 2318 2577 2384 sumpserat.
2610 2315 2713 2370 Est
2740 2323 2796 2371 et
2824 2317 2981 2373 aliud
3021 2320 3327 2387 indicium,
3354 2326 3506 2396 quod
3541 2327 3599 2382 in
3633 2329 3741 2385 hac

2096 2400 2298 2455 eadem
2349 2401 2596 2472 epistola
2633 2408 2690 2458 et
2733 2405 3064 2479 Archippus
3112 2412 3452 2469 nominatur
3483 2432 3496 2471 :
3529 2417 3619 2471 cui
3652 2417 3747 2474 hic

2096 2504 2228 2542 cum
2263 2489 2599 2546 Philemone
2632 2492 2910 2549 scribitur
2941 2514 2954 2551 :
2988 2498 3175 2566 Dicite,
3210 2500 3421 2573 inquit,
3453 2505 3744 2579 Archippo,

2094 2577 2219 2631 vide
2267 2579 2638 2635 ministerium
2684 2582 2825 2652 quod
2871 2587 3129 2654 accepisti
3157 2604 3190 2642 a
3222 2590 3334 2657 [AL
3370 2592 3452 2662 in]
3484 2577 3740 2664 Domino,

2095 2673 2157 2720 ut
2205 2666 2349 2721 illud
2396 2669 2626 2739 impleas
2673 2670 2832 2739 (Ibid.
2869 2674 2976 2744 17).
3011 2676 3171 2741 Quod
3214 2682 3303 2733 est
3355 2681 3746 2741 ministerium

2097 2754 2251 2825 quod
2278 2755 2606 2828 Archippus
2637 2759 2855 2831 accepit
2875 2778 2908 2815 a
2929 2761 3174 2819 Domino
3195 2763 3222 2819 ‘l
3239 2767 3321 2820 Ad
3343 2768 3742 2828 Philemonem

2095 2841 2347 2915 legimus
2381 2861 2394 2899 :
2427 2846 2493 2900 Et
2519 2846 2789 2919 Archiapo
2819 2852 3183 2907 commilitoni
3227 2864 3430 2924 nostra,
3464 2866 3515 2913 et
3545 2861 3741 2916 Eccle-

2095 2934 2202 2988 siae
2248 2949 2364 3004 qua:
2414 2936 2470 2988 in
2520 2935 2681 2991 domo
2728 2946 2822 2992 tua
2850 2944 2930 2992 est
2990 2941 3154 3010 (vers.
3187 2943 3265 3014 2).
3303 2944 3382 2999 Ex
3435 2962 3550 3017 quo
3600 2954 3738 3019 puto

2096 3027 2198 3075 aut
2226 3022 2562 3094 episcopum
2614 3039 2747 3080 eum
2803 3025 2985 3082 fuisse
3015 3027 3373 3086 Colossensis
3405 3035 3668 3092 Ecclesiae
3699 3039 3742 3106 ³,

2097 3111 2188 3164 cui
2247 3110 2614 3176 admonetur,
2675 3114 2937 3170 studiose
2988 3120 3045 3171 et
3109 3117 3418 3191 diligenter
3474 3141 3741 3197 praeesse,

341 3200 401 3257 in
450 3178 701 3265 carcere,
735 3215 851 3270 quo
902 3203 1163 3270 tempore
1214 3195 1358 3250 mihi
1414 3195 1685 3250 videntur
1734 3196 1804 3250 ad
1856 3195 1986 3250 Pbi-
2016 3178 2059 3245 (ἶ
2104 3199 2252 3254 749
2284 3203 2348 3252 ut
2369 3200 3139 3273 Evangeliipraidicatorem.
3167 3178 3281 3263 Aut
3310 3178 3600 3269 siita‘non
3630 3178 3743 3282 est:

342 3289 661 3362 lippenses,
716 3288 1108 3351 Colossenses,
1144 3288 1202 3340 et
1248 3283 1531 3384 Ephesios
1561 3283 1832 3384 Epistolas
1861 3300 1990 3340 esse

344 3377 591 3436 dictata.
646 3377 729 3432 Ad
779 3375 1187 3448 Philippenses
1233 3372 1335 3428 illa
1360 3390 1427 3428 ex
1474 3390 1697 3429 causa:
1732 3372 1988 3445 primum

342 3466 502 3538 quod
534 3483 664 3522 cum
716 3464 839 3520 solo
868 3462 1171 3518 Timotheo
1226 3461 1470 3529 scribit;
1504 3460 1659 3533 quod
1702 3465 1760 3515 et
1788 3460 1847 3516 in
1879 3460 1987 3516 hac

337 3553 602 3627 Epistola
647 3554 801 3608 facit.
835 3551 1057 3607 Dehinc
1088 3549 1239 3622 quod
1274 3548 1509 3604 vincula
1539 3565 1647 3603 sua
1677 3548 1989 3605 manifesta

337 3643 482 3699 dicit
537 3642 688 3698 facta
735 3658 837 3713 pro
894 3639 1125 3695 Christo
1178 3637 1327 3693 748
1376 3637 1436 3691 in
1503 3636 1662 3692 omni
1719 3638 1985 3709 pratorio

335 3731 604 3805 (Philipp.
640 3748 678 3798 1,
706 3731 815 3802 13).
841 3729 987 3795 Quid
1006 3729 1084 3784 sit
1104 3732 1296 3782 autem
1321 3726 1678 3798 prmtorium,
1708 3727 1765 3781 in
1798 3727 1984 3798 ipsius

334 3819 593 3894 epistola:
645 3820 756 3875 fine
806 3818 1122 3891 signiﬁcat,
1158 3816 1416 3871 Salutant
1452 3831 1542 3870 vos
1572 3831 1758 3871 omnes
1786 3818 1985 3882 sancti,

334 3911 581 3965 maxime
608 3917 786 3964 autem
834 3909 933 3979 qui
960 3907 1029 3962 de
1077 3905 1314 3961 Caesaris
1343 3904 1500 3960 domo
1541 3913 1669 3959 sunt
1712 3905 1982 3977 (Philipp.

338 4015 417 4065 ιν,
445 3998 557 4069 23).
587 4005 633 4051 Α
664 4000 883 4053 Caesare
916 3997 1135 4051 missus
1164 3994 1224 4048 in
1254 4009 1565 4062 carcerem,
1591 3994 1780 4048 notior
1815 3994 1983 4048 fami-

334 4085 426 4141 liae
457 4086 586 4157 ejus
618 4086 828 4147 factus,
862 4081 1254 4155 persecutoris
1307 4082 1572 4146 domum,
1604 4080 1819 4136 Christi
1849 4080 1986 4137 fecit

333 4174 675 4230 Ecclesium.
728 4173 941 4227 Deinde
972 4173 1098 4227 ait:
1147 4171 1385 4241 Quidam
1431 4178 1614 4226 autem
1662 4187 1732 4225 ea:
1759 4181 1983 4228 conten-

332 4266 482 4320 tione
513 4263 787 4318 Christum
814 4262 1170 4327 annuntiant,
1198 4276 1305 4314 non
1355 4261 1568 4315 sincere
1596 4261 1984 4318 existimantes

327 4368 664 4425 pressuram
686 4368 742 4407 se
772 4353 1038 4405 suscitare
1068 4351 1301 4403 vinculis
1329 4351 1465 4404 meis
1494 4348 1761 4421 (Philipp.
1798 4368 1835 4420 ι,
1874 4352 1979 4423 17).

330 4441 513 4496 Porro
542 4444 598 4495 et
626 4441 697 4496 ad
747 4439 1120 4495 Colossenses
1149 4439 1170 4471 ²
1201 4437 1553 4509 principium
1596 4437 1808 4494 simile.
1840 4441 1983 4495 Pau-

2099 3286 2241 3342 illud
2275 3286 2417 3341 mihi
2451 3286 2980 3361 impraesentiarum
3010 3295 3250 3366 sufﬁcit,
3284 3300 3437 3370 quod
3472 3306 3528 3356 et
3556 3303 3747 3361 Phile-

2099 3392 2233 3430 mon
2268 3381 2326 3431 et
2373 3376 2726 3449 Archippus,
2761 3384 2819 3434 et
2865 3379 3178 3439 Onesimus
3207 3385 3334 3456 ipse
3388 3389 3488 3460 qui
3520 3390 3745 3450 litteras

2098 3465 2440 3536 perferebat,
2475 3465 2692 3522 fuerint
2739 3467 3131 3538 Colossenses,
3163 3477 3220 3528 et
3250 3476 3453 3532 eodem
3486 3486 3742 3553 tempore

2096 3559 2348 3624 quatuor
2376 3554 2465 3625 (ut
2507 3559 2642 3609 ante
2690 3556 2970 3627 diximus)
2999 3559 3270 3632 Epistolas
3318 3565 3546 3637 scriptis
3576 3580 3738 3626 sunt.

2094 3642 2177 3696 Ad
2210 3642 2492 3714 Ephesios
2520 3660 2653 3698 vero
2683 3643 2844 3700 illam
2874 3646 2946 3701 ob
2976 3663 3237 3720 causam,
3262 3654 3415 3723 quod
3448 3671 3552 3728 pro
3583 3658 3745 3714 Chri-

2096 3735 2187 3785 sto
2219 3734 2273 3784 et
2303 3729 2395 3785 hic
2424 3730 2683 3787 vinctum
2718 3749 2779 3788 se
2825 3749 2955 3790 esse
2983 3735 3159 3803 dicat,
3188 3744 3246 3795 et
3274 3742 3477 3798 eadem
3508 3761 3635 3817 quae
3667 3748 3738 3804 ad

2095 3817 2759 3892 Colossensesjusserat,
2783 3821 2842 3876 in
2876 3822 3054 3895 hujus
3084 3842 3317 3900 quoque
3334 3830 3604 3902 Epistolas
3627 3836 3742 3892 fine

2097 3906 2411 3979 prazcipiat,
2460 3913 2525 3962 ut
2592 3926 2802 3965 uxores
2855 3911 3248 3982 subjiciantur
3302 3918 3464 3990 viris,
3521 3927 3580 3977 et
3632 3924 3739 3979 viri

2095 4012 2301 4051 uxores
2330 3996 2598 4069 diligant,
2626 4005 2690 4053 ut
2721 3999 2825 4053 filii
2848 4001 3122 4057 obediant
3166 4007 3529 4079 parentibus,
3554 4015 3618 4064 ut
3640 4028 3739 4083 pa-

2092 4091 2212 4140 tres
2251 4102 2365 4140 non
2416 4092 2724 4157 provocent
2756 4089 2826 4143 ad
2884 4089 3246 4147 iracundiam
3297 4094 3450 4149 ﬁlios
3481 4114 3642 4163 suos,
3678 4106 3742 4156 ut

2093 4173 2242 4228 servi
2273 4174 2548 4230 obediant
2595 4176 2852 4233 dominis
2882 4178 3236 4245 carnalibus,
3272 4188 3338 4238 ut
3368 4185 3613 4259 domini,
3649 4205 3739 4246 re-

2093 4261 2247 4317 lictis
2280 4262 2477 4327 minis,
2508 4280 2576 4318 ca
2604 4265 2785 4320 servis
2832 4282 2959 4336 quae
3000 4268 3166 4338 justa
3194 4276 3353 4342 sunt,
3388 4275 3686 4345 praebeant
3717 4295 3732 4334 :

2091 4357 2148 4405 et
2169 4352 2237 4406 ad
2262 4357 2583 4406 extremum
2604 4352 2920 4424 Epistolam
2940 4372 3107 4411 suam
3128 4356 3235 4413 hoc
3251 4359 3365 4417 ﬁne
3381 4363 3692 4423 concludat
3719 4383 3733 4421 :

2093 4439 2232 4507 Quid
2262 4456 2441 4510 agam,
2473 4443 2659 4495 notum
2699 4441 2847 4496 vobis
2874 4444 2909 4514 Γ
2921 4446 3048 4500 ιεὶει
3095 4446 3354 4519 Tychicus
3381 4451 3737 4511 charissimus

331 4531 420 4585 lus
448 4530 728 4602 apostolus
772 4531 897 4585 Jesu
930 4528 1134 4582 Christi
1174 4542 1278 4597 per
1304 4530 1640 4581 voluntatem
1671 4529 1791 4593 Dei,
1819 4537 1869 4583 et
1899 4530 1980 4584 Ti-
2010 4534 2058 4599 Ι)
2087 4534 2281 4599 frater,
2313 4532 2365 4582 et
2394 4529 2576 4597 ﬁdelis
2623 4530 2874 4585 minister
2902 4533 2961 4586 in
2984 4533 3211 4591 Domino
3241 4554 3260 4591 :
3293 4554 3456 4608 quem
3484 4544 3621 4598 misi
3662 4544 3739 4600 ad

326 4620 577 4675 motheus
598 4621 776 4690 frater
804 4617 1025 4690 (Coloss.
1059 4633 1098 4681 1,
1134 4616 1205 4687 1).
1242 4620 1307 4669 Et
1334 4615 1391 4669 in
1436 4617 1930 4686 consequentibus
1963 4635 1977 4673 :

331 4708 503 4778 Cujus
558 4709 739 4779 factus
791 4723 913 4763 sum
958 4722 1051 4777 ego
1106 4704 1320 4759 Paulus
1361 4704 1635 4770 minister,
1692 4707 1787 4775 qui
1834 4723 1984 4762 nunc

321 4796 535 4869 gaudeo
560 4798 622 4852 in
643 4796 992 4869 passionibus
1018 4809 1116 4866 pro
1147 4793 1296 4848 vobis
1324 4811 1348 4857 ;
1375 4799 1426 4847 et
1466 4792 1737 4864 adimpleo
1765 4810 1827 4849 ea
1857 4811 1984 4866 qua

405 4922 422 4956 ¹
474 4920 581 4994 Pro
628 4923 918 4994 expetitus,
971 4918 1125 4990 quod
1161 4933 1318 4994 _mss.
1363 4916 1573 4994 (nostri
1601 4921 1659 4973 et
1706 4918 1981 4975 Rabanus

326 4988 726 5076 substituunt,
743 4993 964 5076 Ominus‘
980 4988 1131 5076 recte
1161 4988 1380 5076 legerat
1408 4988 1983 5076 Martianteus,"repe-

324 5067 488 5121 titus.
502 5060 723 5144 Vadem
740 5063 934 5136 ipsum
951 5063 1159 5144 habeto
1177 5060 1661 5144 Hieronymumin
1675 5060 1775 5116 lib.
1789 5060 1983 5144 {Vomi-

324 5152 463 5191 num
479 5137 549 5191 de
569 5133 808 5191 Actibus
826 5133 1220 5207 apostolorum
1244 5149 1257 5186 :
1278 5133 1431 5200 Saul,
1446 5134 1738 5202 expetitus,
1759 5135 1873 5189 sive
1886 5151 1982 5206 pe-

325 5225 480 5280 titio.
511 5227 801 5280 Consonat
820 5205 1166 5279 Hebraicum
1182 5205 1361 5286 bime,
1387 5220 1457 5274 de
1471 5236 1585 5290 quo
1602 5221 1682 5275 ibi
1701 5205 1977 5279 diximus.

405 5297 427 5329 ²
456 5295 534 5351 Ex
574 5312 638 5352 eo
691 5294 868 5351 etiam
922 5293 1095 5366 paulo
1125 5296 1275 5366 _post
1322 5296 1789 5366 argumentatur,
1822 5294 1978 5366 quod

328 5366 489 5439 idem
519 5366 617 5439 ad;
641 5361 941 5439 utrosque
970 5361 1166 5439 fecerit
1189 5361 1441 5439 portitor
1463 5361 1795 5439 litterarum
1829 5361 1978 5439 One-

325 5438 539 5494 simus.
574 5437 786 5493 Verum
810 5433 970 5514 _tpost
1010 5433 1428 5514 Theodoritum
1460 5433 1804 5514 interpretes
1855 5437 1979 5514 ple:

2089 4634 2181 4673 vos
2206 4619 2263 4672 in
2293 4619 2392 4672 hoc
2436 4619 2640 4689 ipsum,
2676 4623 2733 4673 ut
2777 4625 3119 4691 cognoscatis
3147 4640 3270 4695 quae
3296 4628 3443 4682 circa
3473 4646 3560 4685 me
3587 4640 3735 4697 sunt,

2089 4717 2140 4764 et
2187 4709 2494 4763 consoletur
2538 4706 2701 4762 corda
2745 4717 2921 4764 vestra
2959 4710 3182 4782 (Coloss.
3231 4731 3309 4781 ιν,
3340 4717 3396 4783 7,
3427 4718 3503 4788 8).
3537 4718 3740 4792 Tychi-

2091 4814 2195 4852 cus
2216 4801 2409 4852 autem
2435 4795 2486 4851 is
2506 4803 2613 4862 est,
2638 4800 2740 4866 qui
2760 4802 2817 4852 et
2834 4798 2904 4853 ad
2927 4799 3298 4859 Colossenses
3314 4820 3446 4859 cum
3462 4806 3737 4864 Onesimo

2161 4921 2183 4955 ³
2234 4920 2444 4975 Iisdem
2522 4920 2943 4991 propemodum
2994 4924 3185 4980 verbis
3242 4927 3735 4987 PseudmAmbro-

2090 4992 2217 5071 sius
2265 4997 2753 5071 argumentatur:
2787 4991 2917 5047 aliis
2966 4995 3305 5071 episcopum
3356 5000 3590 5071 quidem
3626 5008 3737 5056 Ar-

2091 5062 2368 5134 chippum
2391 5062 2613 5139 _fuisse,
2650 5080 2761 5118 non
2810 5062 3427 5139 tamen'Colo'ssarum,
3459 5073 3561 5127 sed
3593 5073 3738 5130 Laoo

2091 5133 2265 5190 dicetis
2301 5136 2356 5188 in
2387 5133 2657 5206 Phrygia,
2690 5151 3038 5206 persuasum
3073 5138 3199 5204 fuit,
3233 5142 3388 5213 quod
3414 5133 3616 5200 minus
3645 5155 3738 5208 est

2090 5212 2692 5296 verosimile.'f}uct0r
2740 5231 2874 5296 vero
2923 5220 3247 5296 Comment,
3282 5222 3339 5276 in
3379 5221 3548 5296 _Pauli
3598 5223 3736 5296 Epi-

2090 5285 2269 5341 stolas
2301 5288 2410 5369 sub
2446 5284 2802 5369 Hieronymi,
2850 5288 3108 5369 nomine,
3132 5284 3280 5369 quos
3307 5292 3606 5350 exhibebit
3635 5284 3737 5369 ῥο-

2090 5363 2347 5413 stremus
2394 5361 2592 5409 tomus
2627 5373 2639 5410 :
2674 5379 2702 5405 ‹‹
2738 5358 2862 5425 Hic,
2895 5361 3092 5431 inquit,
3145 5358 3429 5420 diaconus
3477 5358 3737 5422 erathe

2089 5454 2202 5516 quo
2236 5439 2306 5516 ad
2355 5434 2729 5516 Colossenses
2760 5437 2840 5516 ait
2875 5453 2887 5491 :
2924 5440 3395 5516 Dz‘cite_Aichippo
3426 5461 3446 5499 :
3485 5446 3610 5501 Vide
3634 5447 3737 5502 mi-

323 5509 497 5595 rique
526 5525 731 5565 omnes
771 5506 1071 5595 aliquanto
1102 5509 1235 5579 post
1286 5506 1482 5595 datam
1514 5506 1874 5595 arbitrantur
1905 5509 1976 5563 ad
2086 5506 2376 5595 nistenium
2405 5506 2854 5595 qupdacceptsli,
2886 5518 2946 5564 ut
3148 5506 3393 5595 impleas.
3432 5538 3459 5595 >3
3491 5516 3737 5595 Propius

323 5577 717 5654 Colossenses
748 5577 1276 5654 Epistolam,‘cum
1325 5577 1549 5635 scilicet
1595 5578 1836 5635 Romam
1887 5597 1976 5637 se-

324 5654 522 5717 cundo
551 5650 861 5717 Onesimus
892 5650 1180 5711 rediisset.

2086 5580 2159 5636 ad
2191 5580 2494 5659 fidemest
2546 5593 2706 5659 eum.
2731 5578 2987 5659 episcopi
3018 5578 3271 5641 Colossis
3299 5586 3553 5659 gessisse
3581 5578 3737 5659 vices

2085 5667 2188 5727 pro
2216 5648 2504 5725 Epaphra,
2529 5665 2664 5707 cum
2692 5647 2788 5707 hic
2813 5647 3003 5711 Romae
3025 5660 3181 5713 esset
3203 5647 3360 5734 apin
3381 5661 3438 5715 S.
3461 5658 3737 5719 Paulum.
