4066 6190
420 339 538 407 643

1661 327 1726 394 S.
1773 325 2087 393 EUSEBII
2131 325 2576 391 HIERONYMI
3659 337 3757 400 6H

421 477 694 542 mittitur,
727 477 783 529 et
811 475 1140 544 eotempore
1164 467 1506 525 Onesimum
1530 465 1737 522 habuit
1759 464 2054 531 comitem,
2088 464 2138 528 Α
2170 478 2235 516 ea
2267 451 2442 516 nunc.
2473 461 2934 517 commilitonem
2965 459 3099 530 dici,
3136 460 3282 532 quod
3335 461 3390 517 in
3434 464 3616 520 eodem
3655 484 3758 523 cer-

419 583 533 639 quo
565 563 877 619 Onesimus
909 562 978 616 ad
1024 559 1424 614 Philemonem
1455 553 1680 611 litteras
1713 553 2056 626 perferebat.

489 659 587 710 «Et
602 649 989 708 Thimotheus
1007 649 1233 704 frater.»
1246 651 1310 701 In
1323 646 1454 702 aliis
1471 641 2062 717 epistolisSosthenes

415 750 472 801 et
499 743 795 806 Silvanus,
827 738 1120 795 interdum
1175 741 1233 792 et
1259 735 1601 791 Timotheus
1633 733 1811 788 frater
1838 729 1944 804 [AL
1977 733 2059 784 ta-

415 841 496 891 cet
541 832 740 902 frater]
791 829 1132 885 assumitur.
1165 831 1229 881 In
1279 829 1533 897 quatuor
1584 825 1815 877 tantum
1865 819 2060 874 Timo-

417 923 612 988 theus,
645 919 785 992 quia
820 917 908 973 vel
961 917 1163 972 eodem
1213 919 1492 984 tempore,
1522 911 1610 968 vel
1661 911 1942 982 praesente
1972 905 2064 962 Ti-

421 1011 655 1068 motheo
703 1006 1066 1077 caterisque,
1117 1004 1342 1058 dictatas
1390 1001 1528 1058 sint.
1583 1000 1744 1067 Quod
1798 1013 1902 1070 ego
1950 997 2059 1050 du-

419 1101 556 1173 plici
587 1116 656 1154 ex
693 1113 870 1153 causa
915 1095 1134 1149 factum
1161 1097 1339 1164 puto;
1376 1096 1440 1146 ut
1467 1094 1526 1145 et
1573 1085 1831 1161 Epistola
1876 1086 2060 1157 majo-

416 1207 539 1246 rem
563 1189 802 1244 haberet
837 1183 1264 1248 auctoritatem,
1284 1198 1409 1252 quae
1449 1195 1567 1234 non
1597 1179 1667 1233 ab
1701 1193 1816 1232 uno
1848 1175 2063 1232 scribe-

416 1279 627 1335 batur:
651 1280 706 1332 et
736 1274 874 1348 quia
889 1271 1054 1328 nulla
1083 1269 1379 1326 aemulatio
1409 1273 1534 1324 erat
1561 1267 1716 1322 inter
1744 1264 2060 1337 apostolos,

417 1369 467 1425 si
497 1367 636 1440 quid
669 1366 812 1421 forte
830 1362 1006 1418 Paulo
1038 1361 1314 1424 dictante,
1334 1359 1430 1415 alii
1464 1358 1706 1430 spiritus
1737 1355 2062 1427 suggessis-

417 1461 522 1524 set,
557 1455 779 1526 absque
821 1451 943 1507 ulla
990 1449 1228 1505 tristitia
1274 1449 1525 1503 addebat
1565 1445 1783 1501 Paulus
1813 1444 1873 1499 in
1907 1443 2058 1499 litte-

414 1545 496 1601 ris
526 1561 674 1617 quas
718 1541 992 1597 dictabat.
1036 1539 1370 1594 Secundum
1419 1536 1474 1591 id
1509 1536 1665 1606 quod
1713 1535 1839 1606 ipse
1869 1533 2062 1589 Corin-

414 1635 554 1690 thiis
611 1631 902 1706 pNBchIt,
938 1635 999 1684 ut
1048 1629 1096 1684 si
1137 1627 1250 1682 alio
1299 1625 1703 1698 prophetante,
1737 1623 1834 1679 alii
1887 1621 2063 1678 fuerit

415 1720 756 1786 revelatum,
789 1723 976 1771 taceat
999 1715 1094 1769 ille
1127 1715 1224 1785 qui
1259 1714 1419 1786 prius
1449 1712 1831 1786 prophetabat
1863 1712 1908 1782 (ι
1939 1713 2059 1765 (.‘or.

414 1826 532 1876 xw,
565 1809 675 1878 30).
728 1807 814 1860 Ita
861 1805 988 1877 ipse
1041 1819 1275 1875 quoque
1327 1806 1679 1874 praeceptum
1726 1816 1857 1898 sum
1891 1815 2061 1870 opere
2095 1834 2140 1898 Β

415 1895 763 1969 complebat,
783 1899 840 1950 et
861 1897 1096 1965 propter
1119 1908 1304 1964 pauca
1326 1909 1451 1962 quae
1476 1890 1586 1945 alio
1605 1889 1911 1946 addiderat
1931 1905 2063 1959 sug-

415 1991 648 2060 gerente
698 1989 762 2039 ut
810 1999 1002 2051 suam,
1052 1981 1133 2036 ita
1181 1981 1424 2035 alterius
1475 1996 1708 2050 quoque
1756 1977 2061 2049 epistolam

416 2074 848 2149 praescribebat.
880 2071 1211 2134 Philemoni,
1248 2069 1460 2140 inquit,
1495 2070 1706 2123 dilecto.
1734 2068 1855 2122 Non
1892 2067 2065 2121 habe-

414 2170 512 2221 tur
577 2165 634 2218 in
673 2168 865 2217 Graeco
912 2158 1276 2233 ἠγαπημένῳ,
1339 2158 1495 2229 quod
1552 2157 1780 2212 dilectus
1825 2155 2060 2222 dicitur,

416 2255 515 2311 sed
551 2253 836 2326 ἀγαπητῷ,
872 2251 926 2304 id
970 2255 1058 2304 est
1107 2247 1390 2318 diligibili.
1428 2247 1580 2301 Inter
1626 2245 1904 2299 dilectum
1959 2261 2062 2298 au-

415 2347 532 2397 tem
559 2347 616 2396 et
651 2338 1020 2411 diligibilem,
1054 2337 1161 2390 hoc
1209 2335 1469 2402 interest,
1505 2337 1655 2406 quod
1689 2333 1934 2388 dilectus
1965 2350 2062 2404 ap-

417 2429 620 2501 pellari
652 2433 840 2500 potest
869 2433 924 2481 et
955 2425 1050 2480 ille
1083 2424 1181 2496 qui
1235 2423 1602 2478 dilectionem
1639 2439 1751 2477 non
1787 2427 2060 2477 meretur.

421 2517 729 2589 Diligibilis
760 2533 894 2571 vero
929 2515 975 2570 is
1011 2520 1236 2568 tantum
1270 2512 1369 2583 qui
1403 2512 1606 2566 merito
1639 2511 1921 2581 diligitur.
1962 2516 2061 2566 De-

415 2607 593 2677 nique
623 2610 681 2660 et
711 2604 982 2659 inimicos
1015 2607 1244 2658 nostros
1267 2601 1506 2674 diligere
1540 2599 1934 2672 prmcipimur,
1961 2599 2062 2670 qui

417 2699 556 2749 sunt
619 2694 770 2751 750
820 2691 1035 2763 dilecti,
1083 2691 1182 2746 sed
1241 2706 1353 2744 non
1417 2688 2061 2760 diligihiles.Amamus

412 2784 624 2855 quippe
674 2782 827 2847 illos,
862 2799 976 2836 non
1031 2780 1169 2851 quia
1199 2778 1384 2834 amari
1437 2784 1755 2846 merentur,
1788 2778 1888 2832 sed
1923 2777 2064 2847 quia

417 2872 751 2945 przecipitur
780 2887 878 2926 eos
907 2870 1037 2924 odio
1070 2885 1183 2924 non
1215 2868 1533 2923 habendos.
1564 2867 1706 2921 Illud
1741 2883 1874 2921 vero
1907 2866 2060 2936 quod

415 2963 475 3018 in
509 2960 942 3034 quadragesimi
996 2959 1189 3031 quarti
1223 2957 1438 3012 Psalmi
1482 2956 1652 3011 titulo
1686 2960 2060 3026 praenotatur,

409 3068 511 3123 pro
553 3051 768 3115 dilecto,
802 3047 1013 3104 melius
1064 3048 1239 3102 habet
1268 3046 1325 3101 in
1377 3047 1592 3109 Graeco,
1622 3062 1721 3117 pro
1747 3045 2015 3116 diligibili
2042 3061 2060 3098 :

413 3139 513 3211 qui
545 3139 710 3194 locus
741 3137 1219 3193 manilestissime
1241 3137 1311 3190 de
1332 3135 1559 3191 Christo
1596 3134 1956 3206 intelligitur.
1982 3133 2062 3188 Li-

2171 550 2388 604 tamine
2435 549 2702 620 belloque
2751 552 3129 621 superaverit.
3166 550 3444 606 Scribitur
3484 553 3639 609 etiam
3683 557 3762 611 Ec-

2172 636 2357 692 clesia:
2409 655 2534 709 quae
2577 639 2635 693 in
2685 640 2858 694 domo
2908 640 3035 710 ejus
3079 644 3188 694 est.
3222 640 3431 696 Verum
3474 643 3572 697 hoc
3614 645 3764 713 ambi-

2171 743 2376 798 guum,
2407 732 2604 782 utrum
2636 727 2900 784 Ecclesiae
2931 745 3059 801 quae
3091 729 3150 784 in
3181 729 3352 785 domo
3380 729 3634 802 Archippi
3662 731 3761 788 sit:

2169 833 2242 872 an
2274 816 2324 871 ei
2355 833 2482 888 qua:
2512 817 2570 872 in
2603 818 2775 873 domo
2814 817 3195 874 Philemonis.
3229 819 3335 873 Sed
3368 818 3506 875 mihi
3534 819 3766 876 videntur

2171 923 2287 960 non
2334 907 2403 961 ad
2455 906 2753 980 Archippi,
2787 907 2887 963 sed
2939 909 3009 963 ad
3045 907 3399 963 Philomenis
3445 909 3765 965 referendum

2171 1011 2298 1050 esse
2331 1011 2662 1066 personam,
2689 996 2785 1052 cui
2817 997 2942 1069 ipsa
2959 1014 3192 1069 quoque
3213 996 3458 1067 epistola
3473 999 3765 1069 deputatur.

2171 1083 2316 1138 Nam
2349 1083 2482 1140 licet
2515 1084 2725 1141 Paulus
2756 1090 2813 1141 et
2831 1085 3177 1142 Timotheus
3208 1087 3426 1158 pariter
3452 1087 3685 1142 scribant
3709 1087 3767 1143 ad

2171 1172 2590 1244 Philemonem,
2623 1173 2894 1247 Appiam,
2927 1174 3311 1248 Archippum,
3344 1179 3401 1231 et
3448 1173 3765 1232 Ecclesium:

2171 1266 2368 1318 tamen
2399 1263 2458 1319 in
2495 1265 2875 1335 sequentibus
2902 1265 3257 1338 approbatur
3286 1263 3526 1321 Paulum
3547 1269 3767 1320 tantum-

2171 1352 2343 1408 modo
2372 1353 2444 1408 ad
2476 1352 2874 1410 Philemonem
2923 1355 3194 1419 scribere,
3229 1359 3286 1410 et
3317 1371 3500 1410 unum
3525 1371 3644 1410 cum
3671 1371 3764 1410 uno

2170 1441 2568 1496 sermocinari.
2603 1441 2816 1498 Gratias
2852 1460 2954 1515 ago
2986 1449 3096 1500 Deo
3140 1460 3259 1500 meo
3307 1445 3577 1516 semper‘,
3615 1448 3659 1499 et
3683 1459 3771 1498 me-

2169 1531 2417 1586 moriam
2438 1533 2525 1586 tui
2537 1534 2746 1602 [aciens
2762 1523 2920 1604 (vers.
2938 1534 3012 1604 4).
3037 1537 3205 1589 Hunc
3231 1539 3426 1589 autem
3441 1549 3643 1589 morem
3658 1533 3773 1588 scri-

2169 1618 2344 1674 bendi
2367 1620 2422 1674 in
2450 1621 2748 1677 nonnullis
2781 1621 3043 1694 epistolis
3065 1624 3193 1693 ejus
3213 1622 3472 1678 invenire
3503 1622 3734 1695 poteritis
3759 1639 3769 1678 :

2173 1711 2327 1780 quod
2369 1727 2502 1764 cum
2535 1710 2751 1782 plures,
2785 1718 2840 1766 et
2870 1713 2939 1767 ad
2975 1713 3171 1784 plures
3213 1713 3358 1769 751
3397 1713 3454 1767 in
3486 1712 3775 1784 praefatione

2175 1805 2487 1870 ponantur,
2521 1805 2722 1871 postea
2752 1817 2853 1872 per
2883 1806 3069 1856 totum
3103 1819 3316 1873 corpus
3339 1800 3620 1873 Epistolas,
3650 1817 3773 1855 unus

2172 1888 2481 1960 disputans
2535 1888 2864 1944 inducatur.
2905 1889 3049 1945 Illud
3082 1891 3238 1961 quod
3291 1892 3364 1946 ad
3417 1889 3639 1946 Galatas
3666 1889 3778 1944 scri-

2171 1978 2316 2032 bens
2366 1977 2679 2049 Apostolus
2727 1979 2852 2033 ait:
2892 1979 2948 2032 in
2997 1979 3210 2034 Christi
3244 1980 3359 2034 fide
3396 1978 3536 2034 nihil
3583 1979 3776 2044 referre,

2173 2065 2405 2137 gentilis
2458 2067 2534 2121 sit
2583 2067 2815 2138 aliquis,
2862 2085 2932 2123 an
2977 2069 3214 2124 Iudaeus
3252 2088 3266 2124 :
3300 2070 3409 2136 vir,
3444 2086 3512 2124 an
3560 2067 3776 2123 mulier:

2173 2172 2394 2221 servus,
2429 2172 2500 2210 an
2551 2156 2696 2210 liber
2726 2157 2922 2223 (Colat.
2956 2174 3038 2225 ιιι,
3071 2158 3162 2228 28)
3197 2175 3209 2213 :
3243 2158 3423 2213 etiam
3474 2158 3528 2212 in
3557 2157 3655 2212 hoc
3680 2156 3779 2211 loco

2175 2245 2547 2315 perspicuum
2583 2245 2667 2299 fit.
2704 2250 2859 2302 Inter
2887 2247 3033 2302 duos
3066 2247 3286 2319 quippe
3317 2264 3482 2302 veros
3511 2253 3562 2303 et
3590 2249 3781 2319 aposto—

2173 2333 2335 2401 licos,
2368 2333 2519 2388 inter
2567 2341 2994 2406 cooperatorem
3041 2335 3227 2404 Pauli,
3261 2341 3322 2391 et
3360 2335 3776 2392 commilitonem

2171 2423 2319 2492 ejus,
2355 2422 2613 2476 medium
2639 2423 2879 2494 Apphim
2911 2440 3121 2478 nomen
3155 2424 3437 2480 inseritur
3461 2441 3472 2479 :
3500 2430 3560 2480 ut
3585 2423 3674 2478 tali
3695 2421 3779 2492 [AL

2171 2509 2328 2579 talis]
2361 2527 2428 2564 ex
2461 2517 2707 2582 utroque
2740 2511 2916 2566 latere
2964 2511 3109 2567 fulta
3153 2513 3463 2583 comitatu,
3496 2529 3598 2567 non
3630 2510 3786 2564 videa-

2172 2604 2270 2653 tur
2299 2599 2561 2654 ordinem
2596 2617 2767 2655 sexus
2799 2601 3032 2668 habere,
3058 2603 3157 2656 sed
3193 2603 3417 2658 meriti.
3443 2603 3593 2668 Quod
3623 2603 3784 2655 autem

2174 2688 2254 2741 ait
2285 2705 2297 2742 :
2333 2690 2518 2744 Gratia
2568 2690 2716 2745 vobis
2745 2699 2795 2746 et
2823 2707 2938 2761 pax
2975 2708 3008 2746 a
3040 2692 3143 2746 Deo
3191 2693 3377 2747 Patre
3406 2696 3596 2760 nostro,
3625 2693 3672 2744 et
3700 2691 3785 2742 Do-

2172 2777 2324 2830 mino
2351 2778 2474 2832 Iesu
2506 2776 2739 2847 Christo,
2770 2777 2960 2833 adhuc
3009 2796 3042 2833 a
3073 2779 3303 2834 duobus
3366 2781 3436 2836 ad
3469 2779 3651 2851 plures
3678 2773 3788 2833 scri-

2173 2864 2351 2930 bitur,
2385 2870 2440 2920 et
2471 2865 2528 2920 in
2561 2867 2836 2922 omnibus
2878 2883 3021 2938 pene
3053 2869 3339 2941 Epistolis
3370 2868 3580 2941 aequale
3609 2869 3628 2901 ³
3653 2865 3787 2938 prin-

2173 2954 2390 3025 cipium
2418 2959 2523 3023 est,
2550 2961 2613 3009 ut
2644 2956 2892 3027 gratiam
2924 2956 3008 3011 eis
3039 2961 3096 3011 et
3126 2973 3340 3028 pacem
3374 2975 3407 3013 a
3436 2957 3544 3013 Deo
3575 2956 3720 3011 Patre
3745 2955 3788 3007 et

2172 3042 2397 3098 Christo
2447 3044 2694 3100 Domino
2752 3044 3124 3118 imprecetur.
3187 3050 3262 3100 Ex
3335 3064 3446 3118 quo
3503 3043 3791 3102 ostenditur

2175 3150 2353 3189 unam
2387 3134 2515 3189 Filii
2551 3135 2851 3206 Patrisque
2878 3152 3006 3190 esse
3041 3142 3348 3204 naturam,
3393 3155 3522 3192 cum
3553 3136 3605 3190 id
3636 3136 3793 3205 potest

411 3207 500 3284 cet
529 3227 683 3284 enim
717 3227 901 3283 Judaei
935 3243 1106 3281 mmu
1141 3226 1395 3296 (ru-nm),
1419 3225 1526 3280 hoc
1558 3229 1646 3279 est
1677 3233 1922 3279 amatum
1943 3223 2060 3290 Dei,
2091 3207 2134 3268 Ο
2176 3223 2357 3278 Filius
2406 3228 2682 3294 praestare
2728 3225 2881 3294 quod
2931 3225 3119 3289 Pater,
3175 3231 3230 3280 et
3284 3226 3509 3281 dicitur
3554 3225 3604 3280 id
3661 3224 3793 3278 Pater

410 3316 780 3372 Salomonem
832 3315 944 3370 dici
996 3320 1221 3387 putent,
1255 3315 1408 3385 quod
1443 3314 1492 3368 ei
1527 3331 1560 3368 a
1593 3317 1704 3368 Deo
1739 3313 1816 3368 sit
1864 3313 1936 3367 ob
1970 3329 2066 3366 sa-

411 3405 692 3478 pientiam
739 3420 951 3460 nomen
1004 3402 1343 3474 impositum
1394 3419 1406 3456 :
1456 3407 1651 3456 tamen
1704 3409 1918 3456 amatus
1969 3401 2066 3454 Dei

412 3495 544 3566 quis
578 3495 764 3566 magis
795 3493 906 3548 dici
944 3497 1150 3563 potest,
1186 3491 1296 3546 nisi
1330 3491 1381 3546 is
1411 3492 1480 3545 de
1512 3507 1628 3562 quo
1664 3491 1719 3545 in
1756 3489 2066 3560 Evangelia

411 3587 583 3637 Pater
629 3581 929 3652 loquitur:
967 3581 1072 3633 Hie
1094 3587 1173 3634 est
1201 3580 1372 3634 Filius
1419 3596 1569 3633 meus
1615 3579 1841 3634 dilectus
1873 3580 1928 3632 in
1963 3593 2068 3648 quo

419 3669 562 3724 mihi
592 3670 721 3724 bene
776 3668 1080 3738 complacui
1105 3669 1249 3721 hunc
1296 3667 1481 3722 audite
1525 3668 1676 3737 (Luc.
1713 3684 1784 3736 ix,
1820 3667 1930 3731 36).
1968 3670 2068 3720 De-

419 3758 596 3830 nique
626 3761 681 3812 et
702 3758 758 3812 in
793 3758 942 3812 Isaia
964 3756 1042 3810 ita
1063 3755 1346 3827 scriptum
1375 3755 1586 3811 habet:
1613 3755 1849 3810 Cantabo
1873 3755 2068 3810 dilecto

415 3849 696 3903 canticum
744 3846 1035 3916 diligibilis
1084 3847 1261 3900 vinea?
1288 3860 1446 3901 meae.
1487 3847 1643 3899 Vinea
1692 3847 1844 3913 facta
1875 3849 1947 3898 est
1979 3844 2064 3898 (li-

417 3938 548 3992 lecto
591 3938 722 4008 (Isa.
756 3953 808 4006 ν,
843 3936 913 4006 1).
948 3935 1015 3988 Et
1045 3933 1152 3988 hoc
1194 3933 1562 3989 circumcisio
1617 3934 1685 3988 de
1718 3932 1931 4004 populo
1963 3934 2064 3987 Ju-

417 4025 582 4081 daico
600 4025 1008 4097 accipiendum
1036 4028 1267 4094 putans,
1290 4021 1534 4094 impegit
1552 4022 1608 4077 in
1627 4021 1876 4093 lapidem
1897 4023 2067 4076 offen-

416 4115 618 4184 sionis,
645 4118 701 4170 et
723 4119 945 4185 petram
972 4111 1229 4167 scandali
1258 4112 1371 4181 (Isa
1395 4128 1514 4175 vm,
1539 4111 1647 4181 14),
1673 4127 1684 4164 :
1708 4127 1820 4165 non
1849 4111 2062 4182 recogi-

415 4209 549 4259 tans
562 4203 791 4258 vineam
813 4219 938 4273 qua:
954 4202 1022 4255 de
1043 4201 1282 4273 /Egypto
1302 4199 1586 4255 translata
1599 4199 2062 4271 est(Psal.Lax1x,

413 4293 490 4362 9),
521 4308 649 4346 esse
679 4291 918 4345 domum
955 4289 1147 4358 Israel,
1181 4293 1238 4344 et
1267 4288 1565 4344 Christum
1591 4287 1684 4343 hic
1716 4288 1828 4344 dici
1861 4288 1950 4344 vel
1985 4289 2066 4343 di-

412 4379 717 4452 ligibilem,
739 4377 824 4434 vel
843 4378 1124 4433 dilectum
1151 4395 1163 4432 :
1192 4378 1331 4432 dum
1352 4382 1409 4432 et
1432 4377 1556 4449 ipse
1574 4377 1734 4449 diligi
1762 4383 2065 4434 meretura

414 4467 656 4536 sanctis,
688 4472 745 4523 et
774 4467 956 4522 sancti
992 4483 1125 4522 eum
1155 4467 1427 4539 diligunt,
1453 4467 1758 4522 offerentes
1789 4472 1845 4521 et
1875 4467 2064 4540 magis

2176 3317 2450 3382 prazstare
2481 3312 2633 3382 quod
2671 3312 2870 3367 Filius.
2905 3313 3104 3368 Gratia
3145 3319 3354 3369 autern
3385 3321 3494 3382 est,
3525 3331 3634 3387 qua
3660 3309 3793 3367 nullo

2178 3400 2384 3454 merito
2416 3417 2519 3455 nec
2566 3417 2736 3472 opere
2792 3401 3104 3457 salvamur.
3140 3387 3274 3470 Pax,
3323 3421 3438 3476 qua
3483 3397 3791 3459 reconciliati

2180 3493 2290 3542 Deo
2333 3505 2433 3559 per
2478 3487 2773 3544 Christum
2809 3507 3016 3546 sumus
3075 3496 3138 3546 ut
3183 3492 3259 3545 ibi
3301 3510 3322 3547 :
3358 3495 3691 3548 Obsecramus
3715 3501 3795 3561 pro

2177 3577 2416 3642 Christo,
2449 3579 2902 3634 reconciliamini
2932 3581 3033 3635 Deo
3065 3580 3136 3649 (Il
3163 3581 3287 3636 Cor.
3335 3601 3386 3653 ν,
3421 3583 3530 3653 20).

2247 3667 2476 3736 (Versu/1
2521 3668 2691 3738 seqq.)
2739 3691 2764 3716 ‹‹
2815 3668 3042 3723 Gratias
3093 3685 3199 3739 ago
3232 3669 3355 3727 Deo
3404 3687 3527 3725 meo
3577 3680 3792 3738 semper.

2178 3755 2521 3809 memoriam
2553 3756 2636 3809 tui
2670 3757 2884 3813 faciens
2915 3757 2972 3811 in
3004 3758 3372 3814 orationibus
3398 3759 3558 3828 meis,
3582 3756 3794 3813 audiens

2175 3843 2515 3898 charitatem
2547 3849 2732 3914 tuam,
2763 3850 2818 3899 et
2851 3845 3020 3900 fidem
3055 3864 3234 3917 quam
3269 3849 3450 3904 habes
3486 3849 3540 3902 in
3577 3844 3786 3900 Domino

2174 3932 2333 3998 Jesu,
2367 3937 2422 3988 et
2451 3950 2654 3989 omnes
2685 3939 2918 3989 sanctos
2935 3935 3062 4005 ejus
3087 3953 3098 3989 :
3126 3941 3189 3989 ut
3210 3936 3656 3992 communicatio
3680 3929 3789 3987 ﬁdei

2177 4027 2288 4076 tua:
2321 4021 2556 4077 evidens
2590 4024 2688 4077 fiat
2732 4023 2787 4077 in
2821 4023 3115 4095 agnitione
3159 4028 3356 4081 omnis
3389 4025 3544 4088 boni,
3576 4023 3712 4096 quod
3743 4020 3788 4072 in

2175 4111 2338 4165 vobis
2368 4112 2389 4146 ³
2418 4117 2506 4166 est
2551 4111 2607 4164 in
2661 4112 2907 4167 Christo.
2944 4135 2969 4160 ››
3003 4113 3131 4168 Haec
3157 4115 3284 4183 jam
3339 4133 3453 4171 non
3501 4120 3561 4169 ut
3608 4107 3791 4167 Paulus

2174 4204 2230 4252 et
2259 4199 2622 4266 Timotheus,
2658 4199 2979 4256 Philemoni
3039 4207 3099 4256 et
3143 4205 3408 4272 caeteris;
3446 4204 3540 4258 sed
3569 4207 3627 4256 ut
3656 4195 3790 4254 solus

2175 4286 2412 4360 Paulus),
2445 4288 2516 4343 ad
2549 4289 2738 4344 solum
2790 4290 3186 4346 Philemonem
3236 4291 3502 4365 loquitur
3531 4309 3544 4347 :
3579 4289 3784 4349 Gratias,

2175 4376 2466 4448 inquiens,
2495 4394 2592 4449 ago
2641 4379 2744 4434 Deo
2777 4377 2900 4434 meo
2939 4397 3148 4451 semper
3178 4382 3285 4450 [AL
3322 4383 3486 4438 addit
3523 4383 3589 4446 et]
3618 4392 3791 4433 memo-

2174 4467 2320 4521 riam
2359 4469 2445 4522 tui
2471 4470 2683 4532 faciens
2713 4471 2772 4523 in
2816 4470 3154 4525 orationibus
3185 4471 3340 4526 meis.
3377 4471 3657 4541 Ambigua
3684 4477 3793 4520 vero

412 4558 778 4623 charitatem,
812 4573 990 4628 quam
1037 4555 1157 4611 ulla
1189 4557 1293 4626 [AL
1329 4555 1464 4626 alia]
1495 4555 1796 4610 charitatis
1829 4557 2068 4628 prmmia
2096 4563 2142 4628 ι)
2175 4555 2417 4621 dictum,
2452 4562 2653 4612 utrum
2703 4559 2923 4628 gratias
2973 4563 3108 4631 agat
3139 4559 3254 4615 Deo
3301 4577 3410 4616 suo
3462 4573 3698 4629 semper,
3728 4566 3788 4606 an

411 4645 796 4719 postulantes.
830 4645 1107 4700 Scribunt
1146 4643 1324 4715 igitur
1353 4643 1566 4698 Paulus
1615 4649 1671 4698 et
1697 4643 2060 4710 Timotheus,

412 4735 733 4792 Philemoni
764 4733 1110 4790 charissimo
1140 4737 1197 4787 et
1224 4732 1583 4802 cooperatori
1611 4747 1623 4787 :
1651 4732 1750 4803 qui
1784 4733 1909 4787 ideo
1931 4733 2063 4788 cha-

411 4825 683 4881 rissimus
728 4825 922 4879 dictus
954 4827 1062 4889 est,
1095 4823 1250 4893 quod
1308 4823 1363 4875 in
1409 4821 1611 4876 eodem
1645 4821 1857 4876 Christi
1891 4838 2061 4892 opere

407 4919 689 4971 versetur.
723 4912 966 4986 Apphia:
1009 4912 1114 4981 [AL
1168 4909 1390 4983 Appiae]
1425 4927 1655 4981 quoque
1705 4909 1911 4976 sorori,
1944 4928 2060 4966 non

409 5003 643 5059 habenti
675 5002 735 5057 in
767 5019 829 5057 se
861 5001 1014 5057 falsae
1047 5000 1291 5072 aliquid,
1323 5004 1381 5055 et
1413 4999 1556 5054 ﬁcta:
1603 4998 2009 5071 germanitatis
2044 5017 2055 5054 :

407 5097 464 5147 et
517 5091 808 5163 Archippo
884 5089 1290 5156 commilitoni,
1353 5105 1530 5160 quem
1588 5089 1841 5144 arbitror
1917 5105 2054 5144 cum

408 5180 585 5237 Paulo
616 5185 672 5234 et
729 5179 1035 5235 Timotheo
1084 5184 1286 5235 contra
1318 5176 1678 5233 adversarios
1709 5194 1812 5249 pro
1843 5177 2058 5235 Christi

406 5269 644 5323 nomine
665 5267 1040 5322 dimicantem
1071 5265 1366 5323 exstitisse
1387 5266 1686 5335 victorem,
1715 5271 1771 5321 et
1793 5272 2056 5340 propter-

477 5464 491 5496 ¹
527 5461 767 5518 Addunt
797 5462 977 5536 nostri
1009 5480 1151 5520 mss.
1177 5480 1277 5535 pro
1299 5463 1467 5532 vobis,
1493 5481 1642 5536 quas
1667 5465 1938 5522 nesciunt
1959 5483 2054 5522 vo-

403 5549 498 5590 ces
550 5537 782 5590 Graecus
835 5535 1052 5608 pariter
1101 5539 1312 5602 textus,
1365 5535 1540 5608 atque
1585 5537 1826 5593 Latinus
1876 5539 2054 5593 inter-

405 5621 744 5738 prfsi’itiose
773 5676 1045 5754 Martian,
1069 5678 1228 5754 quale
1247 5694 1266 5736 :
1287 5675 1436 5738 levia
1465 5679 1522 5736 id
1553 5679 1761 5754 genius
1791 5679 1908 5740 alia
1926 5697 2054 5758 pas-

2175 4646 2516 4700 memoriam
2550 4647 2677 4716 ejus
2723 4647 2895 4702 faciat
2926 4648 2985 4701 in
3018 4647 3382 4704 orationibus
3417 4649 3541 4704 suis
3571 4656 3792 4714 semper.

2174 4734 2241 4788 Et
2294 4740 2611 4806 utrumque
2659 4735 2904 4808 intelligi
2957 4741 3163 4808 potest.
3195 4736 3304 4799 Qui
3355 4737 3512 4792 enim
3564 4728 3793 4807 praecipit

2171 4823 2323 4892 aliis,
2359 4827 2420 4878 ut
2446 4824 2504 4878 in
2546 4825 2822 4879 omnibus
2875 4824 3091 4895 gratias
3123 4831 3300 4898 agant
3335 4827 3468 4897 Deo,
3520 4821 3687 4880 nullis
3713 4833 3794 4873 an-

2169 4911 2380 4983 gustiis
2428 4911 2641 4982 poterit
2689 4913 2992 4979 coarctari,
3043 4915 3108 4967 ut
3153 4912 3374 4984 gratias
3424 4925 3648 4982 semper
3699 4909 3791 4958 Deo

2171 5001 2296 5071 ipse
2329 5017 2441 5055 non
2475 5000 2702 5054 referat.
2740 5000 2797 5055 Si
2831 5005 3025 5056 autem
3061 5017 3163 5072 pro
3209 5001 3453 5070 sanctis,
3487 5004 3543 5054 et
3571 4989 3793 5052 meliori-

2170 5088 2280 5143 bus
2313 5089 2647 5162 quibusque
2685 5089 2897 5145 Paulus
2930 5106 3161 5162 semper
3181 5089 3387 5145 orabat
3422 5090 3671 5160 (sanctus
3699 5097 3789 5136 au-

2167 5180 2284 5232 tem
2319 5183 2374 5233 et
2406 5177 2705 5233 Philemon
2738 5183 2846 5245 est,
2874 5183 3098 5234 tantam
3127 5178 3352 5235 habens
3383 5179 3442 5232 in
3476 5193 3534 5232 se
3565 5173 3724 5228 fidem
3743 5167 3791 5220 et

2167 5265 2535 5337 charitatem,
2586 5274 2650 5324 ut
2697 5285 2813 5324 non
2867 5267 3058 5324 solum
3108 5268 3311 5324 auditu
3371 5267 3444 5332 ei,
3488 5264 3585 5320 sed
3635 5259 3787 5316 etiam

2167 5467 2278 5523 sim
2307 5465 2690 5538 castigantur.

2235 5540 2257 5574 ⁸
2286 5529 2700 5608 Cistercienses
2755 5555 2892 5608 ms.,
2928 5538 2989 5595 in
3036 5537 3210 5596 nobis.
3241 5533 3442 5593 Variat
3471 5537 3528 5590 et
3573 5529 3785 5587 Graecus

2164 5615 2379 5684 textus,
2417 5607 2541 5684 ὑμῖν
2570 5615 2626 5667 et
2649 5610 2807 5684 ἡμῖν.
