4066 6190
341 357 462 429 645

1213 356 1729 424 COMMENTAR.
1776 361 1850 420 ΙΝ
1898 355 2146 421 EPIST.
2192 353 2294 421 AD
2337 357 2884 424 PHILEMONEM.

3636 363 3755 427 646

349 514 520 572 opere
549 495 909 566 nosceretur)
941 498 997 551 et
1028 511 1130 567 pro
1162 493 1500 548 Philemone
1532 508 1766 564 semper
1794 509 1992 547 orasse
2024 500 2074 565 Α
2105 496 2161 547 et
2183 492 2414 564 justitia
2448 493 2541 547 Dei
2573 493 2632 548 in
2664 509 2729 572 eo
2760 493 3044 550 reveletur
3072 511 3140 551 ex
3174 497 3287 553 ﬁde
3340 497 3397 552 in
3451 499 3647 569 ﬁdem,
3681 501 3761 555 si-

354 587 623 658 Paulum,
655 584 931 642 credibile
963 588 1089 640 est:
1133 600 1248 656 quo
1299 582 1518 638 scilicet
1568 583 1712 637 ﬁdes
1763 586 1820 636 et
1868 581 2004 636 cha-

352 677 495 734 ritas
525 692 704 748 quam
731 675 988 730 habebat
1016 673 1075 727 in
1133 671 1388 740 Christo,
1422 676 1478 727 et
1507 670 1565 726 in
1614 687 1819 726 omnes
1854 671 2005 728 τω

357 771 590 824 sanctos
621 765 770 835 ejus,
806 779 909 834 per
951 760 1544 817 communicationem
1606 759 1763 828 ﬁdei,
1796 764 1853 814 et
1881 776 2009 830 ope-

357 853 642 910 rationem
676 849 992 923 agnitionis
1024 849 1084 904 in
1117 849 1274 904 omni
1313 849 1484 915 bono,
1518 849 1732 904 Christi
1782 847 2010 904 miseri-

361 943 560 999 cordia
590 944 957 1006 servaretur;
1005 942 1062 993 et
1110 939 1180 993 de
1229 937 1510 992 charitate
1550 937 1785 1009 quidem
1833 953 2009 1008 quam

365 1033 617 1088 habebat
645 1030 704 1084 in
735 1028 964 1085 Christo
993 1027 1152 1093 Jesu,
1187 1031 1244 1082 et
1274 1027 1331 1081 in
1361 1043 1564 1082 omnes
1596 1031 1830 1081 sanctos
1862 1026 2012 1097 ejus,

364 1138 482 1177 non
514 1117 770 1175 difﬁcilis
799 1116 1198 1189 interpretatio
1229 1121 1355 1172 est:
1392 1132 1506 1186 qua
1538 1119 1668 1186 post
1706 1115 1888 1169 Deum
1927 1114 2013 1168 di-

367 1211 545 1282 ligere
583 1207 866 1279 jubemus
913 1210 971 1260 et
1029 1204 1342 1276 proximos.
1377 1204 1541 1259 Nunc
1574 1204 1680 1259 hoc
1713 1203 2016 1274 quaeritur,

369 1297 664 1372 quomodo
685 1295 949 1352 eamdem
976 1294 1150 1350 ﬁdem
1175 1294 1232 1348 in
1256 1294 1485 1350 Christo
1502 1293 1638 1348 Jesu
1660 1291 1871 1348 habere
1886 1291 2019 1363 quis

373 1387 575 1460 possit,
609 1391 666 1442 et
693 1385 749 1439 in
785 1388 1016 1440 sanctos
1047 1385 1212 1454 ejus;
1239 1380 1345 1434 ἀπὸ
1375 1384 1562 1435 κοινοῦ
1595 1381 1748 1437 enim
1786 1385 2020 1436 resonat

372 1476 714 1532 charitatem
747 1490 924 1545 quam
947 1472 1128 1527 habes
1152 1471 1208 1526 in
1228 1471 1465 1526 Domino
1489 1471 1714 1538 Jesu,et
1733 1471 1789 1524 in
1818 1487 2022 1525 omnes

375 1570 609 1621 sanctos
639 1564 797 1633 ejus:
832 1567 889 1618 et
920 1562 1093 1616 ﬁdem
1118 1563 1158 1624 ¹,
1204 1577 1378 1632 quam
1429 1561 1607 1614 habes
1660 1559 1717 1613 in
1770 1559 2019 1613 Domino

375 1654 535 1719 Jesu,
565 1659 620 1706 et
647 1651 707 1706 in
735 1667 940 1705 omnes
970 1655 1206 1704 sanctos
1262 1649 1412 1719 ejus.
1465 1649 1541 1702 Ad
1601 1647 2022 1718 expositionem

375 1743 556 1813 hujus
586 1739 695 1795 loci
726 1740 796 1794 de
820 1739 1012 1794 Exodo
1045 1754 1353 1793 sumamus
1385 1738 1714 1808 exemplum
1741 1753 1752 1790 :
1785 1735 2028 1790 Credidit

370 1831 606 1904 papulas
636 1831 739 1884 Deo
771 1832 822 1883 et
851 1828 1020 1899 Moysi
1047 1844 1198 1883 servo
1227 1829 1342 1899 ejus
1372 1827 1563 1897 (Exod.
1596 1843 1709 1891 xw,
1740 1825 1852 1895 31).
1902 1824 2027 1879 Una

377 1924 556 1990 atque
581 1917 785 1972 eadem
818 1915 1133 1972 credulitas
1190 1916 1249 1970 in
1304 1919 1532 1988 Moysen
1585 1916 1853 1984 refertur,
1881 1918 1938 1968 et
1968 1913 2028 1968 in

378 2009 559 2064 Deum
587 2024 599 2062 :
636 2011 701 2061 ut
721 2005 974 2078 pepulus
1005 2004 1106 2076 qui
1138 2004 1410 2059 credebat
1443 2004 1500 2058 in
1528 2003 2034 2073 Dominum,aeque

388 2096 708 2152 credidisse
739 2095 967 2149 dicatur
1014 2093 1120 2164 (Al.
1177 2092 1486 2163 scribatur)
1540 2093 1597 2147 in
1631 2108 1883 2147 servum.
1916 2091 2034 2145 Hoc

387 2191 583 2241 autem
615 2201 729 2239 non
764 2182 954 2239 solum
987 2182 1044 2236 in
1079 2182 1294 2253 Moyse,
1318 2181 1415 2237 sed
1444 2180 1501 2235 in
1523 2181 1798 2236 omnibus
1817 2178 2035 2235 sanctis

385 2276 514 2346 ejus
545 2280 633 2329 est
667 2291 680 2340 ;
713 2277 778 2327 ut
819 2271 1153 2343 quicunque
1200 2269 1447 2325 credidit
1506 2269 1641 2336 Deo,
1695 2269 1862 2324 aliter
1909 2270 2037 2339 ejus

388 2365 563 2419 ﬁdem
596 2362 852 2433 recipere
881 2377 995 2416 non
1028 2364 1224 2432 queat,
1250 2359 1363 2414 nisi
1395 2359 1589 2414 credat
1620 2362 1676 2414 et
1709 2359 1766 2412 in
1803 2363 2038 2414 sanctos

347 2464 354 2470 '
390 2452 670 2524 ejus.Non
695 2455 784 2507 est
807 2450 962 2505 enim
988 2449 1044 2504 in
1060 2449 1241 2504 Deum
1271 2449 1524 2520 perfecta
1544 2447 1777 2503 dilectio
1796 2453 1851 2503 et
1875 2448 2038 2514 ﬁdes,

391 2559 519 2614 quae
542 2541 600 2595 in
623 2539 926 2595 ministros
953 2540 1080 2610 ejus
1111 2538 1244 2592 odio
1276 2543 1334 2592 et
1363 2536 1704 2592 inﬁdelitate
1744 2541 2037 2591 tenuatur.

395 2631 556 2696 Quod
591 2635 785 2686 autem
818 2628 968 2694 dico,
1029 2627 1144 2682 tale
1201 2631 1326 2682 est:
1375 2626 1620 2682 credidit
1671 2626 1778 2696 (Al.
1838 2625 2040 2696 credit)

397 2719 691 2791 quispiam
720 2718 778 2772 in
802 2717 1160 2772 conditorem
1191 2715 1404 2770 Deum:
1431 2732 1543 2770 non
1568 2720 1759 2787 potest
1789 2715 2040 2783 credere,

401 2807 516 2862 nisi
540 2805 704 2879 prius
733 2805 1060 2873 crediderit,
1085 2805 1156 2859 de
1187 2805 1408 2860 sanctis
1439 2804 1566 2875 ejus
1597 2821 1727 2859 vera
1758 2820 1885 2859 esse
1919 2820 2043 2874 quae

401 2897 623 2968 scripta
651 2899 826 2950 sunt:
856 2895 1036 2950 Adam
1095 2911 1128 2947 a
1191 2899 1300 2948 Deo
1358 2892 1739 2964 plasmatum,
1777 2897 1946 2946 Evam
1979 2909 2047 2947 ex

403 2990 564 3041 costa
593 2983 774 3055 illius,
797 2988 853 3039 et
877 2983 1056 3039 latere
1086 2982 1647 3049 fabricatam,Enoch
1672 2982 2044 3051 translatum,

404 3074 524 3130 Noe
553 3073 834 3146 naufrago
865 3071 1056 3128 solum
1087 3072 1225 3127 orbe
1255 3075 1548 3127 servatum
1578 3089 1590 3139 ;
1627 3071 1780 3141 quod
1822 3071 2048 3142 primus

405 3163 698 3219 Abraham
732 3163 803 3218 de
825 3167 978 3218 terra
1008 3179 1137 3230 sua,
1166 3164 1222 3216 et
1258 3159 1603 3231 cognatione
1623 3161 1832 3229 jussus
1871 3160 2046 3230 exire,

409 3251 919 3308 circumcisionem
952 3267 1128 3322 quam
1162 3250 1218 3303 in
1252 3249 1485 3320 signum
1520 3247 1728 3303 futura:
1761 3247 1939 3319 prolis
1963 3264 2052 3303 ac-

413 3346 661 3413 ceperat,
725 3339 974 3406 posteris
1031 3338 1384 3410 dereliquit:
1444 3337 1598 3408 quod
1633 3337 1792 3392 Isaac
1825 3337 2056 3393 oblatus

411 3430 645 3486 victima
667 3430 765 3496 sit,
784 3434 841 3485 et
863 3445 966 3501 pro
990 3427 1087 3483 illo
1112 3427 1264 3483 aries
1307 3426 1667 3494 immolatus,
1719 3431 2055 3482 coronatus-

410 3534 522 3590 que
553 3518 840 3587 sentibus,
878 3517 1207 3589 passionem
1240 3514 1470 3570 Domini
1496 3515 1839 3570 deformarit
1863 3533 1874 3570 :
1901 3515 2055 3586 quod

408 3607 640 3680 Moyses
668 3611 723 3662 et
764 3610 946 3662 Aaron
997 3606 1197 3660 decem
1247 3603 1440 3675 plagis
1485 3604 1793 3676 ZEgyptum
1840 3604 2054 3658 afflixe-

408 3696 530 3751 rint
553 3713 566 3751 :
587 3697 738 3767 quod
765 3697 832 3750 ad
857 3711 1054 3750 vocem
1075 3695 1213 3749 Jesu
1243 3692 1345 3747 ﬁlii
1371 3693 1524 3747 Nave
1545 3708 1858 3764 precesque
1888 3698 2061 3748 stete-

408 3783 487 3839 rit
516 3784 604 3839 sol
634 3784 692 3839 in
727 3783 984 3854 Gabaon,
1009 3788 1066 3838 et
1099 3783 1240 3837 luna
1289 3781 1346 3835 in
1401 3781 1546 3836 valle
1573 3781 1758 3836 Ailon.
1793 3782 2058 3853 Longum

409 3878 500 3928 est
530 3873 797 3928 universa
827 3874 848 3906 ²
874 3873 1151 3928 Judicum
1183 3876 1348 3943 gesta
1379 3887 1713 3940 percurrere
1739 3887 1750 3923 :
1787 3876 1843 3925 et
1873 3875 2057 3925 totam

409 3963 658 4018 Samson
694 3961 972 4029 fabulam,
1008 3962 1076 4015 ad
1110 3960 1224 4016 veri
1259 3959 1398 4015 solis
1429 3959 1559 4029 (hoc
1590 3959 1802 4030 quippe
1848 3976 2059 4014 nomen

411 4053 542 4122 ejus
574 4053 765 4122 sonat)
796 4051 1027 4106 trahere
1061 4054 1518 4104 sacramentum.
1556 4049 1638 4102 Ad
1693 4049 1914 4120 Regum
1950 4049 2056 4118 (Al.

411 4140 767 4211 Regnorum)
801 4140 978 4195 libros
1008 4139 1233 4194 veniam
1267 4139 1500 4208 quando
1534 4137 1590 4191 in
1614 4141 1876 4209 tempore
1904 4153 2061 4192 mes-

411 4229 519 4293 sis,
553 4229 894 4283 obsecrante
923 4226 1424 4298 Samuele,pluvia2
1458 4227 1528 4280 de
1559 4225 1787 4293 coelo,et
1819 4225 2063 4280 ﬁumina

411 4323 649 4388 repente
681 4321 1031 4371 manarunt:
1067 4321 1120 4370 et
1157 4315 1327 4370 David
1366 4319 1576 4370 unctus
1608 4315 1664 4368 in
1694 4331 1886 4387 regem
1933 4320 2058 4370 est:

414 4409 472 4460 et
501 4405 730 4460 Nathan
766 4405 917 4462 753
950 4409 1008 4460 et
1037 4405 1156 4459 Gad
1203 4403 1698 4476 prophetaverunt
1748 4403 2058 4475 mysteria;

415 4511 549 4550 cum
578 4494 730 4549 Elias
761 4494 930 4567 igneo
964 4498 1165 4565 raptus
1197 4497 1283 4547 est
1315 4509 1508 4558 curru,
1541 4498 1598 4548 et
1623 4491 1865 4547 Elisams
1898 4491 2064 4564 spiri-

2114 589 2211 637 cut
2241 582 2524 654 scriptum
2557 587 2644 637 est
2668 564 2685 637 ξ
2713 583 2896 638 Justus
2919 588 3098 639 autem
3123 601 3192 640 ea:
3221 586 3330 655 ﬁde
3358 589 3494 643 vicit
3529 564 3764 659 (Hebae.

2117 689 2178 735 ιι,
2215 673 2289 742 li).
2326 671 2663 743 Praecipitur
2694 677 2752 726 et
2783 672 2839 727 in
2874 673 2985 728 alio
3012 673 3138 729 loco
3167 692 3178 729 :
3210 676 3397 731 Sancti
3425 679 3606 745 estote,
3631 694 3762 749 quo-

2115 761 2272 815 niam
2303 777 2399 831 ego
2446 764 2667 815 sanctus
2722 778 2864 828 sum,
2924 762 3057 817 dicit
3118 765 3383 819 Dominus
3432 766 3571 820 Deus
3601 776 3774 822 vester

2120 851 2308 916 (Leiit.
2339 851 2558 921 x1x,2.)
2611 850 2823 906 Eadem
2884 853 3166 907 sanctitas
3221 855 3402 909 servis
3452 856 3694 910 debetur
3723 861 3779 911 et

2122 939 2406 993 Domino:
2442 945 2499 992 et
2547 939 2922 994 sanctiﬁcans
2976 941 3193 1012 quippe
3240 947 3296 996 et
3327 943 3680 999 sanctiﬁcati
3711 961 3780 999 ex

2124 1045 2238 1082 uno
2271 1044 2497 1082 omnes.
2534 1028 2656 1081 Non
2693 1032 2967 1098 putemus
2995 1028 3178 1084 levem
3233 1030 3593 1086 Philemonis
3637 1049 3778 1103 prae-

2125 1116 2496 1183 dicationem,
2557 1117 2603 1170 si
2666 1117 2868 1170 eadem
2930 1118 3099 1171 Iidem
3161 1119 3375 1174 habeat
3436 1122 3492 1174 in
3544 1127 3777 1177 sanctos

2127 1222 2302 1276 quam
2337 1211 2392 1260 et
2423 1205 2479 1258 in
2513 1205 2718 1261 Deum.
2752 1205 2856 1268 Qui
2893 1206 3077 1261 crebit
3110 1212 3288 1262 Deum
3323 1213 3590 1264 sanctum
3626 1227 3776 1277 esse,

2131 1295 2330 1366 utique
2366 1311 2476 1348 non
2513 1300 2687 1348 errat.
2716 1294 2876 1358 Quod
2913 1295 2960 1348 si
2993 1296 3126 1367 quis
3157 1296 3456 1353 hominem
3513 1299 3613 1370 qui
3645 1317 3780 1355 san-

2132 1389 2260 1438 ctus
2298 1400 2408 1437 non
2442 1387 2548 1448 est,
2584 1388 2852 1437 sanctum
2886 1400 3013 1438 esse
3045 1384 3374 1455 crediderit,
3404 1391 3461 1441 et
3497 1386 3594 1441 Dei
3645 1404 3779 1443 eum

2122 1472 2384 1542 junxerit
2414 1472 2698 1536 societati,
2732 1471 3037 1526 Christum
3071 1473 3266 1541 violat,
3301 1475 3470 1544 cujus
3523 1477 3786 1547 corporis

2133 1579 2336 1616 omnes
2370 1561 2624 1615 membra
2659 1577 2888 1614 sumus.
2916 1563 3024 1629 Qui
3043 1562 3196 1628 dicit,
3221 1561 3434 1634 inquit,
3460 1565 3669 1629 iustum
3701 1568 3787 1620 in-

2125 1650 2695 1721 justum,elinjustum
2715 1650 2951 1718 justum,
2981 1650 3373 1706 abominabilz’s
3395 1656 3620 1724 uterque
3633 1655 3786 1724 apud

2136 1739 2302 1792 Deum
2333 1747 2409 1792 est
2436 1739 2616 1808 (Prov.
2643 1739 2904 1806 xvu,15):
2933 1737 3204 1794 similiter
3226 1739 3325 1810 qui
3349 1747 3615 1796 sanctum
3642 1742 3786 1798 dicit

2137 1843 2264 1882 esse
2295 1844 2407 1881 non
2442 1833 2728 1894 sanctum,
2762 1832 2818 1881 et
2849 1844 3085 1882 rursum
3118 1845 3232 1883 non
3286 1836 3581 1898 sanctum,
3625 1847 3782 1886 asse-

2142 1916 2216 1970 rit
2245 1920 2534 1980 sanctum,
2569 1915 2982 1970 abominabilis
3013 1917 3165 1986 apud
3199 1917 3385 1972 Deum
3419 1924 3527 1974 est.
3571 1920 3787 1975 Omnes

2143 2006 2466 2072 credentes,
2499 2005 2822 2058 secundum
2885 2005 3259 2075 Apostolum,
3296 2006 3515 2062 Christi
3577 2025 3790 2080 corpus

2143 2093 2479 2149 efﬁciuntur
2527 2094 2630 2164 (Al.
2678 2093 2992 2164 efﬁcimur)
3051 2094 3098 2160 (I
3155 2094 3284 2149 Cor.
3314 2112 3418 2163 xu,
3449 2098 3560 2168 27).
3595 2097 3703 2161 Qui
3736 2097 3794 2152 in

2145 2182 2358 2237 Christi
2393 2198 2630 2253 corpore
2686 2186 2842 2236 errat
2890 2187 2945 2236 et
3003 2180 3240 2250 labitur,
3291 2200 3561 2239 asserens
3607 2202 3791 2242 mem-

2146 2273 2316 2327 brum
2352 2274 2480 2340 ejus
2520 2269 2606 2326 vel
2638 2276 2910 2325 sanctum
2944 2288 3092 2339 esse,
3116 2288 3247 2327 cum
3277 2290 3392 2328 non
3423 2274 3500 2328 sit
3526 2291 3536 2329 :
3562 2274 3648 2329 vel
3682 2291 3794 2330 non

2149 2364 2417 2416 sanctum
2449 2376 2596 2424 esse,
2624 2376 2755 2414 cum
2789 2364 3059 2414 sanctum
3094 2361 3190 2426 sit,
3224 2361 3352 2416 vide
3395 2362 3554 2434 quali
3593 2365 3800 2418 crimi-

2153 2466 2221 2503 ne
2254 2448 2535 2503 obnoxius
2565 2448 2702 2502 ﬁat:
2743 2449 2844 2516 Vw,
2895 2447 2976 2503 ait
3025 2448 3228 2517 Isaias,
3279 2452 3375 2521 qui
3426 2450 3616 2507 dicunt
3643 2453 3800 2509 dulce

2151 2554 2426 2602 amarum,
2451 2545 2500 2592 et
2531 2553 2784 2591 amarum
2813 2536 3007 2592 dulce:
3031 2546 3291 2609 ponentes
3320 2540 3572 2594 tenebras
3601 2540 3798 2608 lucem,

2151 2631 2200 2680 et
2233 2627 2406 2681 lucem
2433 2626 2682 2680 tenebras
2712 2626 2837 2698 (13a.
2863 2643 2915 2695 ν,
2936 2627 3048 2696 20).
3079 2625 3274 2695 Dulce,
3301 2633 3440 2698 puto
3472 2646 3599 2684 esse
3631 2647 3800 2686 sanc-

2155 2715 2458 2769 timoniam
2486 2732 2498 2768 :
2526 2731 2816 2777 amarum,
2841 2716 2994 2786 quod
3020 2716 3420 2771 sanctimonia:
3444 2719 3802 2774 contrarium

2155 2808 2280 2871 est;
2312 2819 2473 2874 asque
2500 2803 2600 2857 lux
2630 2803 3017 2858 sanctimonia
3046 2803 3290 2876 intelligi
3326 2811 3534 2876 potest,
3555 2808 3804 2863 tenebras

2157 2894 2456 2948 contrariae
2489 2892 2801 2947 sanctitati.
2827 2892 2968 2956 Quis
2999 2897 3172 2963 putas
3218 2910 3248 2948 e
3281 2894 3449 2949 nobis
3482 2896 3803 2966 probandis

2159 2979 2618 3036 numismatibus
2665 2979 2911 3035 callidus
2970 2981 3268 3052 trapezita,
3302 2999 3416 3036 non
3473 2985 3691 3038 errabit
3740 2984 3797 3041 in

2159 3068 2508 3124 discretione
2541 3067 2930 3123 sanctorum?
2975 3069 3081 3134 Qui
3132 3085 3266 3124 cum
3307 3069 3364 3124 in
3399 3071 3584 3127 Deum
3617 3071 3704 3128 vel
3741 3073 3798 3128 in

2161 3164 2395 3213 sanctos
2409 3159 2534 3227 ejus
2557 3156 2837 3229 aequalem
2863 3155 3204 3212 charitatem
3227 3157 3580 3226 habuerit,et
3601 3160 3797 3228 ﬁdem,

2162 3247 2349 3319 ipsius
2382 3245 2513 3300 ﬁdei
2572 3244 3159 3301 communicationem
3219 3247 3392 3303 debet
3440 3248 3653 3306 habere
3685 3267 3800 3306 non

2165 3337 2458 3407 disparem
2484 3351 2497 3388 :
2529 3339 2592 3390 ut
2612 3335 2763 3390 sicut
2783 3335 2968 3390 credit
2988 3339 3044 3390 et
3075 3334 3285 3408 diligit,
3312 3336 3392 3390 ita
3435 3338 3804 3396 dilectionem

2167 3442 2334 3480 suam
2367 3428 2423 3478 et
2453 3424 2627 3478 ﬁdem
2659 3439 2831 3495 opere
2862 3428 3187 3480 consumat.
3217 3424 3376 3481 Unde
3427 3425 3511 3482 ait
3564 3429 3810 3485 Evidens

2168 3514 2260 3585 ﬁat
2290 3515 2348 3568 in
2379 3514 2659 3582 agnitione
2687 3515 2869 3568 omnis
2900 3513 3028 3568 boni
3045 3531 3066 3575 ;
3097 3514 3215 3569 sive
3241 3518 3310 3569 ut
3366 3514 3423 3570 in
3456 3515 3651 3573 Graeco
3685 3535 3812 3574 me-

2167 3603 2282 3658 lius
2312 3602 2579 3667 habetur,
2606 3601 2844 3672 efﬁcax;
2879 3603 3030 3659 754
3079 3599 3304 3677 ἐνεργὴς
3361 3605 3517 3660 enim
3578 3608 3812 3679 proprie

2170 3690 2469 3746 transferri
2500 3695 2708 3762 potest,
2736 3691 2960 3763 efﬁcax,
2993 3692 3113 3746 sive
3141 3695 3458 3764 aperatrix:
3481 3700 3547 3749 ut
3579 3713 3692 3751 non
3718 3714 3812 3752 so-

2168 3780 2291 3836 lum
2328 3781 2497 3836 ﬁdem
2524 3780 2710 3846 nobis,
2737 3785 2793 3835 et
2822 3780 3166 3836 charitatem
3192 3782 3250 3836 in
3269 3783 3536 3849 Deum,et
3560 3784 3615 3839 in
3642 3803 3812 3840 sanc-

2170 3876 2259 3925 tos
2290 3872 2417 3940 ejus
2450 3870 2718 3924 sufﬁcere
2775 3885 2947 3941 posse
3005 3871 3349 3940 credamus;
3413 3873 3512 3928 sed
3563 3873 3622 3928 in
3656 3875 3810 3945 quod

2170 3958 2461 4013 credimus
2490 3959 2599 4026 (At.
2633 3957 2930 4029 creditur),
2985 3975 3156 4030 opere
3198 3959 3576 4032 compleatur.
3625 3961 3820 4018 Potest

2171 4052 2363 4102 autem
2391 4047 2670 4116 accidere,
2695 4052 2759 4101 ut
2779 4047 2912 4118 quis
2954 4047 3163 4103 habeat
3185 4048 3381 4115 ﬁdem,
3415 4054 3470 4103 et
3496 4066 3622 4104 eam
3646 4066 3819 4120 opere

2171 4141 2571 4192 consummet:
2608 4152 2809 4191 verum
2842 4135 3185 4206 simpliciter
3240 4141 3293 4191 et
3352 4138 3529 4204 nude,
3567 4155 3678 4193 non
3713 4138 3821 4195 ha-

2172 4226 2316 4281 bens
2342 4225 2699 4296 agnitionem
2733 4240 2838 4278 nec
2896 4224 3199 4278 scientiam
3258 4225 3405 4295 ejus,
3454 4227 3626 4297 juxta
3672 4226 3817 4284 illud

2171 4314 2428 4386 Apostoli
2459 4333 2470 4369 :
2507 4314 2772 4381 Conﬁteor
2790 4315 2969 4368 zelum
2992 4315 3100 4368 Dei
3121 4315 3334 4386 habent,
3359 4316 3452 4371 sed
3481 4334 3592 4373 non
3621 4335 3818 4376 secun-

2171 4405 2301 4458 dum
2350 4404 2642 4457 scientiam
2699 4404 2874 4473 (Rom.
2933 4421 2989 4468 x,
3022 4405 3097 4472 2).
3157 4405 3304 4460 Sunt
3353 4405 3524 4462 hodie
3555 4406 3818 4480 plerique

2173 4491 2552 4563 simplicium,
2589 4490 2688 4562 qui
2721 4491 2942 4546 faciunt
2972 4509 3145 4564 opera
3168 4493 3435 4566 justitim,
3466 4501 3523 4550 et
3561 4513 3677 4550 non
3710 4495 3818 4550 ha-

414 4588 479 4638 tu
521 4582 738 4654 duplici
798 4589 1067 4639 mortuus
1119 4587 1416 4636 mortuum
1476 4580 1801 4637 suscitavit.
1835 4581 1962 4635 llzec
2007 4585 2064 4635 et
2095 4604 2138 4668 υ
2177 4582 2314 4635 bent
2343 4597 2542 4635 eorum
2577 4597 2703 4651 quas
2759 4580 2870 4652 ipsi
2919 4588 3235 4652 operantur
3284 4584 3612 4639 scientiam.
3658 4583 3821 4638 Unde

421 4676 629 4727 caetera
659 4689 786 4743 quae
817 4673 887 4728 de
919 4671 1139 4727 sanctis
1179 4670 1397 4742 scripta
1427 4674 1584 4736 sunt,
1620 4670 1733 4724 nisi
1765 4670 1898 4741 quis
1927 4670 2061 4724 uni-

412 4776 582 4816 versa
611 4759 942 4825 crediderit,
974 4759 1032 4814 in
1066 4759 1249 4813 Deum
1280 4763 1615 4813 sanctorum
1669 4758 1900 4812 credere
1949 4775 2064 4814 non

418 4847 672 4904 valebit:
710 4865 814 4904 nec
845 4849 1054 4904 adduci
1087 4848 1158 4904 ad
1195 4847 1366 4902 ﬁdem
1407 4845 1632 4901 Veteris
1684 4847 2064 4915 Testamenti,

419 4938 531 4994 nisi
581 4955 944 5011 quaecunque
1000 4939 1070 4993 de
1130 4935 1476 5010 patriarchis
1532 4941 1586 4990 et
1641 4935 1959 5007 prophetis,
2012 4941 2070 4991 et

419 5026 551 5081 aliis
582 5026 916 5099 insignibus
957 5027 1100 5081 viris
1155 5029 1353 5080 narrat
1401 5023 1663 5090 historia,
1726 5025 2068 5097 comproba-

419 5115 543 5171 rit’
573 5121 638 5171 ut
666 5133 733 5172 ex
766 5116 878 5172 ﬁde
917 5116 1105 5189 Legis.
1163 5115 1234 5169 ad
1287 5113 1460 5168 ﬁdem
1509 5113 1703 5168 veniat
1749 5113 2066 5185 Evangelii,

495 5262 509 5295 ¹
543 5259 898 5316 Sulfecimus
931 5260 1024 5314 hic
1055 5260 1126 5315 ad
1155 5274 1265 5314 ms.
1298 5256 1697 5312 Cisterciensis
1731 5255 2066 5312 vetustioris

421 5331 829 5387 auctoritatem
862 5333 1009 5386 duos
1062 5347 1266 5386 versus
1307 5333 1751 5400 consequentes,
1803 5337 1854 5384 et
1884 5329 2064 5398 ﬁdem,

419 5419 588 5474 quam
619 5403 784 5458 habes
814 5405 875 5458 in
929 5404 1155 5458 Domino
1209 5405 1362 5474 Iesu,
1421 5409 1478 5474 et
1525 5401 1584 5454 in
1615 5415 1828 5474 omnes
1856 5408 2070 5474 sanctos

421 5471 559 5545 ejus,
593 5475 693 5546 qui
725 5480 783 5530 et
813 5474 1123 5530 necessarii
1148 5473 1385 5544 quidem
1418 5471 1736 5546 integritati
1769 5472 2068 5526 sententias

422 5542 582 5621 sunt,
610 5542 671 5601 et
699 5547 1041 5621 earumdem
1072 5542 1310 5621 recursu
1339 5542 1574 5610 vocum,
1603 5542 1818 5613 quibus
1851 5548 1908 5621 et
1938 5559 2068 5612 pro-

419 5618 575 5691 aime
606 5615 872 5691 superior
901 5615 1510 5691 sensusterminatur,
1531 5615 1918 5691 amanuenfis
1933 5631 2071 5691 pcu-

418 5688 532 5766 los,
563 5685 698 5751 tam‘
717 5705 869 5772 saepe
895 5689 1063 5750 obvio
1112 5687 1280 5763 lapsu
1331 5686 1574 5763 putandi
1605 5690 1745 5746 sunt
1773 5685 2067 5760 effugisse.

2176 4669 2436 4724 addidit:
2475 4669 2537 4725 Ut
2566 4671 2986 4726 communicatio
3017 4670 3146 4739 ﬁdei
3175 4674 3283 4725 tuae
3317 4673 3610 4742 operalria:
3635 4673 3737 4742 ﬁat
3766 4675 3826 4727 in

2174 4760 2456 4829 agnitione
2483 4760 2662 4814 omnis
2691 4759 2835 4813 boni.
2869 4758 3117 4822 Quantis
3147 4760 3429 4832 gradibus
3467 4763 3824 4833 quantisque

2177 4847 2446 4913 saltibus,
2479 4847 2834 4919 apostolicus
2867 4848 2922 4901 in
2957 4848 3165 4903 altiora
3195 4865 3388 4904 sermo
3412 4851 3433 4883 ⁴
3485 4866 3545 4904 se
3595 4850 3827 4906 tendit?

2178 4936 2363 4991 Habet
2393 4937 2686 5008 quispiam
2737 4936 3080 4991 charitatem
3130 4942 3186 4992 et
3247 4938 3418 4993 ﬁdem
3462 4939 3522 4993 in
3559 4941 3736 4994 Deum
3768 4945 3827 4996 et

2177 5025 2234 5079 in
2269 5031 2503 5079 sanctos
2533 5025 2660 5094 ejus
2692 5040 2704 5080 :
2737 5025 2834 5080 sed
2870 5025 3110 5080 forsitan
3153 5043 3269 5081 non
3325 5027 3535 5098 aequali
3579 5045 3708 5084 eam
3765 5030 3824 5084 in

2178 5130 2380 5169 omnes
2415 5113 2577 5168 lance
2610 5114 3022 5169 communicet.
3056 5113 3462 5172 Communicet
3489 5117 3730 5174 forsitan
3764 5119 3822 5174 in

2179 5257 2453 5333 Rabanus
2484 5273 2716 5333 quoque
2746 5256 2803 5311 in
2837 5273 2942 5312 suo
2973 5255 3110 5310 olim
3143 5257 3458 5333 exemplari
3488 5260 3647 5333 legit.

2250 5330 2271 5362 ³
2305 5334 2411 5382 Pro
2438 5329 2726 5395 universa,
2761 5345 2939 5399 quam
2971 5344 3171 5383 vocem
3205 5329 3528 5387 rectissime
3547 5329 3698 5389 inse.
3727 5349 3828 5388 no-

2178 5400 2283 5454 stri
2316 5399 2708 5472 substituunt,
2741 5409 2913 5454 antea
2941 5399 3262 5472 legebatur,
3297 5402 3541 5459 diversa.

2249 5475 2269 5553 ξ
2299 5471 2464 5553 [ἔρᾳά
2496 5470 2839 5552 Yictorium,
2872 5470 3430 5553 vera—comprobavit.

2248 5542 2709 5621 f_Cisterciense_s
2740 5559 2908 5611 mss.,
2949 5542 3280 5621 quantiqu
3329 5546 3712 5620 progressibus
3768 5549 3828 5605 in

2178 5615 2383 5674 altiora
2415 5629 2611 5683 sermo,
2645 5618 2756 5673 etc.
