4066 6190
419 345 537 412 643

1660 331 1725 398 S.
1772 330 2085 398 EUSEBII
2130 331 2574 396 HIERONYMI

3661 339 3760 403 θη

420 482 692 547 mittitur,
726 482 782 534 et
809 480 1139 548 eotempore
1163 471 1505 529 Onesimum
1529 470 1736 526 habuit
1758 469 2052 536 comitem,
2088 468 2136 532 A
2169 483 2233 520 ea
2265 483 2418 520 nunc
2473 464 2932 521 commilitonem
2964 463 3098 533 dici,
3135 464 3280 535 quod
3333 464 3389 521 in
3433 468 3616 523 eodem
3657 487 3761 526 cer-

418 589 532 644 quo
564 568 876 624 Onesimus
907 567 977 621 ad
1025 563 1422 619 Philemonem
1454 559 1679 616 litteras
1712 558 2056 630 perferebat.

488 664 586 714 «Et
601 655 988 714 Tbimotheus
1006 654 1309 709 frater..ln
1322 651 1453 706 aliis
1469 648 1734 722 epistolis
1745 645 2061 702 Sosthenes

415 755 471 806 et
499 747 794 811 Silvanus,
826 743 1119 800 interdum
1175 746 1232 797 et
1257 739 1600 795 Timotheus
1632 737 1810 792 frater
1837 733 1942 808 [AL
1977 737 2058 788 ta-

414 846 496 896 cet
541 837 738 907 frater]
790 833 1131 890 assumitur.
1163 835 1229 886 In
1278 833 1532 901 quatuor
1583 829 1815 882 tantum
1864 823 2058 878 Timo-

415 928 611 992 theus,
644 924 784 997 quia
818 922 908 978 vel
961 921 1162 977 eodem
1211 923 1491 988 tempore,
1521 915 1609 972 vel
1659 916 1941 987 praesente
1971 910 2063 966 Ti-

420 1016 654 1073 motheo
703 1011 1065 1082 caeterisque,
1117 1007 1340 1064 dictatas
1389 1006 1526 1062 sint.
1582 1005 1744 1071 Quod
1797 1017 1901 1074 ego
1949 1001 2058 1055 du-

417 1105 555 1178 plici
585 1121 655 1159 ex
693 1118 869 1158 causa
915 1099 1133 1154 factum
1160 1101 1338 1169 puto;
1375 1099 1439 1150 ut
1467 1099 1525 1150 et
1573 1090 1830 1165 Epistola
1876 1090 2058 1160 majo-

415 1211 538 1251 rem
562 1193 802 1248 haberet
836 1187 1263 1253 auctoritatem,
1283 1202 1408 1257 quae
1448 1200 1566 1239 non
1596 1183 1666 1238 ab
1700 1198 1814 1236 uno
1847 1179 2062 1236 scribe-

415 1285 626 1340 batur:
651 1286 706 1338 et
736 1279 873 1352 quia
889 1275 1053 1333 nulla
1082 1274 1378 1331 aemulatio
1408 1277 1532 1329 erat
1561 1271 1716 1327 inter
1743 1268 2058 1342 apostolos,

416 1374 466 1431 si
496 1372 635 1445 quid
667 1371 812 1426 forte
830 1367 1006 1424 Paulo
1038 1366 1314 1428 dictante,
1333 1363 1430 1419 alii
1463 1361 1706 1434 Spiritus
1736 1359 2062 1431 suggessis-

415 1466 522 1529 set,
557 1460 778 1531 absque
821 1456 943 1512 ulla
989 1453 1228 1510 tristitia
1273 1453 1524 1508 addebat
1565 1449 1782 1506 Paulus
1811 1448 1872 1503 in
1906 1447 2057 1503 litte-

413 1551 495 1606 ris
525 1566 674 1621 quas
717 1546 991 1602 dictabat.
1035 1543 1369 1600 Secundum
1418 1541 1475 1595 id
1508 1540 1665 1611 quod
1713 1539 1838 1611 ipse
1869 1537 2062 1593 Corin-

413 1640 553 1695 thiis
609 1636 901 1710 prmeepit,
937 1639 998 1689 ut
1047 1634 1096 1688 si
1137 1631 1249 1688 alio
1299 1630 1702 1703 prophetante,
1736 1627 1834 1684 alii
1887 1626 2063 1682 fuerit

415 1725 755 1792 revelatum,
791 1728 975 1776 taceat
998 1719 1094 1774 ille
1126 1719 1222 1790 qui
1258 1718 1419 1790 prius
1449 1716 1831 1790 praphetabat
1863 1716 1907 1785 (Ι
1939 1717 2058 1769 Cor.

414 1832 532 1880 xw,
565 1814 674 1882 30).
727 1813 814 1865 Ita
862 1809 988 1882 ipse
1041 1824 1275 1880 quoque
1325 1810 1679 1902 praeceptum
1725 1820 1856 1902 sum
1890 1818 2061 1875 opere
2094 1839 2139 1902 Β

415 1901 762 1974 complebat,
783 1904 840 1954 et
861 1901 1095 1970 propter
1119 1913 1304 1969 pauca
1325 1913 1451 1967 quae
1475 1894 1585 1950 alio
1604 1894 1910 1950 addiderat
1931 1909 2063 1963 sug-

414 1996 648 2065 gerente
698 1995 762 2044 ut
809 2005 1002 2056 suam,
1052 1986 1132 2040 ita
1181 1985 1424 2040 alterius
1474 2000 1707 2055 quoque
1755 1981 2061 2054 epistolam

415 2079 847 2154 praescribebat.
880 2075 1211 2140 Philemoni,
1249 2074 1460 2144 inquit,
1495 2073 1706 2128 dilecto.
1733 2072 1856 2126 Non
1892 2071 2064 2125 habe-

413 2175 511 2226 tur
576 2169 634 2223 in
671 2173 864 2222 Grzeco
911 2163 1276 2238 ἠγαπημένῳ,
1338 2163 1494 2233 quod
1551 2161 1781 2216 dilectus
1825 2159 2060 2226 dicitur,

416 2261 514 2316 sed
551 2257 835 2331 ἀγαπητῷ,
870 2255 926 2309 id
971 2259 1059 2309 est
1106 2252 1390 2324 diligibili.
1427 2251 1580 2306 Inter
1626 2249 1904 2304 dilectum
1959 2265 2061 2302 au-

414 2352 532 2402 tem
559 2352 616 2400 et
652 2343 1020 2416 diligibilem,
1054 2342 1160 2395 hoc
1209 2340 1470 2406 interest,
1505 2341 1656 2410 quod
1689 2338 1934 2392 dilectus
1965 2355 2062 2408 ap-

417 2434 621 2506 pellari
653 2437 840 2504 potest
869 2437 924 2486 et
956 2430 1050 2484 ille
1083 2429 1181 2500 qui
1235 2427 1602 2482 dilectionem
1639 2444 1751 2481 non
1787 2431 2061 2481 meretur.

421 2521 729 2594 Diligibilis
760 2538 894 2575 vero
929 2520 975 2574 is
1011 2524 1236 2573 tantum
1270 2517 1370 2587 qui
1403 2517 1606 2571 merito
1640 2515 1921 2586 diligitur.
1961 2521 2062 2570 De-

416 2611 593 2682 nique
624 2615 681 2666 et
711 2609 982 2663 inimicos
1015 2612 1244 2663 nostros
1267 2605 1506 2678 diligere
1539 2603 1934 2676 praacipimur,
1961 2603 2062 2675 qui

417 2704 556 2754 sunt
619 2699 770 2756 750
820 2695 1035 2767 dilecti,
1083 2696 1182 2750 sed
1241 2711 1354 2749 non
1417 2692 2062 2764 diligibiles.Amamus

412 2789 624 2860 quippe
673 2787 827 2852 illos,
862 2803 976 2841 non
1031 2785 1170 2856 quia
1199 2783 1385 2838 amari
1436 2789 1756 2850 merentur,
1788 2783 1888 2836 sed
1923 2781 2065 2852 quia

416 2877 751 2950 prmeipitur
780 2891 878 2930 eos
907 2875 1037 2930 odio
1070 2890 1183 2928 non
1215 2873 1534 2927 habendos.
1567 2871 1706 2926 Illud
1742 2887 1874 2926 vero
1907 2870 2061 2941 quod

416 2968 475 3022 in
509 2965 942 3039 quadragesimi
996 2963 1189 3035 quarti
1223 2961 1440 3017 Psalmi
1481 2961 1652 3015 titulo
1686 2964 2060 3032 praenotatur,

410 3072 510 3128 pro
553 3055 768 3120 dilecto,
802 3051 1014 3108 melius
1065 3053 1240 3107 habet
1268 3051 1325 3106 in
1377 3051 1593 3114 Graeco,
1623 3067 1721 3122 pro
1747 3049 2015 3120 dz'ligibili
2042 3066 2060 3102 .·

414 3143 513 3216 qui
544 3143 710 3199 locus
742 3141 1220 3198 manifestissime
1241 3141 1311 3195 de
1332 3139 1559 3195 Christo
1594 3138 1956 3210 intelligitur.
1983 3137 2062 3192 I.i-

2169 554 2388 609 tamine
2434 553 2701 624 belloque
2749 555 3128 625 superaverit.
3165 554 3444 610 Scribitur
3483 557 3640 612 etiam
3685 560 3765 614 Ec-

2171 641 2356 696 clesiae
2408 660 2533 714 quae
2575 643 2634 697 in
2684 643 2856 698 domo
2907 643 3034 715 ejus
3077 649 3188 698 est.
3220 643 3429 699 Verum
3474 647 3572 700 hoc
3615 648 3767 703 ambi-

2169 747 2374 803 guum,
2406 735 2604 787 utrum
2635 731 2899 787 Ecclesia
2930 749 3058 804 quas
3091 732 3149 788 in
3179 733 3351 788 domo
3379 733 3634 806 Archippi
3663 735 3764 792 sit:

2168 837 2241 876 an
2273 820 2323 875 ei
2355 838 2480 892 qua:
2510 821 2569 876 in
2602 822 2774 877 domo
2813 821 3194 878 Philemonis.
3228 823 3334 877 Sed
3367 821 3506 879 mihi
3534 823 3768 880 videntur

2170 926 2286 965 non
2333 911 2402 965 ad
2454 910 2752 983 Archippi,
2787 911 2887 967 sed
2937 913 3008 967 ad
3044 911 3398 967 Philomenis
3444 912 3768 969 referendum

2169 1015 2298 1054 esse
2329 1015 2661 1070 personam,
2688 1000 2784 1056 cui
2816 1001 2941 1073 ipsa
2959 1017 3191 1073 quoque
3213 999 3458 1071 epistola
3473 1002 3767 1073 deputatur.

2169 1087 2316 1143 Nam
2349 1087 2481 1144 licet
2514 1088 2724 1145 Paulus
2754 1094 2812 1145 et
2831 1089 3176 1146 Timotheus
3207 1090 3425 1162 pariter
3452 1091 3687 1146 scribant
3711 1090 3770 1147 ad

2171 1176 2590 1248 Philemonem,
2622 1177 2894 1250 Appiam,
2927 1178 3310 1251 Archippum,
3343 1183 3400 1235 et
3447 1177 3768 1236 Ecclesiam:

2171 1270 2368 1322 tamen
2400 1267 2457 1323 in
2493 1269 2874 1339 sequentibus
2901 1269 3257 1341 approbatur
3285 1267 3526 1324 Paulum
3548 1273 3770 1324 tantum-

2171 1356 2342 1412 modo
2371 1357 2442 1412 ad
2475 1356 2873 1414 Philemonem
2921 1359 3194 1423 scribere,
3228 1363 3285 1414 et
3317 1375 3500 1413 unum
3524 1374 3646 1414 cum
3673 1375 3768 1414 uno

2169 1445 2567 1500 sermocinari.
2602 1445 2816 1502 Gratias
2851 1464 2953 1519 ago
2986 1453 3096 1504 Deo
3140 1464 3258 1504 meo
3307 1449 3578 1520 semper‘,
3616 1451 3660 1503 et
3685 1462 3774 1501 me-

2169 1535 2416 1590 moriam
2438 1538 2524 1590 tui
2535 1538 2746 1606 faciens
2761 1527 2920 1608 (vers.
2937 1537 3012 1608 4).
3036 1541 3204 1592 Ηιιιιο
3231 1542 3425 1593 autem
3441 1553 3645 1593 morem
3660 1536 3776 1591 scri-

2169 1622 2342 1678 bendi
2366 1624 2421 1678 in
2449 1625 2748 1681 nonnullis
2781 1625 3042 1698 epistolis
3064 1627 3193 1697 ejus
3213 1626 3471 1682 invenire
3502 1626 3736 1699 poteritis
3762 1644 3772 1682 :

2172 1715 2326 1784 quod
2369 1731 2502 1768 cum
2535 1714 2750 1786 plures,
2785 1721 2839 1769 et
2870 1717 2939 1770 ad
2974 1717 3170 1788 plures
3213 1716 3357 1772 751
3396 1716 3454 1770 in
3486 1716 3779 1788 praefatione

2175 1809 2487 1874 ponantur,
2521 1809 2722 1874 postea
2752 1821 2852 1876 per
2882 1809 3068 1860 totum
3103 1822 3316 1876 corpus
3337 1803 3621 1876 Epistolas,
3652 1821 3778 1858 unus

2171 1892 2480 1964 disputans
2534 1892 2863 1948 inducatur.
2904 1893 3048 1948 Illud
3081 1895 3238 1965 quod
3291 1896 3364 1950 ad
3417 1893 3641 1950 Galatas
3668 1893 3782 1948 scri-

2171 1982 2316 2036 bens
2365 1981 2679 2053 Apostolus
2727 1983 2852 2037 ait:
2891 1983 2947 2036 in
2996 1983 3209 2038 Christi
3245 1984 3358 2038 fide
3397 1981 3536 2038 nihil
3585 1983 3779 2049 referre,

2172 2070 2404 2141 gentilis
2458 2071 2534 2125 sit
2583 2071 2815 2141 aliquis,
2861 2089 2932 2127 an
2977 2073 3213 2128 Judaeus
3253 2092 3266 2128 :
3301 2073 3409 2140 vir,
3444 2090 3512 2128 an
3562 2071 3779 2126 mulier:

2173 2175 2394 2225 servus,
2428 2176 2500 2214 an
2551 2160 2696 2214 liber
2725 2161 2922 2227 (Galat.
2956 2178 3038 2227 ιιι,
3070 2162 3162 2232 28)
3197 2178 3208 2217 :
3243 2162 3423 2216 etiam
3474 2161 3528 2216 in
3558 2161 3657 2215 hoc
3684 2160 3783 2215 loco

2175 2249 2547 2319 perspicuum
2584 2249 2667 2303 fit.
2703 2254 2859 2305 Inter
2887 2250 3032 2306 duos
3065 2251 3286 2322 quippe
3316 2267 3483 2306 veros
3512 2256 3565 2306 et
3593 2253 3786 2322 aposto-

2172 2336 2334 2405 licos,
2369 2337 2518 2392 inter
2567 2345 2994 2409 cooperatorem
3041 2339 3228 2409 Pauli,
3261 2344 3324 2394 et
3363 2339 3784 2395 commilitonem

2171 2427 2318 2496 ejus,
2355 2426 2614 2480 medium
2639 2427 2879 2498 Apphiai
2911 2443 3121 2482 nomen
3154 2427 3476 2484 inseritur:
3506 2434 3565 2484 ut
3591 2427 3680 2482 tali
3702 2425 3787 2496 [AL

2171 2513 2328 2584 talis]
2361 2531 2428 2568 ex
2461 2521 2707 2586 utroque
2739 2514 2916 2570 latere
2964 2515 3109 2570 fulta
3153 2517 3464 2586 comitatu,
3498 2533 3600 2571 non
3633 2514 3790 2568 videa-

2172 2608 2270 2658 tur
2299 2603 2561 2658 ordinem
2595 2621 2767 2659 sexus
2799 2605 3032 2671 habere,
3057 2606 3156 2660 sed
3192 2606 3415 2661 meriti.
3441 2607 3594 2671 Quod
3623 2608 3788 2659 autem

2173 2691 2254 2746 ait
2285 2709 2297 2746 :
2333 2693 2518 2747 Gratia
2569 2694 2716 2748 vobis
2745 2702 2796 2749 et
2822 2711 2938 2764 pax
2975 2711 3008 2749 a
3041 2695 3142 2750 Deo
3191 2697 3375 2751 Patre
3403 2700 3596 2764 nostro,
3626 2698 3672 2748 et
3701 2696 3787 2746 Do-

2172 2782 2324 2834 mino
2351 2782 2474 2836 Iesu
2506 2780 2739 2850 Christo,
2770 2781 2960 2837 adhuc
3009 2800 3042 2837 a
3073 2783 3314 2838 duobus
3363 2785 3435 2839 ad
3468 2783 3652 2855 plures
3679 2778 3791 2836 scri-

2171 2869 2351 2935 bitur,
2384 2874 2440 2924 et
2471 2870 2528 2924 in
2561 2871 2836 2926 omnibus
2877 2887 3021 2942 pene
3052 2872 3336 2944 Epistolis
3367 2871 3580 2944 aequale
3609 2873 3628 2905 ²
3654 2869 3789 2942 prin-

2173 2957 2390 3029 cipium
2418 2963 2524 3027 est,
2549 2965 2612 3014 ut
2644 2960 2892 3031 gratiam
2924 2961 3008 3015 eis
3039 2965 3096 3015 et
3125 2977 3337 3032 pacem
3371 2979 3404 3017 a
3435 2961 3544 3016 Deo
3575 2961 3722 3015 Patre
3747 2960 3791 3011 et

2172 3046 2397 3102 Christo
2447 3047 2694 3104 Domino
2752 3048 3124 3121 imprecetur.
3187 3053 3262 3104 Ex
3333 3067 3445 3122 quo
3503 3047 3793 3106 ostenditur

2175 3154 2354 3194 unam
2388 3138 2514 3193 Filii
2551 3139 2852 3210 Patrisque
2878 3156 3006 3194 esse
3041 3145 3344 3207 naturam,
3390 3158 3522 3196 cum
3553 3140 3605 3194 id
3637 3139 3796 3209 potest

411 3210 500 3289 cet
529 3233 684 3288 enim
717 3232 901 3288 Judaei
935 3248 1106 3286 imou
1141 3231 1395 3301 (ΠἺἼἽἾἾ),
1420 3230 1527 3284 hoc
1558 3233 1646 3283 est
1677 3237 1921 3284 amatum
1944 3228 2060 3294 Dei,
2091 3210 2134 3272 C
2177 3227 2357 3282 Filius
2406 3233 2682 3298 praestare
2728 3229 2880 3298 quod
2932 3228 3119 3293 Pater,
3175 3234 3230 3284 et
3293 3230 3508 3285 dicitur
3552 3229 3604 3284 id
3661 3228 3795 3282 Pater

411 3321 780 3378 Salomonem
832 3319 944 3375 dici
997 3324 1221 3392 putent,
1256 3319 1409 3390 quod
1444 3319 1493 3373 ei
1527 3335 1560 3372 a
1594 3322 1705 3373 Deo
1739 3317 1816 3372 sit
1864 3317 1936 3371 ob
1971 3333 2066 3371 sa-

412 3410 692 3483 pientiam
739 3425 950 3465 nomen
1003 3407 1344 3480 impositum
1395 3424 1406 3460 :
1457 3412 1652 3461 tamen
1704 3413 1918 3460 amatus
1969 3405 2067 3459 Dei

413 3499 545 3571 quis
579 3499 764 3571 magis
795 3499 906 3553 dici
945 3502 1150 3568 potest,
1186 3495 1295 3551 nisi
1330 3495 1382 3550 is
1411 3497 1480 3550 de
1513 3512 1628 3566 quo
1664 3494 1719 3549 in
1756 3493 2067 3565 Evangelio

412 3591 583 3642 Pater
629 3587 929 3657 loquitur:
968 3587 1072 3638 Hic
1094 3593 1173 3639 est
1201 3585 1372 3639 Filius
1419 3601 1569 3638 meus
1615 3584 1842 3638 dilectus
1873 3585 1929 3636 in
1964 3598 2069 3652 quo

420 3675 562 3730 mihi
593 3675 722 3730 bene
777 3673 1080 3744 complacui
1105 3674 1250 3726 hunc
1296 3672 1481 3726 audite
1526 3672 1676 3741 (Luc.
1713 3689 1785 3741 ix,
1821 3671 1930 3736 36).
1968 3675 2068 3724 De-

420 3763 597 3836 nique
626 3767 682 3818 et
702 3763 759 3817 in
793 3762 942 3816 Isaia
964 3761 1042 3816 ita
1064 3761 1347 3832 scriptum
1375 3760 1586 3816 habet:
1613 3760 1849 3815 Cantabo
1873 3759 2068 3814 dilecto

416 3855 697 3908 canticum
745 3851 1036 3921 dilz’gibilis
1084 3852 1262 3905 vineae
1290 3865 1446 3906 meae.
1487 3851 1643 3904 Vinea
1693 3851 1845 3918 facta
1876 3853 1948 3904 est
1979 3849 2064 3903 di-

417 3943 549 3997 lecto
591 3942 723 4012 (Isa.
756 3957 809 4012 ν,
844 3940 913 4010 1).
949 3940 1015 3993 Et
1046 3938 1152 3993 hoc
1195 3938 1562 3993 circumcisio
1617 3939 1686 3993 de
1718 3937 1932 4008 populo
1963 3938 2065 3992 Ju-

418 4031 583 4086 daico
601 4030 1009 4102 accipiendum
1036 4033 1268 4098 putans,
1290 4027 1535 4098 impegit
1554 4026 1609 4081 in
1627 4026 1877 4098 lapidem
1897 4027 2068 4081 oil'en-

417 4121 618 4189 sionis,
645 4124 702 4174 et
724 4124 946 4190 petram
973 4115 1229 4172 scandali
1259 4117 1372 4185 (Isa
1396 4132 1514 4178 VIII,
1540 4116 1648 4185 14),
1673 4132 1685 4169 :
1709 4132 1822 4170 non
1849 4116 2063 4187 recogi-

415 4215 550 4264 tans
563 4208 792 4263 vineam
813 4224 938 4278 quae
955 4207 1023 4260 de
1042 4206 1283 4278 Egypto
1304 4204 1586 4259 translata
1599 4203 2062 4275 est(Psal.Lax1x,

413 4299 491 4366 9),
522 4313 650 4351 esse
679 4296 919 4350 domum
957 4293 1148 4364 Israel,
1182 4298 1239 4348 et
1267 4293 1567 4349 Christum
1591 4291 1686 4348 hic
1717 4293 1828 4348 dici
1862 4292 1950 4348 vel
1985 4293 2066 4347 di-

412 4383 718 4457 ligibilem,
740 4382 825 4438 vel
844 4383 1124 4438 dilectum
1152 4399 1164 4436 :
1193 4383 1332 4437 dum
1353 4388 1410 4437 et
1432 4383 1556 4453 ipse
1575 4382 1735 4454 diligi
1763 4388 2066 4438 meretura

414 4472 658 4541 sanctis,
689 4476 746 4528 et
775 4472 958 4527 sancti
993 4488 1125 4527 eum
1156 4471 1428 4543 diligunt,
1454 4471 1759 4527 offerentes
1790 4476 1846 4526 et
1876 4473 2064 4544 magis

2177 3321 2451 3386 praestare
2481 3316 2633 3387 quod
2669 3315 2870 3370 Filius.
2905 3316 3104 3372 Gratia
3145 3323 3351 3373 autem
3383 3324 3492 3386 est,
3525 3334 3634 3391 qua
3661 3313 3794 3371 nullo

2179 3404 2384 3459 merito
2416 3421 2519 3459 nec
2567 3422 2736 3476 opere
2792 3405 3104 3462 salvamur.
3139 3406 3272 3473 Pax,
3319 3425 3435 3479 qua
3481 3402 3794 3463 reconciliati

2181 3497 2290 3546 Deo
2333 3510 2433 3563 per
2479 3491 2774 3548 Christum
2809 3511 3015 3549 sumus
3076 3500 3138 3549 ut
3182 3495 3258 3549 ibi
3307 3513 3319 3551 :
3355 3497 3692 3553 Obsecremus
3717 3505 3798 3565 pro

2177 3581 2416 3646 Christo,
2450 3583 2902 3638 reconciliamini
2931 3585 3033 3639 Deo
3065 3583 3136 3653 (Il
3163 3585 3295 3640 Cor.
3333 3604 3386 3656 ν,
3420 3587 3532 3657 20).

2247 3671 2413 3741 (Vers.
2449 3672 2478 3724 4
2522 3672 2691 3742 seqq.)
2739 3695 2765 3720 ‹‹
2816 3671 3043 3726 Gratias
3094 3689 3199 3744 ago
3233 3673 3357 3730 Deo
3407 3691 3532 3729 meo
3583 3683 3799 3741 semper.

2178 3759 2522 3813 memoriam
2554 3760 2637 3813 tui
2669 3761 2885 3816 faciens
2915 3760 2972 3814 in
3005 3761 3377 3818 orationibus
3403 3763 3564 3831 meis,
3589 3759 3801 3816 audiens

2175 3847 2515 3903 charitatem
2548 3853 2733 3919 tuam,
2763 3854 2819 3903 et
2851 3849 3020 3904 fidem
3056 3866 3233 3920 quam
3268 3851 3455 3907 habes
3491 3852 3545 3906 in
3584 3847 3793 3904 Domino

2174 3937 2334 4002 Jesu,
2367 3941 2423 3992 et
2451 3954 2654 3993 omnes
2685 3943 2918 3993 sanctos
2935 3939 3062 4009 ejus
3087 3956 3098 3993 :
3127 3944 3189 3993 ut
3210 3940 3663 3996 communicatio
3687 3933 3796 3991 fidei

2178 4032 2289 4080 tua}
2321 4025 2556 4082 evidens
2590 4028 2690 4081 fiat
2733 4027 2788 4080 in
2821 4027 3116 4099 agnitione
3159 4031 3359 4085 omnis
3393 4029 3549 4091 boni.
3582 4026 3719 4100 quod
3750 4024 3796 4076 in

2176 4115 2338 4169 vobis
2368 4117 2389 4150 ³
2419 4120 2506 4170 est
2551 4115 2608 4169 in
2661 4115 2908 4170 Christo.
2944 4140 2969 4164 ››
3004 4116 3132 4172 Haec
3157 4118 3287 4186 jam
3342 4137 3457 4174 non
3506 4124 3566 4173 ut
3614 4111 3798 4171 Paulus

2175 4208 2230 4257 et
2259 4203 2622 4270 Timotheus,
2659 4203 2980 4260 Philemoni
3039 4211 3099 4260 et
3144 4208 3413 4275 cmteris;
3449 4208 3546 4262 sed
3575 4211 3634 4260 ut
3662 4200 3796 4259 solus

2175 4291 2412 4362 Paulus,
2447 4292 2517 4347 ad
2550 4293 2739 4348 solum
2790 4294 3186 4350 Philemonem
3237 4295 3506 4368 loquitur
3537 4313 3549 4350 :
3585 4294 3791 4352 Gratias,

2175 4381 2467 4453 inquiens,
2495 4398 2593 4453 ago
2641 4383 2746 4438 Deo
2778 4380 2901 4438 meo'
2939 4400 3149 4455 semper
3179 4385 3286 4453 [AL
3324 4386 3490 4441 addit
3527 4387 3594 4450 et]
3623 4397 3796 4438 memo-

2173 4472 2320 4526 riam
2360 4473 2445 4526 tui
2472 4474 2684 4536 faciens
2714 4475 2774 4527 in
2817 4473 3154 4529 orationibus
3186 4475 3342 4530 meis.
3380 4480 3488 4530 Am
3501 4475 3663 4545 bigue
3689 4482 3799 4524 vero

413 4563 779 4628 charitatem,
813 4578 991 4634 quam
1038 4559 1158 4615 ulla
1189 4561 1294 4630 [AL
1329 4560 1465 4631 alia]
1496 4559 1797 4615 charitatis
1829 4562 2068 4632 praemia
2096 4567 2143 4632 D
2175 4559 2418 4625 dictum,
2453 4566 2654 4616 utrum
2703 4563 2924 4632 gratias
2973 4567 3109 4635 agat
3139 4563 3255 4619 Deo
3303 4581 3412 4620 suo
3466 4577 3704 4633 semper,
3733 4570 3793 4610 an

412 4651 796 4725 postulantes.
831 4649 1108 4705 Scribunt
1147 4649 1325 4720 igitur
1353 4647 1566 4703 Paulus
1617 4654 1672 4702 ct
1699 4648 2061 4715 Timotheus,

413 4740 734 4797 Philemoni
765 4737 1110 4794 charissimo
1141 4743 1197 4792 et
1225 4737 1583 4808 cooperatori
1612 4752 1624 4792 :
1652 4737 1751 4808 qui
1785 4737 1910 4792 ideo
1932 4737 2064 4792 cha-

412 4830 684 4887 rissimus
729 4829 922 4883 dictus
955 4832 1063 4894 est,
1096 4827 1251 4898 quod
1307 4828 1365 4879 in
1410 4825 1612 4880 eodem
1647 4825 1858 4880 Christi
1892 4842 2062 4896 opere

408 4924 690 4976 versetur.
723 4917 968 4990 Apphia:
1011 4917 1115 4985 [AL
1169 4914 1391 4987 Appiae]
1427 4931 1656 4986 quoque
1706 4914 1912 4980 sorori,
1946 4932 2061 4970 non

410 5007 643 5063 habenti
675 5007 736 5061 in
769 5023 830 5062 se
863 5005 1015 5061 falsae
1049 5004 1292 5077 aliquid,
1324 5009 1382 5059 et
1414 5003 1558 5058 ﬁcta:
1604 5003 2010 5075 germanitatis
2044 5021 2056 5058 :

410 5100 466 5150 et
519 5095 809 5167 Archippo
885 5094 1292 5160 commilitoni,
1354 5110 1532 5164 quem
1589 5093 1842 5148 arbitror
1919 5110 2056 5149 cum

411 5183 587 5240 Paulo
617 5189 674 5238 et
731 5183 1036 5239 Timotheo
1085 5187 1288 5239 contra
1319 5181 1680 5237 adversarios
1710 5198 1813 5254 pro
1844 5182 2059 5239 Christi

407 5273 645 5328 nomine
666 5272 1041 5328 dimicantem
1073 5270 1368 5327 exstitisse
1389 5271 1687 5338 victorem,
1717 5275 1772 5326 et
1795 5277 2057 5344 propter-

477 5469 492 5502 ¹
528 5467 768 5523 Addunt
798 5467 978 5541 nostri
1010 5484 1152 5524 mss.
1178 5485 1278 5539 pro
1301 5467 1468 5536 vobis,
1494 5484 1644 5541 quas
1668 5470 1939 5541 nesciunt
1961 5488 2055 5526 vo-

403 5555 500 5596 ces
551 5541 784 5596 Graacus
837 5539 1052 5613 pariter
1102 5543 1313 5607 textus,
1366 5539 1541 5612 atque
1587 5540 1827 5597 Latinus
1878 5543 2056 5598 inter-

407 5627 745 5744 prfﬁt’itiose
774 5681 1046 5759 Martiae,
1070 5682 1230 5759 quale
1249 5699 1268 5741 ,ο
1288 5681 1437 5743 levia
1466 5683 1523 5740 id
1555 5683 1762 5759 genius
1792 5683 1910 5744 alia
1927 5701 2056 5762 pas~

2177 4650 2516 4704 memoriam
2551 4651 2678 4721 ejus
2723 4651 2896 4706 faciat
2927 4651 2985 4705 in
3019 4651 3386 4709 orationibus
3419 4653 3544 4708 suis
3575 4661 3797 4718 semper.

2175 4739 2242 4792 Et
2295 4743 2612 4810 utrumque
2660 4739 2904 4812 intelligi
2957 4746 3164 4812 potest.
3197 4740 3305 4803 Qui
3358 4741 3515 4797 enim
3568 4733 3798 4811 praecipit

2172 4827 2324 4897 aliis,
2360 4832 2421 4882 ut
2447 4828 2505 4883 in
2547 4829 2823 4883 omnibus
2875 4828 3092 4899 gratias
3123 4835 3302 4902 agant
3337 4831 3471 4901 Deo,
3524 4825 3692 4884 nullis
3718 4837 3798 4878 an-

2171 4915 2382 4987 gustiis
2429 4915 2642 4987 poterit
2689 4916 2994 4983 coarctari,
3044 4919 3110 4971 ut
3155 4915 3377 4988 gratias
3427 4930 3653 4987 semper
3704 4913 3795 4962 Deo

2171 5005 2297 5075 ipse
2329 5021 2442 5059 non
2476 5003 2703 5059 referat.
2741 5004 2798 5059 Si
2832 5009 3025 5060 autem
3062 5021 3164 5076 pro
3210 5005 3456 5075 sanctis,
3491 5008 3547 5058 et
3575 4993 3797 5056 meliori-

2170 5093 2281 5148 bus
2314 5093 2648 5166 quibusque
2687 5093 2898 5149 Paulus
2931 5110 3162 5165 semper
3182 5093 3391 5150 orabat
3425 5094 3675 5164 (sanctus
3703 5100 3792 5141 au-

2168 5185 2285 5237 tem
2321 5187 2375 5237 et
2407 5182 2707 5237 Philemon
2739 5187 2848 5249 est,
2875 5187 3099 5238 tantam
3128 5182 3355 5238 habens
3387 5183 3445 5236 in
3479 5197 3538 5236 se
3569 5177 3728 5233 ﬁdem
3747 5172 3794 5226 et

2169 5269 2536 5342 charitatem,
2587 5279 2651 5328 ut
2698 5289 2814 5328 non
2868 5271 3059 5328 solum
3109 5271 3313 5328 auditu
3373 5270 3447 5336 ei,
3491 5268 3588 5324 sed
3638 5263 3790 5320 etiam

2169 5472 2279 5528 sim
2309 5469 2692 5542 castigantur.

2237 5543 2258 5578 ³
2287 5533 2701 5612 Cistercienses
2756 5559 2893 5612 ms.,
2929 5542 2990 5599 in
3037 5541 3210 5599 nobis.
3242 5538 3444 5597 Variat
3474 5541 3531 5594 et
3577 5533 3788 5592 Graecus

2166 5619 2380 5688 textus,
2418 5611 2542 5688 ὑμῖν
2571 5619 2627 5672 et
2649 5613 2808 5688 ἡμῖν,
