4066 6190
345 347 466 409 645
1217 337 1734 405 COMMENTAR.
1780 341 1855 401 IN
1902 335 2151 402 EPIST.
2196 334 2299 402 AD
2342 339 2889 405 PHILEMONEM.
3641 344 3760 408 646

352 495 525 552 opere
554 476 914 547 nosceretur)
945 479 1002 532 et
1032 492 1134 548 pro
1166 473 1505 529 Philemone
1537 489 1770 545 semper
1799 489 1997 528 orasse
2028 481 2080 546 Α
2111 477 2166 528 et
2188 473 2418 544 justitia
2453 474 2545 528 Dei
2578 475 2637 529 in
2669 491 2733 556 eo
2764 474 3048 531 reveletur
3077 493 3144 532 ex
3179 478 3292 533 ﬁde
3345 478 3402 534 in
3457 480 3652 550 ﬁdem,
3686 482 3766 536 si-

357 567 628 639 Paulum,
659 565 936 622 credibile
967 569 1094 621 est:
1137 580 1253 636 quo
1303 563 1523 619 scilicet
1572 563 1716 618 ﬁdes
1768 567 1825 617 et
1873 561 2010 616 cha-
2119 570 2216 618 cut
2246 564 2529 635 scriptum
2561 568 2685 618 est:
2718 565 2902 620 Justus
2923 569 3102 620 autem
3127 583 3196 621 ex
3225 567 3335 636 ﬁde
3363 570 3499 624 vicit
3534 570 3770 640 (Ilabac.

356 658 500 715 ritas
530 673 709 730 quam
736 656 992 711 habebat
1021 653 1080 708 in
1138 652 1392 720 Christo,
1427 657 1482 707 et
1512 651 1570 706 in
1619 667 1824 706 omnes
1859 652 2010 709 752
2121 671 2183 717 11,
2220 654 2293 724 4).
2330 652 2668 724 Praecipitur
2699 657 2757 708 et
2789 653 2843 708 in
2878 654 2989 709 alio
3017 653 3142 710 loco
3171 673 3184 710 :
3215 656 3402 712 Sancti
3430 661 3611 727 estote,
3635 675 3766 730 quo-

360 751 594 804 sanctos
625 745 776 816 ejus,
811 760 914 816 per
956 741 1548 798 communicationem
1611 740 1768 810 ﬁdei,
1801 745 1857 795 et
1885 757 2014 812 ope-
2120 743 2277 796 niam
2308 758 2404 812 ego
2451 745 2672 796 sanctus
2726 759 2868 809 sum,
2928 743 3062 798 dicit
3123 746 3388 800 Dominus
3439 748 3575 802 Deus
3606 757 3780 803 vester

360 835 647 891 rationem
681 830 997 904 agnitionis
1029 831 1088 886 in
1121 830 1279 885 omni
1318 831 1490 896 bono,
1523 829 1736 885 Christi
1788 828 2014 884 miseri-
2125 833 2313 896 (Leu't.
2344 849 2458 898 xu,
2484 832 2562 902 2.)
2616 831 2827 886 Eadem
2889 833 3171 888 sanctitas
3225 835 3406 890 servis
3457 837 3698 891 debetur
3728 843 3784 892 et

365 924 565 980 cordia
595 926 962 987 servaretur;
1010 924 1067 974 et
1115 919 1184 974 de
1233 919 1516 974 charitate
1555 918 1790 990 quidem
1838 934 2014 989 quam
2127 919 2411 974 Domino:
2447 926 2504 974 et
2552 921 2927 975 sanctiﬁcans
2980 921 3197 994 quippe
3245 928 3301 977 et
3332 924 3685 980 sanctiﬁcati
3715 942 3785 980 ex

2128 1025 2244 1062 uno
2276 1025 2503 1063 omnes.
2539 1009 2661 1062 Non
2698 1013 2971 1080 putemus
3000 1009 3182 1065 levem
3238 1011 3598 1068 Philemonis
3642 1030 3783 1084 prae-

2130 1096 2500 1162 dicationem,
2562 1098 2608 1150 si
2671 1098 2873 1152 eadem
2935 1099 3104 1152 fidem
3166 1099 3380 1155 habeat
3441 1102 3497 1155 in
3549 1107 3781 1158 sanctos

2133 1203 2307 1256 quam
2341 1191 2397 1240 et
2429 1186 2485 1239 in
2518 1186 2722 1242 Deum.
2757 1186 2861 1249 Qui
2898 1187 3081 1242 crebit
3115 1193 3291 1244 Deum
3327 1194 3594 1245 sanctum
3631 1207 3781 1258 esse,

2135 1276 2335 1347 utique
2371 1292 2481 1329 non
2517 1281 2691 1329 errat.
2721 1275 2881 1338 Quod
2917 1276 2965 1329 si
2998 1277 3130 1347 quis
3162 1277 3462 1334 hominem
3518 1280 3617 1351 qui
3651 1298 3785 1336 san-

2137 1370 2264 1418 ctus
2303 1381 2413 1418 non
2447 1367 2552 1429 est,
2589 1368 2856 1418 sanctum
2891 1381 3018 1419 esse
3049 1365 3378 1437 crediderit,
3409 1372 3465 1422 et
3501 1367 3598 1422 Dei
3650 1386 3784 1424 eum

2127 1453 2389 1523 junxerit
2419 1453 2703 1518 societati,
2737 1451 3041 1507 Christum
3076 1453 3271 1523 violat,
3305 1456 3476 1526 cujus
3527 1459 3792 1528 corporis

380 1550 614 1601 sanctos
643 1545 802 1614 ejus:
837 1547 894 1598 et
924 1543 1098 1597 ﬁdem
1123 1544 1163 1604 ¹,
1208 1558 1382 1612 quam
1435 1541 1612 1595 habes
1665 1540 1723 1594 in
1774 1540 2024 1594 Domino
2137 1559 2341 1597 omnes
2374 1541 2630 1596 membra
2663 1558 2892 1595 sumus.
2921 1544 3029 1610 Qui
3047 1543 3201 1609 dicit,
3226 1542 3439 1615 inquit,
3465 1547 3674 1609 iustum
3705 1549 3792 1601 in-

379 1635 540 1700 Jesu,
569 1639 625 1687 et
652 1632 712 1686 in
740 1647 944 1686 omnes
975 1635 1211 1685 sanctos
1267 1631 1416 1700 ejus.
1470 1629 1546 1683 Ad
1606 1628 2026 1700 expositionem
2129 1631 2700 1702 justum,etinjustam
2720 1631 2956 1699 justum,
2985 1631 3377 1687 abominabilis
3399 1636 3790 1706 uterqueapud

379 1724 560 1794 hujus
590 1720 700 1776 loci
731 1721 801 1776 de
825 1720 1016 1774 Exodo
1050 1735 1358 1774 sumamus
1390 1718 1718 1789 exemplum
1745 1734 1756 1772 :
1790 1715 2032 1772 Credidit
2141 1720 2306 1773 Deum
2337 1727 2414 1773 est
2441 1720 2620 1789 (Prov.
2648 1720 2909 1786 xv1i,15):
2938 1718 3209 1774 similiter
3231 1721 3329 1792 qui
3354 1728 3620 1776 sanctum
3647 1723 3791 1778 dicit

374 1811 610 1885 papulas
639 1811 744 1865 Deo
775 1813 827 1864 et
855 1808 1025 1880 Moysi
1052 1825 1202 1864 servo
1231 1809 1346 1880 ejus
1377 1807 1568 1879 (Exod.
1601 1824 1714 1872 xxv,
1744 1807 1856 1876 31).
1907 1805 2031 1860 Una
2068 1848 2108 1885 η
2141 1825 2268 1864 esse
2300 1825 2412 1863 non
2447 1813 2732 1875 sanctum,
2766 1813 2823 1862 et
2853 1825 3090 1863 rursum
3123 1826 3238 1864 non
3291 1817 3585 1879 sanctum,
3629 1828 3786 1868 asse-

381 1904 560 1972 atque
586 1899 790 1954 eadem
823 1896 1138 1952 credulitas
1196 1897 1253 1951 in
1309 1900 1537 1969 Moysen
1589 1897 1857 1966 refertur,
1885 1900 1942 1949 et
1973 1894 2032 1949 in
2068 1894 2110 1911 ”
2146 1897 2220 1951 rit
2249 1900 2538 1961 sanctum,
2574 1895 2987 1951 abominabilis
3017 1897 3170 1968 apud
3204 1897 3389 1953 Deum
3424 1905 3532 1954 est.
3576 1901 3791 1956 Omnes

383 1990 563 2044 Deum
591 2005 604 2043 :
639 1993 706 2042 ut
726 1986 978 2059 populus
1009 1985 1110 2057 qui
1142 1985 1415 2040 credebat
1447 1985 1505 2039 in
1533 1985 2038 2054 Dominum,zeque
2147 1987 2471 2054 credentes,
2504 1987 2826 2040 secundum
2889 1986 3264 2056 Apostolum,
3300 1986 3519 2043 Christi
3581 2006 3795 2061 corpus

2148 2074 2484 2130 efﬁciuntur
2532 2075 2634 2145 (At.
2682 2074 2997 2144 efﬁcimur)
3056 2075 3103 2141 (I
3161 2075 3288 2130 Cor.
3317 2093 3423 2144 xu,
3453 2078 3564 2149 27).
3600 2079 3707 2142 Qui
3740 2078 3799 2132 in

2149 2163 2362 2218 Christi
2397 2179 2635 2234 corpore
2691 2167 2848 2217 errat
2894 2168 2950 2217 et
3007 2161 3244 2231 labitur,
3297 2181 3565 2221 asserens
3611 2183 3795 2223 mem-

371 1013 622 1069 habebat
651 1011 709 1065 in
740 1009 969 1066 Christo
997 1009 1158 1074 Jesu,
1191 1013 1249 1063 et
1279 1008 1336 1062 in
1365 1024 1569 1062 omnes
1601 1012 1835 1062 sanctos
1866 1007 2016 1078 ejus,

370 1119 487 1158 non
519 1099 775 1156 difﬁcilis
804 1097 1202 1170 interpretatio
1234 1102 1360 1152 est:
1396 1113 1510 1168 qua
1543 1100 1673 1168 post
1711 1096 1892 1150 Deum
1931 1095 2017 1148 di-

371 1191 550 1264 ligere
588 1188 872 1259 jubemus
918 1190 975 1241 et
1034 1185 1347 1257 proximos.
1381 1185 1546 1240 Nunc
1579 1185 1684 1240 hoc
1717 1183 2021 1255 quaeritur,

373 1278 668 1352 quomodo
689 1276 954 1332 eamdem
980 1275 1154 1331 ﬁdem
1181 1275 1237 1328 in
1261 1274 1490 1330 Christo
1507 1274 1642 1330 Jesu
1664 1273 1876 1328 habere
1890 1271 2023 1344 quis

377 1368 580 1441 possit,
615 1371 670 1422 et
696 1365 754 1420 in
789 1369 1022 1421 sanctos
1051 1365 1217 1434 ejus;
1243 1361 1350 1415 ἀπὸ
1380 1365 1566 1416 κοινοῦ
1599 1362 1752 1418 enim
1791 1367 2025 1417 resonat

376 1457 719 1513 charitatem
753 1471 929 1526 quam
951 1453 1132 1508 habes
1155 1452 1212 1506 in
1233 1451 1470 1507 Domino
1494 1452 1718 1519 Jesu,et
1738 1451 1794 1505 in
1822 1467 2026 1506 omnes

393 2077 713 2133 credidisse
744 2075 972 2130 dicatur
1019 2075 1124 2146 (Al.
1182 2073 1490 2144 scribatur)
1544 2074 1602 2128 in
1636 2089 1886 2128 servum.
1921 2072 2038 2126 Hoc

378 2172 588 2222 autem
619 2182 733 2220 non
768 2164 959 2220 solum
991 2163 1048 2217 in
1083 2163 1299 2234 Moyse,
1322 2162 1420 2218 sed
1448 2161 1506 2216 in
1528 2161 1802 2217 omnibus
1822 2160 2039 2216 sanctis

390 2257 518 2327 ejus
549 2260 638 2310 est
672 2272 684 2320 ;
717 2259 782 2308 ut
823 2253 1157 2324 quicunque
1205 2251 1452 2306 credidit
1511 2250 1645 2317 Deo,
1699 2250 1867 2304 aliter
1913 2251 2041 2320 ejus

394 2346 566 2400 ﬁdem
601 2344 855 2414 recipere
886 2358 1000 2397 non
1032 2345 1228 2413 queat,
1255 2340 1367 2395 nisi
1399 2341 1593 2395 credat
1625 2342 1681 2395 et
1713 2340 1770 2394 in
1807 2345 2042 2394 sanctos

349 2445 356 2451 ‘
395 2432 674 2505 ejus.Non
700 2436 789 2487 est
812 2431 966 2486 enim
992 2430 1049 2485 in
1064 2430 1245 2485 Deum
1275 2430 1528 2501 perfecta
1548 2429 1782 2484 dilectio
1800 2433 1855 2484 et
1879 2429 2042 2496 ﬁdes,

397 2539 524 2594 quae
546 2522 604 2576 in
627 2520 930 2576 ministros
957 2521 1084 2590 ejus
1115 2519 1249 2574 odio
1281 2523 1338 2573 et
1368 2517 1709 2573 inﬁdelitate
1747 2522 2042 2573 tenuatur.

401 2612 560 2676 Quod
595 2615 790 2666 autem
823 2609 973 2675 dico,
1034 2609 1148 2664 tale
1205 2613 1330 2663 est:
1379 2607 1625 2662 credidit
1675 2607 1782 2676 (Al.
1843 2607 2044 2677 credit)

402 2700 696 2772 quispiam
725 2699 782 2753 in
807 2699 1165 2753 conditorem
1195 2697 1408 2751 Deum:
1435 2713 1547 2751 non
1572 2701 1764 2768 potest
1794 2696 2044 2764 credere,

407 2788 520 2843 nisi
545 2787 708 2860 prius
738 2786 1065 2852 crediderit,
1089 2786 1160 2840 de
1191 2785 1412 2841 sanctis
1443 2785 1571 2856 ejus
1602 2801 1731 2840 vera
1763 2801 1890 2840 esse
1923 2801 2047 2856 quae

407 2877 627 2949 scripta
656 2880 830 2931 sunt:
861 2876 1042 2930 Adam
1099 2891 1132 2928 a
1195 2879 1304 2929 Deo
1362 2873 1743 2945 plasmatum,
1781 2878 1951 2927 Evam
1984 2890 2051 2928 ex

408 2971 568 3022 costa
597 2964 778 3034 illius,
802 2969 857 3020 et
882 2963 1060 3019 latere
1091 2963 1652 3031 fabricatam,Enoch
1676 2963 2048 3033 translatum,

409 3055 528 3111 Noe
556 3054 838 3126 naufrago
869 3052 1061 3109 solum
1091 3053 1230 3108 orbe
1259 3057 1553 3108 servatum
1583 3070 1594 3120 ;
1632 3053 1784 3123 quod
1826 3052 2052 3124 primus

409 3144 702 3200 Abraham
736 3144 807 3199 de
829 3148 983 3198 terra
1013 3159 1141 3211 sua,
1171 3146 1227 3197 et
1263 3141 1607 3212 cognatione
1628 3143 1836 3210 jussus
1875 3141 2050 3211 exire,

2151 2254 2320 2308 brum
2356 2255 2484 2322 ejus
2524 2250 2610 2307 vel
2642 2258 2915 2307 sanctum
2948 2268 3096 2320 esse,
3121 2269 3251 2308 cum
3281 2271 3396 2308 non
3428 2254 3504 2310 sit
3531 2271 3541 2310 :
3567 2255 3653 2310 vel
3687 2273 3798 2311 non

2154 2345 2420 2396 sanetum
2453 2357 2600 2404 esse,
2629 2357 2760 2395 cum
2794 2346 3063 2396 sanctum
3099 2342 3195 2407 sit,
3229 2343 3357 2397 vide
3400 2343 3559 2414 quali
3597 2346 3804 2400 crimi-

2156 2447 2225 2484 ne
2259 2429 2540 2484 obnoxius
2569 2429 2706 2483 fiat:
2748 2430 2848 2498 Vae,
2899 2428 2980 2484 ait
3028 2429 3232 2498 Isaias,
3283 2433 3380 2502 qui
3431 2431 3620 2488 dicunt
3648 2434 3804 2490 dulce

2155 2535 2430 2583 amarum,
2455 2527 2504 2573 et
2535 2535 2789 2572 amarum
2817 2517 3011 2573 dulce:
3036 2527 3296 2590 ponentes
3324 2521 3576 2575 tenebras
3607 2521 3802 2590 lucem,

2155 2612 2204 2662 et
2237 2609 2411 2662 lucem
2438 2608 2686 2662 tenebras
2717 2607 2841 2678 (Isa.
2866 2623 2920 2676 v,
2940 2608 3052 2677 20).
3083 2606 3279 2676 Dulce,
3305 2616 3444 2680 puto
3476 2627 3604 2666 esse
3635 2629 3805 2667 sanc-

2158 2695 2463 2750 timoniam
2490 2713 2502 2749 :
2529 2712 2820 2758 amarum,
2845 2697 2997 2766 quod
3024 2697 3425 2753 sanctimoniae
3449 2701 3807 2756 contrarium

2159 2789 2284 2852 est;
2317 2801 2476 2855 aeque
2506 2784 2605 2838 lux
2635 2785 3021 2839 sanctimonia
3049 2784 3296 2856 intelligi
3331 2793 3538 2858 potest,
3559 2789 3808 2844 tenebrze

2161 2875 2460 2929 contrariae
2493 2873 2806 2928 sanctitati.
2831 2873 2972 2937 Quis
3004 2878 3176 2945 putas
3222 2891 3252 2929 e
3285 2876 3453 2931 nobis
3486 2877 3807 2948 probandis

2162 2960 2622 3017 numismatibus
2669 2960 2915 3016 callidus
2974 2962 3272 3033 trapezita,
3307 2980 3419 3017 non
3477 2966 3696 3020 errabit
3745 2966 3802 3023 in

2163 3049 2512 3106 discretione
2545 3054 2883 3104 sanctorum
2906 3049 2934 3103 ‘I
2980 3050 3085 3115 Qui
3136 3067 3270 3106 cum
3310 3051 3368 3105 in
3404 3051 3590 3108 Deum
3622 3053 3709 3108 vel
3744 3055 3802 3110 in

2164 3145 2398 3194 sanctos
2412 3140 2538 3208 ejus
2561 3137 2841 3210 aequalem
2868 3137 3207 3194 charitatem
3232 3139 3584 3207 habuerit,et
3606 3142 3801 3210 ﬁdem,

414 3232 924 3289 circumcisionem
957 3247 1132 3303 quam
1167 3231 1223 3284 in
1257 3230 1489 3301 signum
1525 3228 1732 3284 futurae
1765 3227 1943 3300 prolis
1967 3210 2056 3284 acr-
2085 3210 2127 3277 (ἶ
2165 3228 2352 3300 ipsius
2386 3226 2517 3282 ﬁdei
2577 3225 3163 3282 communicationem
3223 3229 3396 3284 debet
3444 3229 3657 3287 habere
3690 3249 3804 3286 non

418 3327 666 3394 ceperat,
729 3320 978 3386 posteris
1036 3319 1388 3391 dereliquit:
1448 3318 1601 3388 quod
1635 3318 1796 3373 Isaac
1829 3318 2060 3373 oblatus

416 3411 649 3466 victima
671 3411 770 3477 sit,
788 3414 845 3466 et
866 3425 970 3482 pro
994 3407 1091 3463 illo
1117 3407 1268 3464 aries
1311 3407 1672 3474 immolatus,
1723 3412 2059 3463 coronatus-

415 3515 526 3570 que
557 3499 844 3568 sentibus,
881 3497 1212 3570 passionem
1245 3495 1474 3552 Domini
1500 3496 1842 3551 deformarit
1867 3514 1879 3552 :
1905 3495 2058 3566 quod

413 3588 644 3660 Moyses
672 3592 726 3643 et
769 3591 950 3642 Aaron
1001 3587 1202 3641 decem
1251 3584 1444 3656 plagis
1489 3585 1797 3657 (Egyptum
1843 3585 2058 3639 afflixe-

413 3677 534 3732 rint
557 3694 570 3731 :
591 3677 742 3748 quod
769 3677 836 3731 ad
861 3691 1058 3731 vocem
1079 3675 1216 3730 Jesu
1247 3673 1350 3728 ﬁlii
1375 3674 1528 3728 Nave
1549 3689 1862 3745 precesque
1892 3678 2065 3728 stete-

413 3765 492 3820 rit
520 3765 608 3820 sol
638 3765 696 3820 in
730 3764 988 3834 Gabaon,
1013 3769 1070 3818 et
1103 3764 1243 3818 luna
1293 3763 1351 3816 in
1404 3761 1550 3817 valle
1577 3761 1762 3817 Ailon.
1797 3763 2062 3834 Longum

414 3859 504 3909 est
534 3854 802 3909 universa
831 3855 851 3888 ²
878 3854 1154 3908 Judicum
1187 3856 1352 3924 gesta
1382 3867 1716 3921 percurrere
1743 3867 1754 3904 :
1791 3856 1847 3906 et
1879 3856 2061 3906 totam

415 3943 663 3999 Samson
699 3943 976 4011 fabulam,
1012 3943 1080 3996 ad
1114 3941 1229 3996 veri
1263 3940 1402 3996 solis
1433 3940 1564 4010 (hoc
1593 3940 1806 4011 quippe
1853 3957 2064 3995 nomen

416 4034 546 4102 ejus
578 4033 769 4103 sonat)
800 4032 1031 4087 trahere
1065 4035 1522 4085 sacramentum.
1559 4030 1642 4083 Ad
1696 4029 1918 4101 Regum
1954 4030 2060 4099 (Αι.

416 4121 771 4192 Regnorum)
804 4121 981 4176 libros
1012 4121 1236 4175 veniam
1271 4119 1504 4190 quando
1537 4119 1594 4172 in
1620 4122 1880 4189 tempore
1908 4134 2064 4173 mes-

416 4210 524 4275 sis,
557 4209 898 4264 obsecrante
927 4207 1428 4279 Samuele,pluvia=:
1462 4207 1531 4261 de
1563 4206 1792 4273 coelo,et
1823 4205 2067 4261 ﬂumina

416 4303 652 4369 repente
685 4302 1035 4352 manarunt:
1071 4302 1123 4351 et
1161 4296 1330 4351 David
1370 4301 1580 4350 unctus
1611 4296 1668 4349 in
1699 4312 1890 4368 regem
1937 4300 2062 4350 est:

418 4391 475 4441 et
506 4385 734 4441 Nathan
770 4387 920 4443 753
954 4390 1011 4440 et
1041 4385 1160 4440 Gad
1207 4384 1702 4456 prophetaverunt
1752 4383 2062 4456 mysteria;

419 4491 553 4531 cum
582 4474 734 4530 Elias
763 4475 932 4548 igneo
969 4479 1168 4546 raptus
1200 4478 1286 4528 est
1319 4490 1512 4540 curru,
1545 4479 1602 4528 et
1627 4472 1869 4528 Elisazus
1902 4472 2067 4545 spiri-

2169 3318 2462 3388 disparem
2488 3332 2501 3370 :
2533 3319 2596 3371 ut
2617 3316 2768 3371 sicut
2788 3316 2971 3371 credit
2992 3321 3048 3371 et
3079 3315 3289 3390 diligit,
3315 3317 3396 3372 ita
3439 3319 3809 3377 dilectionem

2171 3423 2337 3461 suam
2371 3409 2427 3460 et
2457 3405 2631 3460 ﬁdem
2663 3421 2835 3477 opere
2867 3409 3191 3461 consumat.
3222 3406 3380 3462 Unde
3431 3407 3514 3463 ait
3569 3410 3814 3466 Evidens

2172 3495 2264 3566 ﬁat
2293 3497 2351 3549 in
2383 3495 2663 3564 agnitione
2692 3496 2874 3550 omnis
2905 3494 3070 3557 boni;
3101 3495 3219 3550 sive
3245 3499 3314 3551 ut
3370 3495 3427 3552 in
3460 3497 3655 3554 Greco
3689 3516 3816 3555 me-

2170 3584 2285 3639 lius
2316 3584 2583 3648 habetur,
2610 3583 2849 3653 efﬁcax;
2883 3584 3034 3640 754
3083 3580 3308 3659 ἐνεργὴς
3365 3586 3522 3641 enim
3582 3589 3816 3660 proprie

2173 3672 2472 3728 transferri
2504 3677 2712 3743 potest,
2740 3672 2964 3745 efﬁcax,
2997 3673 3117 3728 sive
3145 3676 3462 3745 operatrix:
3484 3681 3550 3730 ut
3583 3694 3696 3732 non
3722 3695 3816 3734 so-

2171 3761 2295 3817 lum
2331 3762 2502 3817 ﬁdem
2527 3761 2713 3828 nobis,
2741 3765 2797 3816 et
2826 3761 3170 3818 charitatem
3197 3763 3255 3818 in
3273 3763 3540 3830 Deum,et
3564 3765 3618 3820 in
3646 3783 3816 3822 sanc-

2174 3857 2262 3906 tos
2294 3853 2421 3921 ejus
2454 3851 2722 3904 sufﬁcere
2779 3867 2951 3922 posse
3009 3851 3353 3921 credamus;
3417 3855 3517 3909 sed
3567 3855 3626 3909 in
3660 3855 3814 3926 quod

2174 3939 2465 3994 credimus
2495 3941 2603 4007 (Al.
2637 3939 2934 4011 creditur),
2989 3956 3160 4011 opere
3202 3940 3580 4013 compleatur.
3629 3942 3824 3999 Potest

2175 4034 2367 4083 autem
2395 4028 2675 4097 accidere,
2699 4033 2763 4082 ut
2783 4029 2915 4100 quis
2958 4028 3167 4084 habeat
3189 4029 3385 4096 ﬁdem,
3419 4035 3474 4084 et
3499 4047 3626 4085 eam
3650 4047 3822 4102 opere

2176 4123 2576 4172 consummet:
2611 4133 2813 4172 verum
2846 4116 3189 4187 simpliciter
3244 4122 3297 4172 et
3356 4119 3532 4185 nude,
3570 4135 3683 4174 non
3717 4119 3825 4176 ha-

2175 4206 2320 4261 bens
2345 4206 2704 4277 agnitionem
2737 4221 2842 4260 nec
2900 4205 3203 4260 scientiam
3262 4207 3410 4277 ejus,
3458 4208 3630 4278 juxta
3676 4207 3822 4264 illud

2174 4295 2432 4366 Apostoli
2463 4314 2474 4350 :
2511 4295 2776 4363 Conﬁteor
2793 4296 2972 4349 zelum
2996 4297 3104 4349 Dei
3125 4296 3339 4368 habent,
3363 4298 3456 4352 sed
3486 4315 3595 4354 non
3624 4316 3821 4356 secun-

2175 4385 2306 4439 dum
2354 4385 2647 4438 scientiam
2703 4385 2878 4454 (Rom.
2937 4402 2992 4450 κ,
3025 4386 3101 4453 2).
3161 4386 3308 4440 Sunt
3357 4386 3527 4443 hodie
3559 4387 3822 4461 plerique

2177 4472 2556 4544 simplicium,
2593 4471 2693 4543 qui
2724 4472 2946 4527 faciunt
2976 4490 3149 4544 opera
3171 4475 3438 4546 justitiae,
3470 4481 3527 4531 et
3565 4494 3679 4532 non
3713 4477 3822 4532 ha-

417 4569 483 4619 tu
525 4563 741 4635 duplici
791 4569 1070 4644 (mortuus
1124 4568 1420 4617 mortuum
1481 4561 1805 4618 suscitavit.
1840 4562 1966 4616 Haec
2010 4566 2068 4617 et
2099 4585 2142 4648 Β
2180 4563 2318 4617 bent
2347 4578 2547 4616 eorum
2581 4578 2707 4632 qua
2764 4561 2874 4633 ipsi
2923 4569 3238 4633 operantur
3288 4565 3616 4621 scientiam.
3662 4565 3824 4620 Unde

425 4657 633 4708 cetera
663 4642 793 4724 quae
821 4654 891 4708 de
922 4652 1143 4708 sanctis
1183 4650 1401 4722 scripta
1430 4655 1588 4718 sunt,
1624 4651 1737 4706 nisi
1769 4651 1902 4721 quis
1931 4651 2065 4705 uni-

417 4757 586 4796 versa
614 4741 945 4806 crediderit,
979 4740 1035 4796 in
1069 4740 1252 4795 Deum
1284 4744 1618 4794 sanctorum
1673 4739 1904 4794 credere
1953 4756 2068 4794 non

422 4829 675 4886 valebit:
713 4846 817 4885 nec
849 4829 1059 4885 adduci
1091 4829 1161 4885 ad
1197 4829 1369 4883 ﬁdem
1411 4827 1636 4882 Veteris
1688 4827 2068 4895 Testamenti,

423 4919 536 4975 nisi
585 4935 948 4992 quaecunque
1003 4919 1074 4974 de
1133 4916 1479 4990 patriarchis
1536 4922 1590 4971 et
1645 4916 1963 4988 prophetis,
2016 4922 2074 4973 et

423 5007 555 5063 aliis
586 5007 920 5080 insignibus
961 5008 1104 5062 viris
1158 5011 1356 5061 narrat
1404 5004 1666 5072 historia,
1730 5007 2072 5078 comproba-

422 5097 547 5152 rit8
577 5102 642 5152 ut
670 5113 736 5153 ex
770 5097 881 5152 ﬁde
921 5097 1108 5170 Legis.
1167 5096 1237 5151 ad
1289 5095 1464 5150 ﬁdem
1512 5094 1706 5149 veniat
1753 5094 2069 5167 Evangelii,

499 5243 513 5276 ¹
548 5240 902 5297 Suil'ecimus
933 5241 1028 5296 hic
1059 5241 1128 5296 ad
1159 5256 1268 5295 ms.
1301 5237 1701 5293 Cisterciensis
1734 5237 2070 5293 vetustioris

423 5313 832 5369 auctoritatem
865 5314 1012 5368 duos
1065 5328 1270 5367 versus
1311 5315 1754 5381 consequentes,
1806 5319 1857 5365 et
1888 5309 2068 5379 ﬁdem,

423 5400 592 5455 quam
622 5384 787 5440 habes
818 5387 878 5439 in
931 5385 1159 5438 Domino
1212 5387 1364 5455 Jesu,
1425 5391 1481 5455 et
1529 5383 1588 5434 in
1619 5397 1832 5455 omnes
1859 5389 2073 5455 sanctos

424 5452 563 5526 ejus,
597 5457 696 5526 qui
728 5461 786 5510 et
814 5455 1127 5511 necessarii
1152 5454 1389 5525 quidem
1421 5452 1739 5526 integritati
1772 5453 2072 5507 sententiae

426 5523 586 5603 sunt,
615 5523 675 5582 et
703 5528 1044 5603 earumdem
1075 5523 1314 5603 recursu
1343 5539 1576 5591 vocum,
1606 5523 1821 5594 quibus
1854 5529 1912 5603 et
1942 5540 2071 5594 pro-

423 5599 579 5672 ;ime
609 5595 875 5672 superior
903 5596 1512 5672 sensusterminatur,
1535 5595 2074 5672 amanuensispcu-

422 5670 535 5749 los,
568 5666 701 5732 tam'
720 5685 871 5752 saepe
898 5669 1066 5730 obvio
1116 5668 1284 5744 lapsu
1334 5667 1577 5744 putandi
1608 5671 1749 5727 sunt
1777 5666 2070 5740 effugisse.

2180 4650 2440 4705 addidit:
2479 4651 2540 4706 Ut
2569 4653 2990 4706 communicatio
3020 4651 3149 4720 ﬁdei
3179 4655 3287 4706 tuae
3321 4655 3614 4723 operatrix
3639 4655 3740 4724 ﬁat
3770 4656 3829 4708 in

2179 4741 2460 4810 agnitione
2486 4741 2665 4795 omnis
2695 4739 2839 4794 boni.
2873 4739 3120 4803 Quantis
3151 4741 3432 4812 gradibus
3470 4744 3828 4815 quantisque

2181 4828 2450 4894 saltibus,
2483 4828 2837 4901 apostolicus
2871 4829 2926 4883 in
2961 4829 3168 4884 altiora
3199 4846 3391 4885 sermo
3415 4833 3436 4864 ⁴
3488 4848 3548 4886 se
3599 4832 3831 4887 tendit?

2182 4917 2366 4972 Habet
2397 4918 2690 4988 quispiam
2740 4917 3082 4972 charitatem
3133 4923 3190 4973 et
3251 4919 3422 4974 fidem
3465 4920 3526 4974 in
3562 4922 3740 4976 Deum
3771 4926 3830 4977 et

2181 5006 2239 5060 in
2273 5011 2508 5060 sanctos
2537 5006 2664 5076 ejus
2695 5021 2708 5061 :
2741 5007 2838 5061 sed
2874 5005 3114 5061 forsitan
3158 5024 3271 5062 non
3329 5008 3539 5080 aequali
3583 5027 3711 5065 eam
3769 5011 3828 5066 in

2182 5111 2384 5150 omnes
2419 5094 2581 5149 lance
2613 5095 3026 5150 communicet.
3060 5095 3466 5153 Communicet
3492 5098 3734 5155 forsitan
3767 5100 3826 5155 in

2183 5238 2456 5314 Rabanus
2487 5254 2720 5314 quoque
2748 5237 2808 5292 in
2840 5253 2946 5293 suo
2976 5236 3113 5292 olim
3146 5239 3462 5314 exemplari
3491 5241 3650 5314 legit.

2254 5310 2274 5342 ³
2308 5315 2414 5363 Pro
2441 5310 2729 5376 universa,
2765 5326 2943 5380 quam
2974 5325 3174 5364 vocem
3207 5310 3531 5368 rectissime
3551 5310 3702 5370 inse.
3731 5331 3832 5370 no-

2182 5381 2287 5436 stri
2319 5380 2712 5454 substituunt,
2745 5390 2917 5436 antea
2945 5380 3265 5454 legebatur,
3301 5382 3545 5440 diversa.

2253 5456 2272 5486 δ
2301 5452 2467 5525 Apud
2499 5451 2842 5525 Victoriam,
2876 5451 3433 5525 vera'comprobavit.

2251 5523 2713 5602 {Cistercienses
2744 5540 2912 5593 mss.,
2952 5523 3284 5602 quantisque
3333 5527 3716 5601 progressibus
3772 5530 3831 5586 in

2181 5596 2386 5655 altiora
2419 5610 2615 5665 sermo,
2649 5600 2759 5654 etc.
