4066 6190
277 309 392 372 64⁸7

1525 300 1590 361 S.
1639 293 1948 361 EUSEBII
1992 295 2442 360 HIERONYMI

3505 267 3508 269 “
3567 299 3689 375 ea

281 442 546 503 cunctos,
577 435 677 491 sed
709 450 880 507 opere
910 450 1024 488 non
1053 430 1311 505 expleat:
1346 430 1643 486 voluntate
1683 429 1926 502 impleat
1954 430 2008 495 Α
2039 429 2350 484 fessionem
2380 427 2612 496 Christi,
2649 428 2864 485 Paulus
2917 429 3111 486 Romae
3151 436 3308 486 esset
3337 428 3396 487 in
3425 446 3688 499 carcere,

279 527 492 599 aliquis
518 527 531 560 ¹
559 529 615 578 et
644 540 836 595 opere,
866 522 965 578 sed
998 525 1295 591 gestorum
1327 536 1570 576 suorum
1603 520 1916 592 perfectam

279 616 491 670 habere
523 630 638 668 non
669 614 862 684 potest
891 611 1210 665 notionem.
1257 608 1344 662 Sit
1373 607 1508 662 talis
1556 623 1788 678 quoque
1819 605 1920 678 qui

271 710 325 758 et
355 721 500 774 opus
533 701 742 757 habeat
774 704 830 754 et
861 699 1189 762 scientiam,
1217 698 1317 752 sed
1370 713 1485 751 non
1535 695 1730 750 omnis
1761 695 1918 766 agni-

267 793 485 847 tionem
513 790 690 846 habet
720 788 853 844 boni
884 807 896 854 ;
933 787 1120 842 multa
1172 786 1329 841 enim
1367 785 1556 855 ijuste,
1591 787 1916 847 mansuete,

271 880 652 951 studioseque
682 881 1044 949 perpetrans,
1096 875 1288 946 impar
1343 878 1431 929 est
1474 874 1599 928 suis
1630 872 1686 926 in
1721 871 1918 943 aliqua

270 974 436 1040 parte
469 966 799 1023 virtutibus.
824 967 908 1019 An
954 981 1068 1018 non
1128 962 1262 1018 talis
1321 961 1676 1017 Philemon?
1733 962 1918 1016 Habet

270 1057 487 1129 quippe
517 1053 1108 1111 communicationem
1140 1051 1480 1123 operatricis
1515 1050 1668 1120 fidei,
1699 1054 1755 1104 et
1777 1049 1913 1104 cha-

272 1146 464 1201 ritatis
495 1145 554 1200 in
588 1143 880 1216 agnitione
910 1142 1102 1197 omnis
1133 1141 1290 1195 boni.
1315 1140 1450 1204 Qum
1483 1155 1618 1194 cum
1648 1138 1707 1194 in
1741 1155 1913 1210 apos-

269 1234 404 1290 tolis
435 1234 532 1301 sit,
567 1251 680 1289 non
721 1248 848 1287 eam
881 1235 1155 1302 putemus
1181 1229 1253 1284 ob
1284 1228 1342 1284 id
1372 1233 1600 1283 tantum
1633 1244 1760 1283 esse
1786 1243 1911 1298 per-

267 1323 498 1390 fectam,
528 1323 574 1377 si
607 1323 667 1376 in
698 1320 815 1375 illis
845 1319 960 1376 sit:
993 1319 1093 1374 sed
1127 1319 1182 1372 in
1216 1333 1281 1372 eo
1315 1321 1498 1372 totam
1530 1331 1658 1371 esse
1681 1317 1722 1382 9,
1772 1315 1912 1386 quia

267 1410 479 1466 Christi
507 1416 615 1476 est,
649 1413 714 1464 ut
740 1407 1023 1480 quidquid
1062 1405 1220 1470 boni,
1243 1410 1300 1460 et
1327 1404 1387 1459 in
1410 1404 1751 1459 Philemone
1785 1404 1910 1458 lau-

265 1504 458 1570 datur,
485 1504 541 1554 et
569 1500 639 1554 de
670 1496 1067 1570 apostolorum
1125 1493 1388 1564 exemplo
1433 1493 1724 1548 sumitur:
1771 1492 1908 1547 inde

261 1591 484 1645 bonum
512 1587 606 1649 sit,
641 1588 780 1659 quia
810 1586 880 1640 de
909 1585 1066 1638 fonte
1096 1582 1307 1637 Christi
1340 1583 1606 1636 ducatur.

335 1677 522 1747 (Vers.
554 1677 634 1742 7.)
665 1697 693 1724 ‹‹
726 1672 1018 1729 Gaudium
1048 1670 1204 1726 enim
1237 1687 1517 1742 magnum
1566 1670 1906 1735 habuimus,

259 1768 316 1820 et
349 1763 808 1820 consolationem
869 1760 928 1814 in
986 1759 1268 1815 charitate
1323 1763 1444 1828 tua,
1496 1758 1636 1829 quia
1685 1757 1908 1812 viscera

261 1857 598 1909 sanctorum
631 1850 1040 1922 requieverunt
1091 1865 1192 1920 per
1243 1852 1320 1910 te,
1375 1848 1570 1902 frater.
1609 1867 1636 1896 ››
1670 1845 1907 1902 Plenius

260 1941 516 1998 inculcat
545 1944 602 1995 et
629 1941 847 2006 edocet,
881 1954 1060 2009 quare
1109 1937 1353 1992 dixerit:
1404 1935 1626 1990 Gratias
1672 1950 1774 2007 ago
1802 1936 1905 1990 Deo

259 2047 396 2099 meo,
425 2046 635 2102 semper
689 2029 1012 2084 memoriam
1057 2027 1144 2081 tui
1189 2028 1402 2096 faciens
1449 2027 1510 2080 in
1554 2025 1905 2080 orationibus

257 2123 401 2192 meis
424 2120 584 2190 (vers.
619 2119 694 2187 4).
723 2117 973 2190 Dignum
1002 2115 1294 2187 siquidem
1327 2119 1450 2169 erat
1488 2129 1657 2186 agere
1687 2112 1905 2185 gratias

256 2209 369 2264 Deo
423 2224 599 2280 super
655 2206 937 2262 charitate
1003 2202 1384 2268 Philemonis,
1447 2201 1547 2273 qui
1606 2201 1902 2256 internum

255 2297 450 2352 cordis
483 2297 781 2358 affectum,
830 2299 888 2348 et
948 2292 1263 2364 profondos
1323 2292 1503 2345 animi
1563 2294 1902 2345 sanctorum

255 2401 520 2454 recessus
554 2381 928 2454 suscipiendo
959 2380 1253 2435 refecerat.
1282 2380 1347 2434 Et
1376 2379 1485 2434 hoc
1516 2377 1735 2433 idioma
1765 2395 1902 2449 apo-

255 2472 527 2527 stolicum
561 2475 685 2538 est;
723 2475 785 2524 ut
810 2484 1042 2538 semper
1070 2467 1291 2523 viscera
1323 2471 1504 2530 vocet,
1535 2465 1734 2521 volens
1781 2466 1900 2538 ple-

256 2577 391 2614 nam
426 2560 640 2614 mentis
671 2557 977 2613 ostendere
1008 2555 1373 2611 charitatem.
1426 2555 1589 2611 Unde
1637 2555 1901 2626 gaudens

254 2665 387 2703 cum
419 2647 811 2721 gaudentibus
860 2645 1033 2716 (Rom.
1094 2659 1194 2714 χιι,
1232 2644 1340 2712 15),
1375 2649 1432 2698 et
1487 2659 1621 2698 cum
1675 2643 1765 2698 his
1797 2643 1897 2714 qui

253 2736 680 2809 requieverant,
714 2753 775 2790 se
806 2734 1082 2790 refectum
1115 2749 1242 2787 esse
1274 2733 1517 2788 credens
1544 2749 1554 2786 :
1597 2732 1744 2788 755
1795 2731 1897 2786 ha-

250 2827 349 2881 bet
378 2824 633 2880 laetitiam
697 2841 809 2880 non
870 2822 1268 2877 transitoriam
1329 2825 1385 2876 et
1445 2821 1649 2888 levem,
1681 2826 1740 2876 et
1770 2837 1897 2892 qua:

253 2915 492 2970 fortuito
526 2913 708 2986 possit
751 2911 1049 2977 accidere;
1104 2909 1203 2965 sed
1263 2925 1559 2982 magnam,
1614 2915 1671 2964 et
1726 2914 1899 2981 prout

251 3008 375 3058 erat
405 3003 463 3057 in
495 3002 836 3074 Philempne
866 2998 1142 3069 charitas,
1173 2998 1525 3054 eminentem
1554 3017 1564 3054 :
1595 3016 1768 3070 quam
1800 3016 1898 3054 an-

252 3092 427 3164 gebat
455 3089 774 3146 consolatio
805 3105 980 3160 super
1034 3087 1393 3143 Philemonis
1441 3088 1721 3143 charitate
1760 3088 1896 3143 des-

1939 1809 1987 1873 B

2029 517 2274 573 credidit
2306 518 2363 572 in
2394 518 2725 574 Christum:
2760 525 2818 574 et
2866 519 2938 573 ab
2985 535 3050 574 eo
3097 519 3450 592 baptizatus,
3504 519 3686 592 digna

2029 607 2372 678 pmnitentia
2402 607 2662 662 maculas
2684 608 2811 663 vitae
2843 608 3055 680 prioris
3085 609 3403 664 abstersit:
3460 609 3517 664 in
3553 616 3688 666 tan-

2028 701 2154 750 tum
2189 699 2251 749 ut
2282 696 2330 749 is
2363 695 2662 767 apostolus
2695 695 3089 752 conversionis
3121 697 3249 767 ejus
3298 697 3460 754 testis
3495 699 3684 768 ﬁeret,

2029 784 2128 855 qui
2157 785 2461 854 quondam
2496 784 2732 840 Petrum
2765 785 3180 856 increpaverat,
3205 801 3321 840 non
3353 791 3506 842 recto
3531 789 3682 859 pede

2029 873 2085 926 in
2135 871 2432 945 Evangelii
2483 872 2725 929 veritate
2780 875 3147 945 gradientem
3192 875 3401 938 (Galat.
3452 891 3513 940 ιι,
3560 877 3676 947 11).

2026 962 2321 1028 Quantum
2356 960 2536 1033 igitur
2554 961 2623 1017 ad
2659 967 2960 1034 peccatum
2984 968 3042 1018 et
3064 963 3134 1018 ad
3152 963 3380 1018 facinus
3403 964 3675 1035 pertinet,

2026 1065 2139 1120 quo
2172 1049 2478 1104 dominum
2509 1050 2754 1119 laeserat,
2778 1050 3007 1106 veniam
3030 1067 3144 1106 non
3176 1055 3471 1119 meretur;
3496 1054 3685 1124 q'uan-

2023 1141 2150 1192 tum
2182 1154 2314 1193 vero
2349 1139 2420 1193 ad
2451 1139 2712 1210 Apostoli
2762 1138 3187 1204 testimonium,
3238 1141 3336 1213 qui
3385 1142 3496 1197 scit
3537 1157 3676 1197 eum

2025 1225 2192 1298 plene
2221 1243 2587 1293 conversum,
2621 1228 2829 1300 grandi
2865 1229 3119 1299 pondere
3142 1229 3556 1302 premitur,qui
3578 1247 3673 1286 ro-

2025 1320 2216 1387 gatur,
2247 1321 2312 1369 ut
2341 1316 2440 1386 qui
2471 1333 2500 1371 e
2531 1333 2695 1372 servo
2727 1315 2969 1388 fugitivo
2996 1322 3172 1389 atque
3213 1323 3465 1390 raptore,
3498 1319 3678 1374 mini-

2027 1406 2150 1459 ster
2176 1403 2435 1476 Apostoli
2471 1405 2657 1460 factus
2686 1409 2828 1460 erat.
2862 1405 3048 1476 (Quod
3080 1411 3274 1462 autem
3307 1406 3465 1462 aliud
3501 1407 3680 1464 habe-

2023 1492 2124 1547 bat
2149 1492 2462 1564 Apostolus
2494 1494 2896 1549 ministerium
2961 1493 3071 1550 nisi
3133 1495 3428 1567 Evangelii
3458 1495 3679 1553 Christi

2019 1581 2218 1648 Jesu?)
2243 1583 2370 1651 jam
2400 1599 2516 1637 non
2548 1583 2716 1653 quasi
2749 1599 2783 1638 a
2814 1583 3074 1648 domino,
3107 1584 3208 1639 sed
3242 1585 3407 1656 quasi
3442 1602 3476 1640 a
3529 1601 3673 1641 con-

2021 1686 2205 1740 servo,
2238 1675 2296 1724 et
2327 1670 2774 1743 coevangelista,
2808 1671 3208 1743 ignosceretur
3237 1673 3311 1741 ei,
3334 1673 3434 1745 qui
3465 1689 3675 1730 servus

2019 1764 2175 1814 esset
2204 1759 2416 1814 Christi
2449 1759 2724 1816 similiter
2752 1766 2809 1816 et
2833 1760 3120 1817 minister.

2093 1848 2282 1918 (Vers.
2319 1850 2384 1902 10
2442 1849 2630 1921 seqq.)
2689 1871 2717 1899 ‹‹
2777 1849 3028 1904 Obsecro
3085 1854 3141 1905 te
3198 1851 3270 1905 de
3329 1866 3460 1906 meo
3518 1851 3662 1919 tilio,

2017 1952 2188 2007 quem
2222 1936 2397 2008 genui
2432 1936 2490 1990 in
2527 1937 2678 1994 756
2727 1937 3001 2005 vinculis,
3065 1937 3363 2004 Onesimo,
3412 1939 3514 2011 qui
3563 1940 3674 1995 tibi

2015 2025 2330 2096 aliquando
2362 2025 2588 2081 inutilis
2623 2027 2732 2081 fuit
2757 2043 2769 2093 ;
2794 2042 2950 2081 nunc
2973 2031 3172 2081 autem
3205 2031 3262 2082 et
3283 2027 3417 2094 tibi,
3440 2033 3499 2083 et
3521 2028 3670 2083 mihi

2015 2113 2176 2169 utilis
2207 2119 2330 2168 est:
2365 2130 2539 2185 quem
2571 2115 2771 2170 remisi
2802 2114 2927 2170 tibi.
2951 2115 3035 2170 Tu
3059 2120 3251 2171 autem
3276 2114 3468 2184 illum,
3494 2117 3550 2172 id
3575 2123 3668 2173 est

2015 2219 2144 2258 mea
2173 2202 2416 2273 viscera,
2444 2203 2694 2275 suscipe,
2731 2219 2905 2275 quem
2937 2220 3043 2276 ego
3085 2203 3380 2260 volueram
3429 2221 3664 2261 mecum

2014 2291 2290 2359 detinere,
2327 2295 2391 2345 ut
2425 2307 2525 2361 pro
2556 2298 2611 2346 te
2669 2291 2813 2346 mihi
2877 2291 3236 2348 ministraret
3292 2292 3351 2346 in
3411 2291 3666 2350 vinculis

2014 2378 2330 2451 Evangelii.
2378 2403 2398 2427 υ
2436 2379 2650 2435 Volens
2680 2381 2994 2451 impetrare
3023 2381 3176 2451 quod
3228 2380 3507 2452 postulat,
3535 2383 3706 2452 jam»

2011 2484 2124 2522 non
2149 2485 2250 2538 pro
2273 2484 2433 2523 servo
2449 2467 2822 2536 Philemonis,
2845 2467 2946 2523 sed
2969 2485 3075 2540 pro
3099 2467 3221 2524 tilio
3241 2485 3349 2524 suo
3370 2486 3432 2526 se
3455 2471 3672 2527 asserit

2009 2556 2342 2628 deprecari;
2377 2561 2435 2611 et
2463 2557 2534 2612 de
2563 2556 2662 2612 illo
2693 2556 2812 2612 ﬁlio
2843 2573 3016 2628 quem
3049 2559 3318 2630 genuerit
3360 2559 3420 2614 in
3456 2559 3664 2615 vincu-

2008 2642 2082 2697 lis
2106 2643 2420 2714 Evangelii,
2444 2644 2554 2700 hoc
2622 2649 2730 2712 est,
2761 2662 2889 2716 quae
2951 2662 3052 2717 pro
3100 2645 3317 2702 Christi
3346 2647 3660 2720 Evangelio

2009 2732 2372 2788 sustinebat:
2407 2733 2505 2804 qui
2539 2751 2671 2788 cum
2704 2740 2838 2789 ante
2869 2734 3096 2789 inutilis
3126 2736 3364 2790 domino
3396 2753 3503 2792 suo
3534 2742 3667 2793 tan-

2007 2827 2133 2876 tum
2160 2821 2335 2876 fuerit
2364 2824 2491 2892 (nec
2521 2822 2678 2877 enim
2733 2839 2936 2878 servus
2997 2823 3090 2878 fur
3149 2828 3327 2896 atque
3373 2824 3656 2898 fugitivus

2005 2909 2171 2965 alteri
2198 2910 2412 2976 nocuit,
2445 2910 2560 2964 nisi
2591 2911 2830 2966 domino
2851 2913 2981 2978 suo)
3009 2928 3164 2967 nunc
3195 2912 3520 2969 econtrario
3546 2915 3660 2970 uti-

2007 2997 2189 3055 litatis
2249 2999 2745 3071 compensatione,
2777 3017 2894 3071 qua
2946 2999 3060 3072 ipsi
3096 3001 3334 3056 domino
3363 3006 3420 3056 et
3475 3001 3661 3058 Paulo

2005 3086 2165 3141 utilis
2190 3091 2298 3155 est,
2332 3088 2670 3159 caaterisque
2729 3105 2831 3159 per
2886 3087 3151 3155 Paulum,
3185 3087 3317 3162 plus
3347 3089 3659 3148 charitatis

252 3179 526 3248 cendens,
562 3178 731 3250 plena
761 3196 793 3232 a
845 3179 1010 3233 Patre
1069 3176 1628 3242 misericordiarum,
1678 3181 1736 3232 et
1783 3176 1897 3233 Deo
1927 3177 1970 3244 C
2011 3181 2285 3240 meretur,
2319 3193 2493 3249 quam
2527 3176 2644 3232 odii
2675 3181 2810 3232 ante
2842 3182 3151 3232 meruerat.
3185 3177 3347 3234 Unde
3377 3179 3497 3234 ait:
3552 3181 3666 3248 Qui

252 3268 433 3325 totius
458 3265 872 3324 consolationis
894 3267 968 3338 (II
998 3265 1122 3321 Cor.
1157 3283 1194 3332 1,
1227 3267 1302 3334 3).

321 3351 591 3424 (Vers.'8,
623 3355 704 3423 9.)
764 3377 791 3406 «
828 3355 1066 3426 PrOpter
1123 3355 1276 3424 quod
1338 3354 1584 3409 multam
1616 3353 1890 3410 fiduciam

246 3447 468 3502 habens
501 3446 556 3500 in
590 3445 816 3500 Christo
842 3444 1005 3510 Jesu,
1038 3442 1365 3514 imperandi
1402 3442 1507 3496 tibi
1559 3443 1712 3514 quod
1755 3460 1892 3514 pro-

246 3536 373 3589 dest
405 3539 640 3606 propter
669 3533 1046 3588 charitatcm:
1083 3531 1271 3602 magis
1322 3533 1560 3585 obsecro
1589 3548 1600 3597 ;
1644 3547 1776 3586 cum
1811 3531 1891 3588 sis

245 3622 398 3688 talis,
432 3626 498 3676 ut
530 3621 740 3676 Paulus
767 3637 941 3675 senex
967 3636 978 3674 :
1007 3636 1162 3675 nunc
1187 3624 1382 3674 autem
1416 3624 1472 3673 et
1502 3618 1891 3674 vincthJesu

153 3717 156 3720 ’
245 3711 553 3766 Christi.»
606 3708 805 3764 Multis
851 3707 911 3762 in
968 3708 1366 3762 Philemonem
1430 3706 1704 3763 laudibus
1761 3713 1892 3763 ante

246 3797 586 3872 praemissis,
619 3814 752 3852 cum
788 3814 878 3851 res
904 3795 1036 3851 talis
1069 3796 1164 3863 sit,
1200 3813 1303 3867 pro
1350 3813 1465 3867 qua
1513 3803 1751 3868 rogatus
1781 3802 1889 3868 est,

246 3905 377 3960 qua:
405 3893 460 3944 et
491 3886 786 3959 praestanti
823 3886 898 3940 sit
925 3884 1085 3939 utilis
1115 3889 1171 3940 et
1201 3885 1449 3956 roganti,
1491 3890 1715 3956 poterat
1744 3885 1891 3941 Pau-

243 3977 338 4032 lus
369 3977 557 4049 magis
588 3976 1088 4048 imperare,quam
1113 3977 1324 4044 petere.
1352 3974 1417 4028 Et
1438 3974 1545 4028 hoc
1578 3990 1644 4028 ex
1678 3973 1893 4029 ﬁducia

244 4064 345 4120 illa
372 4065 658 4130 veniebat,
693 4064 848 4136 quod
879 4062 980 4134 qui
1036 4067 1199 4117 tanta
1255 4062 1326 4116 ob
1385 4062 1680 4117 Christum
1713 4078 1891 4134 Opera

243 4159 622 4227 perpetraret,
659 4153 862 4225 utique
895 4152 1087 4224 impar
1115 4150 1204 4206 sui
1234 4151 1292 4205 in
1342 4151 1565 4206 caeteris
1614 4167 1741 4206 esse
1773 4167 1886 4206 non

247 4248 492 4315 poterat.
517 4243 625 4298 Sed
661 4243 784 4297 vult
815 4241 1006 4314 magis
1039 4244 1231 4312 petere
1254 4256 1432 4312 quam
1458 4239 1688 4310 jubere,
1720 4256 1890 4311 gran-

253 4331 312 4386 di
343 4330 593 4403 petentis
651 4330 998 4386 auctoritate
1049 4329 1384 4401 proposita;
1443 4347 1544 4395 per
1599 4345 1774 4400 quam
1837 4333 1895 4385 et

245 4417 560 4492 Apostolus
582 4420 933 4485 obsecrat,et
953 4435 1131 4474 senex
1153 4423 1208 4473 et
1229 4418 1459 4474 vinctus
1489 4418 1627 4472 Jesu
1656 4419 1891 4473 Christi.

246 4509 459 4564 Totum
493 4513 687 4563 autem
720 4523 822 4579 pro
854 4523 968 4578 quo
1004 4511 1187 4579 rogat,
1223 4505 1367 4561 illud
1407 4511 1529 4562 est:
1580 4505 1894 4562 Onesimus

242 4615 444 4654 servus
475 4595 852 4665 Philemonis,
884 4596 1080 4667 fugam
1116 4596 1268 4650 furto
1291 4595 1601 4650 cumulans
1627 4597 1892 4667 quaedam

246 4688 324 4743 rei
359 4686 692 4743 domestica:
725 4683 1103 4756 compilarat:
1139 4683 1318 4738 hincl5
1377 4699 1625 4755 pergens
1668 4684 1739 4738 ad
1781 4685 1892 4738 Ita-

242 4776 401 4848 liam,
435 4792 507 4831 ne
537 4775 594 4830 in
629 4775 891 4847 proximo
914 4773 1142 4829 facilius
1167 4777 1363 4844 posset
1393 4772 1770 4844 apprehendi,
1794 4789 1891 4846 pe-

243 4866 478 4921 cuniam
513 4863 735 4920 domini
769 4880 871 4936 per
915 4861 1210 4918 luxuriam
1253 4862 1615 4933 prodegerat.
1663 4865 1782 4916 Hoc
1821 4878 1894 4918 ne

245 4953 380 5024 quis
397 4957 562 5024 putet
582 4957 818 5017 temere,
842 4956 899 5007 et
920 4956 984 5006 ut
1012 4951 1154 5006 libet
1176 4967 1208 5006 a
1231 4950 1401 5005 nobis
1455 4951 1678 5010 fictum.
1712 4951 1766 5006 in
1802 4967 1891 5006 se-

247 5041 565 5112 quentibus
595 5041 801 5095 discat.
835 5040 1147 5112 Nunquam
1180 5037 1336 5094 enim
1373 5037 1587 5094 Paulus
1636 5039 1890 5096 diceret:

245 5129 306 5184 Si
337 5129 467 5200 quid
495 5131 678 5183 nocuit
707 5130 809 5184 tibi
836 5135 932 5183 aut
977 5129 1154 5200 debet,
1189 5128 1286 5182 hoc
1314 5127 1458 5182 mihi
1515 5129 1748 5199 impula.
1784 5133 1895 5200 Ego

242 5219 455 5275 Paulus
483 5220 682 5290 scripsi
709 5235 883 5274 manu
911 5235 1053 5284 mea,
1083 5233 1182 5288 ego
1212 5217 1439 5272 reddam
1468 5221 1628 5284 (vers.
1660 5219 1746 5285 18,
1782 5220 1893 5291 19.)

243 5307 358 5364 Nec
390 5324 640 5382 sponsor
671 5309 748 5365 rei
785 5308 949 5363 fieret
1001 5306 1233 5376 ablatae,
1285 5306 1397 5362 nisi
1446 5311 1603 5362 esset
1645 5307 1702 5363 id
1736 5308 1893 5379 quod

240 5395 502 5452 ablatum
536 5396 724 5452 fuerat
755 5395 1133 5468 dissipatum.
1158 5395 1261 5450 Hic
1293 5394 1474 5468 igitur
1496 5411 1628 5451 cum
1662 5396 1734 5454 ob
1765 5413 1896 5453 con-

309 5524 325 5558 ¹
361 5525 482 5576 Duo
514 5537 684 5586 mss.,
715 5521 1048 5577 voluntatem
1073 5519 1298 5590 impleat
1327 5520 1558 5591 aliquis,
1591 5525 1702 5578 etc.

309 5593 326 5630 ί
361 5594 542 5664 iidem
577 5610 744 5664 mss.,
778 5595 837 5648 in
867 5607 933 5649 ea
959 5595 1138 5664 tutam
1163 5606 1294 5657 esse,
1326 5596 1440 5647 etc.

308 5665 334 5707 θ
359 5663 499 5725 Mss.
531 5669 705 5725 antea
729 5662 821 5724 hic
875 5662 1212 5738 emendant,
1271 5663 1777 5734 quemadmodum
1837 5669 1895 5727 et

2001 3264 2424 3337 libialiquando
2454 3266 2673 3320 inutilis
2700 3267 2826 3336 fuit.
2880 3265 3032 3333 Tibi,
3089 3265 3304 3338 inquit,
3353 3267 3503 3333 soli;
3537 3285 3658 3325 non

1999 3354 2258 3410 caeteris:
2296 3371 2450 3409 nunc
2479 3360 2675 3410 autem
2707 3359 2764 3409 et
2794 3354 2961 3422 mihi,
2996 3359 3052 3410 et
3093 3355 3201 3410 tibi
3256 3355 3438 3412 utilis.
3471 3355 3650 3414 Utilis

2002 3442 2238 3498 domino
2271 3443 2328 3497 in
2359 3459 2447 3507 eo,
2479 3445 2616 3515 quia
2651 3448 2850 3515 posset
2870 3448 2926 3498 et
2957 3443 3134 3500 Paulo
3166 3445 3384 3500 servire
3415 3461 3518 3517 pro
3546 3446 3652 3501 do-

2003 3531 2162 3584 mino
2195 3547 2300 3586 suo
2327 3556 2341 3597 ;
2367 3529 2542 3586 Paulo
2571 3548 2703 3588 vero
2735 3532 2792 3587 in
2827 3548 2892 3587 eo
2927 3531 3088 3588 utilis
3115 3533 3291 3605 :quia
3315 3533 3414 3589 illo
3444 3533 3504 3589 in
3531 3551 3653 3590 car-

2003 3635 2152 3684 cere,
2185 3619 2549 3691 vinculisque
2579 3621 2831 3689 detenlo,
2893 3625 3090 3692 posset
3121 3621 3172 3675 ei
3230 3620 3290 3676 in
3337 3622 3650 3695 Evangelio

2005 3707 2356 3763 ministrare.
2390 3708 2576 3764 Simul
2611 3714 2806 3764 autem
2838 3709 3249 3765 admirandum
3282 3711 3354 3766 de
3404 3727 3655 3784 magna-

2008 3797 2274 3852 nimitate
2321 3796 2604 3868 Apostoli,
2632 3803 2689 3852 et
2720 3797 2777 3852 in
2809 3797 3105 3853 Christum
3133 3804 3327 3854 mente
3357 3799 3654 3856 ferventis.

2001 3885 2256 3940 Tenetur
2284 3886 2340 3940 in
2387 3902 2637 3951 carcere,
2693 3885 2948 3942 vinculis
3003 3887 3331 3959 stringitur,
3379 3887 3657 3961 squalore

2005 3973 2284 4045 corporis,
2318 3974 2628 4030 charorum
2681 3975 3071 4047 separatione,
3118 3974 3448 4047 poenalibus
3493 3982 3655 4031 tene-

2004 4063 2128 4118 bris
2158 4068 2507 4128 coaretatur,
2539 4069 2595 4118 et
2624 4080 2736 4118 non
2772 4064 2949 4118 sentit
2980 4064 3280 4135 injuriam,
3309 4081 3422 4120 non
3454 4063 3655 4121 dolore

2001 4152 2316 4220 cruciatur,
2351 4152 2496 4208 nihil
2530 4153 2688 4208 novit
2717 4151 2898 4222 aliud,
2950 4153 3064 4208 nisi
3106 4153 3177 4208 de
3223 4153 3435 4209 Christi
3465 4154 3652 4209 Evan~

2001 4240 2150 4312 gelio
2182 4241 2454 4312 cogitare.
2488 4241 2719 4297 Sciebat
2748 4257 3004 4307 servum,
3045 4242 3268 4297 sciebat
3312 4240 3652 4312 fugitivum,

2003 4329 2222 4384 sciebat
2253 4328 2569 4401 aliquando
2603 4333 2893 4402 raptorem
2947 4330 3018 4384 ad
3069 4329 3284 4385 Christi
3317 4329 3491 4385 ﬁdem
3523 4345 3654 4386 esse

2003 4435 2374 4474 conversum.
2405 4417 2656 4474 Grandis
2684 4417 2901 4473 laboris
2932 4422 3021 4474 est
3052 4417 3226 4475 talem
3259 4418 3559 4474 hominem
3591 4417 3653 4474 in

2003 4525 2068 4563 eo
2101 4523 2469 4580 perseverare
2492 4508 2647 4578 quod
2670 4507 2867 4580 coepit,
2895 4508 3111 4565 Idcirco
3141 4505 3329 4562 ﬁlium
3362 4523 3566 4572 suum,
3596 4511 3654 4562 et

2005 4595 2193 4650 {ilium
2225 4594 2612 4666 vinculorum,
2644 4601 2699 4650 et
2731 4595 3067 4650 ministrum
3106 4594 3404 4668 Evangelii
3434 4593 3494 4649 in
3526 4595 3654 4650 vin-

2004 4684 2151 4740 culis
2181 4685 2506 4751 constituti,
2541 4683 2818 4751 inculcat,
2848 4701 2914 4739 ac
2946 4683 3208 4756 replicat,
3241 4689 3304 4739 ut
3344 4683 3652 4740 Philemon

2001 4773 2097 4828 ille
2118 4775 2436 4846 prudenter
2454 4778 2510 4828 et
2531 4773 2953 4846 dispensatorie
2974 4778 3208 4829 tantum
3231 4773 3290 4829 in
3315 4773 3652 4844 praefatione

2003 4862 2301 4928 laudatus,
2333 4878 2448 4918 non
2479 4863 2720 4918 auderet
2751 4879 2983 4935 negare,
3007 4879 3080 4919 ne
3111 4863 3234 4918 suis
3267 4861 3545 4917 laudibus
3575 4861 3655 4917 vi-

2003 4952 2239 5007 deretur
2259 4951 2558 5023 indignus.
2578 4951 2739 5016 Quod
2763 4955 2958 5007 autem
2981 4951 3063 5007 ait
3089 4968 3101 5006 :
3127 4951 3201 5006 Tu
3229 4955 3416 5007 autem
3449 4949 3650 5020 illum,

2003 5039 2060 5096 id
2087 5049 2165 5096 est
2193 5057 2316 5096 mea
2347 5042 2577 5106 viscera,
2609 5041 2845 5110 suscipe,
2877 5039 2987 5095 hoc
3017 5044 3126 5111 est,
3159 5039 3313 5111 quod
3346 5038 3518 5111 paulo
3551 5055 3654 5096 an-

2004 5135 2058 5185 te
2085 5129 2201 5185 dixi
2229 5148 2240 5186 :
2275 5129 2497 5184 viscera
2523 5127 2854 5201 significare
2901 5129 3199 5184 internum
3250 5127 3442 5183 cordis
3476 5127 3653 5183 affec-

2003 5224 2152 5287 tum,
2185 5224 2242 5273 et
2271 5216 2500 5290 plenam
2532 5233 2602 5272 ex
2631 5218 2827 5273 animo
2861 5217 3244 5285 voluntatem,
3278 5231 3410 5272 cum
3458 5219 3652 5271 totum

2003 5307 2290 5380 quidquid
2324 5307 2383 5362 in
2419 5305 2588 5363 nobis
2619 5311 2726 5370 est,
2775 5306 3098 5378 suscipitur
3145 5324 3178 5361 a
3228 5307 3449 5378 rogato.
3491 5303 3655 5381 Alias

2002 5401 2198 5453 autem
2227 5411 2431 5451 omnes
2463 5395 2628 5451 liberi
2656 5394 2878 5450 viscera
2908 5399 3045 5450 sunt
3075 5397 3406 5467 parentum.

2003 5519 2456 5594 Petrus_Petitus
2485 5519 2543 5575 in
2577 5519 2678 5576 lib.
2713 5520 2932 5578 Miscell.
2967 5520 3174 5591 Quzst.
3210 5518 3539 5594 coniecerat
3565 5533 3653 5579 re-

2002 5592 2360 5668 ponendum.
