4066 6190
292 347 411 425 m

1160 353 1679 420 COMMENTAR.
1726 356 1805 416 ΙΝ
1854 352 2098 417 EPIST.
2149 354 2254 415 AD
2301 354 2844 418 PHILEMONEM.

3584 354 3709 421 630

363 493 547 567 (Vers.
584 492 697 563 14.)
742 515 771 544 ‹‹
802 491 938 547 Sine
967 489 1207 546 consilio
1239 494 1434 545 autem
1470 491 1568 543 tuo
1598 487 1747 543 nihil
1780 487 1935 543 volui
1967 489 2021 553 Α
2051 490 2109 543 et
2155 487 2212 541 in
2257 487 2533 543 Onesimo
2583 505 2897 559 possumus
2947 488 3293 563 intelligere,
3329 491 3484 562 quod
3542 492 3701 549 mala

296 583 481 639 facere
515 597 528 635 :
580 585 647 635 ut
677 596 793 635 non
827 578 996 651 quasi
1045 594 1114 632 ex
1144 575 1490 631 necessitate
1521 575 1737 629 bonum
1772 578 1938 628 tuum

294 675 472 737 esset,
503 670 606 725 sed
655 666 1137 724 voluntarium.»
1188 669 1308 719 Hoc
1357 664 1512 736 quod
1564 680 1598 718 a
1645 662 1942 734 plerisque

295 759 594 833 quwritur,
640 762 699 812 et
746 755 1068 828 saepissime
1120 758 1508 809 retractatur:
1561 768 1741 823 quare
1789 752 1943 806 Deus

291 849 591 906 hominem
618 846 855 915 faciens,
882 861 994 898 non
1019 860 1151 904 eum
1185 844 1404 897 bonum
1440 846 1782 912 rectumque
1809 857 1943 895 con-

290 922 525 1002 diderit,
553 936 624 991 de
648 936 791 992 751
822 932 1092 1005 praesenti
1127 931 1251 986 loco
1284 930 1427 985 solvi
1461 935 1668 1002 potest.
1693 929 1751 984 Si
1784 929 1940 984 enim

292 1028 448 1083 Deus
488 1023 838 1089 voluntarie,
870 1027 924 1076 et
972 1038 1085 1076 non
1136 1016 1204 1075 ex
1236 1020 1580 1075 necessitate
1611 1020 1800 1074 bonus
1831 1022 1942 1085 est,

288 1115 492 1171 debuit
535 1112 836 1168 hominem
890 1110 1130 1174 faciens,
1177 1109 1249 1163 ad
1300 1125 1470 1164 suam
1520 1107 1837 1178 imaginem
1885 1111 1943 1162 et

287 1202 739 1260 similitudinem
791 1200 998 1265 facere,
1031 1197 1141 1253 hoc
1192 1203 1300 1264 est,
1346 1202 1409 1250 ut
1461 1201 1517 1251 et
1564 1196 1688 1266 ipse
1736 1195 1942 1250 volun-

287 1292 457 1361 tarie,
514 1295 573 1346 et
631 1306 745 1345 non
805 1304 874 1343 ex
932 1286 1278 1342 necessitate
1333 1287 1527 1340 bonus
1592 1288 1767 1339 esset.
1830 1284 1938 1349 Qui

287 1385 487 1436 autem
546 1380 817 1433 asserunt
873 1376 956 1430 ita
1010 1391 1145 1430 eum
1205 1365 1479 1429 debuisse
1530 1373 1677 1439 ﬁeri,
1710 1378 1775 1427 ut
1815 1389 1939 1427 ma-

286 1470 418 1525 lum
449 1468 704 1539 recipere
735 1483 850 1521 non
883 1469 1098 1536 posset,
1129 1463 1241 1518 hoc
1273 1462 1471 1517 dicunt
1507 1476 1519 1515 :
1572 1461 1708 1517 talis
1739 1462 1943 1517 debuit

284 1559 418 1613 ﬁeri
453 1556 553 1629 qui
586 1554 929 1611 necessitate
960 1554 1150 1608 bonus
1179 1557 1354 1619 esset,
1388 1557 1444 1606 et
1474 1567 1591 1606 non
1621 1550 1937 1606 voluntate.

285 1646 458 1712 Quod
507 1645 556 1702 si
606 1643 737 1699 talis
768 1642 979 1699 fuisset
1006 1641 1271 1707 effectus,
1308 1641 1407 1712 qui
1440 1641 1660 1695 bonum
1694 1654 1810 1693 non
1842 1655 1938 1694 vo-

285 1736 538 1803 luntate,
572 1734 675 1789 sed
725 1732 1072 1788 necessitate
1118 1730 1440 1802 perliceret,
1474 1745 1589 1783 non
1639 1732 1795 1783 esset
1828 1732 1939 1782 Deo

286 1822 506 1882 similis
539 1840 552 1879 :
605 1822 705 1893 qui
756 1821 885 1877 ideo
936 1821 1125 1875 bonus
1169 1823 1280 1884 est,
1312 1816 1450 1890 quia
1478 1815 1622 1883 vult,
1657 1831 1770 1870 non
1803 1814 1941 1886 quia

283 1914 537 1986 cogitur.
571 1911 649 1967 Ex
699 1927 814 1982 quo
862 1908 1242 1964 manifestum
1274 1912 1383 1976 est,
1414 1922 1538 1960 rem
1569 1922 1667 1962 eos
1699 1905 1849 1960 inter
1877 1921 1940 1959 se

283 2002 587 2077 postulare
615 1999 991 2056 contrariam.
1024 1996 1171 2051 Nam
1203 2012 1272 2051 ex
1296 2012 1361 2050 eo
1394 1994 1549 2067 quod
1580 1993 1805 2058 dicunt,
1840 1993 1939 2048 de-

287 2092 423 2149 buit
450 2090 628 2146 homo
657 2089 773 2145 Deo
806 2085 1017 2143 similis
1046 2085 1192 2151 fieri,
1225 2083 1369 2138 illud
1403 2088 1629 2155 petunt,
1663 2086 1729 2137 ut
1772 2080 1939 2136 liberi

287 2183 457 2238 fieret
505 2178 751 2246 arbitrii,
784 2178 935 2232 sicut
983 2177 1131 2230 Deus
1182 2173 1307 2245 ipse
1355 2178 1462 2228 est.
1493 2173 1575 2228 Ex
1622 2187 1687 2226 eo
1743 2175 1938 2226 autem

287 2270 446 2342 quod
478 2268 738 2323 inferunt
766 2265 871 2340 [Αι.
904 2263 1195 2334 infertur],
1228 2261 1362 2343 talis
1406 2261 1610 2317 debuit
1659 2260 1804 2329 ﬁeri,
1840 2258 1940 2330 qui

286 2358 518 2415 malum
549 2356 805 2427 recipere
836 2370 950 2409 non
983 2356 1217 2424 posset;
1270 2352 1412 2405 dum
1445 2349 1853 2405 necessitatem
1887 2348 1938 2403 ei

284 2446 432 2504 boni
464 2446 803 2518 important,
848 2441 992 2497 illud
1021 2439 1243 2504 volunt,
1275 2445 1340 2493 ut
1370 2438 1544 2493 homo
1574 2437 1689 2492 Deo
1729 2435 1939 2492 similis

262 2561 269 2565 ·
288 2553 413 2593 non
437 2536 621 2591 ﬂeret.
648 2531 839 2588 Potuit
858 2532 1056 2602 itaque
1075 2534 1132 2585 et
1160 2527 1459 2600 apostolus
1480 2525 1698 2582 Paulus
1719 2527 1941 2597 absque

283 2625 593 2683 voluntate
620 2619 1001 2685 Philemonis,
1030 2618 1371 2674 Onesimum
1403 2616 1516 2671 sibi
1564 2616 1619 2670 in
1672 2615 1939 2671 ministe-

285 2716 449 2772 rium
476 2712 743 2769 retinere.
766 2711 878 2766 Sed
910 2708 960 2764 si
988 2707 1096 2764 hoc
1116 2706 1243 2763 sine
1262 2705 1560 2761 voluntate
1586 2704 1941 2761 Philemonis

286 2804 563 2861 fecisset:
594 2802 811 2856 bonum
833 2798 1071 2870 quidem
1092 2801 1236 2864 erat,
1256 2796 1357 2851 sed
1382 2812 1496 2850 non
1517 2793 1935 2850 voluntarium.

283 2892 455 2959 Quod
487 2895 687 2946 autem
716 2905 830 2943 non
861 2891 985 2943 erat
1011 2884 1431 2951 voluntarium,
1465 2882 1581 2939 alio
1612 2898 1823 2955 genere
1854 2899 1941 2937 ar-

276 2981 584 3057 guebatur
607 2995 722 3034 non
745 2968 1135 3034 essebonum.
1161 2972 1313 3029 Nihil
1338 2973 1555 3044 quippe
1587 2973 1804 3027 bonum
1827 2970 1939 3025 dici

285 3074 507 3145 potest,
541 3067 656 3123 nisi
707 3066 858 3138 quod
906 3064 1237 3120 ultroneum
1283 3067 1390 3117 est.
1425 3061 1503 3115 Ex
1534 3077 1650 3132 quo
1679 3058 1938 3131 Apostoli

286 3157 717 3216 consideranda
749 3154 1060 3227 prudentia
1088 3156 1177 3208 est
1203 3169 1216 3207 :
1250 3150 1350 3222 qui
1380 3149 1596 3205 idcirco
1628 3148 1939 3221 fugitivum

2051 576 2338 647 principia
2393 578 2727 632 occasiones
2783 577 3003 632 fuerint
3050 578 3131 633 rei
3189 579 3370 634 bonas.
3425 579 3484 634 Si
3541 581 3700 638 enim

2051 666 2353 720 dominum
2388 684 2502 721 non
2537 665 2801 737 fugisset.
2834 683 3138 738 nunquam
3169 669 3426 723 venisset
3454 669 3700 726 Romam

2053 753 2150 807 ubi
2199 760 2323 809 erat
2371 754 2584 809 Paulus
2615 755 2842 809 vinctus
2884 756 2940 810 in
2989 772 3237 812 carcere.
3270 756 3328 812 Si
3360 757 3608 813 Paulum
3640 758 3699 815 in

2049 842 2300 898 vinculis
2356 860 2468 898 non
2527 843 2788 909 vidisset,
2850 861 2965 900 non
3025 845 3341 917 recepisset
3407 846 3580 903 {idem
3638 848 3699 903 in

2051 931 2367 986 Christum.
2390 933 2447 985 Si
2470 931 2682 987 Christi
2708 949 2821 987 non
2838 933 3151 989 habuisset
3179 934 3698 1007 ﬁdem,nunquam

2052 1020 2214 1074 Pauli
2259 1021 2500 1075 effectus
2531 1020 2707 1090 ﬁlius,
2742 1022 2801 1076 in
2833 1039 2980 1093 opus
3016 1023 3308 1095 Evangelii
3346 1026 3697 1082 mitteretur.

2050 1109 2131 1163 Ex
2160 1125 2275 1180 quo
2306 1108 2609 1181 paulatim,
2641 1114 2697 1165 et
2726 1126 2828 1182 per
2855 1112 3075 1181 gradus
3106 1129 3265 1177 suos,
3300 1113 3698 1186 reciprocante

2050 1199 2359 1264 sententia,
2391 1199 2521 1253 ideo
2571 1198 2840 1254 minister
2869 1199 3158 1271 Evangelii
3204 1206 3294 1256 est
3331 1202 3520 1259 factus
3548 1203 3699 1261 One-

2051 1286 2260 1355 simus,
2285 1287 2420 1359 quia
2444 1287 2592 1359 lugit
2618 1305 2651 1342 a
2676 1288 2934 1344 domino.
2964 1289 3211 1345 Pulchre
3234 1294 3431 1346 autem
3453 1292 3697 1365 addens,

2047 1378 2315 1446 forsitan,
2383 1377 2734 1431 sententiam
2818 1378 3189 1449 temperavit,
3258 1378 3499 1436 Occulta
3564 1387 3704 1438 sunt

2050 1464 2264 1535 quippe
2306 1465 2533 1535 judicia
2586 1465 2706 1535 Dei,
2739 1470 2796 1521 et
2842 1466 3218 1522 temerarium
3268 1472 3357 1523 est
3406 1472 3572 1541 quasi
3630 1471 3702 1526 de

2048 1559 2207 1608 certo
2232 1554 2608 1625 pronuntiare
2625 1556 2777 1625 quod
2799 1555 3045 1611 dubium
3073 1560 3179 1611 est.
3197 1558 3469 1627 Forsitan,
3488 1558 3700 1630 inquit,

2050 1640 2170 1696 ideo
2211 1643 2511 1697 discessit:
2561 1648 2749 1709 caute,
2784 1643 3010 1711 timide,
3044 1645 3424 1716 trepidanter,
3475 1653 3533 1703 et
3583 1664 3702 1707 non

2048 1734 2170 1785 toto
2201 1731 2307 1802 [ΑΙ.
2343 1734 2552 1801 totum]
2586 1732 2695 1787 ﬁxo
2739 1733 2972 1804 gradu:
3030 1737 3095 1788 ut
3141 1733 3189 1790 si
3241 1751 3357 1789 non
3406 1736 3702 1808 posuisset

2046 1821 2302 1890 forsitan,
2336 1821 2612 1876 omnibus
2658 1821 2841 1876 servis
2873 1822 3217 1894 fugiendum
3249 1829 3426 1892 esset,
3459 1830 3525 1880 ut
3556 1842 3697 1899 apo-

2049 1907 2236 1964 stolici
2298 1909 2520 1965 tierent.
2580 1910 2742 1973 Quod
2801 1917 3019 1976 autem,
3078 1912 3150 1967 ad
3212 1913 3426 1984 horam,
3478 1915 3698 1984 junxit,

2048 1997 2252 2053 horam
2286 2016 2388 2070 pro
2430 2002 2690 2070 tempore
2718 1999 3001 2055 debemus
3031 2001 3310 2072 accipere.
3341 2002 3426 2057 Ad
3457 2019 3698 2076 compa-

2050 2087 2335 2142 rationem
2381 2088 2537 2142 enim
2587 2087 2949 2156 aeternitatis,
3001 2104 3174 2143 omne
3233 2094 3468 2161 tempus
3526 2092 3697 2149 breve

2049 2181 2155 2232 est.
2207 2177 2269 2232 Ut.
2318 2184 2589 2232 aeternum
2641 2177 2804 2231 illum
2850 2179 3133 2248 reciperes.
3187 2178 3395 2234 Nullus
3447 2174 3698 2238 aeternus

2049 2265 2327 2320 dominus
2358 2266 2506 2320 servi
2537 2266 2628 2320 sui
2654 2281 2668 2321 :
2701 2269 2959 2336 potestas
2981 2265 3197 2339 quippe
3222 2267 3372 2338 ejus,
3395 2272 3453 2324 et
3484 2270 3699 2328 utrius-

2050 2370 2162 2424 que
2215 2352 2489 2416 conditio,
2532 2358 2715 2409 morte
2764 2352 2985 2409 ﬁnitur.
3040 2356 3353 2412 Onesimus
3408 2373 3539 2414 vero
3596 2359 3699 2431 qui

2049 2458 2118 2497 ex
2150 2441 2260 2496 fide
2292 2441 2503 2497 Christi
2554 2442 2742 2497 factus
2792 2447 3048 2499 aeternus
3098 2448 3207 2512 est,
3241 2450 3454 2502 aeterno
3507 2446 3698 2503 Phile-

2049 2527 2229 2598 moni,
2264 2529 2403 2600 quia
2445 2529 2503 2583 in
2535 2528 2832 2585 Christum
2864 2537 2922 2585 et
2950 2531 3076 2603 ipse
3106 2533 3454 2601 crediderat,
3488 2534 3699 2607 spiritu

2050 2616 2339 2672 libertatis
2398 2623 2653 2690 accepto,
2704 2619 2831 2690 jam
2890 2637 3006 2675 non
3072 2637 3296 2690 servus,
3353 2624 3455 2679 sed
3520 2624 3702 2681 frater

2049 2707 2222 2779 erepit
2270 2723 2399 2763 esse
2458 2708 2527 2763 de
2586 2724 2771 2776 servo,
2834 2708 3014 2764 frater
3069 2711 3476 2781 charissimus,
3523 2714 3704 2770 frater

2049 2801 2299 2851 aeternus
2334 2813 2347 2850 :
2398 2801 2610 2851 aeterno
2641 2803 2697 2851 et
2725 2797 2837 2869 ipsi
2870 2798 3147 2869 Apostolo
3179 2800 3535 2871 dominoque
3565 2818 3699 2869 suo,

2050 2886 2145 2940 cui
2175 2885 2518 2940 Onesimum
2550 2889 2616 2940 ut
2644 2886 2837 2941 carnis
2869 2891 3002 2941 ante
3033 2888 3289 2943 conditio
3323 2904 3336 2942 :
3383 2888 3466 2944 ita
3495 2895 3700 2961 postea

2051 2973 2297 3047 spiritus
2346 2974 2602 3046 copulat.
2634 2975 2705 3030 Et
2751 2979 2891 3030 tunc
2936 2976 3174 3046 quidem
3223 2978 3459 3047 quando
3489 2986 3615 3035 erat
3644 2982 3699 3038 ei

2050 3064 2352 3133 subjectus
2381 3063 2441 3117 in
2472 3079 2665 3132 carne,
2689 3080 2803 3117 non
2827 3068 2951 3119 erat
2979 3064 3029 3119 ei
3052 3064 3298 3133 junctus
3329 3065 3387 3120 in
3410 3067 3692 3139 Domino;

2052 3168 2207 3206 nunc
2238 3157 2431 3206 autem
2480 3150 2533 3205 ei
2576 3156 2633 3205 et
2676 3150 2736 3206 in
2779 3153 3221 3222 carnejunctus
3252 3159 3359 3222 est,
3392 3160 3450 3211 et
3496 3157 3556 3212 iu
3589 3162 3699 3215 Do-

287 3262 532 3306 servum
584 3222 831 3302 remittit
878 3242 948 3297 ad
998 3241 1328 3306 dominum,
1361 3243 1427 3294 ut
1474 3238 1657 3310 prosit
1702 3237 1940 3293 domino
1970 3222 2013 3289 C
2055 3241 2234 3296 mino.
2270 3240 2349 3294 Ex
2398 3256 2513 3311 quo
2562 3239 2946 3311 intelligimus
2976 3257 3208 3296 servum
3249 3242 3350 3314 qui
3387 3246 3704 3303 crediderit

287 3353 408 3394 suo
436 3351 452 3383 τ
506 3335 605 3407 qui
638 3333 916 3406 prodesse
945 3347 1060 3386 non
1093 3333 1336 3401 poterat,
1370 3328 1419 3382 si
1450 3328 1687 3383 domino
1718 3331 1942 3381 tenere«

287 3431 398 3482 tur
435 3425 693 3480 absente.
724 3420 998 3494 Superior
1042 3435 1176 3491 ergo
1228 3417 1469 3490 quaestio
1519 3417 1601 3471 ita
1652 3415 1940 3471 solvitur:

286 3514 493 3571 Potuit
535 3513 690 3568 Deus
740 3509 1039 3566 hominem
1096 3508 1224 3564 sine
1264 3506 1565 3562 voluntate
1596 3507 1725 3578 ejus
1758 3505 1944 3560 facere

285 3605 540 3661 bonum.
572 3606 750 3657 Porro
782 3599 832 3656 si
868 3598 979 3654 hoc
1007 3596 1262 3663 fecisset,
1297 3612 1410 3651 non
1443 3599 1567 3650 erat
1595 3594 1815 3650 bonum
1847 3609 1945 3648 vo-

286 3689 761 3758 luntarium,sed
786 3686 1171 3744 necessitatis.
1189 3685 1350 3752 Quod
1377 3687 1571 3739 autem
1598 3683 1947 3739 necessitate

288 3782 519 3837 bonum
552 3783 661 3849 est,
694 3793 809 3833 non
841 3779 931 3832 est
958 3776 1202 3844 bonum,
1235 3779 1293 3828 et
1320 3772 1432 3828 alio
1462 3788 1674 3845 genere
1723 3771 1946 3827 malum

290 3868 586 3941 arguitur.
622 3865 808 3939 Igitur
854 3866 1088 3937 proprio
1136 3860 1377 3917 arbitrio
1427 3877 1531 3916 nos
1586 3860 1946 3932 relinquens,

291 3956 494 4029 magis
541 3957 614 4012 ad
661 3970 830 4011 suam
874 3952 1192 4025 imaginem
1225 3954 1281 4006 et
1310 3948 1759 4005 similitudinem
1794 3949 1947 4005 fecit.

293 4045 570 4104 Similem
613 4048 810 4100 autem
843 4042 959 4098 Deo
989 4057 1117 4097 esse
1147 4038 1416 4095 absolute
1444 4039 1664 4094 bonum
1695 4042 1804 4093 est.

373 4133 561 4203 (Vere.
596 4134 683 4201 15,
716 4132 831 4201 16.)
863 4153 892 4180 ‹‹
925 4130 1192 4185 Forsitan
1224 4128 1379 4183 enim
1414 4127 1542 4182 ideo
1574 4126 1845 4182 discessit
1876 4126 1949 4181 ad

292 4224 510 4279 horam
552 4239 587 4277 a
614 4226 693 4288 te,
724 4225 790 4275 ut
820 4224 1104 4275 aaternum
1136 4217 1303 4272 illum
1334 4218 1642 4288 reciperes.
1675 4215 1805 4270 Jam
1836 4232 1950 4271 non

292 4313 461 4369 sicut
483 4326 735 4375 servum,
759 4309 860 4364 sed
885 4306 1017 4380 plus
1038 4323 1223 4370 servo,
1249 4305 1485 4361 fratrem
1511 4305 1949 4373 charissimum,

291 4399 562 4459 maxime
606 4397 749 4453 mihi
791 4414 803 4451 :
854 4399 1071 4469 quanto
1126 4394 1318 4466 magis
1369 4398 1567 4449 autem
1620 4393 1745 4459 tibi,
1788 4398 1845 4449 et
1892 4395 1952 4449 in

292 4505 502 4556 carne,
518 4492 577 4545 et
599 4487 659 4543 in
681 4486 950 4542 Domino.
973 4507 1001 4535 ››
1023 4483 1459 4554 Nonnunquam
1485 4481 1705 4537 malum
1728 4482 1954 4539 occasio

298 4582 375 4637 ﬁt
400 4581 711 4647 bonorum,
734 4580 791 4633 et
810 4575 1118 4631 hominum
1148 4589 1325 4644 prava
1348 4571 1593 4627 consilia
1616 4576 1765 4627 Deus
1789 4572 1959 4627 vertit

298 4669 381 4724 ad
432 4671 677 4722 rectum.
710 4665 873 4733 Quod
922 4663 1052 4720 dico
1105 4659 1476 4718 manifestius
1524 4659 1787 4731 exemplo
1839 4662 1956 4716 fiet.

295 4755 525 4828 Joseph
585 4756 812 4825 fratres,
869 4753 964 4809 sui
1022 4752 1172 4809 758
1232 4749 1336 4807 zeli
1395 4748 1656 4805 stimulis
1714 4749 1961 4817 incitati,

299 4842 631 4901 lsmaelitis
659 4841 865 4913 viginti
888 4841 1081 4897 aureis
1107 4842 1122 4874 ι
1154 4839 1544 4894 vendiderunt
1572 4836 1723 4907 (Gen.
1748 4855 1962 4909 xxxvu,

298 4932 427 5003 28).
471 4934 588 4986 Hoc
637 4929 869 4985 initium
919 4935 977 4985 et
1025 4927 1195 5001 patri,
1249 4932 1306 4981 et
1356 4927 1653 4994 fratribus,
1700 4931 1758 4982 et
1803 4926 1963 4981 omni

2052 3329 2302 3396 Christo,
2334 3328 2554 3400 duplici
2589 3328 2826 3384 domino
2858 3346 2964 3385 suo
2993 3329 3119 3402 lege
3158 3332 3501 3405 constringi,
3534 3340 3601 3390 ut
3649 3336 3703 3392 ei

2054 3424 2110 3473 et
2157 3416 2349 3473 carnis
2401 3415 2746 3472 necessitate
2789 3418 3080 3490 jungatur
3127 3420 3197 3474 ad
3249 3425 3505 3493 tempus,
3537 3428 3594 3479 et
3641 3424 3702 3481 in

2054 3512 2336 3562 aeternum
2370 3505 2579 3577 spiritu
2630 3505 2954 3577 copuletur.

2125 3594 2308 3663 (Vers.
2353 3597 2458 3662 17.)
2509 3616 2537 3643 «
2568 3593 2628 3649 Si
2655 3611 2789 3667 ergo
2823 3595 3004 3651 habes
3044 3612 3137 3652 me
3187 3598 3434 3666 socium,
3466 3602 3704 3674 suscipe

2055 3684 2223 3740 illum
2256 3684 2408 3739 sicut
2441 3700 2551 3738 me.
2586 3705 2613 3733 »
2665 3683 2966 3739 Philemon
2995 3686 3017 3719 ²
3067 3685 3314 3743 Paulum
3345 3689 3568 3745 socium
3602 3691 3708 3747 ha-

2057 3775 2192 3829 bere
2220 3772 2511 3844 cupiebat,
2533 3777 2590 3827 et
2621 3772 2678 3826 in
2709 3772 3005 3829 Christum
3038 3776 3303 3843 credens,
3327 3776 3475 3834 tales
3505 3779 3709 3852 utique

2055 3862 2288 3918 volebat
2335 3861 2548 3916 habere
2596 3861 2913 3933 profectus,
2948 3868 3012 3918 ut
3056 3864 3234 3920 Paulo
3278 3866 3491 3923 similis
3523 3869 3707 3934 fieret,

2059 3956 2117 4007 et
2165 3951 2217 4006 ei
2270 3951 2418 4006 759
2460 3950 2919 4006 communicaret
2963 3951 3022 4007 in
3065 3952 3334 4009 vinculis.
3367 3956 3708 4014 Considere-

2061 4058 2194 4096 mus
2223 4056 2358 4111 ergo
2389 4043 2675 4110 quantum
2708 4038 2802 4093 hic
2847 4039 3119 4095 laudetur
3148 4042 3483 4113 Onesimus,
3516 4060 3706 4115 quan-

2059 4135 2184 4184 tum
2218 4128 2533 4200 profecisse
2573 4128 2850 4183 dicatur:
2901 4145 3035 4184 cum
3091 4129 3174 4184 ita
3218 4131 3589 4202 recipiendus
3619 4138 3712 4189 est

2060 4223 2125 4273 ut
2154 4216 2469 4289 Apostolus
2500 4220 2557 4271 et
2588 4216 2672 4271 sic
2703 4217 2830 4287 ejus
2864 4216 3138 4272 dominus
3185 4222 3248 4272 ut
3288 4218 3450 4274 Pauli
3503 4221 3713 4279 debeat

2061 4307 2393 4363 desiderare
2414 4305 2795 4359 consortium.
2820 4304 3070 4360 Breviter
3091 4306 3245 4378 quod
3268 4307 3410 4362 dicit
3440 4308 3554 4365 tale
3583 4316 3672 4367 est
3694 4328 3708 4368 :

2062 4396 2122 4451 Si
2155 4410 2246 4449 me
2276 4393 2365 4449 vis
2397 4393 2607 4447 habere
2636 4397 2987 4460 consortem,
3013 4392 3224 4450 habeto
3255 4399 3310 4450 et
3340 4395 3708 4470 Onesimum,

2064 4498 2238 4554 quem
2256 4497 2360 4553 ego
2379 4485 2804 4545 consortem,et
2823 4480 3007 4535 filium
3029 4498 3247 4551 meum,
3263 4488 3321 4538 et
3343 4484 3565 4542 viscera
3582 4503 3714 4542 mea

1992 4592 2036 4656 Β
2067 4572 2283 4627 habeo:
2305 4586 2479 4642 quem
2502 4570 2551 4624 si
2577 4586 2689 4624 non
2713 4570 3063 4641 susceperis,
3082 4588 3186 4627 nec
3210 4572 3421 4629 habere
3439 4574 3715 4643 volueris,

2070 4665 2127 4715 et
2157 4659 2282 4729 ipse
2313 4657 2593 4729 intelligis
2623 4657 2777 4729 quod
2812 4674 2903 4713 me
2935 4658 3147 4714 habere
3178 4676 3294 4715 non
3326 4662 3538 4733 possis.

2142 4748 2328 4817 (Vers.
2363 4749 2474 4818 18.)
2529 4770 2557 4796 «
2590 4746 2647 4802 Si
2692 4751 2887 4802 autem
2937 4746 3162 4820 aliquid
3212 4749 3412 4805 nocuit
3459 4749 3586 4821 tibi,
3619 4755 3723 4806 aut

2072 4839 2263 4903 debet,
2297 4837 2405 4892 hoc
2437 4836 2581 4891 mihi
2616 4837 2859 4907 imputa.
2895 4857 2922 4886 »
2959 4836 3225 4892 Imitator
3258 4838 3484 4894 Domini
3518 4840 3636 4907 sui,
3667 4845 3724 4896 et

2073 4925 2369 4981 Christum
2419 4925 2477 4979 in
2528 4941 2590 4980 se
2634 4923 2968 4996 loquentem
3003 4924 3246 4994 habens,
3282 4942 3350 4982 ea
3372 4928 3542 4997 juxta
3569 4929 3723 4985 vires

306 5021 559 5093 [Egypto
580 5020 866 5074 bonorum
888 5018 1153 5073 omnium
1178 5016 1307 5071 fuit.
1339 5016 1595 5087 Denique
1620 5016 1745 5088 ipse
1767 5020 1968 5088 postea
2074 5032 2213 5070 suas
2246 5014 2415 5070 debet
2446 5013 2632 5069 facere
2663 5030 2792 5085 quae
2821 5012 3108 5069 Christus.
3143 5014 3203 5070 Si
3242 5016 3397 5071 enim
3438 5016 3538 5073 ille
3567 5018 3726 5074 infir-

304 5109 391 5166 ad
441 5108 647 5164 fratres
680 5124 693 5162 :
748 5108 866 5174 Vos,
899 5105 1114 5177 inquit,
1142 5106 1421 5176 cogitastis
1451 5104 1515 5161 de
1542 5122 1629 5161 me
1671 5106 1819 5160 mala
1849 5121 1868 5159 :
1916 5112 1968 5160 et
2076 5106 2310 5159 mitates
2360 5109 2591 5159 nostras
2622 5103 2889 5174 portavit,
2924 5107 2981 5157 et
3012 5101 3214 5175 plagas
3248 5110 3479 5161 nostras
3510 5106 3723 5175 doluit,

304 5198 456 5254 Deus
483 5198 740 5268 cogitavit
768 5194 832 5250 de
858 5209 950 5249 me
980 5194 1117 5249 bona
1146 5194 1301 5267 (Gen.
1338 5212 1388 5265 L,
1419 5195 1533 5265 20).
1577 5193 1777 5249 Simile
1825 5194 1965 5265 quid
2067 5194 2229 5263 juste
2255 5191 2569 5263 Apostolus
2596 5208 2697 5264 pro
2719 5191 2995 5246 Onesimo
3025 5208 3088 5247 se
3110 5195 3371 5267 opponit,
3396 5200 3451 5251 et
3477 5197 3730 5269 spondet

395 5358 409 5392 ¹
444 5357 609 5431 Legit
637 5356 747 5413 hoc
775 5355 901 5412 loco
933 5355 1256 5431 secundum
1290 5356 1641 5425 Interpretes
1673 5353 1841 5431 LXX,
1868 5353 1968 5431 qui
2076 5352 2271 5431 {oseph
2318 5369 2447 5423 non,
2481 5360 2541 5431 at
2587 5353 2773 5431 mult_i_
2798 5355 3010 5431 pateat,
3032 5353 3201 5431 jarta
3223 5322 3362 5431 _i.X.\'
3398 5354 3729 5431 interpretes

310 5445 429 5503 pro
456 5426 655 5511 viginti
700 5430 1351 5511 argenteistosuerunt
1394 5440 1589 5508 aureos
1637 5426 1971 5511 viginti._De

371 5517 443 5557 uo
471 5497 684 5557 videsis
728 5497 928 5573 ipsum
960 5497 1375 5573 Hieronymum
1407 5497 1465 5573 in
1498 5513 1792 5573 (δεμ-ΠΨ
1822 5497 1971 5573 Mat:

2079 5425 2454 5497 (quibuscum
2488 5429 2683 5479 tamen
2718 5424 2811 5479 hic
2845 5423 2998 5497 facit)
3032 5427 3232 5494 viginti
3259 5428 3449 5483 aureis
3478 5423 3730 5484 vehditus

2079 5500 2195 5570 est;
2242 5496 2331 5550 sed
2372 5498 2539 5567 juxta
2587 5497 2912 5551 Hobraicam
2960 5499 3245 5553 veritatem
3288 5501 3488 5569 viginti
3527 5514 3729 5570 argen-

313 5567 485 5629 Π]ωῇ
515 5573 701 5629 ΜΑιιτ.
733 5567 803 5612 J-
842 5571 1119 5627 Notatum
1169 5567 1299 5624 vero
1351 5567 1591 5629 ipsimet
1638 5569 1696 5624 S.
1746 5567 1972 5625 Doctori
2079 5569 2204 5625 teis.

313 5644 597 5722 superius
627 5644 687 5702 in
709 5644 1103 5702 Commentar.
1136 5639 1198 5697 in
1231 5639 1461 5718 Matth.,
1485 5656 1614 5718 cap.
1640 5657 1794 5713 xxvx,
1816 5639 1972 5717 quod

610 5772 875 5836 PATBOL.
920 5766 1134 5836 XXVI.

2150 5640 2172 5675 ²
2200 5637 2419 5698 Vitiose
2463 5653 2641 5713 penes
2674 5638 3080 5699 Martianaum
3113 5640 3509 5707 Philemonem.

3374 5771 3447 5833 21
