4066 6190
470 317 582 376 651

1632 317 1696 377 S.
1744 315 2050 378 EUSEBll
2089 314 2563 378 HIERONYMI.

3688 321 3788 383 65!

475 466 609 521 quae
640 446 743 503 ille
773 446 1040 501 debebat.
1077 445 1148 502 Ut
1178 451 1374 502 autem
1408 464 1585 519 supra
1628 447 1903 516 diximus,
1937 453 2128 504 totum
2159 449 2215 515 Α
2243 447 2514 516 volueris,
2545 452 2697 504 recte
2742 447 2903 504 Pauli
2958 446 3017 503 in
3065 446 3291 503 Christo
3334 446 3531 505 viscera
3570 448 3787 508 dicentur

473 537 616 593 illud
667 541 775 602 est,
828 535 981 606 quod
1033 534 1293 590 ablatum
1344 540 1517 605 furto,
1570 543 1626 593 et
1673 553 1776 609 per
1825 537 2116 594 luxuriam

473 626 793 700 perditum,
845 641 961 680 non
1012 629 1235 695 poterat
1287 626 1553 683 absolvi:
1609 629 1764 699 quod
1817 627 2121 683 Philemon

474 715 682 788 grandi
716 714 900 786 pretio
933 714 1217 785 pensabat
1243 714 1356 786 [Αἱ.
1384 717 1821 788 compensabat]
1845 717 1985 771 dum
2018 732 2121 787 pro

476 820 641 861 servo
709 802 973 877 fugitivo,
1024 808 1080 857 et
1147 805 1395 874 pecunia
1461 805 1713 876 perdita,
1763 810 1818 860 et
1882 805 2122 860 fratrem

478 893 917 957 charissimam,
941 896 996 947 et
1025 894 1261 947 fratrem
1292 894 1573 964 reciperet
1601 901 1902 969 aeternum,
1936 898 1994 949 et
2023 910 2123 966 per

478 1000 611 1038 eum
647 982 758 1038 sibi
790 980 1135 1053 Apostolum
1170 982 1383 1036 faceret
1423 983 1765 1038 debitorem.

550 1072 738 1144 (Vers.
774 1070 885 1143 19.)
920 1092 947 1119 ‹‹
982 1070 1095 1142 Ego
1127 1071 1345 1126 Paulus
1376 1071 1583 1142 scripsi
1615 1089 1793 1127 manu
1826 1088 1975 1128 mea.
2009 1075 2122 1142 Ego

479 1162 744 1226 reddam,
778 1165 842 1215 ut
874 1176 987 1214 non
1022 1159 1210 1214 dicam
1242 1159 1370 1226 tibi,
1404 1160 1543 1231 quia
1585 1166 1642 1215 et
1670 1160 1866 1232 ipsum
1893 1163 1948 1214 te
1978 1157 2122 1214 mihi

480 1251 678 1306 debes.
713 1271 740 1298 »
775 1249 935 1312 Quod
972 1248 1113 1303 dicit
1142 1248 1255 1303 tale
1285 1254 1408 1304 est:
1442 1248 1604 1311 Quod
1627 1249 1939 1305 Onesimus
1973 1248 2123 1303 furto

480 1338 692 1411 rapuit,
727 1353 832 1409 ego
864 1354 955 1392 me
984 1338 1241 1409 spondeo
1274 1337 1641 1392 redditurum
1677 1355 1688 1393 :
1747 1339 1917 1408 cujus
1950 1353 2123 1408 spon-

479 1428 683 1496 sionis,
720 1425 972 1497 Epistola
1017 1426 1139 1480 haec
1170 1430 1226 1481 et
1260 1442 1470 1480 manus
1499 1427 1669 1481 testis
1710 1431 1799 1480 est
1843 1425 2077 1498 propria
2108 1442 2121 1481 :

480 1534 657 1590 quam
689 1532 804 1571 non
835 1515 1006 1571 solito
1038 1532 1196 1570 more
1226 1516 1461 1586 dictavi,
1495 1517 1594 1571 sed
1631 1533 1759 1571 mea
1788 1532 1966 1570 manu
1999 1515 2126 1587 ipse

480 1604 821 1675 conscripsi.
838 1604 1017 1659 Crede
1037 1603 1213 1675 igitur
1229 1603 1370 1658 mihi
1395 1621 1496 1675 pro
1510 1604 1782 1660 Onesimo
1807 1601 2122 1680 pollicenti.

392 1748 400 1755 ,
479 1694 598 1749 Hoc
631 1698 826 1749 autem
858 1692 982 1747 dico
1015 1691 1183 1763 quasi
1228 1693 1300 1746 ad
1332 1697 1672 1747 extraneum
1706 1692 1974 1762 loquens.
2008 1691 2125 1747 Ca3-

479 1785 674 1836 terum
706 1781 756 1836 si
787 1780 857 1835 ad
881 1781 984 1851 jus
1015 1797 1212 1835 meum
1246 1780 1499 1848 redeam,
1529 1786 1766 1853 propter
1796 1795 2125 1835 sermonem

480 1870 717 1940 Christi,
777 1886 950 1940 quem
1010 1869 1117 1924 tibi
1174 1870 1583 1942 evangelizavi,
1641 1874 1700 1925 et
1756 1869 2123 1925 Christianus

482 1961 720 2016 effectus
767 1975 852 2028 es,
881 1958 1135 2030 teipsum
1183 1958 1326 2013 mihi
1356 1959 1551 2014 debes.
1586 1959 1747 2024 Quod
1781 1958 1831 2013 si
1862 1963 1923 2013 tu
1958 1974 2124 2013 meus

482 2067 565 2119 es,
589 2054 645 2105 et
676 2054 776 2104 tua
806 2047 1001 2103 omnia
1031 2065 1161 2103 mea
1190 2053 1331 2103 sunt
1360 2066 1372 2103 :
1403 2047 1712 2104 Onesimus
1740 2063 1994 2120 quoque,
2022 2046 2127 2119 qui

482 2144 624 2194 tuus
653 2143 762 2204 est,
794 2154 960 2193 meus
991 2143 1098 2192 est.
1136 2141 1399 2192 Poteram
1432 2137 1613 2209 igitur
1643 2153 1708 2192 eo
1740 2136 1824 2192 uti
1854 2141 1919 2191 ut
1950 2152 2079 2192 meo
2108 2152 2121 2202 ;

482 2229 583 2284 sed
615 2226 897 2283 voluntati
947 2230 1058 2281 tuae
1105 2225 1392 2297 relinquo,
1432 2230 1495 2281 ut
1541 2227 1866 2282 mercedem
1908 2226 2126 2281 habeas

482 2317 854 2387 ignoscendo.

554 2404 741 2475 (Vers.
763 2403 878 2475 20.)
916 2426 935 2451 α
964 2403 1071 2469 Ita,
1096 2402 1293 2474 frater,
1317 2419 1421 2474 ego
1452 2408 1506 2458 te
1538 2405 1698 2459 fruar
1728 2404 1786 2458 in
1810 2403 2070 2459 Domino.
2092 2423 2118 2455 η

481 2492 901 2565 Proprietatem
934 2491 1187 2546 Graecam
1222 2492 1461 2547 Latinus
1493 2509 1684 2549 sermo
1728 2510 1843 2547 non
1877 2496 1893 2528 ¹
1946 2490 2125 2564 expli-

482 2586 596 2637 cat.
646 2581 808 2644 Quod
862 2579 1016 2635 enim
1070 2579 1170 2651 ait,
1221 2578 1328 2647 ναὶ,
1384 2576 1581 2654 ἀδελφέ
1628 2597 1640 2635 :
1692 2579 1773 2634 ναὶ
1830 2582 2126 2652 quoddam

484 2668 655 2742 quasi
683 2669 1021 2725 adverbium
1056 2668 1412 2725 blandientis
1439 2676 1546 2725 est.
1578 2670 1692 2725 Nos
1724 2675 1920 2725 autem
1950 2669 2126 2726 inter-

482 2764 800 2832 pretantes,
835 2760 935 2831 ita,
978 2761 1172 2829 frater,
1214 2759 1490 2830 aquatius
1538 2763 1594 2814 et
1640 2758 1884 2815 dilutius
1934 2760 2127 2816 nescio

487 2847 628 2921 quid
678 2847 866 2919 magis
916 2848 1075 2903 aliud
1130 2863 1309 2919 quam
1358 2846 1417 2902 id
1467 2849 1620 2919 quod
1673 2852 1763 2903 est
1817 2847 2126 2921 scriptum,

486 2954 789 2994 sonamus.
823 2936 986 2992 Sicut
1014 2937 1169 2992 enim
1201 2951 1354 2992 ANNA
1383 2937 1541 3007 (nm)
1582 2936 1725 2992 illud
1757 2938 2128 3005 Hebraicum,

487 3043 593 3099 pro
641 3043 756 3097 quo
811 3026 1142 3097 frequenter
1176 3026 1326 3080 760
1357 3025 1741 3097 Septuaginta
1787 3026 2132 3098 interpretes

492 3117 537 3168 ὦ
569 3110 635 3182 δὴ
668 3113 1117 3184 transtulerunt,
1152 3114 1211 3169 in
1241 3113 1443 3186 lingua
1471 3131 1579 3170 sua
1606 3115 1899 3186 significat
1928 3116 2128 3188 depre-

491 3206 680 3265 cantis
728 3206 996 3262 affectum
1031 3222 1043 3259 :
1100 3206 1251 3260 unde
1290 3220 1715 3275 nonnunquam
1746 3204 2133 3274 Symmachus
2163 3188 2206 3254 C

491 3314 596 3371 pro
642 3314 817 3362 ANNA,
863 3290 1078 3365 δέομαι,
1110 3293 1218 3348 hoc
1249 3296 1356 3363 est,
1389 3293 1621 3359 obsecro,
1655 3293 1956 3348 transtulit
1987 3311 2000 3349 :
2054 3294 2137 3349 ita

486 3392 546 3444 et
574 3404 681 3443 nos
702 3385 967 3441 eamdem
991 3384 1047 3438 in
1070 3383 1266 3438 Graeca
1285 3381 1488 3453 lingua
1508 3381 1623 3437 vim
1652 3382 1931 3453 patimur,
1956 3400 2132 3454 quam

486 3475 667 3531 Graeci
699 3472 994 3530 sustinent
1024 3472 1081 3526 in
1106 3471 1363 3527 Hebraea.
1388 3472 1550 3537 Quod
1575 3475 1770 3526 autem
1799 3471 1881 3526 ait
1909 3489 1922 3527 :
1950 3473 2061 3541 Ego
2085 3480 2133 3529 te

482 3566 650 3635 fruar
677 3564 737 3617 in
765 3563 1011 3631 Domino,
1044 3558 1200 3615 aliud
1237 3559 1419 3615 multo
1452 3559 1800 3632 intelligitur
1823 3578 1997 3631 quam
2031 3579 2131 3634 pu-

481 3655 660 3707 tatur.
693 3648 1007 3722 Apostolus
1056 3665 1170 3703 non
1204 3649 1416 3703 fruitur
1447 3648 1558 3703 nisi
1591 3665 1657 3703 eo
1689 3648 1787 3720 qui
1822 3648 2038 3706 multas
2069 3651 2128 3707 in

479 3755 545 3797 se
591 3739 766 3795 habet
814 3737 1303 3807 concinentesque
1350 3738 1619 3803 virtutes,
1651 3743 1707 3792 et
1735 3743 1923 3793 totum
1970 3741 2127 3811 quod

480 3828 750 3885 Christus
780 3825 1043 3883 dicitur"
1070 3842 1174 3897 pro
1205 3825 1481 3881 varietate
1510 3842 1821 3882 causarum
1859 3846 1872 3884 :
1906 3830 2129 3901 sapien-

478 3917 623 3974 tiam
653 3915 938 3983 videlicet,
964 3914 1284 3986 justitiam,
1318 3914 1758 3984 continentiam,
1793 3922 2130 3974 mansuetu-

478 4006 697 4076 dinem,
730 4003 1202 4077 temperantiam,
1229 4002 1559 4059 castitatem
1586 4019 1598 4057 :
1632 4005 1738 4060 has
1773 4006 2129 4078 imprecetur

475 4097 806 4153 Philemoni
846 4113 858 4151 :
910 4100 974 4150 ut
1020 4110 1153 4149 cum
1184 4093 1277 4148 his
1307 4093 1710 4163 abundaverit,
1741 4094 1866 4166 ipse
1896 4111 1961 4150 eo
1996 4113 2126 4168 per-

476 4186 681 4242 fruens
703 4184 1035 4257 impleatur.
1061 4184 1129 4237 Et
1150 4198 1221 4237 ne
1246 4186 1412 4253 putes
1435 4180 1596 4236 illam
1627 4182 1963 4239 fruitionem
1988 4184 2122 4257 dici,

477 4290 594 4346 qua
640 4290 747 4329 nos
796 4290 948 4344 saepe
993 4270 1173 4327 nostri
1219 4270 1367 4326 inter
1395 4288 1502 4326 nos
1534 4272 1844 4342 praesentia
1873 4270 2121 4329 delecta-

476 4378 631 4429 mur,
664 4361 908 4429 addidit,
942 4363 1003 4415 in
1030 4362 1263 4416 Domino
1295 4379 1313 4415 :
1367 4364 1431 4415 ut
1478 4376 1546 4415 ex
1593 4377 1659 4415 eo
1706 4362 1861 4433 quod
1893 4360 2123 4418 Domini

473 4468 685 4507 nomen
737 4451 1079 4522 adjunctum
1130 4454 1238 4514 est,
1273 4448 1712 4521 intelligeretur,
1746 4455 1803 4505 et
1844 4450 1958 4506 alia
1995 4468 2125 4509 esse

468 4541 688 4610 fruitio,
724 4536 839 4612 qua
868 4541 1001 4611 quis
1032 4540 1255 4610 absque
1286 4538 1531 4593 Domino
1564 4539 1916 4610 perfruatur.

539 4653 567 4681 ‹‹
602 4631 789 4686 Reﬁce
835 4633 1058 4683 viscera
1111 4644 1239 4682 mea
1290 4627 1347 4681 in
1401 4627 1650 4683 Christo.
1688 4652 1715 4677 ››
1768 4629 1932 4684 Sicut
1990 4630 2115 4702 ipse

2231 537 2567 603 Onesimus,
2623 553 2797 609 quem
2856 536 2914 591 in
2974 534 3225 591 vinculis
3278 535 3488 593 Christo
3536 538 3720 610 genuit.
3744 540 3793 597 Si

2232 627 2567 698 posterius:
2623 627 2683 681 in
2733 624 2963 683 Christo
3018 624 3362 683 reficiendus
3412 629 3493 682 est
3537 626 3792 685 Onesimus

2231 733 2265 770 a
2296 714 2652 783 Philemone,
2678 715 2819 771 dum
2851 716 2979 786 ejus
3010 714 3069 769 in
3097 714 3321 785 Christo
3351 715 3675 772 sermonibus
3701 731 3802 773 eru-

2232 804 2409 859 ditur.

2303 893 2486 964 (Vers.
2517 893 2632 965 21.)
2682 915 2702 942 α
2739 892 3047 948 Confidens
3075 893 3146 948 de
3174 891 3493 949 obedientia
3515 896 3606 948 tua
3632 891 3803 965 scripsi

2231 982 2337 1037 tibi
2374 1000 2385 1038 :
2438 983 2630 1038 sciens
2660 982 2939 1054 quoniam
2971 998 3149 1054 super
3176 978 3236 1036 id
3266 981 3414 1053 quod
3441 980 3558 1036 dico
3584 980 3749 1036 facies.
3778 1001 3802 1030 υ

2231 1070 2339 1135 Qui
2373 1071 2673 1142 priesumit
2699 1071 2768 1126 de
2796 1087 2863 1127 eo
2895 1087 3068 1142 quem
3100 1074 3406 1143 rogaturus
3426 1074 3532 1140 est,
3554 1068 3667 1141 ipsa
3690 1084 3805 1140 quo-

2231 1160 2546 1215 dammodo
2593 1161 3050 1232 praesumptione
3088 1159 3444 1231 przejudicat,
3473 1173 3540 1213 ne
3564 1156 3612 1212 ei
3639 1171 3808 1228 negare

2234 1248 2406 1304 liceat
2436 1249 2589 1320 quod
2639 1253 2894 1320 rogatur.
2929 1252 3105 1304 Porro
3136 1247 3185 1303 si
3216 1247 3329 1303 scit
3356 1245 3449 1302 ille
3474 1244 3566 1318 qui
3591 1243 3803 1318 postulat

2232 1336 2549 1409 plusquam
2601 1337 2847 1410 rogavit,
2892 1340 3161 1410 rogatum
3211 1351 3339 1391 esse
3386 1334 3669 1389 futurum:
3712 1331 3811 1387 ideo

2236 1426 2465 1482 minora
2514 1426 2676 1499 petit,
2720 1430 2788 1480 ut
2833 1425 3046 1481 habeat
3090 1428 3331 1498 rogatus
3377 1420 3745 1487 voluntariam,
3769 1423 3815 1476 et

2235 1515 2520 1586 majorem
2574 1514 2947 1586 praestatione
2997 1513 3347 1569 mercedem.
3376 1511 3428 1567 Si
3459 1515 3640 1566 autem
3668 1506 3819 1564 Phile-

2235 1620 2372 1658 mon
2428 1603 2550 1658 haec
2597 1603 2670 1658 ad
2721 1601 2977 1658 hominis
3026 1605 3378 1674 praeceptum
3425 1598 3596 1655 facit:
3644 1599 3816 1670 quanto

2236 1692 2424 1765 magis
2485 1691 2657 1748 faciet
2714 1691 2786 1747 oh
2840 1689 3213 1747 dilectionem
3261 1688 3408 1747 Dei?
3455 1687 3607 1745 Unde
3655 1682 3818 1742 merito

2235 1779 2498 1853 Apostoli
2529 1795 2663 1835 voce
2694 1778 2969 1835 laudatur
2999 1797 3013 1835 :
3056 1779 3209 1851 quod
3243 1777 3516 1834 mandata
3540 1776 3657 1847 ejus
3682 1786 3819 1845 opere

2236 1874 2559 1942 praevertat,
2610 1873 2668 1925 et
2720 1869 2905 1942 possit
2949 1867 3188 1925 dicere:
3246 1867 3557 1925 Voluntaria
3600 1864 3698 1921 ori:
3736 1860 3821 1916 mei

2231 1961 2604 2031 complaceant
2632 1959 2752 2028 tibi,
2775 1959 3008 2015 Domine
3035 1958 3148 2028 (Ps.
3180 1974 3374 2025 cxvm,
3408 1953 3527 2027 108)
3557 1970 3570 2008 :
3616 1951 3822 2022 plusque

2234 2049 2455 2105 faciens
2504 2064 2681 2120 quam
2734 2053 3086 2120 praeceptum
3127 2050 3237 2112 est,
3268 2046 3459 2103 vincat
3486 2059 3580 2099 eos
3606 2040 3697 2114 qui
3720 2044 3822 2094 tan-

2234 2137 2542 2193 tummodo
2572 2135 2858 2209 imperata
2894 2136 3174 2206 fecerunt,
3207 2139 3266 2191 et
3307 2134 3585 2206 jubentur
3628 2128 3821 2185 dicere:

2234 2226 2393 2282 Servi
2440 2227 2665 2283 inutiles
2709 2241 2925 2290 sumus,
2956 2225 3105 2295 quod
3154 2223 3441 2279 debuimus
3488 2223 3676 2294 facere,
3706 2214 3820 2271 τοι

2233 2317 2463 2387 fecimus
2493 2316 2644 2387 (Luc.
2667 2331 2806 2385 xvn,
2834 2314 2941 2386 10).
2966 2312 3290 2385 Virgi’nitas
3314 2326 3544 2384 quoque
3570 2310 3826 2381 propterea

2237 2404 2445 2477 majori
2474 2404 2712 2477 praemio
2734 2406 3048 2458 coronatur
3071 2418 3086 2459 :
3109 2401 3252 2473 quia
3276 2403 3621 2473 praeceptum
3640 2388 3831 2452 Domini

2238 2511 2352 2550 non
2380 2493 2576 2559 habet,
2600 2497 2656 2549 et
2678 2491 2830 2547 ultra
2852 2491 3140 2564 imperata
3161 2506 3225 2546 se
3247 2488 3436 2547 tendit
3453 2489 3501 2560 (1
3514 2486 3627 2544 Cor.
3644 2480 3832 2550 “1.25).

2308 2582 2494 2654 (Vers.
2519 2582 2634 2652 22.)
2667 2605 2692 2632 α
2718 2580 2903 2638 Simul
2953 2584 3149 2637 autem
3176 2584 3237 2636 et
3281 2593 3541 2652 praepara
3575 2570 3836 2632 mihihos-

2238 2673 2468 2744 pitium.
2508 2693 2535 2720 ››
2579 2671 2703 2727 Non
2738 2675 2877 2742 puto
2907 2674 3028 2726 tam
3059 2669 3302 2726 divitem
3334 2668 3512 2724 fuisse
3536 2659 3834 2737 Apostolum

2238 2767 2295 2817 et
2323 2762 2504 2817 tantis
2551 2759 2799 2816 sarcinis
2845 2762 3221 2831 occupatum,
3256 2762 3322 2815 ut
3349 2758 3657 2830 praeparato
3681 2746 3841 2823 egeret

2239 2849 2493 2921 hospitio
2523 2850 2565 2915 ³,
2621 2853 2680 2905 et
2730 2866 2845 2904 non
2893 2865 3014 2905 una
3056 2851 3370 2903 contentus
3423 2843 3646 2913 cellula,
3673 2840 3839 2896 breves

2241 2939 2499 3011 corporis
2529 2938 2622 2994 sui
2645 2937 2833 3010 spatio
2858 2938 3032 3008 aedes,
3055 2936 3461 3008 amplissimas
3490 2928 3839 2989 existimaret:

2241 3030 2341 3085 sed
2392 3033 2458 3083 ut
2501 3028 2642 3083 dum
2674 3044 2809 3083 eum
2840 3029 3135 3099 exspectat
3165 3026 3276 3096 [Αι.
3309 3022 3555 3098 spectat]
3583 3017 3840 3074 Philemon

2244 3118 2317 3174 ad
2367 3134 2429 3173 se
2478 3133 2606 3173 esse
2650 3122 2984 3185 venturum,
3018 3114 3210 3187 magis
3259 3115 3435 3170 faciat
3463 3109 3615 3184 quod
3643 3107 3842 3178 rogatus

2245 3212 2352 3265 est.
2386 3207 2443 3263 Si
2477 3210 2673 3261 autem
2705 3205 2814 3261 hcc
2845 3222 2960 3262 non
2992 3202 3444 3277 dispensatoris,
3467 3201 3565 3257 sed
3593 3212 3716 3254 vere
3740 3189 3845 3265 quis

2243 3297 2540 3353 existimat
2581 3295 2959 3367 imperatum,
2991 3297 3057 3350 ut
3087 3292 3200 3350 sibi
3230 3291 3557 3365 hospitium
3583 3282 3845 3361 preparelv

2243 3385 2503 3459 apostolo
2553 3385 2742 3457 magis
2772 3400 2950 3455 quam
2981 3381 3159 3440 Paulo
3198 3381 3529 3454 hospitium
3561 3383 3848 3450 praeparan-

2242 3477 2384 3530 dum
2434 3478 2540 3530 est.
2573 3472 2870 3529 Venturus
2911 3473 2983 3528 ad
3015 3488 3225 3528 novam
3260 3470 3582 3534 civitatem,
3611 3459 3848 3537 pradica-

2243 3569 2409 3619 turus
2456 3562 2831 3628 Crucitixum,
2863 3567 2922 3617 et
2954 3560 3223 3617 inaudita
3251 3561 3534 3633 dogmata
3562 3553 3848 3611 delaturos,

2241 3652 2463 3709 sciebat
2514 3652 2586 3706 ad
2639 3667 2701 3706 se
2748 3650 3037 3722 plurimos
3083 3664 3517 3706 concursuros:
3566 3647 3623 3700 et
3648 3646 3849 3697 necesse

2238 3747 2361 3799 erat
2389 3742 2670 3814 primum,
2693 3744 2760 3795 ut
2789 3740 3001 3795 domus
3031 3738 3087 3794 in
3120 3737 3336 3795 celebri
3364 3741 3520 3794 esset
3548 3731 3706 3822 urbis
3731 3727 3848 3822 loco:

2238 3833 2310 3887 ad
2363 3847 2542 3903 quam
2586 3828 2754 3885 facile
2791 3827 3219 3884 conveniretur.
3252 3826 3499 3893 Deinde,
3529 3827 3596 3879 ut
3623 3820 3692 3877 ab
3720 3820 3851 3873 omni

2234 3920 2316 3976 im
2325 3919 2742 3992 portunitatate
2762 3934 2944 3974 vacua
2966 3934 2979 3974 :
3005 3921 3070 3973 ut
3090 3916 3314 3990 ampla,
3337 3931 3468 3989 qum
3489 3910 3762 3987 plurimos
3778 3918 3852 3992 ca-

2237 3991 2397 4081 peret
2417 4006 2812 4064 audientium:
2831 4023 2905 4062 ne
2924 4004 3191 4078 proxima
3211 4001 3683 4079 spectaculorum
3706 3991 3849 4050 locis:

2237 4115 2308 4153 ne
2336 4097 2494 4169 turpi
2522 4094 2735 4152 vicinia
2755 4092 3156 4151 detestabilis:
3194 4098 3499 4166 postremo
3531 4094 3597 4146 ut
3624 4087 3680 4142 in
3713 4082 3854 4157 plano

2235 4187 2426 4258 potius
2455 4190 2611 4242 esset
2636 4185 2750 4241 sita
2780 4199 2957 4256 quam
2986 4182 3047 4239 in
3078 4182 3409 4239 cmuaculo.
3432 4182 3620 4247 Quam
3646 4174 3716 4231 ob
3740 4183 3853 4227 cau-

2233 4292 2360 4331 sam
2391 4292 2524 4331 eum
2555 4272 2827 4330 existimo
2857 4272 3034 4329 etiam
3068 4272 3268 4328 Romae
3307 4271 3369 4327 in
3403 4267 3688 4327 conducto
3716 4272 3856 4317 man-

2233 4364 2380 4420 sisse
2428 4362 2730 4419 biennium
2780 4362 2887 4434 [Αι.
2921 4360 3199 4432 biennio].
3233 4361 3357 4417 Nec
3408 4373 3609 4432 parva,
3641 4357 3702 4410 ut

2232 4457 2357 4510 erat
2385 4451 2636 4520 mansio,
2667 4451 2742 4507 ad
2772 4467 2952 4524 quam
2989 4450 3338 4506 Judzeorum
3391 4447 3578 4505 turba
3629 4434 3857 4516 quotidie

2149 4560 2195 4624 ο
2230 4540 2619 4598 conﬂuebant.

2300 4653 2328 4681 «
2357 4635 2533 4703 Spero
2586 4629 2741 4686 enim
2792 4645 2895 4701 per
2944 4628 3239 4686 orationes
3290 4630 3528 4685 vestras
3558 4615 3755 4680 donari
3779 4623 3856 4670 me

463 4720 578 4775 frui
631 4719 755 4775 vult
792 4717 1130 4772 Philemone
1163 4717 1219 4770 in
1254 4716 1547 4771 Domino:
1601 4716 1680 4770 ita
1727 4718 1947 4773 viscera
2002 4736 2111 4775 sua
2218 4702 2409 4776 vobis.
2439 4743 2468 4769 ››
2526 4717 2735 4775 Filium
2788 4717 2965 4786 Patri,
3000 4718 3159 4774 Deus
3208 4721 3460 4789 rogatus
3507 4709 3784 4781 indulget,
3810 4702 3858 4757 οἱ

462 4808 1025 4879 Onesimum,quem
1050 4810 1106 4861 et
1129 4804 1401 4876 superius
1424 4805 1625 4859 eodem
1650 4806 1885 4860 nomine
1916 4806 2109 4879 appel-
2220 4809 2396 4865 frater
2451 4825 2603 4881 saepe
2662 4807 2858 4864 fratris
2914 4808 3174 4863 oratione
3226 4810 3525 4862 servatur.
3570 4791 3855 4881 Apostolus

460 4899 619 4967 lavit,
679 4898 833 4953 reﬁci
870 4878 1014 4952 ivult
1081 4912 1182 4967 per
1249 4894 1662 4961 Philemonem,
1713 4899 1769 4949 et
1833 4878 2107 4969 ambigue
2219 4904 2417 4954 autem
2481 4878 2660 4953 totius
2716 4896 2985 4953 Ecclesia:
3061 4896 3343 4968 precibus
3402 4889 3759 4950 conceditur,
3796 4878 3857 4936 ob

459 4988 682 5043 dictum
716 5005 728 5055 ;
770 4992 967 5041 utrum
1000 4986 1218 5040 viscera
1252 4982 1410 5037 Pauli
1444 4983 1499 5036 in
1532 4982 1762 5038 Christo
1793 4983 2105 5043 Onesimus
2215 5004 2420 5043 eorum
2453 4987 2553 5059 qui
2604 5003 2736 5042 eum
2775 4985 3033 5042 audituri
3082 4989 3221 5040 sunt
3252 4982 3580 5039 utilitatem
3609 4978 3744 5047 (Act.
3772 4983 3857 5034 XII:

460 5077 540 5133 sit
573 5094 585 5133 :
637 5095 707 5131 an
749 5076 971 5132 viscera
1000 5074 1163 5129 Pauli
1195 5072 1507 5128 Onesimus
1557 5088 1658 5144 per
1705 5072 2101 5129 Philemonem
2208 5076 2379 5145 5-15).
2414 5075 2479 5130 Et
2507 5075 2616 5130 hoc
2646 5075 2889 5145 donum,
2931 5091 3046 5130 non
3076 5079 3196 5130 tam
3229 5073 3293 5128 in
3323 5087 3475 5129 eum.
3496 5067 3713 5125 dicitur
3741 5071 3855 5117 esse

457 5167 518 5222 in
571 5166 799 5223 Christo
848 5164 1159 5219 reﬁcienda
1214 5162 1349 5217 sint.
1401 5163 1458 5215 Si
1515 5161 1786 5234 superius
1842 5163 2103 5236 accipere
2208 5161 3393 5238 quidefertur[AI.ditferturjamartyrio
3417 5159 3493 5217 ad
3518 5151 3851 5225 martyrium

532 5329 547 5361 ί
582 5323 841 5395 Negandi
867 5323 1419 5395 particulam,quam
1446 5324 1939 5397 temereMartian.
1961 5342 2101 5397 prae-

454 5397 728 5465 termisit,
745 5396 926 5451 nostri
956 5413 1097 5450 mss.
1114 5402 1447 5467 veteresque
1463 5395 1602 5451 editi
1624 5395 1752 5450 libri
1773 5395 2095 5452 suffici—unt.

525 5471 547 5503 ²
581 5468 784 5523 Maluit
812 5469 966 5522 idem
1000 5467 1290 5533 Martian.,
1322 5468 1463 5538 quod
1492 5469 1695 5523 Christi
1721 5469 1947 5523 dicitur.

523 5540 545 5574 ³
575 5539 725 5595 Olim
757 5545 900 5605 erat,
933 5542 993 5593 ut
1034 5540 1106 5594 de
1140 5538 1501 5609 praeparando
1540 5548 1729 5610 ageret
1760 5540 2011 5611 hospitio,
2042 5545 2095 5596 et

448 5626 558 5676 non
609 5627 721 5668 una
763 5614 1044 5669 contentus
1087 5611 1305 5685 cellula,
1349 5611 1507 5667 breve
1552 5612 1792 5684 corporis
1840 5612 1932 5667 sui
1970 5626 2093 5686 spa-

2205 5327 2366 5393 tium,
2431 5324 2570 5381 mdes
2634 5325 3005 5396 amplissimas
3067 5323 3438 5396 existimaret.
3500 5315 3846 5396 Impressatn

2205 5384 2510 5453 lectionem
2542 5384 2801 5452 restituit
2822 5396 3181 5469 jampridem
3210 5392 3540 5458 Victorius,
3573 5384 3849 5469 eaplicat:

2207 5485 2319 5545 que
2367 5470 2578 5545 ita,_ut
2622 5463 3230 5545 etiamfhre—vissimas
3286 5468 3346 5545 et
3404 5463 3851 5545 angustissimas

2206 5533 2377 5615 édes,
2408 5533 2767 5615 cristimaret
2794 5539 3110 5615 Apostolus
3154 5533 3571 5611 amplissimas
3609 5533 3703 5590 sui
3733 5537 3853 5586 oor-

2204 5614 2365 5689 poris
2394 5611 2613 5688 spatio.
