4066 6190
228 369 359 433 853

1118 371 1635 435 COMMENTAR.
1682 375 1760 434 IN
1804 372 2055 434 EPIST.
2102 375 2206 433 AD
2249 368 2798 433 PHILEMONEM.

3542 375 3661 433 654

223 505 625 576 praeparatus,
660 518 836 574 quam
870 501 928 556 in
962 518 1061 557 eos
1092 503 1162 557 ad
1196 519 1345 574 quos
1372 506 1687 576 Apostolus
1720 504 1900 561 mitti-
1932 505 1986 572 Α
2018 504 2282 560 indicant
2328 520 2505 575 quam
2546 503 2960 560 Tharsensem.
2993 505 3149 570 Quod
3186 505 3233 560 si
3269 506 3349 561 ita
3378 510 3483 577 est,
3520 523 3660 578 pos-

232 594 360 649 'tur.
394 592 559 656 Quod
592 596 792 647 autem
840 592 1043 647 erebro
1078 591 1293 647 Paulus
1334 592 1390 648 in
1450 610 1679 650 carcere
1712 595 1903 662 fuerit,

245 682 400 739 etde
427 679 677 737 vinculis
707 679 991 736 liberatus
1045 680 1142 746 sit,
1178 680 1302 752 ipse
1334 682 1389 735 in
1424 683 1537 738 alio
1568 682 1693 738 loco
1726 681 1904 737 dicit:

248 775 319 830 In
351 770 664 828 carceribus
704 770 1049 844 frequenter,
1073 772 1143 839 (Il
1174 770 1294 827 Cor.
1328 788 1404 841 χι,
1436 772 1547 843 25),
1591 772 1659 827 de
1691 771 1908 844 quibus

251 875 681 931 nonnunquam
717 858 948 913 Domini
978 854 1423 926 auxili),crebro
1456 860 1599 932 ipsis
1638 876 1907 931 persecu-

252 948 482 1005 toribus
536 945 679 1002 nihil
713 945 958 1018 dignum
1014 947 1071 1001 in
1120 964 1185 1003 eo
1238 954 1422 1004 morte
1478 949 1909 1004 invenientibus

254 1035 681 1093 dimittebatur.
715 1035 976 1090 Necdum
1026 1036 1181 1091 enim
1232 1054 1407 1108 super
1457 1037 1691 1092 nomine
1745 1036 1909 1091 Chri-

255 1127 448 1183 stiano
514 1122 1030 1181 senatusconsulta
1096 1130 1513 1196 praecesserant

255 1214 655 1271 Christianum
685 1212 1037 1285 sanguinem
1061 1212 1308 1268 Neronis
1335 1214 1568 1286 gladius
1592 1214 1907 1269 dedicarat.

257 1304 371 1360 Sed
403 1320 506 1379 pro
537 1302 794 1357 novitate
829 1301 1284 1373 praedicationis,
1307 1303 1425 1357 sive
1456 1320 1489 1358 a
1517 1303 1734 1359 Judazis
1768 1302 1911 1357 invi-

258 1392 558 1459 dentibus,
583 1391 703 1447 sive
726 1390 798 1446 ab
825 1390 919 1445 his
940 1388 1040 1462 qui
1063 1407 1171 1446 sua
1192 1390 1467 1446 videbant
1492 1392 1647 1447 idola
1668 1390 1910 1459 destrui,

262 1482 335 1535 ad
367 1481 621 1535 furorem
655 1477 891 1551 populis
922 1480 1249 1549 concitatis,
1284 1479 1449 1534 missi
1492 1480 1548 1534 in
1599 1496 1909 1547 carcerem,

264 1585 506 1625 rursum
551 1568 770 1639 impetu
811 1572 867 1622 et
900 1566 1093 1621 furore
1124 1568 1410 1639 deposito,
1451 1570 1600 1625 762
1631 1568 1912 1623 laxaban-

263 1664 384 1714 tur.
418 1658 487 1713 Et
523 1655 629 1712 hoc
668 1656 751 1711 ita
779 1671 909 1711 esse
942 1659 1009 1710 ut
1038 1655 1312 1727 dicimus,
1344 1656 1739 1727 apostolorum
1773 1662 1917 1712 Acta

266 1751 581 1816 testantur,
606 1745 666 1801 in
689 1744 903 1817 quibus
926 1748 983 1800 et
1002 1743 1160 1799 Felix
1188 1744 1449 1816 loquitur
1470 1746 1540 1801 ad
1564 1747 1913 1818 Agrippam:

264 1836 533 1909 potuisse
562 1833 782 1891 dimitti
813 1832 1084 1903 Paulum,
1118 1834 1165 1889 si
1199 1850 1314 1888 non
1349 1833 1704 1906 appellasset
1732 1839 1916 1890 Caesa-

265 1942 389 1982 rem
422 1924 559 1998 (Aet.
593 1940 745 1987 xxvi,
776 1924 891 1992 32).
928 1927 991 1977 Et
1019 1922 1159 1995 quia
1188 1922 1412 1978 nullam
1453 1924 1737 1978 invenerit
1780 1939 1914 1978 cau-

262 2029 391 2069 sam
423 2016 635 2085 praater
664 2012 1015 2083 quaestiones
1046 2011 1335 2082 quasdam
1367 2012 1439 2067 de
1470 2011 1746 2083 religione
1782 2028 1914 2084 pro-

216 2130 225 2139 -
266 2101 419 2174 pria,
452 2105 511 2156 et
538 2101 610 2156 de
638 2100 890 2172 quodam
920 2099 1084 2165 Jesu,
1106 2117 1282 2171 quem
1314 2103 1531 2156 Paulus
1562 2101 1750 2157 vivere
1779 2118 1920 2173 prae-

264 2190 503 2246 dicabat
550 2188 708 2260 (Ibid.
744 2189 917 2260 1-31).
969 2194 1049 2243 EX
1101 2206 1215 2261 quo
1265 2188 1813 2260 animadvertimus,
1864 2193 1922 2244 et

266 2297 304 2335 a
331 2278 555 2334 caeteris
596 2277 901 2349 judicibus
945 2277 1220 2333 similiter
1246 2295 1345 2333 eos
1379 2278 1640 2350 potuisse
1677 2278 1918 2344 dimitti,

269 2368 332 2423 id
382 2366 589 2442 agente
621 2367 882 2435 Domino,
918 2370 982 2421 ut
1024 2371 1148 2422 toto
1198 2368 1337 2423 orbe
1388 2384 1535 2423 nova
1585 2365 1919 2440 pradicatio

273 2456 784 2513 disseminaretur.

348 2544 532 2616 (Vers.
562 2546 654 2617 23,
674 2545 787 2616 23).
823 2567 851 2595 «
873 2543 1103 2601 Salutat
1131 2548 1190 2602 te
1217 2545 1519 2617 Epaphras
1551 2544 1927 2616 concaptivus

285 2650 456 2690 meus
522 2635 580 2689 in
638 2634 870 2689 Christo
936 2633 1075 2689 Jesu
1129 2650 1145 2688 :
1204 2635 1455 2704 Marcus,
1524 2633 1925 2700 Aristarchus,

285 2723 521 2795 Demas,
582 2723 767 2778 Lucas
823 2727 1226 2794 cooperatores
1282 2723 1415 2779 mei.
1450 2744 1479 2773 »
1538 2723 1601 2777 ld
1660 2722 1816 2795 quod
1870 2722 1928 2777 in

284 2812 573 2885 principio
636 2812 1005 2876 dicebamus,
1074 2811 1353 2884 quoniam
1420 2812 1491 2868 ad
1559 2811 1931 2868 Colossenses

286 2900 546 2974 Epistula
582 2902 786 2957 eodem
837 2901 894 2956 in
943 2905 1223 2973 tempore,
1256 2906 1312 2957 et
1342 2917 1445 2972 per
1472 2902 1746 2957 eumdem
1777 2904 1933 2956 esset

284 2990 505 3063 scripta
551 2989 818 3062 bajulum
861 2989 1211 3057 litterarum,
1245 3005 1362 3061 quo
1410 2990 1482 3045 ad
1531 2988 1932 3045 Philemonem

284 3096 522 3152 quoque
552 3081 839 3151 scriptum
868 3082 977 3151 est,
1009 3078 1182 3135 etiam
1215 3095 1418 3135 eorum
1459 3079 1557 3151 qui
1610 3078 1935 3134 salutantes

287 3168 651 3224 inducuntur
702 3168 937 3223 nomina
983 3168 1209 3225 docent.
1268 3168 1413 3226 Nam
1462 3173 1519 3223 et
1565 3168 1620 3222 in
1673 3168 1803 3239 ipsa
1854 3166 1935 3221 ita

2018 610 2225 649 sumus
2246 597 2303 649 et
2322 592 2651 665 Epaphram
2676 591 2771 647 illo
2800 598 3058 664 tempore
3084 597 3317 664 captum
3346 595 3657 666 suspicari,

2020 700 2133 753 quo
2167 687 2370 753 captus
2402 687 2487 737 est
2524 680 2739 736 Paulus
2773 698 2784 735 :
2818 684 2875 735 et
2906 697 3037 734 cum
3072 683 3413 751 parentibus
3445 684 3568 739 suis
3602 683 3660 738 in

2018 770 2269 827 Colossis
2331 771 2471 825 urbe
2539 771 2687 824 Asiae
2754 768 3123 840 collocatum,
3181 769 3395 825 Christi
3462 777 3663 842 postea

2019 859 2272 931 recipere
2301 875 2648 914 sermonem.
2691 859 2839 913 763
2872 857 3034 913 Unde
3065 859 3135 913 ad
3166 857 3563 925 Colossenses,
3598 865 3664 915 ut

1982 966 2198 1019 .supra
2256 948 2534 1013 diximus,
2587 948 2909 1002 scribitur:
2962 947 3180 1003 Salutat
3234 965 3325 1004 vos
3379 948 3664 1019 Epaphras

2019 1039 2119 1108 qui
2166 1042 2245 1091 est
2300 1054 2367 1091 ex
2413 1038 2580 1103 z'obis,
2631 1052 2815 1091 servus
2870 1036 3097 1103 Christi,
3142 1053 3353 1108 semper
3396 1038 3665 1093 sollicitus

1575 1143 1587 1180 :
1659 1126 1909 1181 necdum
2015 1142 2117 1197 pro
2166 1116 2311 1181 vobis
2360 1127 2423 1179 in.
2470 1125 2817 1180 orationibus
2865 1126 3091 1196 (Coloss.
3127 1144 3200 1193 ιν,
3237 1126 3344 1198 12).
3377 1126 3494 1182 Hoc
3523 1128 3668 1183 sise

2022 1216 2103 1270 ita
2132 1214 2365 1278 habeat,
2396 1219 2453 1269 et
2485 1214 2862 1269 Aristarchus
2895 1214 2992 1285 qui
3027 1215 3401 1286 concaptivus
3432 1218 3562 1287 ejus
3606 1216 3667 1272 in

2022 1304 2221 1359 eadem
2257 1302 2516 1373 Epistula
2560 1303 2777 1357 dicitur
2810 1306 2849 1369 ί,
2904 1304 2973 1357 ad
3027 1304 3290 1358 eamdem
3345 1304 3672 1377 intelligen-

2022 1393 2163 1446 tiam
2216 1392 2535 1447 deducetur
2568 1409 2580 1445 :
2634 1391 2744 1447 nisi
2787 1392 2934 1447 forte
2966 1392 3330 1447 reconditum
3364 1392 3584 1465 aliquid
3616 1397 3674 1450 et

2024 1486 2341 1549 sacratum,
2375 1487 2437 1535 ut
2484 1480 2724 1552 quidam
2760 1486 2988 1552 putant,
3025 1481 3081 1535 in
3114 1481 3288 1537 verbo
3319 1482 3672 1553 captivitatis

2024 1572 2354 1626 ostenditur
2400 1570 2514 1641 (At.
2560 1570 2860 1641 ostendit],
2915 1570 3068 1640 quod
3128 1571 3283 1641 capti~
3342 1570 3560 1642 pariter
3615 1575 3675 1626 et

2022 1659 2222 1729 vincti,
2256 1659 2313 1713 in
2363 1657 2572 1714 vallem
2624 1658 2773 1713 hanc
2823 1658 3058 1714 adducti
3090 1659 3201 1729 (At.
3245 1659 3504 1729 deducti]
3556 1658 3676 1715 sint

2024 1747 2436 1819 lacrymarum.
2459 1747 2620 1814 Quod
2644 1747 2693 1802 si
2716 1751 2992 1803 neutrum
3020 1747 3316 1820 recipitur,
3341 1764 3408 1803 ex
3429 1763 3494 1803 eo
3517 1748 3674 1819 quod

2026 1836 2120 1891 hic
2151 1836 2413 1892 additum
2446 1842 2536 1891 est
2582 1839 2641 1890 in
2689 1836 2907 1893 Christo
2949 1838 3094 1904 Jesu,
3130 1853 3449 1908 possumus
3480 1837 3674 1908 suspi-

2027 1926 2146 1980 cari
2176 1926 2377 1981 eadem
2408 1942 2542 1981 eum
2575 1929 2768 1980 Romae
2803 1942 2904 1996 pro
2936 1925 3164 1980 Christo
3210 1924 3444 1981 vincula
3494 1925 3677 1982 susti-

2029 2013 2229 2069 nuisse
2282 2031 2407 2084 quee
2455 2012 2744 2080 Paulum;
2797 2019 2853 2069 et
2903 2018 2965 2068 ut
3012 2013 3273 2068 vinctum
3325 2013 3561 2083 Christi,
3597 2014 3680 2069 ita

2029 2102 2321 2174 captivum
2355 2118 2587 2173 quoque
2618 2102 2745 2173 ejus
2777 2102 3035 2173 potuisse
3066 2100 3202 2156 dici.
3237 2106 3353 2157 Aut
3390 2106 3543 2158 certe
3574 2101 3679 2169 ita,

2032 2191 2187 2263 quod
2219 2189 2430 2245 nobilis
2452 2195 2508 2245 et
2535 2189 2662 2261 ipse
2692 2190 2767 2245 sit
2798 2192 2853 2244 in
2887 2188 3188 2262 apostolis,
3219 2189 3679 2246 ut‘Andronicus

2031 2284 2087 2335 et
2114 2277 2289 2349 Julia,
2322 2279 2392 2334 de
2422 2278 2638 2350 quibus
2681 2279 2751 2334 ad
2794 2280 3087 2335 Romanos
3136 2277 3413 2334 scribitur
3445 2295 3457 2334 :
3508 2279 3678 2335 Satu-

2034 2372 2141 2424 tate
2170 2368 2556 2439 Andronicum,
2590 2378 2640 2423 et
2684 2368 2892 2423 Iuliam
2936 2370 3211 2435 coqnatos,
3245 2371 3295 2423 et
3341 2368 3683 2439 coneaptivos

2033 2474 2200 2523 meos,
2233 2460 2329 2529 qui
2370 2467 2498 2513 sunt
2542 2457 2755 2514 nobiles
2799 2459 2860 2512 in
2900 2457 3185 2528 apostolis,
3221 2459 3316 2527 qui
3353 2465 3405 2512 et
3435 2464 3568 2513 ante
3599 2471 3686 2513 me

2035 2552 2261 2618 {uerunt
2316 2548 2375 2600 in
2435 2546 2645 2602 Christo
2698 2548 2827 2603 Jesu
2882 2547 3056 2617 (Rom.
3118 2561 3231 2612 xvx,
3289 2546 3366 2617 7).
3428 2544 3557 2601 Hinc
3613 2545 3687 2601 de

2038 2636 2327 2707 Epaphra.
2360 2636 2641 2690 Caeterum
2692 2640 3095 2707 cooperatores
3144 2633 3437 2706 Evangelii
3476 2638 3534 2690 et
3561 2634 3685 2690 vin-

2040 2725 2306 2780 culorum
2357 2741 2621 2794 suorum,
2654 2741 2786 2779 cum
2834 2724 2906 2779 ad
2945 2723 3343 2779 Philemonem
3376 2722 3686 2794 epistolam

2041 2813 2337 2884 scriberet,
2398 2814 2656 2869 Marcum
2714 2813 2898 2884 ponit,
2954 2829 3129 2883 quem
3196 2822 3336 2883 puto
3395 2809 3687 2882 Evangelii

2042 2902 2423 2969 conditorem,
2458 2906 2514 2957 et
2544 2900 2945 2956 Aristarchum
2994 2902 3164 2971 cujus
3213 2916 3393 2970 supra
3441 2899 3688 2955 fecimus

2041 2991 2421 3055 mentionem,
2456 2994 2512 3045 et
2545 2991 2802 3053 Demam,
2837 2988 2907 3043 de
2951 3004 3065 3059 quo
3098 2987 3156 3041 in
3190 2986 3304 3042 alio
3336 2986 3459 3042 loco
3491 2987 3688 3059 queri-

2046 3086 2186 3136 tur:
2236 3081 2431 3135 Demas
2474 3096 2561 3134 me
2604 3079 2917 3149 dereliquit,
2952 3076 3187 3147 diligens
3230 3091 3477 3148 praesens
3519 3092 3688 3132 saecu-

2044 3171 2176 3236 lum,
2230 3173 2282 3224 et
2339 3169 2479 3223 abiit
2534 3167 2965 3222 Thessalonicam
3022 3165 3095 3237 (Il
3153 3167 3283 3221 Tim.
3345 3182 3421 3232 ιν,
3476 3166 3555 3237 9).
3616 3166 3685 3222 Et

286 3258 612 3316 scribitur:
671 3279 697 3308 «
730 3257 962 3313 Salutat
1003 3274 1103 3313 vos
1142 3257 1518 3314 Aristarchus
1556 3256 1932 3329 concaptivus
1963 3243 2005 3310 C
2046 3259 2258 3313 Lucam
2311 3256 2623 3323 medicum,
2658 3255 2757 3327 qui
2810 3253 3185 3326 Evangelium
3231 3259 3289 3310 et
3326 3259 3505 3310 Actus
3534 3256 3685 3326 Apo-

289 3362 483 3412 meus,
524 3350 582 3403 et
626 3350 874 3415 Marcus,
922 3346 1310 3402 consobrinus
1364 3347 1661 3415 Barnabas,
1693 3350 1749 3401 et
1795 3350 1936 3417 Epa—
2044 3346 2328 3403 stolorum
2356 3345 2626 3401 Ecclesiis
2649 3344 3085 3417 derelinquens,
3109 3344 3403 3416 quomodo
3427 3343 3689 3416 Apostoli

291 3437 497 3511 phras,
528 3435 626 3508 qui
657 3453 725 3492 ex
755 3436 920 3491 vobis
948 3452 1150 3492 servus
1180 3436 1391 3491 Christi
1422 3458 1450 3485 »
1480 3435 1702 3507 (Coloss.
1736 3452 1810 3503 ιν,
1847 3434 1935 3499 10,
2047 3438 2117 3493 de
2186 3435 2574 3507 piscatoribus
2642 3433 2890 3505 piscium
2914 3479 2928 3503 ,
2998 3433 3316 3505 piscatores
3382 3432 3690 3488 hominum

293 3528 425 3595 l2);
458 3529 515 3580 et
543 3524 717 3596 paulo
750 3524 994 3580 inferius
1025 3541 1040 3580 :
1098 3548 1119 3575 ι
1154 3525 1380 3581 Salutat
1407 3542 1509 3581 vos
1537 3526 1721 3581 Lucas
1753 3525 1935 3580 medi-
2050 3526 2182 3580 facti
2213 3529 2351 3580 sunt
2380 3523 2589 3595 (Matth.
2620 3541 2694 3591 ιν,
2732 3524 2858 3591 19);
2892 3522 2973 3577 ita
3003 3522 3072 3577 de
3103 3522 3328 3577 medico
3359 3537 3695 3593 corporum,

294 3631 402 3669 cus
450 3613 856 3685 charissimus,
888 3619 945 3670 et
974 3618 1221 3682 Demas;
1273 3620 1330 3670 et
1378 3615 1552 3670 dicite
1598 3614 1888 3687 Archippo
1925 3630 1937 3669 :
2052 3615 2108 3669 in
2143 3613 2436 3669 medicum
2485 3618 2574 3668 est
2618 3629 2822 3667 versus
2865 3610 3217 3677 animarum,
3249 3610 3321 3665 de
3368 3627 3482 3682 quo
3531 3614 3589 3666 et
3635 3609 3699 3665 in

296 3703 447 3759 Vide
469 3701 860 3757 ministerium
886 3702 1042 3773 quod
1066 3703 1335 3776 accepisti
1360 3703 1778 3769 inDomino,ut
1798 3703 1941 3758 illud
2054 3702 2166 3758 alio
2220 3702 2396 3758 loco:
2448 3701 2588 3767 Misi,
2637 3700 2851 3772 inquit,
2899 3717 3026 3755 cum
3080 3700 3181 3755 illo
3236 3700 3496 3769 fratrem,
3549 3698 3704 3771 cujus

297 3790 552 3864 impleas
573 3810 600 3843 ι
633 3790 792 3859 (Ibid.
820 3792 906 3859 14,
936 3791 1023 3852 17)
1050 3816 1065 3857 ;
1096 3796 1192 3847 et:
1229 3812 1256 3842 ‹‹
1290 3791 1574 3848 Memores
1605 3796 1786 3848 estote
1815 3792 1943 3846 vin-
2056 3794 2175 3847 laus
2221 3800 2301 3847 est
2348 3793 2407 3846 in
2455 3788 2752 3861 Evangelia
2797 3805 2898 3856 per
2946 3805 3130 3844 omnes
3178 3789 3444 3844 Ecclesias
3473 3789 3544 3857 (II
3573 3787 3701 3843 Cor.

301 3879 573 3935 culorum
614 3896 877 3936 meorum
913 3901 940 3928 ››
989 3879 1147 3951 (Ibid.
1186 3881 1292 3948 18).
1323 3880 1378 3935 Si
1411 3885 1609 3936 autem
1640 3898 1707 3936 ex
1738 3897 1804 3936 eo
1835 3880 1946 3937 ali-
2057 3898 2177 3947 vm,
2229 3882 2315 3952 18)
2350 3898 2362 3935 :
2415 3882 2585 3950 cujus
2642 3878 2789 3935 liber
2847 3879 3311 3950 quotiescunque
3369 3876 3585 3949 legitur
3641 3876 3703 3931 in

302 3970 441 4041 quis
470 3984 584 4023 non
616 3971 782 4040 putat
809 3967 1026 4039 pariter
1054 3969 1323 4040 scriptas,
1358 3970 1512 4041 quod
1543 3970 1615 4025 ad
1648 3970 1949 4025 Colossen-
2057 3969 2354 4036 Ecclesiis,
2386 3970 2557 4025 toties
2588 3969 2716 4039 ejus
2748 3968 3038 4023 medicina
3082 3983 3197 4020 non
3242 3970 3451 4020 cessat.

303 4075 402 4114 ses
459 4073 647 4129 pauca
705 4057 823 4112 sint
879 4057 1118 4113 nomina
1176 4074 1302 4130 quae
1365 4058 1459 4114 hic
1517 4075 1631 4115 non
1693 4060 1951 4115 ferantur
2133 4059 2316 4131 (Vers.
2350 4059 2465 4130 25.)
2522 4081 2547 4108 ‹‹
2580 4057 2778 4113 Gratia
2806 4055 3036 4112 Domini
3088 4055 3267 4110 nostri
3317 4054 3454 4108 Jesu
3487 4052 3704 4108 Christi

305 4147 564 4219 ascripta
598 4164 611 4201 :
661 4145 807 4202 sciat
853 4163 967 4202 non
1018 4162 1224 4202 omnes
1273 4148 1549 4204 omnibus
1592 4152 1695 4204 aut
1734 4149 1953 4204 amicos
2062 4165 2195 4203 cum
2228 4146 2437 4219 spiritu
2472 4154 2681 4202 vestro.
2715 4168 2740 4194 ››
2789 4145 2953 4199 Sicut
2982 4161 3015 4199 a
3045 4142 3282 4198 meliore
3314 4146 3477 4213 parte
3517 4140 3705 4197 homi-

306 4253 460 4307 esse,
495 4240 598 4290 aut
625 4241 815 4307 notos,
848 4242 906 4292 et
932 4236 1090 4292 aliud
1137 4252 1267 4293 esse
1315 4237 1596 4309 privatam
1647 4238 1717 4292 ad
1769 4253 1953 4293 unum
2065 4237 2157 4292 nis
2225 4235 2440 4307 capite,
2501 4239 2844 4290 numeratur
2909 4231 3159 4304 populus
3214 4230 3416 4297 Israel,
3480 4231 3709 4288 dicente

307 4324 636 4394 hominem,
661 4324 816 4380 aliud
850 4325 1146 4398 publicam
1179 4326 1249 4380 ad
1284 4327 1615 4382 universam
1640 4327 1956 4383 Ecclesiam
2067 4326 2387 4396 Scriptura,
2420 4324 2745 4379 secundum
2794 4322 2985 4393 capita
3029 4321 3179 4375 764
3211 4337 3411 4376 eorum
3445 4320 3633 4392 (Num.
3665 4338 3710 4387 ι,

309 4413 622 4487 epistolam
703 4415 848 4471 fieri.
926 4415 1147 4471 Salutat
1224 4423 1303 4485 te,
1385 4415 1607 4487 inquit,
1677 4418 1960 4489 Epaphras
2072 4416 2158 4486 18)
2193 4430 2206 4468 :
2258 4414 2339 4468 ita
2385 4415 2439 4467 in
2475 4416 2592 4467 toto
2622 4412 2857 4483 quidem
2891 4410 3149 4475 homine,
3182 4413 3238 4465 et
3270 4409 3327 4463 in
3360 4409 3519 4465 omni
3550 4414 3750 4481 parte.

309 4505 661 4575 concaptivus
688 4520 841 4559 meus
870 4506 935 4560 in
955 4504 1172 4562 Christo
1190 4508 1342 4561 Jesu.
1368 4505 1510 4571 Quis
1540 4506 1617 4561 sit
1638 4506 1961 4578 Epaphras,
2072 4506 2429 4566 sanctorum,
2464 4500 2649 4571 gratia
2697 4506 2788 4556 est
2840 4499 3066 4555 Domini
3094 4499 3231 4554 Jesu
3266 4498 3503 4553 Christi.
3539 4498 3651 4553 Sed
3682 4515 3718 4553 a

314 4592 697 4665 concaptivus
763 4593 947 4660 Pauli,
1004 4593 1179 4649 talem
1252 4593 1512 4649 fabulam
1578 4596 1913 4666 accepimus
1946 4610 1959 4649 :
1996 4612 2041 4677 Ι)
2074 4591 2279 4661 majori
2311 4595 2367 4645 et
2399 4589 2619 4644 meliori
2655 4594 2839 4661 parte,
2875 4588 2930 4643 id
2966 4592 3074 4677 est,
3108 4587 3339 4677 spiritu,
3376 4604 3478 4677 per
3507 4601 3718 4677 synecf

313 4684 498 4739 Aiunt
544 4686 814 4754 parentes
863 4681 1111 4754 apostoli
1159 4681 1320 4737 Pauli
1352 4683 1423 4737 de
1454 4681 1702 4738 Giscalis
1733 4682 1967 4754 regione
1996 4673 2029 4677 ⁷
2078 4678 2300 4735 dochen
2351 4677 2421 4731 de
2471 4681 2591 4732 toto
2647 4676 2883 4732 homine
2942 4676 3202 4731 dicitur:
3255 4676 3442 4732 Gratia
3500 4673 3725 4730 Domini

316 4772 505 4828 fuisse
548 4772 759 4827 ludam
791 4789 807 4827 :
857 4776 915 4827 et
956 4788 1076 4841 eos,
1110 4787 1253 4826 cum
1275 4776 1391 4827 tota
1426 4771 1723 4842 provincia
1756 4772 1967 4826 Roma-
2077 4770 2254 4823 nostri
2275 4769 2403 4823 Jesu
2427 4767 2629 4821 Christi
2656 4783 2778 4820 (τωη
2808 4767 3018 4837 spiritu
3037 4767 3231 4823 vestro.
3258 4764 3399 4819 Cum
3438 4766 3633 4819 autem
3665 4761 3726 4816 in

318 4878 400 4918 na
426 4865 753 4917 vastaretur
795 4877 995 4927 manu,
1029 4866 1086 4916 et
1131 4862 1606 4933 dispergerentur
1654 4860 1714 4915 in
1768 4861 1968 4915 orbem
2081 4857 2291 4929 spiritu
2324 4856 2513 4928 gratia
2536 4855 2727 4923 fuerit,
2751 4859 2939 4910 totum
2962 4853 3099 4910 facit
3129 4852 3425 4909 hominem
3458 4850 3732 4924 spiritua-

317 4951 429 5021 [ΑΙ.
462 4950 616 5017 orbe]
650 4949 859 5019 Judaai,
892 4948 951 5004 in
983 4950 1276 5005 Tharsum
1312 4950 1512 5004 urbem
1544 4949 1755 5004 Ciliciae
1791 4948 1972 5003 fuisse
2081 4947 2193 5002 lem
2221 4961 2233 4999 :
2262 4950 2325 4999 ut
2347 4950 2403 5000 et
2437 4961 2568 4999 caro
2600 4944 2810 5016 spiritu
2845 4943 3082 5009 serviat,
3104 4947 3160 4997 et
3183 4941 3378 4996 anima
3405 4958 3517 4997 non
3544 4940 3739 4995 vinca-

322 5037 643 5094 translatos
668 5054 682 5093 :
716 5043 1026 5110 parentum
1053 5038 1445 5094 conditionem
1471 5037 1973 5094 adolescentulum
2082 5040 2227 5090 tura
2252 5050 2423 5089 carne
2443 5041 2497 5088 et
2518 5034 2751 5087 redacta
2766 5031 2944 5087 simul
2972 5033 3028 5087 in
3054 5031 3445 5087 substantiam
3464 5028 3738 5102 spiritua-

321 5126 576 5183 Paulum
620 5133 912 5183 secutum.
946 5127 1015 5181 Et
1061 5127 1145 5182 sic
1194 5143 1365 5199 posse
1411 5132 1567 5184 stare
1621 5127 1765 5183 illud
1818 5125 1974 5198 quod
2083 5125 2223 5189 lem,
2247 5124 2538 5178 adhaereat
2571 5122 2812 5176 Domino
2840 5140 2853 5189 ;
2885 5120 3023 5193 quia
3054 5120 3151 5192 qui
3184 5120 3441 5175 adhaeret
3462 5119 3736 5186 Domino,

318 5218 399 5274 de
429 5215 647 5288 seipse
677 5220 970 5273 testatur:
1023 5216 1240 5274 Hebraei
1266 5220 1412 5283 sunt,
1445 5220 1495 5272 et
1525 5233 1662 5285 ego;
1710 5217 1978 5272 Israelita
2087 5230 2242 5269 unus
2300 5211 2540 5284 Spiritus
2598 5214 2685 5265 est
2742 5210 2984 5281 (ll.Cor.
3040 5227 3117 5274 γι,
3176 5210 3263 5277 17)
3326 5209 3742 5280 Interpretatur

322 5313 477 5371 sunt,
526 5310 577 5361 et
624 5321 765 5376 ego;
811 5322 993 5362 semen
1038 5305 1275 5362 Abrahae
1321 5315 1468 5373 sunt,
1501 5308 1551 5360 et
1600 5321 1695 5375 ego
1744 5306 1817 5377 (11
1854 5305 1974 5360 Cor.
2090 5307 2283 5357 autem
2352 5300 2678 5356 secundum
2743 5299 2978 5355 Judaeos
3048 5299 3156 5371 (At.
3226 5297 3526 5368 Hebraeos]
3590 5297 3743 5351 Pau-

323 5413 410 5463 xr,
464 5397 576 5467 22).
633 5396 704 5452 Et
754 5410 992 5452 rursum
1049 5394 1235 5451 alibi:
1291 5395 1541 5450 Hebraeus
1599 5411 1671 5449 ex
1726 5394 1981 5451 Hebraeis
2092 5391 2205 5461 lus,
2291 5389 2678 5449 admirabilis;
2754 5388 3115 5457 Timotheus,
3177 5386 3494 5457 beneﬁcus;
3550 5383 3744 5441 Phile-

323 5486 598 5560 (Philipp.
624 5503 707 5555 ιιι,
731 5487 786 5558 5)
813 5503 824 5541 :
850 5490 906 5542 et
927 5490 1133 5541 caetera
1156 5483 1473 5556 quasillum
1500 5482 1769 5539 Judaeum
1792 5481 1981 5554 magis
2093 5496 2250 5547 mon,
2284 5481 2427 5534 mire
2479 5478 2728 5547 donatus,
2765 5479 2884 5534 sive
2933 5494 2989 5534 os
3035 5478 3218 5550 panis,
3253 5475 3324 5532 ab
3371 5492 3490 5545 ore,
3523 5491 3639 5531 non
3671 5471 3746 5529 ab

410 5668 426 5705 ¹
459 5665 625 5726 Hunc
653 5681 887 5743 quoque
915 5664 1110 5723 locum
1140 5664 1487 5741 Oregeniani
1518 5661 1814 5742 dogmatis
1845 5665 2083 5724 accusat
2116 5659 2387 5733 Ruﬁnus,
2418 5652 2592 5735 quem
2625 5658 2861 5731 videsis,
2894 5657 3292 5719 Invectivarum
3340 5653 3442 5714 lib.
3476 5670 3516 5733 ι,
3567 5670 3625 5712 n.
3657 5651 3757 5737 4οε
