4066 6190
464 388 584 451 655
1960 386 2378 449 APPENDIX.
3716 379 3819 458 εδδ

466 539 635 589 osse;
685 521 926 592 Apphia,
957 519 1260 587 continens,
1294 522 1396 574 aut
1438 519 1705 581 libertas;
1754 519 2105 593 Archippus,
2137 521 2194 586 Α
2224 521 2358 576 deat
2409 518 2746 577 testimonio
2803 535 2930 585 suo,
2981 531 3086 574 nec
3135 533 3252 575 non
3300 517 3350 576 ei
3395 518 3499 594 [Αἱ.
3529 525 3695 598 eum],
3737 529 3818 584 cui

467 609 745 681 longitudo
773 611 990 680 operis;
1021 608 1357 674 Onesimus,
1389 609 1715 680 respondens
1736 628 1757 673 ;
1789 609 2111 681 Epaphras,
2225 609 2555 680 specialiter
2585 606 2843 680 Epistola
2872 606 3198 675 dedicatur,
3229 607 3466 664 salutari
3495 611 3562 666 ab
3591 613 3820 672 ubertate

460 701 734 772 frugifer,
763 703 818 753 et
847 699 1057 767 videns,
1091 697 1210 752 sive
1250 713 1590 753 succrescens
1611 715 1631 759 ,ο
1661 701 1910 764 Marcus,
1941 698 2114 752 subli-
2224 689 2540 754 crescente.
2573 698 2638 752 Et
2669 713 2803 752 eum
2836 697 2941 769 [Αἰ.
2976 699 3064 765 eo]
3099 697 3199 768 qui
3232 697 3416 753 factus
3445 700 3518 754 sit
3544 717 3638 772 per
3682 719 3821 760 man-

463 791 570 844 mis
598 787 854 842 mandato
875 805 894 848 ;
925 786 1315 851 Aristarchus,
1347 802 1502 841 mons
1551 789 1735 858 operis
1781 788 2111 857 amplioris;
2222 788 2358 842 data
2405 787 2736 853 sublimior,
2769 785 2988 858 illoque
3039 787 3136 858 qui
3185 804 3287 859 per
3334 790 3552 861 majora
3595 809 3752 864 opera
3775 795 3823 851 in

471 883 698 945 Demas,
727 877 932 938 salens;
985 876 1190 942 Lucas,
1226 877 1342 942 ipse
1370 891 1717 946 consurgens.
1753 878 1887 940 Quae
1922 875 1968 930 si
2003 893 2110 931 no-
2223 882 2479 932 montem
2531 892 2719 946 usque
2763 876 3133 946 succreverit,
3166 877 3238 931 ab
3270 892 3334 932 eo
3367 894 3589 950 quoque
3619 882 3708 952 qui
3739 900 3822 955 ρο.

466 966 628 1023 mina
656 967 818 1037 iuxta
847 964 1380 1035 interpretationem
1409 981 1573 1019 suam
1607 965 1909 1019 volueritis
1941 965 2109 1019 intel-
2222 965 2341 1020 suit
2372 965 2702 1020 custodiam
2733 965 2819 1019 ori
2851 980 2977 1036 suo,
3010 969 3066 1019 et
3095 965 3315 1020 ostium
3348 967 3629 1023 munitum
3681 969 3824 1026 labiis

464 1055 664 1128 ligere,
697 1071 812 1109 non
845 1057 933 1110 est
962 1052 1198 1108 difﬁcile
1229 1053 1634 1109 admirabilem
1667 1059 1843 1125 atque
1894 1055 2110 1109 beneﬁ-
2222 1053 2345 1109 suis
2407 1054 2576 1123 (Psal.
2627 1070 2751 1115 CXL,
2804 1054 2910 1123 3):
2959 1053 3056 1124 qui
3110 1053 3325 1109 idcirco
3384 1055 3617 1112 forsitan
3670 1057 3824 1123 siluit,

465 1161 596 1200 cum
657 1143 944 1215 praecipue
1002 1143 1071 1196 ad
1141 1157 1274 1196 eum
1342 1141 1614 1207 scribere,
1677 1141 1767 1195 cui
1839 1143 2111 1198 universa
2222 1143 2357 1214 quia
2403 1144 2472 1198 ad
2526 1143 2818 1198 medicum
2853 1141 3199 1214 Apostolum
3249 1143 3650 1217 dereliquerat.
3679 1147 3739 1201 Et
3764 1147 3823 1202 ad

463 1249 739 1289 concessa
769 1233 890 1288 sint
919 1232 1057 1286 vitia
1087 1236 1100 1266 ί
1146 1236 1202 1286 et
1233 1249 1297 1287 os
1327 1233 1454 1301 ejus
1487 1237 1682 1302 pateat
1714 1233 1782 1286 ad
1819 1231 2106 1288 caelestem
2221 1236 2545 1287 extremum
2570 1233 2642 1287 ab
2663 1248 2727 1286 eo
2751 1231 2848 1302 qui
2874 1248 2976 1302 per
2998 1247 3059 1285 se
3079 1231 3204 1302 ipse
3229 1249 3585 1306 consurgens
3604 1235 3826 1306 quotidie

463 1340 696 1395 panem.
732 1323 947 1378 Deinde
992 1323 1062 1377 ad
1109 1322 1528 1390 continentem,
1562 1326 1616 1377 et
1649 1321 1919 1391 liberam,
1954 1327 2012 1378 et
2041 1324 2109 1378 ad
2222 1327 2523 1393 augeatur,
2550 1336 2976 1392 processusque
3003 1320 3213 1376 habeat
3242 1339 3256 1376 :
3286 1321 3578 1394 dum'ejus
3605 1324 3823 1397 Evange-

462 1411 890 1484 longitudinem
949 1411 1142 1482 cperis
1178 1429 1190 1466 :
1243 1411 1398 1482 quod
1461 1428 1764 1482 nunquam
1819 1429 1851 1466 a
1909 1416 2109 1467 sancto
2221 1409 2296 1466 lio
2328 1409 2487 1464 orbis
2517 1408 2813 1480 impletur,
2837 1413 2893 1464 et
2925 1408 3092 1465 toties
3124 1411 3352 1481 crescit,
3378 1412 3600 1484 quoties
3624 1413 3825 1470 auditus

456 1499 654 1557 labore
683 1501 950 1556 desistat.
978 1499 1241 1555 Scribere
1265 1505 1460 1554 autem
1493 1516 1596 1571 pro
1628 1517 1694 1555 eo
1730 1500 1830 1571 qui
1865 1516 2106 1572 respon-
2220 1503 2278 1554 et
2308 1497 2492 1554 lectus
2534 1497 2801 1553 aedificat.

531 1644 547 1677 ¹
579 1644 704 1699 Duo
734 1643 1098 1699 Cisterciens.
1133 1657 1302 1707 mss.,
1335 1658 1585 1697 concessa
1613 1643 1727 1697 sint
1759 1644 1976 1698 vincere
2004 1641 2160 1698 vitia.

1750 2294 1844 2348 AD
1886 2293 2152 2350 TOMUM
2192 2293 2564 2350 SEPTIMUM

817 2465 1498 2600 OPEBUM
1595 2424 2442 2595 sensum]
2543 2459 3488 2659 HIEBONYMI

1960 2703 2357 2744 COMPLBCTENS

613 2855 1514 2955 COMMENTARIUS
1575 2854 1687 2939 IN
1745 2851 1952 2940 JOB
2011 2850 2148 2938 ET
2217 2850 2920 2941 BBEVIABIUM
2977 2853 3090 2939 IN
3149 2853 3683 2949 PSALMOS.

1186 3059 2065 3235 COMMENTARII
2135 3136 2266 3230 IN
2338 3135 2814 3231 LIBRUM
2882 3136 3134 3232 JOB.

1447 3317 1896 3390 (Commentarios
1935 3317 1994 3370 in
2031 3316 2152 3383 Job,
2185 3331 2314 3387 quos
2343 3315 2518 3372 editor
2550 3316 2864 3371 Veronensis

598 3415 1006 3478 commentariis
1035 3414 1095 3468 in
1123 3411 1355 3483 majores
1379 3407 1686 3479 prophetas,
1721 3407 1853 3460 tomi
1881 3406 2064 3476 quinti
2091 3404 2402 3476 ampliandi
2426 3421 2613 3474 causa,
2644 3405 3024 3473 subiunxerat,
3057 3422 3178 3472 nos,
3207 3423 3278 3463 ne
3307 3413 3491 3467 tomus
3519 3419 3689 3468 noster

873 3507 1072 3575 justam
1098 3515 1414 3557 mensuram
1441 3495 1739 3566 excederet,
1771 3495 1893 3566 huc,
1926 3493 2176 3550 ordinem
2212 3493 2489 3548 Biblicum
2523 3493 2751 3550 aliunde
2775 3496 2965 3563 secuti,
2999 3497 3440 3572 transtulimus.)

1935 3647 2370 3709 PROLOGUS.

514 3904 645 3972 Job,
706 3899 806 3973 qui
871 3897 1079 3963 dolens,
1141 3892 1229 3949 vel
1296 3907 1527 3962 magnus
1571 3891 1583 3924 ¹
1649 3890 2088 3960 interpretatur,
2119 3897 2166 3961 Β
2201 3886 2420 3954 Latino,
2453 3887 2550 3942 Dei
2593 3888 2708 3942 mei
2752 3903 2955 3945 aurum
3005 3894 3196 3958 sonat,
3230 3890 3479 3962 Baldad,
3508 3893 3805 3966 precipuus,

443 3995 696 4066 ﬁguram
741 3986 950 4042 Christi
1002 3982 1272 4055 portavit.
1305 3979 1490 4036 Amici
1518 3995 1652 4034 vero
1681 3978 1810 4046 ejus
1841 3977 2090 4066 ﬁguram
2200 3979 2430 4066 vetusta,
2490 3974 2598 4048 [ΑΙ.
2631 3980 2890 4048 vetustas]
2939 3989 3162 4034 secreta.
3213 3979 3467 4054 Sopbar,
3517 3981 3806 4055 speculator.

440 4064 845 4138 haereticorum
907 4075 1126 4136 tenent,
1187 4069 1309 4142 qui,
1371 4068 1479 4123 sub
1547 4066 1782 4122 nomine
1848 4064 2086 4131 Christi,
2199 4064 2286 4120 vel
2319 4065 2548 4120 buccina
2576 4066 2617 4120 ³.
2670 4066 2757 4121 Illi
2811 4067 2966 4122 enim
3010 4066 3146 4122 elati
3177 4085 3281 4140 pro
3313 4087 3381 4126 eo
3413 4071 3565 4143 quod
3595 4085 3688 4142 per
3726 4081 3804 4120 na-

440 4169 738 4228 Christum
790 4160 1201 4233 blasphemant
1248 4162 1304 4212 et
1351 4157 1738 4228 impugnant;
1777 4153 1898 4208 Eliu
1931 4169 2086 4221 vero,
2198 4158 2341 4208 tura:
2396 4153 2636 4221 bonum,
2670 4153 2866 4226 aliqua
2910 4155 3205 4227 sapienter
3245 4159 3652 4229 prmdicabaut,
3681 4151 3803 4227 apud

437 4264 499 4315 et
524 4256 756 4312 Baalam
789 4253 897 4325 [ΑΙ.
934 4249 1196 4318 Baldad],
1243 4251 1445 4318 typum
1479 4245 1794 4316 praeferunt
1826 4243 2084 4315 philoso-
2199 4259 2259 4297 se
2311 4242 2645 4311 jactitantes
2702 4243 3092 4312 severitatem,
3153 4261 3286 4300 cum
3351 4251 3661 4304 assertores
3708 4243 3802 4298 sint

433 4345 710 4420 phorum,
743 4342 882 4414 quia
909 4341 1066 4411 foris,
1104 4337 1159 4393 id
1191 4340 1298 4401 est,
1321 4339 1484 4390 extra
1517 4333 1690 4388 fidem
1723 4331 1918 4404 positi,
1941 4331 2084 4420 insi-
2199 4330 2524 4399 mendacii;
2594 4331 2734 4403 quia
2799 4332 2871 4388 de
2935 4331 3184 4404 Christo,
3247 4351 3362 4391 non
3437 4341 3500 4392 ut
3554 4327 3804 4390 divinitati

435 4417 674 4490 diantur
712 4430 982 4488 Ecclesiae
1031 4427 1149 4482 Dei.
1184 4425 1284 4481 Isti
1332 4423 1488 4480 enim
1541 4421 1796 4494 pretiosa
1847 4419 2088 4474 nomina
2196 4420 2343 4490 ejus,
2379 4421 2477 4476 sed
2529 4424 2594 4476 ut
2642 4421 2905 4493 ipsorum
2960 4421 3246 4495 impietati
3299 4424 3591 4497 competit,
3620 4422 3695 4478 sic
3735 4417 3801 4472 lo-

433 4525 543 4582 sibi
605 4524 936 4593 imponunt,
992 4517 1160 4590 quasi
1223 4514 1333 4585 ipsi
1393 4513 1513 4568 sint
1569 4527 1780 4566 aurum
1842 4508 1962 4575 Dei,
1995 4507 2084 4564 vel
2195 4514 2476 4580 quuntur.

432 4611 707 4688 praecipui
783 4607 1182 4682 speculatores
1256 4605 1403 4674 ejus.
1474 4599 1710 4672 Eliphaz
1784 4598 1942 4653 enim
2022 4596 2082 4652 in

504 4757 519 4791 ¹
556 4756 704 4827 Lege
751 4752 1011 4817 omnino,
1060 4762 1293 4816 magnus
1341 4749 1398 4799 et
1450 4743 1562 4797 vid.
1607 4742 1709 4796 lib.
1763 4740 2079 4796 Nominum
2186 4746 2332 4827 plus.
2367 4739 2605 4827 Baldad,
2636 4747 2874 4827 vetustas
2915 4744 3049 4827 sola.
3083 4743 3350 4827 .Sophar,
3391 4743 3625 4827 specula;

429 4827 540 4884 col.
576 4812 697 4895 12Ἶ,
730 4829 842 4880 etc.
879 4893 888 4895 _
975 4812 1006 4895 μ’
1399 4886 1476 4895 κη
1527 4885 1539 4895 ε
1697 4889 1729 4895 __
1781 4886 1791 4895 ⁸
1950 4893 1957 4895 Α
2187 4812 2365 4895 patio,
2397 4814 2480 4868 vel
2531 4815 2921 4886 speculatorem
2956 4812 3251 4887 dissipans,
3282 4812 3795 4888 sibe—speculatorem

502 4899 564 4954 In
619 4885 821 4954 eodem
875 4892 1058 4949 lexico
1109 4891 1277 4946 Nom.
1333 4912 1359 4936 ‹‹
1398 4885 1652 4958 Eliphaz,
1688 4886 1791 4939 Dei
1837 4893 2077 4940 contcm-
2188 4885 2404 4941 videbo.
2438 4906 2466 4935 »

427 5032 3789 5070 _______________________________________________________

1242 5157 1820 5246 INCIPIUNT
1881 5156 2385 5242 EDlSSERI
2443 5155 3029 5284 CAPITULA.

1085 5417 1317 5474 CAPUT
1360 5417 1400 5472 Ι.
2101 5417 2143 5482 C
2183 5413 2366 5470 sessio
2393 5414 2522 5484 ejus
2545 5418 2768 5486 septem
2793 5412 2977 5468 millia
2997 5412 3282 5480 ovium,et
3299 5410 3410 5467 tria
3431 5407 3612 5466 millia
3629 5412 3784 5460 came-

491 5539 519 5566 «
549 5513 651 5568 Vir
670 5516 792 5569 erat
813 5511 869 5566 in
893 5513 1047 5566 terra
1068 5507 1209 5576 Huz,
1230 5507 1465 5562 nomine
1481 5506 1610 5561 Job.
1629 5505 1696 5560 Et
1719 5508 1840 5560 erat
1861 5503 1949 5558 vir
1972 5501 2068 5558 ille
2180 5503 2408 5559 lorum:
2437 5503 2760 5574 quingenta
2785 5503 3178 5575 quoquejuga
3199 5503 3437 5566 bonum,
3462 5501 3516 5553 et
3535 5493 3783 5576 quingen-

415 5604 1023 5677 simplexetrectusac
1041 5591 2062 5661 timensDcum,etrecerlensamalo.
2179 5598 2248 5648 ιω
2284 5591 2459 5648 asinae
2514 5608 2580 5646 ac
2625 5589 2847 5646 familia
2879 5591 3066 5646 multa
3097 5591 3291 5648 nimis.
3325 5587 3570 5660 Eratque
3597 5572 3780 5677 vir-illo

411 5666 667 5772 Natique
688 5697 828 5752 sunt
847 5690 900 5747 ei
927 5691 1152 5764 septem
1178 5684 1374 5756 ﬁlii,et
1396 5688 1512 5740 tres
1541 5683 1691 5739 ﬁlice.
1717 5687 1782 5739 Et
1803 5682 1913 5739 fuit
1934 5697 2063 5757 pos-
2175 5697 2427 5757 magnus
2456 5680 2610 5737 inter
2639 5696 2842 5738 omnes
2870 5679 3210 5740 Orientales.
3244 5679 3307 5740 Et
3332 5675 3495 5736 ibant
3521 5669 3617 5733 ﬂlil
3643 5666 3773 5746 eiut,

3917 5432 3919 5537 1

3915 5551 3917 5643 1

3913 5663 3915 5749 1

3909 5769 3913 5857 1

3909 5863 3911 5963 1

3907 5989 3909 6061 1
