4066 6190
285 322 405 399 65⁸1

1427 325 1942 391 ΟΟΜΜΕΝΤΑΗ.
1991 322 2068 386 IN
2115 321 2254 387 ,1οΒ
2299 323 2466 388 CAP.
2515 321 2564 387 Ι.

3583 321 3701 391 658

284 467 341 522 et
371 459 623 522 faciebat
652 459 912 521 convivia
937 478 1039 538 per
1067 459 1291 533 domos,
1315 461 1727 536 unusquisque
1757 461 1816 518 in
1847 461 1940 518 die
1969 460 2018 527 Α
2052 459 2210 515 venit
2237 461 2308 516 ad
2338 461 2446 517 Job
2479 461 2578 533 qui
2609 459 2826 517 diceret
2873 477 2884 516 :
2937 457 3116 518 Boves
3145 457 3408 534 arebant,
3439 464 3497 520 et
3520 460 3698 520 asina

287 572 415 612 suo.
452 549 535 610 Et'
571 554 874 612 mittentes
929 555 1213 610 vocabant
1241 558 1361 610 tres
1414 570 1643 609 sorores
1675 570 1833 624 suas,
1878 557 1943 608 ut

287 647 664 703 comederent
723 651 782 701 et
848 645 1111 702 biberent
1177 661 1308 700 cum
1377 645 1482 700 eis.
1563 645 1825 715 Cumque
1880 643 1940 698 in

287 735 487 793 orbem
538 733 892 790 transissent
920 734 1044 790 dies
1091 733 1357 802 convivii,
1408 733 1676 790 mittebat
1722 733 1794 789 ad
1841 749 1941 788 eos

285 825 421 887 Job.
453 829 509 880 et
546 824 951 881 sanctificabat
984 823 1116 880 illos
1150 841 1162 879 :
1197 841 1676 897 consurgensque
1705 822 1940 879 dilucu-

286 911 368 980 lo,
405 934 432 960 ››
474 915 582 968 etc.
636 913 762 967 Hux
809 918 866 968 et
913 912 1031 966 Buz
1077 911 1180 967 filii
1221 913 1459 968 fuerunt
1485 912 1712 968 Nachor
1741 911 1940 968 fratris

292 1000 561 1068 Abrahm,
595 999 697 1056 ﬁlii
730 999 967 1056 Melchae
999 1002 1218 1057 sororis
1248 1002 1424 1069 Sarae,
1455 1002 1526 1058 de
1557 1003 1727 1073 cujus
1758 1001 1941 1073 stirpe

285 1091 394 1148 Job
422 1089 746 1146 descendit.
762 1088 889 1145 Non
921 1089 1074 1145 sicut
1103 1089 1342 1162 quidam
1374 1089 1520 1145 falso
1543 1090 1936 1161 suspicantur,

289 1181 361 1236 de
389 1194 601 1252 genere
632 1194 765 1234 eum
824 1177 1004 1234 fuisse
1036 1179 1187 1234 Esau
1241 1178 1420 1250 (Hier.
1455 1177 1640 1246 Quaest
1669 1180 1728 1232 in
1757 1177 1934 1248 Gen.).

285 1267 433 1324 Nam
466 1266 704 1340 Eliphaz
752 1267 1015 1323 nascitur
1044 1267 1115 1323 de
1165 1267 1288 1323 Ada
1345 1282 1522 1322 uxore
1554 1267 1725 1332 Esau,
1759 1270 1816 1321 et
1845 1282 1938 1321 re-

284 1357 484 1429 gnavit
514 1357 573 1412 in
606 1357 890 1424 Theman,
924 1357 1080 1412 unde
1127 1356 1302 1412 etiam
1342 1355 1718 1412 Themanites
1748 1356 1939 1410 dictus

287 1447 399 1500 est.
426 1443 714 1510 Theman,
745 1445 1022 1511 ldumaaa,
1055 1444 1182 1501 Seir
1213 1445 1480 1511 Daroma,
1511 1444 1748 1511 Zebora,
1782 1443 1939 1515 regio

288 1531 405 1588 fuit
452 1534 624 1588 Esau.
667 1532 958 1589 Habitavit
1013 1536 1208 1589 autem
1247 1533 1358 1589 Job
1410 1533 1498 1587 vir
1563 1549 1813 1606 magnus
1879 1531 1938 1586 in

288 1626 450 1677 terra
489 1622 630 1691 Huz,
669 1638 794 1694 quas
834 1622 1253 1694 interpretatur
1314 1623 1692 1679 consiliatrice.
1743 1623 1850 1676 Sed
1884 1625 1942 1676 et

285 1709 567 1776 Elchana,
637 1711 737 1784 qui
816 1711 1233 1784 interpretatur
1292 1714 1530 1783 possesio
1586 1713 1705 1778 Dei,
1775 1716 1940 1783 pater

2050 550 2445 622 pascebantur
2491 552 2662 623 juxta
2716 569 2836 622 eos,
2895 555 2952 607 et
2992 551 3288 608 irruerunt
3313 551 3696 621 Sabaai,tule-

2049 644 2304 712 runtque
2366 641 2582 709 omnia,
2617 645 2673 696 et
2728 657 2939 713 pueros
2989 646 3403 712 percusserunt
3439 642 3632 713 gladio
3679 658 3693 698 :

2049 734 2107 786 et
2145 731 2300 786 evasi
2341 746 2446 802 ego
2504 730 2687 800 solus,
2737 735 2802 786 ut
2857 730 3190 786 nuntiarem
3246 730 3374 785 tibi.
3433 731 3696 802 Cumque

2049 819 2242 875 adhuc
2272 819 2368 874 ille
2398 818 2753 890 loqueretur,
2794 819 2952 875 venit
3003 818 3168 886 alter,
3214 823 3287 902 'et
3315 819 3458 888 dixit
3489 836 3502 874 :
3538 821 3696 891 Ignis

2048 908 2150 964 Dei
2182 908 2389 965 cecidit
2416 925 2447 964 e
2499 908 2642 964 coelo
2687 913 2743 963 et
2788 913 2974 964 tactas
3020 925 3151 964 oves
3202 925 3530 980 puerosque
3559 927 3699 964 con-

2049 997 2304 1069 sumpsit
2337 1014 2349 1051 :
2385 1002 2439 1054 et
2470 998 2646 1069 effugi
2703 999 2885 1064 solus,
2940 1001 3003 1053 ut
3056 999 3391 1054 nuntiarem
3423 999 3550 1053 tibi.
3583 998 3697 1054 Sed

2049 1087 2241 1142 adhuc
2271 1087 2371 1143 illo
2401 1087 2672 1158 loquente
2702 1087 2858 1144 venit
2889 1087 3060 1155 alius,
3092 1091 3148 1143 et
3176 1087 3321 1143 dixit
3374 1104 3386 1142 :
3447 1087 3701 1143 Chaldaei

2051 1176 2311 1232 fecerunt
2343 1182 2460 1233 tres
2517 1183 2764 1243 turmas,
2811 1182 2869 1232 et
2924 1177 3265 1233 invaserunt
3330 1177 3604 1248 camelos,
3645 1181 3704 1232 et

2049 1265 2310 1322 tulerunt
2342 1283 2471 1334 eos,
2506 1283 2729 1322 necnon
2790 1283 3003 1339 pueros
3034 1272 3451 1339 percusserunt
3481 1267 3698 1339 gladio,

2049 1360 2108 1410 et
2137 1372 2242 1428 ego
2274 1355 2394 1426 fugi
2427 1355 2589 1411 solus
2621 1361 2685 1410 ut
2728 1356 3060 1411 nuntiarem
3092 1356 3219 1412 tibi.
3270 1356 3476 1412 Adhuc
3505 1355 3704 1427 loque-

2048 1443 2226 1499 batur
2254 1443 2370 1511 ille,
2403 1449 2460 1500 et
2516 1460 2646 1499 ecce
2703 1444 2854 1500 alius
2905 1445 3164 1509 intravit,
3201 1449 3262 1500 et
3317 1444 3460 1500 dixit
3492 1461 3505 1500 :
3539 1443 3703 1500 Filiis

2048 1533 2167 1587 tuis
2195 1537 2253 1588 et
2297 1532 2530 1588 filiabus
2577 1534 2967 1600 vescentibus,
3001 1539 3058 1588 et
3108 1533 3444 1590 bibentibus
3498 1531 3701 1588 vinum

2049 1622 2109 1676 in
2140 1621 2314 1677 domo
2367 1621 2564 1677 fratris
2622 1622 2713 1677 sui
2764 1622 3154 1694 primogeniti,
3205 1626 3440 1694 repente
3494 1626 3702 1677 ventus

2047 1709 2360 1766 vehemens
2406 1709 2580 1765 irruit
2636 1729 2670 1766 a
2728 1712 2961 1783 regione
3025 1712 3236 1767 deserti
3287 1717 3345 1767 et
3402 1709 3701 1766 concussit

284 1799 649 1855 sanctissimi
679 1800 971 1857 Samuelis
1002 1800 1318 1873 prophetae,
1367 1802 1456 1857 vir
1497 1818 1652 1856 unus
1681 1798 1936 1872 appetla-
1971 1833 2018 1897 Β
2049 1792 2300 1870 quatuor
2351 1800 2600 1871 angulos
2640 1800 2877 1866 domus,
2932 1818 3060 1872 quae
3101 1816 3378 1856 corruens
3408 1798 3703 1873 Oppressit

283 1890 385 1944 tur
416 1903 430 1944 :
462 1905 578 1945 non
608 1889 764 1944 enim
796 1906 898 1961 per
941 1890 1170 1946 diversa
1201 1889 1436 1946 mobilis
1484 1898 1658 1961 atque
1689 1888 1935 1945 instabi-

281 1975 359 2033 lis
390 1977 707 2046 ferebatur,
733 1978 834 2034 sed
861 1979 1069 2035 firmus
1121 1983 1296 2050 atque
1343 1979 1728 2034 inconcussus
1759 1977 1940 2050 persi-

285 2069 470 2132 stans,
501 2067 589 2122 vir
616 2083 772 2122 unus
801 2071 926 2124 erat
957 2085 969 2121 :
1002 2072 1060 2124 et
1097 2067 1312 2124 idcirco
1345 2068 1404 2123 in
1436 2071 1634 2124 monte
1665 2067 1942 2139 Ephraim

283 2155 581 2229 fructi/ero
604 2156 1035 2212 morabatur.ln
1055 2156 1173 2213 alta
1192 2157 1414 2214 scilicet
1433 2156 1944 2229 comtemplatione

289 2245 594 2315 virtutum,
651 2250 719 2300 ut
771 2263 805 2300 a
860 2245 1037 2302 nullis
1069 2247 1510 2317 subjacentibus
1551 2251 1610 2302 et
1640 2244 1948 2302 circumla-

289 2334 591 2389 trantihus
619 2333 893 2390 vitiorum
925 2335 1588 2407 agitationibus,mentis
1611 2336 1738 2406 ejus
1761 2333 1942 2390 subli-

289 2423 468 2478 mitas
521 2422 880 2494 dijiceretur,
909 2423 998 2479 vel
1029 2423 1226 2480 unitas
1274 2424 1660 2480 scinderetur.
1696 2423 1946 2479 Proinde

291 2511 392 2568 hic
421 2512 510 2567 vir
532 2527 782 2584 magnus
811 2517 987 2585 atque
1007 2529 1278 2586 egregius
1292 2513 1489 2579 Job,in
1513 2517 1668 2570 terra
1697 2513 1819 2568 Huz
1851 2513 1949 2568 ha-

287 2601 525 2657 bitasse
555 2601 915 2674 perhibetur,
948 2619 1076 2674 quae
1111 2603 1462 2659 consilia-trix
1509 2602 1944 2673 interpretatur.

286 2690 423 2748 Non
455 2690 612 2746 enim
643 2695 797 2746 terra
826 2691 1018 2748 carnis
1055 2693 1204 2763 ejus,
1238 2693 1502 2747 animum
1556 2692 1743 2763 ipsius
1774 2708 1948 2763 supe-

282 2779 486 2847 rabat,
523 2781 626 2836 sed
652 2779 997 2852 imperantis
1027 2779 1209 2836 animi
1242 2778 1484 2836 consilio
1517 2785 1730 2836 cuneta
1776 2780 1948 2836 facie-

280 2869 433 2925 bat:
473 2870 629 2926 unde
660 2875 717 2926 et
774 2869 900 2942 ipse
958 2871 1039 2925 ait
1074 2887 1087 2926 :
1121 2871 1313 2942 Pepigi
1366 2869 1552 2943 [aedas
1608 2886 1732 2924 cum
1779 2870 1950 2924 oculis

281 2960 430 3014 meis
459 2962 519 3012 ut
549 2974 661 3015 non
692 2961 983 3030 cogitarem
1013 2959 1235 3032 quidem
1263 2958 1329 3014 de
1378 2960 1592 3028 virgine
1621 2959 1764 3029 (Job.
1797 2976 1951 3014 xxxi.

288 3047 372 3119 1).
442 3047 563 3104 Hoc
631 3065 769 3122 ergo
834 3047 1146 3104 consilium
1223 3052 1282 3104 et
1345 3053 1580 3120 pactum
1656 3049 1952 3119 quondam

286 3135 407 3192 sibi
467 3136 724 3193 invicem
757 3137 1036 3206 inierunt,
1068 3137 1244 3192 homo
1291 3137 1418 3208 ejus
1447 3136 1692 3192 interior
1720 3140 1776 3191 et
1806 3140 1956 3190 exte-

2049 1887 2264 1944 liberos
2296 1892 2451 1955 tuos,
2484 1895 2541 1943 et
2596 1889 2810 1945 mortui
2842 1895 3001 1960 sunt,
3061 1895 3116 1945 et
3146 1890 3322 1963 eifugi
3377 1906 3484 1962 ego
3516 1887 3702 1958 solus,

2051 1981 2117 2032 ut
2147 1976 2482 2032 nuntiarem
2515 1978 2641 2032 tibi.
2677 2002 2699 2030 ι
2763 1983 2873 2034 Pro
2904 1977 3043 2034 filiis
3081 1979 3229 2045 suis,
3262 1995 3408 2050 quos
3437 1977 3519 2034 ita
3548 1993 3705 2047 rege-

2052 2066 2174 2133 bat,
2207 2071 2269 2121 ut
2298 2083 2412 2122 non
2443 2070 2562 2122 tam
2595 2084 2698 2139 pro
2729 2067 3111 2139 praesentibus
3137 2067 3705 2138 criminibusﬁquam

2053 2171 2158 2226 pro
2223 2154 2465 2210 occultis
2521 2155 2580 2210 in
2638 2156 2810 2211 corde
2875 2155 3148 2227 peccatis,
3211 2173 3342 2227 quae
3398 2155 3705 2211 hominum

2055 2259 2288 2315 quoque
2319 2244 2516 2316 fugere
2558 2245 2825 2300 notitiam
2857 2250 3128 2317 possunt,
3180 2245 3436 2300 divinam
3494 2243 3706 2300 cleme-

2054 2333 2197 2387 tiam
2232 2333 2488 2388 assiduis
2519 2333 2821 2389 sacrificiis
2869 2332 3543 2404 exoraret.Privilegium
3572 2348 3706 2387 vero

2055 2421 2334 2476 oti'erendi
2375 2422 2806 2494 primogenitis,
2837 2422 2925 2478 vel
2958 2423 3210 2478 maxime
3269 2421 3505 2494 regibus
3535 2421 3705 2476 debe-

2055 2511 2230 2566 batur
2276 2528 2289 2566 :
2344 2528 2448 2582 pro
2517 2510 2858 2567 excellentia
2913 2511 3183 2567 videlicet
3239 2509 3559 2584 sapientia,
3619 2509 3710 2565 vel

2058 2600 2362 2655 nobilitate
2395 2602 2645 2673 generis.
2682 2602 2750 2656 Et
2779 2601 2913 2673 quia
2942 2606 3148 2672 typum
3180 2600 3393 2660 Christi
3417 2600 3527 2655 Job
3559 2599 3708 2655 ferre

2057 2689 2336 2755 diximus,
2366 2689 2670 2745 videamus
2701 2707 2857 2745 nunc
2888 2690 3028 2761 quid
3062 2695 3218 2746 terra
3238 2690 3360 2746 Huz
3390 2689 3450 2744 in
3481 2688 3708 2745 Christo

2060 2777 2368 2850 signiticet.
2404 2780 2640 2834 Terram
2672 2779 2843 2848 hanc,
2878 2783 3253 2850 assumptum
3284 2795 3487 2834 verum
3516 2777 3708 2832 homi-

2061 2884 2192 2924 nem
2242 2885 2310 2923 ex
2367 2868 2549 2924 Maria
2577 2867 2982 2936 intelligimus,
3036 2884 3163 2938 qum
3223 2867 3350 2922 ideo
3407 2865 3550 2921 Filio
3609 2866 3710 2921 Dei

2062 2962 2398 3012 assumente
2428 2974 2578 3028 eam,
2611 2956 2970 3012 consiliatrix
3001 2956 3230 3025 dicitur,
3256 2955 3409 3026 quod
3442 2971 3545 3026 per
3574 2954 3717 3009 divi-

2064 3045 2308 3100 nitatem
2342 3046 2699 3100 assumentis
2729 3044 2999 3100 habitant
3028 3044 3084 3098 in
3121 3060 3187 3098 ea
3215 3042 3476 3098 thesauri
3508 3042 3714 3098 divinas

2067 3134 2366 3206 sapientiae
2407 3140 2463 3188 et
2515 3133 2766 3189 scientia:
2823 3132 3194 3199 absconditi;
3257 3149 3430 3202 quam
3489 3131 3602 3186 sibi
3634 3130 3718 3186 ita
3765 3176 3770 3178 .

286 3225 452 3292 rior;
490 3229 556 3280 ut
586 3231 763 3294 terra,
797 3227 853 3282 id
894 3230 1002 3294 est,
1034 3242 1170 3282 cara
1214 3227 1364 3296 ejus,
1420 3225 1742 3281 obediendo
1795 3225 1957 3280 fieret
1988 3201 2030 3266 (ἶ
2069 3222 2441 3278 indissolubii
2523 3223 2880 3277 connexione
2955 3221 3275 3291 conjunxit,
3334 3225 3398 3275 ut
3453 3221 3578 3291 ipse
3656 3219 3713 3274 in

290 3313 662 3370 consiliatrix
693 3315 1031 3387 spiritui,ne
1052 3314 1112 3369 in
1147 3331 1214 3370 ea
1232 3314 1632 3370 dominaretur
1652 3313 1950 3385 iniquitas.

288 3402 369 3458 Et
405 3401 539 3473 quia
569 3403 676 3470 vir,
715 3404 888 3473 juxta
917 3403 1178 3458 divinum
1239 3401 1667 3468 testimonium,
1707 3402 1957 3474 simplex

287 3496 442 3559 erat,
509 3493 785 3548 habitans
855 3493 912 3548 in
982 3493 1155 3549 domo
1197 3510 1209 3548 :
1254 3496 1508 3566 quatuor
1545 3491 1636 3546 his
1704 3491 1958 3563 pollebat

283 3581 638 3648 virtutibus,
676 3580 1013 3654 prudentia,
1039 3581 1295 3653 justitia,
1328 3581 1692 3649 fortitudine,
1733 3585 1951 3654 tempe-

283 3671 506 3727 rantia.

369 3760 699 3817 «Offerebat
720 3759 1058 3818 holocausta
1082 3776 1184 3832 per
1205 3759 1732 3831 singulos.Dicebat
1753 3760 1908 3815 enim
1937 3781 1949 3819 :

288 3849 380 3906 Ne
412 3849 558 3906 forte
588 3849 954 3922 peccaverint
986 3849 1090 3904 filii
1141 3847 1276 3919 mei,
1308 3853 1365 3904 et
1394 3847 1804 3903 maledixerint
1833 3848 1948 3904 Deo

294 3938 360 3994 in
394 3938 672 3995 cordibus
700 3939 844 3994 suis.
877 3939 970 3994 Sic
1017 3938 1262 3994 faciebat
1290 3937 1399 3993 Job
1429 3935 1657 3993 cunctis
1713 3937 1941 3992 diebus.

296 4029 568 4094 Quadam
602 4032 795 4084 autem
829 4028 922 4082 die
954 4043 1087 4082 cum
1120 4026 1417 4082 venissent
1448 4024 1548 4080 ﬁlii
1582 4025 1682 4080 Dei
1715 4029 1778 4080 ut
1808 4026 1953 4082 assi-

299 4123 529 4178 sterent
545 4134 738 4174 coram
766 4117 1008 4173 Domino
1033 4133 1045 4172 :
1077 4116 1241 4171 affuit
1260 4117 1413 4171 inter
1432 4131 1529 4170 eos
1550 4114 1725 4170 etiam
1749 4115 1951 4171 Satan.

295 4209 407 4265 Cui
440 4208 584 4263 dixit
631 4205 916 4262 Dominus
951 4221 964 4261 :
997 4205 1160 4261 Unde
1188 4205 1350 4260 venis
1371 4205 1398 4258 ?
1428 4203 1536 4270 Qui
1569 4204 1950 4275 respondens,

293 4299 385 4356 ait
417 4314 430 4352 :
465 4295 815 4353 Circumvivi
843 4299 1077 4363 terram,
1114 4300 1170 4349 et
1196 4292 1590 4365 perambulavi
1619 4293 1955 4348 eam.Dixit-

290 4403 414 4460 que
457 4385 742 4442 Dominus
773 4385 842 4440 ad
877 4401 1010 4440 eum
1047 4400 1059 4436 :
1091 4382 1388 4454 Numquid
1433 4382 1815 4438 considerasti
1839 4399 1954 4438 ser-

288 4493 439 4532 vum
486 4491 686 4531 meum
714 4473 844 4541 Job,
879 4473 1034 4544 quod
1067 4487 1182 4526 non
1217 4471 1294 4526 sit
1323 4470 1373 4524 ei
1405 4470 1616 4525 similis
1647 4470 1707 4524 in
1751 4475 1903 4526 terra
1937 4489 1949 4527 :

2063 3311 2348 3368 Trinitate
2379 3329 2533 3366 unus
2564 3312 2640 3366 sit
2662 3310 2818 3366 filius
2851 3311 2968 3366 Dei.
2994 3312 3229 3382 Septem
3251 3326 3384 3365 vero
3407 3308 3510 3363 filii
3541 3308 3716 3380 septi-

2063 3402 2308 3457 formem
2367 3401 2619 3472 Spiritus
2677 3401 2861 3455 sancti
2933 3399 3229 3471 gratiam;
3271 3403 3328 3454 et
3378 3403 3497 3454 tres
3555 3397 3710 3464 filim,

2063 3489 2252 3562 legem
2285 3495 2341 3545 et
2372 3489 2822 3560 prophetiam,et
2848 3487 3225 3559 Evangelium
3249 3487 3418 3543 nobis
3442 3486 3714 3542 videntur

2063 3579 2416 3653 significare.
2451 3578 2596 3633 Oves
2627 3577 2854 3650 plebem
2887 3577 3126 3643 Christi,
3169 3581 3404 3649 propter
3433 3577 3711 3631 innocen-

2061 3669 2226 3736 tiam,
2259 3685 2388 3739 quae
2418 3667 2476 3722 in
2536 3667 2828 3738 baptismo
2887 3666 3087 3721 sordes
3134 3669 3503 3737 peccatorum
3533 3664 3712 3737 depo-

2063 3759 2309 3824 suerint,
2342 3756 2626 3812 nominat.
2661 3758 2724 3810 in
2757 3754 2995 3811 camelis
3023 3770 3178 3822 vero,
3223 3754 3487 3827 gentium
3520 3769 3710 3826 pravi-

2062 3851 2262 3910 tatem,
2314 3862 2449 3901 cum
2490 3845 2767 3900 oneribus
2815 3845 3131 3900 criminum
3179 3849 3236 3899 et
3264 3843 3548 3900 tortuosis
3579 3859 3709 3899 sen-

2063 3935 2230 3991 sibus
2254 3936 2326 3990 ad
2357 3934 2655 3990 Christum
2707 3933 3062 3989 venientium
3095 3933 3368 3988 ostendit.
3401 3937 3464 3986 In
3498 3932 3707 3998 bobus,

2063 4023 2162 4095 qui
2222 4023 2441 4078 munda
2469 4022 2749 4077 animalia
2779 4025 2936 4089 sunt,
2968 4021 3306 4077 Judzeorum
3361 4018 3612 4090 plebem.
3647 4020 3710 4074 In

2063 4112 2246 4168 asinis
2278 4129 2410 4167 vero
2462 4111 2834 4167 immundum
2894 4126 3092 4182 pecus,
3124 4109 3386 4180 gentium
3427 4105 3711 4180 populum

2063 4201 2501 4258 demonstravit.
2538 4200 2700 4256 Unde
2754 4199 2933 4254 Isaias
2989 4198 3069 4252 ait
3102 4214 3113 4252 :
3151 4196 3406 4266 Cognovit
3456 4197 3543 4252 bos
3586 4211 3713 4268 pos-

2061 4307 2325 4347 sessorem
2353 4307 2535 4360 suum,
2568 4293 2622 4344 et
2652 4290 2844 4343 asinus
2873 4302 3118 4358 pursepe
3171 4286 3385 4341 domini
3437 4287 3529 4341 sui
3580 4289 3710 4352 (Isa.

2061 4399 2102 4448 1,
2133 4382 2187 4451 3)
2220 4399 2232 4436 :
2263 4379 2484 4435 scilicet
2513 4378 2667 4449 quod
2702 4376 3064 4432 nativitatem
3106 4375 3320 4432 Christi
3353 4376 3410 4431 in
3442 4392 3616 4432 carne
3655 4380 3714 4431 et

2059 4468 2244 4525 Judaei
2277 4485 2346 4524 ex
2367 4470 2614 4538 parte,et
2643 4470 2843 4537 gentes
2869 4464 3211 4536 agnoverint
3243 4483 3255 4520 :
3290 4468 3347 4520 et
3377 4464 3436 4519 in
3468 4464 3712 4536 praesepi

289 4567 474 4622 homo
505 4563 774 4636 simplex,
807 4565 862 4617 et
895 4565 1112 4627 rectus,
1143 4576 1208 4615 ac
1239 4559 1456 4615 timens
1504 4563 1690 4614 Deum
1720 4565 1775 4613 et
1805 4576 1954 4615 rece—
1982 4575 2029 4638 D
2062 4557 2261 4613 altaris
2291 4555 2542 4620 Domini,
2599 4553 2766 4625 quasi
2829 4553 3049 4608 munda
3078 4553 3357 4608 animalia
3387 4568 3488 4624 per
3518 4551 3712 4622 Bapti-

288 4657 440 4713 dens
468 4671 502 4710 a
524 4652 677 4708 malo
698 4653 724 4706 ‘?
755 4650 860 4707 Cui
904 4649 1262 4722 respondens
1301 4647 1588 4718 Satan,ait
1612 4663 1624 4701 :
1651 4647 1952 4720 Numquid

287 4745 518 4800 frustra
544 4741 575 4797 J
583 4741 654 4797 ob
678 4740 845 4796 timet
875 4743 1054 4795 Deum
1078 4738 1106 4790 ‘I
1133 4738 1336 4793 Nonno
1365 4740 1430 4791 tu
1464 4734 1690 4792 vallasti
1721 4752 1854 4791 eum
1887 4751 1952 4791 ac

288 4835 540 4890 domum
604 4830 732 4901 ejus
761 4826 1217 4898 universamque
1254 4824 1647 4882 substantiam
1689 4825 1818 4895 ejus
1849 4841 1951 4896 per

291 4919 673 4980 circumitum
705 4919 732 4973 ‘I
763 4915 1050 4990 Operihus
1103 4932 1384 4971 manuum
1417 4915 1544 4986 ejus
1579 4913 1947 4978 benedixisti,

289 5015 355 5069 et
386 5007 680 5083 possessio
714 5008 842 5080 ejus
871 5006 1052 5061 crevit
1084 5005 1143 5060 in
1183 5010 1354 5060 terra.
1390 5004 1501 5060 Sed
1533 5003 1775 5059 extende
1805 5020 1948 5074 pau-

285 5099 484 5158 lulum
518 5113 760 5154 manum
784 5099 970 5164 tuam,
1003 5099 1058 5150 et
1089 5098 1260 5166 tange
1286 5099 1496 5148 cuncta
1526 5109 1655 5164 quae
1689 5091 1951 5164 possidet

286 5189 407 5246 nisi
439 5188 497 5244 in
530 5187 735 5244 faciem
765 5183 1129 5242 benedixerit
1153 5182 1281 5238 tibi.
1315 5182 1467 5238 Dixit
1497 5197 1632 5252 ergo
1664 5181 1946 5236 Dominus

288 5278 369 5335 ad
417 5278 592 5334 Satan
625 5292 640 5332 :
673 5276 818 5331 Ecce
849 5272 1119 5329 universa
1148 5289 1277 5344 quae
1315 5271 1513 5340 habet,
1545 5271 1604 5325 in
1640 5288 1817 5326 manu
1852 5277 1948 5325 tua

235 5422 240 5423 ,
291 5371 439 5426 sunt
469 5385 482 5424 :
514 5369 744 5422 tantum
804 5364 862 5419 in
894 5379 1027 5419 eum
1077 5377 1149 5418 ne
1177 5361 1453 5417 extendas
1485 5376 1726 5414 manum
1759 5365 1944 5414 tuam.

290 5458 700 5530 Egressusque
727 5458 817 5510 est
845 5453 1022 5508 Satan
1053 5469 1086 5507 a
1117 5450 1260 5507 facie
1291 5448 1536 5505 Domini.
1571 5448 1715 5503 Cum
1751 5451 1946 5502 autem

293 5546 555 5618 quadam
577 5545 671 5600 die
692 5542 793 5598 filii
824 5546 881 5598 et
900 5540 1031 5596 filiae
1055 5541 1182 5611 ejus
1203 5539 1572 5595 comederent
1610 5541 1666 5592 et
1686 5535 1950 5591 biberent

293 5633 504 5692 vinum
551 5634 611 5690 in
667 5631 842 5689 domo
891 5629 1088 5687 fratris
1140 5629 1230 5686 sui
1262 5627 1657 5702 primogeniti,
1700 5625 1947 5681 nuntius

2063 4663 2258 4702 smum
2318 4642 2666 4699 accesserint
2736 4658 2749 4695 :
2821 4642 2968 4697 forte
3007 4641 3079 4696 ad
3118 4641 3227 4697 hoc
3267 4641 3504 4712 respicit
3567 4638 3713 4694 illud

2062 4733 2354 4807 Evangelii
2389 4750 2402 4788 :
2435 4735 2636 4802 Jugum
2693 4733 2842 4786 enim
2897 4747 3082 4786 meum
3135 4745 3304 4786 suave
3357 4734 3457 4800 est,
3496 4733 3549 4784 et
3577 4743 3715 4784 onus

2063 4841 2246 4879 meum
2305 4824 2415 4878 leve
2464 4821 2667 4894 (Matth.
2729 4839 2808 4887 x1,
2840 4821 2952 4890 30).
3001 4821 3062 4874 In
3086 4820 3254 4891 jugo,
3311 4819 3595 4874 Judazos:
3652 4817 3712 4874 in

2059 4915 2248 4980 asino,
2308 4913 2379 4968 ad
2433 4929 2608 4982 quem
2641 4928 2791 4966 onus
2825 4908 3014 4981 magis
3064 4908 3332 4980 pertinet,
3392 4911 3616 4979 gentes,
3649 4911 3714 4962 ut

2059 5019 2237 5074 supra
2267 5001 2522 5057 diximus
2553 4997 3179 5072 signiticavit.‘.\iagnus
3199 4997 3414 5052 dicitur
3443 4995 3712 5052 Christus

2058 5090 2212 5146 inter
2242 5106 2445 5146 omnes
2477 5087 2820 5156 Orientales,
2857 5086 3182 5141 secundum
3214 5085 3358 5140 illud
3403 5103 3416 5140 :
3464 5083 3629 5142 Unxit
3659 5089 3712 5140 te

2056 5181 2198 5236 Deus
2254 5183 2382 5234 tuus
2442 5180 2557 5233 oleo
2613 5177 2823 5232 laetitiae
2849 5189 2971 5246 prae
3000 5175 3335 5230 consortibus
3365 5175 3476 5229 tuis
3534 5174 3708 5244 (Psal.

2055 5286 2203 5335 xuv,
2235 5268 2310 5338 8).
2344 5267 2637 5322 Numerus
2684 5281 2817 5320 vero
2873 5263 3218 5318 animalium
3278 5263 3334 5318 in
3375 5267 3595 5335 septem
3655 5267 3715 5318 et

2055 5358 2244 5413 tribus
2278 5355 2558 5422 millibus,
2591 5358 2765 5424 atque
2803 5353 2861 5407 in
2920 5351 3254 5424 quin-gentis
3303 5357 3569 5408 sacratus
3599 5356 3709 5407 est.

2056 5448 2200 5502 Nam
2235 5445 2645 5517 septem,juxta
2667 5441 3070 5497 auctoritatem
3103 5441 3559 5512 Scripturarum,
3595 5439 3709 5512 ple-

2058 5535 2382 5590 nitudinem
2417 5531 2732 5604 quamdam
2767 5530 2917 5588 sacri
2947 5529 3206 5602 mysterii
3238 5529 3572 5602 significant
3602 5545 3614 5583 :
3645 5532 3711 5584 ut

2055 5625 2156 5695 ibi,
2200 5629 2420 5695 septem
2462 5619 2725 5692 spiritus,
2771 5623 2992 5691 septem
3051 5618 3421 5686 candelabra,
3483 5621 3707 5690 septem
