4066 6190
359 314 477 379 659

1853 316 2276 381 APPENDIX.

3626 313 3741 382 θαι

361 448 626 508 Ecclesia
667 449 864 523 (Apoc.
899 466 1044 519 1.1V,
1077 451 1163 521 ll,
1217 452 1303 519 13,
1354 455 1461 526 16).
1519 457 1581 510 In
1628 454 1818 512 tribus
1869 472 2004 512 vero
2032 454 2089 519 Α
2117 450 2538 518 hareditatem,
2573 453 2630 508 et
2678 448 2868 508 malos
2921 466 2955 505 a
2984 463 3167 522 regno
3194 446 3317 506 Filii
3369 446 3459 515 sui
3500 446 3738 509 seclusit.

363 540 628 598 millibus
661 558 674 595 :
708 541 907 596 anima
937 545 993 596 et
1021 558 1231 612 corpus
1261 548 1319 599 et
1348 544 1705 616 spiritus,vel
1732 545 2016 601 triformis

365 630 639 686 doctrina
682 629 945 694 scientia,
978 629 1034 685 in
1060 631 1375 703 Scripturis
1408 635 1646 702 sanctis,
1675 636 1793 690 sive
1823 652 2014 690 sacra-

365 723 632 777 mentum
687 719 864 774 beata
907 720 1208 775 Trinitatis
1259 727 1448 794 potest
1493 722 1740 797 intelligi
1774 742 1787 779 :
1817 742 1918 797 pro
1951 741 2017 780 eo

367 810 523 883 quod
556 809 749 864 omnis
779 807 1093 865 multitudo
1152 811 1531 879 credentium,
1578 813 1756 868 trium
1790 814 2017 869 dierum

365 898 521 956 viam
571 891 882 953 ambulans
938 898 1129 969 (Exod.
1198 917 1283 966 ιιι,
1336 902 1444 972 18),
1484 902 1554 956 ad
1606 903 2017 975 perfectionem

368 987 709 1045 aeternitatis
747 987 1041 1043 desiderat
1065 990 1384 1061 pervenire.
1413 991 1725 1064 Quingenti
1752 1010 1886 1049 vero
1920 991 2019 1064 qui

370 1079 443 1134 de
463 1077 724 1149 quinque
744 1082 1107 1149 consurgunt
1128 1078 1573 1151 quinquiplieati
1593 1081 2021 1153 quinquaginta

371 1166 633 1240 quinque
666 1165 903 1234 faciunt,
938 1168 1186 1239 peractis
1215 1167 1452 1224 lubrica
1508 1169 1691 1225 aetatis
1750 1169 2023 1241 fragilita-

371 1255 620 1323 tibus,in
642 1255 831 1310 virum
855 1257 1172 1327 perfectum
1200 1257 1506 1314 hominum
1530 1261 1812 1316 transisse
1843 1260 2021 1333 signi-

374 1346 551 1401 ﬁcant
589 1344 803 1417 (Ephes.
836 1363 908 1412 1v,
972 1347 1078 1417 13),
1140 1352 1195 1401 et
1228 1363 1329 1418 per
1371 1348 1562 1403 decies
1611 1350 1821 1420 quinos
1851 1351 2022 1421 quin-

377 1434 659 1508 quaginta
688 1435 1049 1507 perveniunt,
1083 1434 1163 1490 ita
1201 1452 1301 1508 per
1348 1437 1536 1492 decies
1580 1437 2026 1510 quinquagenos

378 1525 449 1579 ad
495 1524 849 1596 quingentos
880 1526 1223 1580 ascendunt.
1266 1524 1544 1582 Similiter
1575 1526 1890 1582 Ecclesium
1939 1532 2024 1582 to-

377 1608 709 1685 tam/qua
768 1612 1105 1669 columnam
1162 1620 1219 1670 et
1277 1616 1709 1671 ﬁrmamentum
1766 1615 2026 1672 veritatis

380 1701 592 1757 Christi
649 1702 865 1774 ﬁgurat
921 1704 966 1773 (Ι
998 1704 1130 1757 Tim.
1193 1720 1276 1773 ιιι,
1338 1705 1425 1776 15)
1484 1704 1597 1760 :in
1648 1722 1763 1776 qua
1818 1722 2029 1760 sensus

2203 563 2227 591 α
2260 542 2322 596 In
2370 541 2645 597 omnibus
2694 539 2786 596 his
2816 556 2933 595 non
2983 540 3239 612 peccavit
3264 538 3369 596 Job
3419 537 3581 594 labiis
3606 541 3749 607 suis,

2126 646 2314 702 neque
2336 629 2585 685 stultum
2611 629 2746 700 quid
2784 634 2989 685 contra
3016 633 3197 684 Deum
3217 627 3445 684 locutus
3465 633 3610 683 est.»
3639 628 3741 685 Hoc

2127 720 2207 775 ait
2236 719 2375 791 quia
2403 717 2581 775 stulte
2607 718 2769 790 loqui
2819 734 2936 773 non
2968 717 3156 790 potuit
3199 716 3484 789 sapientia
3530 717 3739 774 Patris:

2128 824 2316 879 neque
2355 810 2657 880 peccatum
2706 806 3072 863 committere
3102 803 3513 862 immaculatus
3541 810 3741 878 Agnus.

2782 949 3013 1007 CAPUT
3048 949 3117 1005 ΙΙ.

2208 1100 2228 1127 α
2263 1077 2502 1133 Factum
2530 1079 2619 1132 est
2657 1078 2852 1131 autem
2886 1090 3018 1130 cum
3073 1074 3328 1148 quadam
3361 1074 3456 1131 die
3484 1074 3750 1132 venissent

2132 1165 2237 1221 ﬁlii
2267 1165 2392 1235 Dei,
2415 1168 2471 1221 et
2500 1168 2724 1219 starent
2753 1180 2946 1219 coram
2971 1162 3214 1219 Domino
3234 1178 3248 1219 :
3270 1163 3529 1220 venisset
3546 1180 3753 1237 quoque

2132 1257 2311 1311 Satan
2362 1255 2512 1310 inter
2559 1270 2681 1320 eos,
2711 1257 2768 1309 et
2817 1257 2999 1309 staret
3045 1255 3105 1308 in
3161 1258 3484 1326 conspectu
3538 1254 3672 1325 ejus,
3699 1259 3752 1309 ut

2135 1345 2353 1400 diceret
2403 1344 2683 1400 Dominus
2714 1344 2785 1398 ad
2839 1344 3018 1398 Satan
3051 1360 3064 1398 :
3102 1342 3265 1398 Unde
3311 1340 3524 1398 venis?
3553 1342 3651 1408 Qui
3679 1359 3751 1397 re-

2137 1434 2435 1507 spondens
2467 1433 2586 1488 ait:
2640 1432 2951 1487 Circumivi
3003 1436 3242 1503 terram,
3277 1436 3337 1488 et
3384 1430 3753 1504 perambulavi

2136 1539 2286 1579 eam.
2320 1523 2387 1577 Et
2414 1523 2496 1578 ait
2528 1521 2807 1578 Dominus
2838 1522 2907 1576 ad
2941 1521 3118 1577 Satan
3147 1537 3158 1576 :
3188 1520 3489 1594 Numquid
3520 1521 3755 1576 conside-

2136 1610 2278 1666 rasti
2312 1626 2540 1665 servum
2594 1627 2788 1666 meum
2819 1610 2929 1666 Job
2965 1628 2978 1665 :
3014 1610 3169 1683 quod
3218 1626 3335 1666 non
3386 1610 3465 1665 sit
3491 1608 3540 1665 ei
3570 1607 3765 1665 similis

2135 1699 2195 1756 in
2228 1704 2379 1755 terra
2408 1716 2421 1753 :
2457 1701 2543 1754 vir
2590 1699 2838 1772 simplex
2883 1702 2941 1756 et
2970 1704 3182 1768 rectus,
3215 1715 3283 1755 ac
3332 1699 3548 1755 timens
3576 1698 3758 1764 Deum,

381 1791 590 1856 nostri,
622 1790 709 1847 vel
765 1791 1251 1862 puriﬁcationem,
1285 1794 1371 1848 vel
1399 1794 1801 1850 remissionem
1836 1811 2031 1866 pecca-
2060 1825 2107 1891 B
2138 1794 2196 1845 et
2225 1789 2551 1845 recedensa
2583 1787 2756 1855 malo,
2781 1792 2837 1844 et
2852 1788 3045 1844 adhuc
3063 1787 3324 1845 retinens
3351 1786 3758 1855 innocentiam;

380 1885 576 1938 torum
607 1879 945 1952 accipiunt:
978 1881 1116 1953 quia
1166 1882 1224 1937 in
1256 1883 1367 1938 isto
1418 1899 1662 1939 numero
1692 1900 1807 1939 non
1838 1883 2028 1940 solum
2060 1877 2105 1891 "
2136 1880 2221 1934 Tu
2290 1882 2484 1933 autem
2554 1877 2922 1933 commovisti
2997 1893 3090 1933 me
3170 1877 3460 1934 adversus
3512 1893 3659 1945 eum,
3709 1880 3765 1931 ut

382 1969 654 2026 remissio
686 1974 1076 2043 peccatorum,
1126 1972 1226 2026 sed
1279 1971 1455 2026 etiam
1511 1972 1794 2028 adventus
1842 1973 2027 2028 sancti

382 2059 635 2132 Spiritus
665 2058 1014 2115 declaratur.
1048 2059 1177 2115 Filii
1208 2078 1338 2115 vero
1372 2060 1471 2116 Dei
1506 2077 1519 2115 :
1553 2060 1641 2117 vel
1698 2061 1912 2134 angeli,
1943 2061 2031 2118 vel

382 2148 571 2206 sancti
602 2147 964 2220 intelligendi
1021 2155 1182 2215 sunt,
1215 2150 1314 2221 qui
1347 2151 1499 2205 dono
1548 2150 1747 2222 gratia
1777 2151 2033 2223 Spiritus

380 2237 570 2295 sancti
606 2235 750 2305 Filii,
776 2237 875 2292 Dei
902 2242 1200 2293 vocantur.
1240 2240 1392 2293 Inter
1421 2238 1529 2294 hos
1571 2256 1708 2311 ergo
1765 2239 2034 2295 diabolus

385 2330 575 2382 astare
611 2324 828 2381 dicitur
860 2341 872 2381 :
906 2326 1043 2396 quia
1062 2343 1131 2381 ex
1151 2327 1535 2397 permissione
1567 2327 1663 2382 Dei
1690 2327 2034 2399 plerumque

384 2418 619 2471 sanctos
666 2415 843 2469 audet
895 2418 1140 2469 tentare.
1174 2414 1437 2470 Miranda
1487 2415 1741 2471 ﬁliorum
1771 2416 1880 2471 Job
1912 2420 2031 2470 tam

390 2503 649 2558 fraterna
677 2502 1023 2558 concordia!
1057 2504 1166 2558 Sed
1201 2503 1338 2575 quia
1366 2504 1474 2560 Job
1504 2509 1707 2577 typum
1740 2504 2034 2560 Christum

393 2595 629 2664 portare
659 2590 1025 2647 ostendimus
1086 2609 1098 2645 :
1160 2592 1266 2648 hos
1324 2592 1568 2648 inferius
1626 2610 1728 2665 per
1785 2594 2033 2666 ﬁguram

390 2684 614 2753 septem
633 2680 853 2754 gratias
888 2680 1155 2737 Ecclesia
1177 2697 1305 2737 esse
1335 2681 1710 2754 dicimus,qui
1745 2681 2036 2754 spirituali

348 2790 355 2811 ι
395 2771 726 2843 funguntur
781 2774 1282 2826 sacramentorum
1315 2772 1596 2842 convivio,
1630 2771 1864 2844 Legem,
1898 2776 2034 2826 Pro-

392 2858 674 2933 phetiam,
708 2862 765 2915 et
795 2859 1102 2933 Evangelia
1135 2877 1148 2916 :
1180 2860 1351 2931 quasi
1383 2865 1499 2915 tres
1555 2877 1784 2917 sorores
1836 2877 2034 2916 secum

377 2947 681 3016 habentes,
715 2948 1045 3004 divinorum
1076 2949 1443 3021 eloquiorum
1475 2949 1859 3023 intelligentia
1879 2949 2039 3022 dapi-

379 3037 493 3093 bus
523 3042 884 3093 saturantur.
918 3039 980 3094 In
1015 3039 1185 3094 ruina
1214 3056 1347 3095 vero
1378 3041 1610 3111 domus,
1644 3057 1770 3111 qua
1801 3055 2035 3112 oppres-

379 3125 458 3183 sit
485 3125 636 3181 filios
666 3126 775 3181 Job
808 3144 822 3194 ;
863 3127 1241 3199 antiquorum
1300 3127 1654 3201 principum,
1717 3144 2033 3200 regnorum

2138 1967 2459 2039 afﬂigerem
2491 1982 2626 2022 eum
2654 1966 2892 2022 frustra.
2926 1965 3031 2023 Cui
3062 1967 3432 2039 respondens
3459 1966 3631 2022 Satan
3658 1966 3761 2020 ait:

2141 2055 2352 2113 Pellem
2386 2072 2489 2129 pro
2517 2054 2685 2127 pelle,
2719 2060 2777 2111 et
2805 2058 3016 2111 cuncta
3059 2071 3186 2128 qua
3215 2055 3401 2111 habet
3427 2055 3599 2111 homo
3626 2054 3764 2110 dabit

2142 2163 2244 2219 pro
2287 2146 2484 2200 anima
2532 2162 2640 2201 sua
2672 2161 2685 2199 :
2719 2143 2979 2217 alioquin
3029 2145 3198 2200 mitte
3245 2161 3495 2201 manum
3524 2148 3694 2208 tuam,
3718 2146 3764 2199 et

2140 2240 2314 2308 tange
2345 2252 2410 2291 os
2458 2236 2585 2307 ejus
2632 2238 2689 2291 et
2719 2251 2976 2299 carnem,
3010 2238 3069 2290 et
3097 2237 3236 2289 tunc
3282 2233 3515 2290 videbis
3543 2233 3686 2306 quod
3711 2231 3760 2286 iu

2141 2324 2347 2380 faciem
2374 2324 2676 2379 benedicat
2692 2323 2817 2379 tibi.
2845 2323 2996 2380 Dixit
3015 2340 3151 2397 ergo
3171 2322 3462 2379 Dominus
3482 2323 3559 2379 ad
3574 2323 3762 2378 Satan:

2143 2415 2286 2469 Ecce
2316 2413 2375 2468 in
2407 2416 2585 2468 manu
2616 2416 2718 2468 tua
2747 2417 2872 2469 est:
2904 2416 3305 2469 verumtamen
3347 2412 3600 2468 animam
3625 2409 3764 2465 illius

2143 2519 2328 2558 serva.
2370 2503 2655 2574 Egressus
2701 2505 2791 2558 est
2825 2501 3005 2574 igitur
3030 2502 3206 2557 Satan
3239 2518 3273 2557 a
3324 2501 3476 2557 facie
3520 2498 3761 2556 Domini:

2143 2595 2201 2647 et
2247 2590 2536 2663 percussit
2585 2591 2693 2646 Job
2742 2589 2933 2646 ulcere
2982 2588 3239 2662 pessimo
3287 2606 3325 2645 a
3381 2588 3574 2662 planta
3624 2585 3766 2660 pedis

2144 2695 2332 2751 usque
2362 2681 2434 2735 ad
2465 2680 2736 2735 verticem
2769 2680 2896 2751 ejus
2929 2679 3060 2750 :qui
3093 2681 3244 2734 testa
3272 2678 3504 2735 saniem
3535 2677 3762 2741 radebat,

2145 2770 2355 2826 sedens
2386 2768 2445 2823 in
2493 2767 2881 2841 sterquilinio.
2914 2767 3069 2823 Dixit
3111 2772 3311 2823 autem
3351 2767 3437 2823 illi
3468 2784 3606 2823 uxor
3632 2780 3764 2822 sua:

2144 2857 2352 2913 Adhuc
2380 2861 2447 2912 tu
2498 2873 2804 2928 permanes
2844 2856 2905 2912 in
2956 2855 3340 2929 simplicitate
3370 2862 3473 2912 tua
3498 2856 3527 2911 ?
3554 2847 3767 2911 benedic

2144 2947 2282 3013 Deo,
2316 2951 2373 3002 et
2420 2962 2666 3002 morere.
2699 2946 2804 3012 Qui
2860 2944 2942 3001 ait
2970 2946 3042 3001 ad
3069 2945 3231 3001 illam
3270 2961 3296 3015 ⁴ε
3362 2946 3534 3012 Quasi
3583 2960 3688 2999 una
3708 2941 3767 2998 de

2145 3034 2343 3092 stultis
2375 3034 2720 3091 mulieribus
2754 3034 2948 3091 locuta
2975 3052 3057 3091 es.
3075 3035 3136 3091 Si
3164 3035 3319 3091 bona
3341 3035 3694 3108 suscepimus
3710 3032 3769 3086 de

2145 3142 2325 3182 manu
2378 3125 2626 3191 Domini,
2661 3124 2815 3180 mala
2858 3140 3038 3197 quare
3088 3141 3204 3180 non
3254 3120 3767 3181 sustineamus?ln

378 3214 867 3289 persecutionem,
946 3198 1031 3271 vel
1100 3198 1376 3272 saevitiam
1447 3198 1649 3273 contra
1713 3198 2032 3274 Ecclesiam
2065 3198 2108 3263 (ἶ
2146 3215 2421 3271 omnibus
2467 3214 2563 3269 his
2614 3231 2725 3269 non
2762 3214 3021 3286 peccavit
3050 3213 3159 3269 Job
3210 3212 3392 3270 labiis
3440 3214 3579 3270 suis.
3610 3212 3768 3285 Igitur

386 3303 662 3360 ostendit.
693 3303 801 3370 Qui
841 3320 972 3359 vero
1012 3304 1173 3360 solus
1224 3306 1548 3377 permansit
1604 3309 1667 3360 ut
1716 3307 2029 3374 nuntiaret,
2070 3342 2079 3349 -

382 3391 680 3449 ratitatem
758 3392 1020 3464 ipsorum
1078 3398 1515 3465 persecuturum
1570 3394 1803 3449 indicat.
1853 3394 2031 3449 Sabai

382 3481 845 3552 interpretantur
873 3483 1076 3552 captivi
1108 3498 1118 3536 :
1154 3486 1210 3536 et
1240 3481 1490 3537 Chaldai
1523 3485 1685 3554 quasi
1711 3483 1988 3539 daemonia
2013 3503 2032 3538 .-

2142 3304 2445 3369 audientes
2476 3319 2567 3359 res
2615 3302 2787 3357 amici
2819 3302 2928 3358 Job
2979 3319 3151 3358 omne
3196 3302 3425 3360 malum
3458 3301 3606 3376 quod
3634 3298 3763 3356 acci-

2143 3392 2327 3448 disset
2372 3391 2443 3459 ei,
2493 3396 2777 3448 venerunt
2828 3390 3045 3464 singuli
3099 3392 3171 3447 de
3221 3391 3351 3449 loco
3402 3409 3526 3460 suo,
3559 3388 3766 3461 Elipbaz

2142 3480 2538 3550 Themanites,
2573 3486 2627 3535 et
2674 3480 2890 3536 Baldad
2941 3481 3154 3549 Suites,
3187 3485 3244 3536 et
3288 3482 3519 3555 Sophar
3548 3480 3765 3536 Naama-

376 3568 437 3625 hi
474 3585 680 3639 nempe
710 3569 919 3639 captivi
951 3570 1283 3624 damonum
1312 3571 1663 3643 impugnant
1695 3570 2032 3626 Ecclesiam:

378 3655 441 3713 hi
473 3673 587 3711 non
621 3656 812 3711 solum
847 3657 943 3712 ubi
1002 3664 1268 3728 possunt,
1319 3658 1563 3729 abigunt
1609 3674 1815 3731 greges
1855 3659 2037 3714 domi-

383 3745 568 3812 nicus,
608 3761 809 3800 verum
853 3745 1028 3800 etiam
1080 3762 1179 3801 eos
1212 3746 1344 3818 igne
1378 3763 1506 3814 suo,
1541 3762 1716 3818 quem
1749 3747 1873 3803 caeli
1908 3764 2036 3804 esse

384 3833 771 3903 mentiuntur,
804 3834 1150 3899 haresibus,
1180 3835 1267 3890 vel
1310 3835 1722 3907 supersitionis
1754 3838 2036 3907 pravitate

384 3926 760 3980 consumunt.
794 3922 1116 3979 Praesentia
1147 3923 1321 3979 etiam
1356 3940 1600 3995 regnum
1633 3925 1787 3980 venti
1826 3926 2067 3985 violen--

382 4011 601 4069 tissimi
631 4011 1018 4068 similitudine
1071 4011 1332 4067 violenta
1363 4054 1375 4068 .
1412 4016 1665 4084 quatuor
1711 4013 2037 4086 Evangeliis

382 4100 542 4157 velut
572 4100 807 4174 angulis
838 4102 1268 4167 conﬁrmatam,
1302 4101 1521 4157 Christi
1551 4102 1794 4158 domum
1826 4120 2037 4159 concu-

384 4190 541 4245 tiunt
574 4208 587 4245 :
622 4195 685 4245 ut
712 4190 976 4262 pradicti
1009 4194 1231 4262 septem
1266 4189 1455 4260 ﬁlii,et
1483 4195 1601 4246 tres
1636 4190 1768 4245 ﬁlia
1802 4191 2040 4263 pariter,

384 4295 517 4335 cum
553 4278 683 4351 ipsa
712 4279 884 4335 domo
915 4278 1221 4335 intereant.

454 4391 483 4417 ‹‹
520 4369 685 4423 Tunc
713 4370 970 4424 surrexit
997 4369 1129 4435 Job,
1163 4372 1219 4423 et
1249 4368 1422 4424 scidit
1450 4368 1801 4424 vestimenta
1836 4385 1963 4437 sua,
1987 4374 2045 4425 et

383 4462 556 4512 tonso
588 4456 797 4528 capite,
828 4474 1110 4513 corruens
1140 4457 1199 4512 in
1233 4459 1737 4524 terram,adoravit
1766 4462 1824 4514 et
1854 4458 1998 4514 dixit
2026 4475 2038 4513 :

2143 3569 2340 3625 thites.
2372 3569 2763 3625 Condixerant
2791 3570 2947 3625 enim
2983 3574 3044 3625 ut
3073 3570 3292 3642 pariter
3318 3571 3616 3628 venientes
3644 3565 3760 3621 visi-

2143 3663 2335 3714 tarent
2376 3675 2532 3730 eum,
2561 3662 2618 3714 et
2666 3659 3127 3715 consolarentur.
3162 3658 3430 3733 Cumque
3476 3656 3766 3716 elevassent

2146 3746 2347 3820 procul
2407 3747 2607 3803 oculos
2666 3765 2828 3815 suos,
2883 3765 2999 3804 non
3079 3752 3479 3822 cognoverunt
3539 3762 3682 3804 cum.
3737 3760 3760 3792 ι

2147 3837 2270 3893 Non
2316 3837 2468 3908 quod
2502 3837 2656 3893 Deus
2704 3836 2970 3909 ignoret;
3002 3837 3103 3893 sed
3157 3842 3222 3893 ut
3252 3853 3363 3893 nos
3414 3838 3609 3894 doceat
3647 3830 3765 3905 quid

2147 3926 2512 3998 responderit
2586 3930 2782 3997 Satan,
2860 3925 2960 3997 qui
3045 3926 3470 3999 interpretatur
3541 3923 3770 3981 aduersa-

2148 4031 2285 4070 rius.

2222 4128 2249 4154 ‹‹
2283 4105 2352 4159 Et
2372 4104 2765 4164 exclamantes
2783 4103 3155 4178 ploraverunt
3172 4121 3182 4159 :
3201 4105 3523 4179 scissisque
3543 4099 3770 4158 vestibus

2150 4197 2495 4265 sparserunt
2525 4193 2821 4265 pulverem
2853 4211 3030 4267 super
3067 4198 3245 4266 caput
3272 4211 3449 4250 suum
3479 4194 3536 4250 in
3565 4189 3768 4249 coelum.

2151 4282 2219 4337 Et
2266 4281 2546 4359 sederunt
2592 4298 2726 4337 cum
2776 4270 2865 4338 eo.
2893 4282 2952 4337 in
3001 4287 3158 4339 terra
3205 4287 3431 4355 septem
3475 4282 3687 4347 diebus,
3724 4278 3771 4331 et

2153 4374 2375 4442 septem
2428 4370 2719 4439 noctibus,
2753 4376 2811 4426 et
2860 4388 3031 4428 nemo
3063 4371 3415 4444 loquebatur
3457 4369 3507 4427 ei
3537 4368 3769 4425 verbum.

386 4546 594 4603 Nudus
626 4562 899 4618 egressus
925 4563 1057 4602 sum
1085 4545 1155 4600 de
1190 4551 1350 4601 utero
1385 4547 1587 4602 matris
1611 4551 1831 4617 mea,et
1850 4547 2045 4603 nudus

389 4640 645 4691 revertar
675 4635 833 4690 illuc.
870 4635 1151 4693 Dominus
1207 4636 1391 4701 dedit,
1442 4635 1720 4691 Dominus
1749 4636 1992 4692 abstulit
2033 4655 2044 4692 :

392 4724 547 4780 sicut
603 4726 848 4781 Domino
879 4723 1115 4796 placuit,
1145 4726 1223 4779 ita
1254 4726 1470 4779 factum
1513 4730 1603 4780 est
1660 4742 1672 4779 :
1734 4724 1809 4780 sit
1839 4742 2047 4782 nomen

396 4813 627 4869 Domini
688 4814 1081 4871 benedictum.
1144 4836 1171 4863 ››
1232 4814 1493 4869 Surrexit
1558 4815 1627 4869 ad
1680 4813 2049 4871 tolerantiam

399 4903 713 4973 patientia.
763 4908 909 4960 Nam
943 4907 1001 4960 et
1044 4904 1180 4971 Job,
1212 4902 1271 4959 id
1303 4907 1392 4959 est
1422 4902 1711 4970 Christus,
1742 4904 1812 4958 ad
1848 4921 2046 4976 pacem

399 4991 655 5047 dandam
736 4992 1006 5049 Ecclesiae
1064 4993 1336 5060 surrexit,
1372 4997 1436 5047 ut
1466 4998 1695 5065 gestum
1764 4993 2053 5067 signiﬁcet

399 5077 687 5136 vindicta.
722 5081 1087 5138 Vestimenta
1117 5099 1248 5137 vero
1281 5081 1489 5137 scidit:
1517 5081 1711 5137 ﬁdeles
1743 5082 1813 5138 ab
1846 5082 2051 5138 inﬁde-

399 5166 556 5223 libus
613 5171 926 5241 separavit.
1002 5170 1253 5227 Procidit
1291 5171 1350 5225 in
1390 5174 1627 5243 terram,
1670 5187 1803 5227 cum
1846 5188 1907 5228 se
1982 5173 2052 5228 de

399 5256 588 5313 forma
652 5258 754 5314 Dei
820 5276 1008 5331 usque
1070 5262 1141 5316 ad
1210 5260 1454 5315 formam
1522 5261 1669 5315 servi
1737 5260 2055 5316 exinanivit

399 5345 663 5418 (Philipp.
702 5364 784 5413 ιιι,
825 5350 880 5415 6,
926 5351 999 5417 7).
1045 5347 1249 5404 Nudus
1311 5365 1587 5421 egressus
1653 5353 1741 5404 est
1779 5350 1849 5405 de
1890 5355 2051 5405 utero

400 5435 608 5492 matris
639 5453 782 5504 suae,
815 5436 977 5493 nulla
1005 5436 1272 5492 videlicet
1303 5437 1473 5492 sorde
1503 5436 1721 5509 peccati
1751 5435 2053 5509 originalis

403 5541 701 5597 aspersus.
773 5527 852 5581 Ex
915 5542 1165 5599 persona
1222 5524 1480 5581 hominis
1519 5526 1598 5580 ait
1641 5543 1654 5581 :
1703 5545 1725 5573 α
1768 5526 2051 5581 Dominus

405 5614 589 5686 dedit,
615 5620 669 5672 et
700 5616 978 5673 Dominus
1010 5614 1274 5689 abstulit.
1311 5637 1337 5665 »
1374 5614 1536 5670 Dedit
1567 5619 1730 5687 pater
1757 5616 1939 5672 bonos
1991 5614 2049 5671 in

2151 4458 2441 4514 Videbant
2471 4460 2625 4515 enim
2667 4459 2927 4515 dolorem
2977 4476 3106 4516 esse
3135 4460 3554 4517 vehementem.
3586 4479 3613 4507 η
3644 4455 3767 4513 Nam

2082 4569 2126 4634 Ι)
2156 4555 2214 4604 et
2244 4564 2448 4604 omnes
2496 4548 2746 4604 haeretici
2782 4549 2993 4604 Christi
3043 4549 3264 4606 amicos
3311 4566 3375 4606 se
3404 4565 3530 4606 esse
3557 4547 3767 4607 dicunt;

2160 4637 2331 4707 cujus
2362 4653 2423 4691 se
2453 4637 2739 4709 sanguine
2784 4638 3114 4710 redemptos
3161 4636 3504 4710 gloriantur.
3530 4640 3593 4692 Et
3637 4634 3768 4706 post-

2159 4727 2399 4782 modum
2418 4725 2639 4782 inimici
2662 4726 2997 4783 efﬁciuntur
3015 4729 3163 4797 ejus,
3188 4726 3582 4802 impugnanda
3602 4719 3769 4780 Eccle-

2159 4815 2307 4870 siam
2364 4832 2552 4870 suam.
2606 4816 2764 4880 Quod
2819 4820 3014 4870 autem
3065 4816 3326 4872 videntes
3375 4815 3595 4889 plagam
3641 4810 3766 4882 ejus.

2159 4903 2461 4960 sciderunt
2503 4904 2869 4975 vestimenta,
2903 4908 2961 4959 et
2990 4903 3278 4959 miserunt
3306 4904 3593 4976 pulverem
3621 4910 3772 4969 super

2160 4996 2336 5065 caput
2355 5010 2529 5048 suum
2556 5010 2568 5046 :
2588 4992 2718 5048 illos
2741 4992 3043 5049 haereticos
3067 4991 3482 5065 signiﬁcat,qui
3506 4988 3768 5047 Christum

2159 5083 2217 5137 in
2251 5079 2436 5154 gloria
2467 5081 2680 5137 caelesti
2720 5083 2901 5138 Deum
2934 5082 3181 5137 credunt
3216 5098 3229 5138 :
3264 5078 3699 5138 incarnationem
3725 5074 3771 5127 et

2161 5170 2494 5244 passionem
2520 5187 2637 5226 non
2665 5171 2942 5227 credunt:
2963 5170 3065 5226 sed
3098 5169 3426 5244 opprobriis
3445 5172 3498 5225 et
3526 5160 3766 5222 humilia-

2160 5259 2317 5316 tione
2365 5259 2494 5330 ejus
2555 5260 2783 5329 ollensi,
2824 5260 2883 5316 in
2935 5258 3359 5332 blasphemiam
3410 5255 3766 5327 erumpentes.

2162 5349 2337 5404 ﬁdem
2370 5348 2670 5419 scindunt,
2695 5357 2866 5421 alque
2887 5366 2921 5404 a
2945 5348 3205 5421 corporis
3227 5350 3443 5404 unitate
3471 5340 3762 5401 discedunt.

2162 5439 2231 5493 Et
2262 5436 2557 5508 pulverem
2593 5438 2897 5494 mittentes
2930 5454 3107 5510 super
3136 5437 3327 5510 capita
3346 5452 3468 5503 sua,
3488 5437 3694 5489 terreno
3717 5424 3767 5477 et

2162 5530 2392 5582 mortuo
2432 5543 2631 5596 sensu,
2664 5528 2839 5583 corda
2885 5545 2993 5584 sua
3020 5527 3294 5600 operiunt
3325 5527 3491 5597 atque
3515 5514 3757 5577 obruunt.

2160 5615 2331 5674 Omni
2391 5615 2563 5672 etiam
2611 5620 2869 5688 tempore
2926 5615 3065 5672 vita
3097 5633 3239 5687 sua,
3300 5631 3421 5690 qua
3465 5611 3521 5667 in
3565 5605 3785 5678 septumi
