4066 6190
346 325 463 393 σει

1459 326 1971 393 COMMENTAR.
2016 325 2096 387 lN
2138 326 2276 389 JOB
2320 325 2491 388 CAP.
2538 324 2644 388 ΙΙΙ.

3644 326 3778 391 662’

350 461 561 520 diebus
594 472 663 519 ac
691 460 963 519 noctibus
984 460 1316 520 continetur
1383 462 1694 535 indignum
1726 476 1792 518 os
1821 478 1997 517 suum
2028 460 2081 527 Α
2112 459 2603 535 praevaricationis
2640 460 2843 516 mortis
2874 478 2992 516 suae
3044 477 3176 518 cum
3225 462 3547 521 destatione
3577 463 3758 521 male-

350 550 720 610 confassione
769 552 983 621 divina,
1027 557 1191 608 muta
1218 550 1582 608 inﬁdelitatis
1630 551 2003 623 improbitate
2112 552 2315 607 dicunt
2348 570 2361 607 :
2397 549 2496 623 qui
2529 567 2642 607 non
2694 551 2995 607 serviendo
3026 551 3203 617 vitiis,
3236 553 3522 609 suscitant
3551 558 3759 611 contra

349 641 770 706 condemnant,
806 645 864 697 et
911 642 1247 698 obstruetur
1274 658 1340 697 os
1390 640 1757 715 loquentium
1800 639 2002 712 iniqua
2110 658 2172 697 se
2202 642 2539 709 draconem,
2572 641 2959 697 fortissimum
2991 640 3213 696 scilicet
3240 642 3493 698 hostem.

349 731 530 802 (Psal.
560 746 699 799 LXII,
732 730 842 801 12).

995 819 1223 878 CAPUT
1260 822 1357 879 III.

420 933 450 963 ‹‹
517 910 656 968 Post
756 908 881 966 hac
982 910 1211 983 aperuit
1307 910 1416 967 Job
1517 928 1583 967 os
1684 925 1839 980 sum,
1942 913 2000 964 et

347 998 657 1058 maledixit
702 997 820 1054 diei
870 1014 997 1069 suo,
1045 1002 1105 1055 et
1149 998 1379 1056 locutus
1425 1008 1513 1057 est
1561 1017 1575 1056 :
1628 1002 1829 1056 Pereat
1873 997 1998 1054 dies

346 1089 408 1145 in
485 1105 604 1162 qua
677 1091 856 1144 natus
936 1104 1091 1155 sum,
1150 1093 1209 1145 et
1281 1106 1392 1145 nox
1463 1089 1522 1145 in
1581 1106 1700 1162 qua
1771 1088 1995 1144 dictum

344 1182 436 1235 est
464 1194 479 1233 :
512 1181 841 1249 Conceptus
870 1180 961 1233 est
989 1177 1185 1234 homo.
1223 1178 1357 1235 Dies
1401 1177 1502 1234 illa
1529 1183 1786 1235 vertatur
1813 1178 1874 1233 in
1906 1182 1995 1233 te-

343 1268 578 1324 nebras.
597 1288 627 1317 ››
643 1270 785 1323 Post
806 1267 949 1338 base,
965 1267 1120 1323 sicut
1140 1267 1221 1323 ait
1244 1268 1495 1342 scriptor
1514 1268 1697 1341 hujus
1716 1267 1992 1336 historias,

342 1373 522 1430 quem
564 1355 822 1430 Moyeem
871 1372 1000 1413 esse
1030 1356 1210 1412 tradit
1259 1357 1477 1430 Opinio,
1509 1358 1740 1431 aperuit
1787 1357 1896 1413 Job
1928 1374 1993 1413 os

340 1462 547 1513 suum,
599 1450 657 1501 et
701 1443 1005 1501 maledixit
1055 1444 1170 1501 diei
1219 1462 1327 1502 suo
1378 1447 1581 1503 dicens
1641 1464 1654 1503 :
1701 1469 1730 1497 «
1791 1449 1995 1502 Pereat

341 1533 474 1590 dies
499 1532 562 1590 in
596 1550 711 1606 qua
738 1539 912 1589 natus
943 1549 1098 1601 sum,
1125 1539 1183 1589 et
1206 1550 1322 1590 nox
1352 1534 1410 1589 in
1446 1552 1564 1607 qua
1593 1535 1815 1591 dictum
1854 1538 1944 1590 est
1975 1552 1988 1589 :

341 1622 671 1694 Conceptus
727 1625 817 1678 est
870 1621 1065 1679 homo.
1120 1641 1149 1673 ιι
1212 1622 1322 1679 Job
1379 1623 1479 1695 qui
1529 1628 1735 1696 typum
1784 1622 1992 1678 habuit

335 1710 657 1767 Salvatoris
714 1710 775 1767 in
838 1727 922 1779 se,
982 1711 1228 1767 humani
1284 1712 1512 1785 generis
1570 1711 1987 1769 mortalitatem

335 1798 573 1856 deﬂexit
627 1816 641 1855 :

696 1816 837 1894 quae.
883 1804 1121 1894 propter
1187 1806 1490 1894 peccatum
1548 1818 1617 1857 ex
1674 1801 1776 1857 Dei
1823 1802 1989 1873 justa
2019 1830 2068 1894 B

2182 754 2209 780 «
2243 730 2714 787 Obtenebrentur
2733 730 2915 786 stellae
2938 729 3187 801 caligine
3206 732 3353 800 ejus.
3372 754 3394 783 ι
3422 733 3753 792 Peccatores

2108 820 2350 888 scilicet,
2401 820 2502 892 qui
2550 822 2610 875 in
2664 825 2849 891 nocte,
2900 820 3093 876 saeculi
3151 819 3374 876 divitiis
3431 824 3489 875 et
3536 820 3754 880 honore

2107 908 2304 966 lucere
2351 924 2412 966 se
2458 914 2687 982 putant,
2740 909 3016 965 caecitatis
3057 909 3304 981 caligine
3351 910 3752 979 tenebrentur,

2106 1003 2164 1055 et
2192 998 2396 1055 merito
2427 1016 2555 1067 suo,
2588 998 2877 1071 Evangelii
2912 998 3110 1054 lumen
3141 1016 3255 1055 non
3287 999 3537 1055 videant.

2178 1110 2206 1137 ‹‹
2256 1088 2560 1160 Exspectat
2606 1087 2819 1153 lucem,
2869 1092 2926 1143 et
2972 1104 3086 1143 non
3135 1088 3348 1143 videat.
3400 1110 3429 1139 ››
3478 1089 3592 1145 Nec
3641 1106 3756 1146 nox

2104 1176 2595 1248 praevaricationis
2627 1180 2683 1231 et
2706 1177 2933 1240 mortis,
2966 1177 3026 1231 in
3057 1194 3175 1248 qua
3204 1176 3474 1235 diabolus
3504 1194 3753 1250 regnum

2103 1268 2282 1334 tenet,
2337 1270 2529 1338 potest
2577 1265 2775 1321 lumen
2827 1266 3231 1337 Redemptoris
3284 1266 3497 1322 Christi
3544 1284 3754 1340 cogno-

2104 1370 2301 1422 scere;
2327 1370 2513 1424 neque
2554 1354 2637 1410 illi
2671 1355 2769 1428 qui
2803 1354 2859 1409 in
2887 1372 2954 1411 ea
2985 1361 3329 1422 nascuntur,
3353 1356 3466 1413 nisi
3488 1373 3617 1413 eam
3648 1372 3754 1430 per

2101 1443 2462 1515 baptismum
2495 1444 2682 1499 renati
2713 1444 3123 1501 destruxerint.

2174 1555 2202 1584 ‹‹
2236 1534 2350 1591 Nec
2370 1538 2563 1589 ortum
2587 1534 2884 1606 surgentis
2906 1551 3148 1589 aurorae.
3172 1554 3198 1586 η
3237 1535 3745 1593 Resurrcctionem

2098 1622 2312 1678 Christi
2364 1623 2753 1695 significavit;
2788 1625 2962 1694 unde,
2995 1624 3055 1679 in
3114 1624 3360 1696 psalmo,
3392 1624 3591 1697 vigilia
3621 1642 3747 1683 ma-

2098 1708 2293 1765 tutina
2321 1710 2535 1765 dicitur
2566 1711 2735 1781 (Psal.
2770 1729 2956 1782 cxxrx,
2986 1713 3064 1783 6).

2171 1821 2199 1848 ‹‹
2234 1798 2380 1864 Quia
2420 1816 2535 1855 non
2586 1799 2875 1856 conclusit
2904 1801 3055 1856 ostia
3097 1802 3318 1857 ventris
3361 1802 3462 1873 qui
3494 1804 3747 1874 portavit

335 1886 649 1959 sententia,
680 1887 905 1945 homini
935 1888 1160 1944 inﬂicta
1187 1894 1295 1944 est.
1333 1909 1362 1939 «
1390 1889 1593 1947 Pereat
1622 1890 1749 1946 dies
1778 1891 1839 1945 in
1871 1906 1989 1962 qua
2019 1886 2064 1894 ”
2100 1903 2193 1943 me
2224 1904 2236 1941 :
2274 1905 2379 1945 nec
2418 1888 2657 1945 abstulit
2706 1890 2864 1945 mala
2910 1890 2982 1945 ab
3014 1890 3197 1945 oculis
3227 1892 3373 1961 ejus.
3408 1892 3598 1956 Quare
3626 1909 3744 1949 non

337 1980 517 2033 natus
554 1993 711 2033 sum.
748 1998 776 2026 »
807 1978 1026 2033 Redeat
1073 1994 1175 2050 per
1205 1978 1502 2035 Christum
1552 1979 1983 2045 immortalitas,

335 2081 516 2139 quam
545 2066 734 2121 Adam
766 2070 929 2123 reatu
963 2067 1452 2138 praevaricationis
1478 2068 1697 2140 amisit,
1730 2074 1787 2125 et
1816 2068 1987 2125 abeat

335 2170 496 2211 mors
544 2171 581 2211 a
627 2171 742 2221 me,
776 2172 953 2226 quam
1002 2155 1118 2210 alio
1171 2156 1552 2228 delinquente
1599 2158 1884 2213 contraxi.
1916 2159 1988 2213 Et

330 2243 620 2302 Jeremias
652 2260 666 2298 :
700 2243 994 2301 Maledicta
1040 2243 1155 2300 dies
1202 2246 1259 2299 in
1287 2262 1397 2317 qua
1425 2256 1590 2301 natus
1616 2263 1739 2301 sum
1761 2247 1982 2315 (Jerem.

329 2349 427 2402 xx,
459 2333 569 2404 14).
604 2331 768 2389 Unde
819 2331 966 2388 nulli
1014 2332 1265 2389 dubium
1317 2338 1426 2400 est,
1460 2335 1617 2407 quod
1665 2334 1728 2390 hi
1778 2351 1985 2391 omnes

329 2421 862 2496 praevaricationem
888 2421 1025 2477 Adae
1048 2422 1983 2497 detestentur.8piritualiterergo

330 2511 460 2569 dies
487 2527 623 2568 cum
668 2527 777 2568 sua
825 2514 1017 2579 nocte,
1048 2510 1318 2568 diabolus
1364 2516 1422 2568 et
1471 2512 1799 2570 mortalitas
1850 2530 1982 2585 pos-

333 2604 480 2657 sunt
529 2598 774 2672 intelligi
811 2618 825 2654 :
859 2616 974 2656 non
1027 2599 1163 2672 quia
1210 2600 1337 2656 dies
1366 2600 1463 2672 sit,
1497 2602 1596 2658 sed
1645 2603 1782 2674 quia
1810 2603 1985 2659 fuerit

330 2690 570 2764 quando
600 2690 982 2762 permanebat
1001 2705 1137 2745 cum
1170 2693 1354 2758 Deo,a
1383 2707 1499 2762 quo
1517 2692 1838 2748 recendens
1868 2693 1984 2748 fac-

328 2784 431 2835 tus
458 2783 549 2835 est
578 2795 714 2846 nox,
736 2777 825 2836 vel
855 2778 992 2851 quia
1017 2778 1218 2852 impiis
1247 2795 1313 2835 ac
1337 2781 1759 2853 peccatoribus,
1783 2781 1842 2837 in
1874 2783 1983 2838 hac

330 2868 726 2942 prosperitate
778 2872 836 2925 et
883 2867 1158 2924 felicitate
1202 2869 1617 2941 gaudentibus,
1675 2870 1799 2928 dies
1854 2887 1982 2929 esse

328 2957 615 3014 videatur.
645 2956 811 3013 Unde
839 2955 1056 3012 dicitur
1085 2974 1099 3012 :

396 3067 427 3098 «
456 3045 771 3104 Auferetur
790 3047 864 3103 ab
885 3046 1086 3119 impiis
1113 3046 1213 3103 lux
1242 3063 1370 3103 sua.
1399 3048 1526 3103 Non
1558 3049 1816 3121 requirat
1845 3066 1979 3105 eum

319 3139 478 3193 Deus
508 3136 779 3208 desuper.
808 3158 830 3185 ι
865 3135 983 3192 Hoc
1011 3139 1123 3203 est,
1147 3152 1219 3192 ne
1248 3137 1350 3192 ﬁat
1377 3138 1506 3208 ejus
1531 3138 1815 3193 memoria
1842 3143 1974 3194 ante

318 3228 508 3281 Deum
536 3225 598 3281 in
628 3225 870 3282 bonum.
1198 3295 1207 3305 ἢ

400 3336 422 3363 ι
481 3315 552 3370 Et
595 3330 711 3371 non
762 3314 1091 3371 illustratur
1137 3314 1381 3372 lumine.
1448 3338 1468 3364 ι)

313 3402 440 3473 Dei,
475 3403 556 3459 vel
590 3403 961 3476 pcenitentim.

382 3513 415 3541 ‹‹
445 3491 776 3549 Obscurent
819 3509 954 3549 eum
1006 3493 1262 3549 tenebrm
1314 3498 1371 3549 et
1416 3494 1627 3550 umbra
1672 3495 1962 3551 mortis.»

296 3579 604 3648 Τθιιθδι-ω,
636 3587 875 3654 peccata
903 3586 1040 3639 sunt
1072 3587 1132 3639 et
1160 3582 1400 3639 invidia.

374 3691 406 3721 «
436 3669 693 3744 Occupet
708 3687 844 3728 eum
871 3671 1147 3745 caligo,et
1168 3672 1498 3729 involvatur
1513 3672 1960 3730 amaritudine.»

303 3759 369 3816 Id
403 3764 513 3825 est,
543 3760 773 3818 ascitas
802 3761 1017 3818 cordis.

378 3871 408 3899 «
457 3848 698 3905 Noctem
749 3848 912 3905 illam
959 3850 1310 3907 tenebrosus
1358 3850 1531 3906 turbo
1581 3851 1895 3923 possideat.
1934 3874 1955 3901 ν

301 3936 454 4002 Quia
506 3937 578 3993 ad
627 3938 1086 3995 amaritudinem
1136 3944 1411 4011 provocat
1460 3945 1664 4007 Deum,
1706 3942 1859 3997 sicut
1905 3947 1961 3998 et

300 4027 496 4084 ceteri
532 4026 818 4083 satellites
846 4029 976 4099 ejus
1009 4046 1022 4085 :
1059 4030 1253 4085 furore
1274 4028 1371 4085 irae
1404 4029 1502 4085 Dei
1534 4030 1956 4101 apprehensus,

301 4115 703 4172 circumdatur
733 4117 1009 4173 omnibus
1041 4117 1234 4183 malis,
1265 4123 1324 4175 et
1351 4118 1702 4175 involvatur.
1734 4124 1961 4176 Noctem

298 4205 463 4262 illam
509 4206 823 4262 tenebrosus
869 4207 1030 4263 turbo
1072 4208 1368 4280 possideat,
1413 4207 1472 4263 id
1523 4212 1632 4279 est,
1664 4207 1955 4280 diabolus,

300 4294 410 4368 qui
460 4294 615 4351 diem
676 4294 975 4352 fclicitatis
1029 4295 1253 4352 homini
1299 4296 1565 4367 abstulit,
1624 4302 1680 4352 et
1727 4302 1958 4353 noctem

301 4383 588 4456 inquieta
616 4383 745 4439 vita:
772 4384 1146 4441 turbulentus
1171 4385 1404 4441 invexit.

370 4494 402 4523 α
436 4472 563 4529 Non
624 4477 1001 4545 computetur
1058 4472 1117 4528 in
1175 4473 1385 4530 diebus
1443 4473 1602 4529 anni.

1533 3316 1969 3388 Racognitionis

1667 4496 1693 4523 »
1750 4480 1958 4529 Annus

2096 1975 2155 2031 in
2186 1976 2361 2032 vulva
2412 1982 2680 2034 mortuus
2711 1995 2840 2034 sum
2864 1978 2891 2033 ‘?
2921 1979 3109 2042 Quare
3159 1996 3434 2050 egressus
3481 1998 3549 2036 ex
3580 1985 3743 2037 utero

2096 2082 2210 2121 non
2270 2066 2468 2122 statim
2524 2067 2665 2137 perii
2726 2083 2738 2123 :
2791 2069 2904 2122 Cur
2958 2072 3232 2140 exceptus
3287 2069 3583 2139 genibus?
3630 2070 3746 2125 Cur

2093 2153 2346 2210 Iactatus
2394 2155 2719 2211 uberibus?
2774 2178 2802 2205 »
2853 2155 2971 2210 Sub
3022 2172 3271 2227 persona
3317 2174 3446 2224 sua,
3498 2157 3745 2213 humani

2093 2243 2326 2315 generis
2358 2243 2584 2317 plangit
2607 2244 2872 2300 miserias
2906 2260 2917 2298 :
2952 2261 3133 2317 quare
3153 2244 3368 2302 iterum
3396 2246 3741 2314 moriturus,

2095 2331 2251 2387 mala
2298 2332 2472 2388 istius
2517 2332 2647 2389 vitae
2694 2334 2990 2405 patiatur:
3027 2350 3207 2405 quare
3256 2334 3566 2391 mortalem
3615 2336 3747 2409 ipsa

2094 2436 2252 2477 mors
2284 2439 2399 2478 non
2431 2421 2810 2477 exstinxerint
2838 2423 2896 2477 in
2927 2426 3089 2479 utero
3112 2423 3140 2477 ?

2170 2535 2190 2561 ι
2225 2511 2391 2567 Nunc
2421 2511 2576 2567 enim
2632 2512 2929 2568 dormiens
2977 2512 3237 2580 silerem,
3270 2519 3327 2570 at
3374 2531 3580 2571 somno
3611 2531 3741 2572 meo

2092 2601 2519 2673 requiescerem
2568 2618 2701 2657 cum
2757 2601 2995 2673 regibus
3043 2606 3099 2658 et
3154 2603 3495 2661 consulibus
3552 2610 3739 2672 terrae,

2091 2690 2191 2760 qui
2223 2690 2513 2746 aediﬁcant
2538 2690 2650 2745 sibi
2673 2690 3019 2747 solitudines
3042 2710 3054 2747 :
3076 2696 3177 2747 aut
3205 2709 3340 2748 cum
3372 2693 3740 2765 principibus

2090 2779 2190 2850 qui
2224 2779 2527 2850 possident
2553 2797 2784 2850 aurum,
2810 2784 2866 2835 et
2892 2780 3120 2853 replent
3144 2782 3350 2837 domos
3379 2799 3517 2837 suas
3540 2798 3744 2854 argen-

2088 2872 2168 2923 to.
2206 2890 2233 2918 »
2280 2868 2601 2940 Principes,
2635 2874 2691 2925 et
2739 2885 2922 2941 reges,
2954 2875 3013 2925 et
3061 2869 3355 2936 consules,
3387 2869 3532 2926 etin
3566 2871 3615 2926 si
3648 2870 3738 2925 in-

2088 2958 2252 3013 ferno
2300 2957 2603 3030 squalores
2649 2962 2933 3013 tartareos
2982 2958 3318 3030 patiuntur;
3353 2975 3508 3014 nunc
3538 2963 3736 3015 tamen

2088 3045 2148 3100 iu
2180 3047 2521 3118 corporibus
2552 3047 2679 3102 suis
2710 3052 3002 3103 tormenta
3051 3064 3168 3103 non
3200 3048 3481 3104 sentiunt.
3516 3048 3736 3105 Horum

2089 3139 2335 3191 mortem
2370 3136 2515 3191 mihi
2547 3137 2741 3192 venire
2771 3136 2879 3192 hac
2910 3137 3244 3192 conditione
3273 3137 3611 3194 voluissem.

2159 3247 2186 3274 ‹‹
2223 3230 2334 3280 Aut
2364 3224 2517 3281 sicut
2565 3226 2894 3281 abortivum
2945 3226 3355 3282 absconditum
3391 3244 3505 3282 non
3539 3228 3734 3283 subsi-

2079 3318 2312 3380 sterem,
2363 3314 2449 3370 vel
2506 3314 2606 3384 qui
2656 3314 2918 3387 concepti
2970 3332 3086 3370 non
3141 3314 3412 3372 viderunt
3456 3316 3668 3372 lucem.
3703 3340 3732 3367 »

2075 3402 2269 3458 Variis
2302 3402 2493 3459 modis
2539 3409 2597 3459 et
2629 3404 2911 3475 exemplis
2964 3403 3127 3471 dicit,
3159 3405 3316 3476 quod
3349 3421 3551 3477 pcenas
3580 3405 3726 3462 istas

2075 3490 2136 3547 in
2187 3493 2402 3563 quibus
2434 3497 2578 3558 erat,
2632 3510 2744 3547 non
2778 3493 3062 3549 debuerat
3114 3494 3255 3565 pati.
3290 3495 3478 3560 Quare
3526 3511 3638 3551 non
3670 3496 3732 3551 in

2074 3581 2244 3636 vulva
2266 3586 2533 3636 mortuus
2572 3599 2704 3637 sum
2728 3582 2755 3636 ?
2785 3582 2850 3637 Et
2870 3582 3145 3655 deinceps
3177 3584 3258 3639 ait
3289 3599 3302 3637 :
3340 3583 3505 3642 Nunc
3537 3592 3733 3639 autem

2076 3670 2375 3727 dormiens
2398 3670 2652 3743 silerem,
2677 3676 2734 3727 et
2758 3688 2965 3727 somno
2989 3689 3116 3727 meo
3139 3673 3564 3744 requiescerem
3596 3690 3729 3729 cum

2077 3759 2316 3831 regibus
2347 3765 2404 3815 et
2432 3760 2798 3817 consulibus.
2834 3761 3002 3816 Forte
3033 3760 3367 3833 exemplum
3398 3765 3603 3818 contra
3630 3778 3729 3819 eos

2070 3854 2179 3920 est,
2216 3849 2315 3921 qui
2368 3849 2571 3904 dicunt
2616 3866 2729 3905 non
2784 3855 3237 3916 resurrecturns,
3268 3849 3383 3904 nisi
3432 3850 3730 3921 quijuxta

2070 3938 2334 3994 ordinem
2372 3937 2492 3993 nati
2531 3937 2766 3993 fuerint.
2800 3939 2859 3993 Si
2910 3938 3064 3994 enim
3098 3937 3357 4008 concepti
3391 3938 3728 3994 moriuntur

2069 4028 2130 4083 in
2161 4032 2344 4095 utero,
2380 4044 2617 4084 necesse
2638 4034 2747 4095 est,
2774 4028 2912 4099 quia
2934 4028 3043 4082 vivi
3067 4028 3318 4095 fuerint;
3348 4032 3405 4082 et
3434 4028 3721 4099 quidquid

2068 4117 2337 4187 moritur,
2381 4117 2537 4173 haud
2592 4117 2768 4172 dubie
2818 4117 2959 4188 quia
3010 4120 3292 4189 resurget.
3328 4120 3413 4171 Ita
3461 4116 3617 4187 quod
3660 4115 3720 4171 in

2068 4206 2354 4262 membris
2402 4206 2515 4261 iuit
2562 4210 2618 4260 et
2648 4204 2807 4270 vixit,
2840 4210 2896 4260 et
2944 4210 3152 4260 natura
3204 4204 3401 4260 minus
3451 4202 3720 4260 dederit:

2069 4294 2178 4350 hoc
2232 4294 2653 4350 resurrectione
2706 4293 2763 4347 in
2818 4293 3129 4363 integrum
3167 4292 3535 4364 reparabitur
3584 4309 3597 4347 :
3638 4292 3723 4348 sic

2070 4385 2225 4439 enim
2258 4382 2499 4437 humani
2534 4381 2763 4453 generis
2810 4380 3165 4437 instauratio
3197 4382 3257 4436 in
3291 4380 3504 4437 melius
3532 4385 3720 4437 totum

2070 4472 2287 4537 reddet,
2313 4471 2468 4542 quod
2504 4475 2715 4525 natura
2755 4469 3145 4525 fraudaverat.
3171 4469 3321 4525 Dicit
3350 4457 3523 4525 etiam
3556 4470 3723 4525 abor-

294 4560 570 4617 Christus
625 4560 997 4634 intelligitur,
1032 4561 1131 4634 qui
1180 4562 1239 4617 in
1271 4578 1333 4617 se
1384 4567 1595 4617 cuncta
1638 4561 1877 4619 revolvit
1904 4566 2038 4637 etD
2070 4561 2209 4626 tiva,
2268 4577 2395 4631 quae
2446 4561 2506 4614 in
2568 4564 2778 4614 natura
2835 4558 3096 4613 humana
3151 4560 3500 4630 degenerata
3556 4563 3718 4625 sunt,

297 4650 586 4707 continet.
619 4650 682 4706 In
715 4649 894 4720 hujus
939 4666 1077 4723 ergo
1106 4650 1318 4706 diebus
1372 4650 1531 4719 anni,
1567 4667 1679 4707 non
1713 4667 1958 4722 compu-
2069 4667 2102 4706 a
2125 4648 2312 4722 poenis
2333 4665 2462 4704 esse
2484 4648 2691 4714 aliena,
2716 4648 2815 4718 qui
2839 4648 2949 4703 sibi
2973 4648 3320 4705 solitudines
3341 4646 3719 4718 magisquam

295 4742 460 4796 tatur
508 4737 826 4806 diabolus;
883 4739 939 4794 id
997 4747 1104 4807 est,
1163 4742 1498 4795 sanctorum
1551 4756 1795 4796 numero
1844 4757 1959 4795 non

298 4828 720 4900 conjungatur.

380 4919 554 4973 «Nec
596 4920 944 4972 numeretur
996 4917 1055 4971 in
1107 4917 1431 4973 mensibus.
1486 4938 1512 4966 ››
1573 4920 1799 4973 Menses
1849 4917 1957 4973 hoc

293 5004 433 5062 loco
463 5009 699 5062 sanctos
747 5004 1047 5079 apostolos
1078 5010 1230 5062 recte
1282 5005 1694 5079 intelligimus,
1736 5006 1860 5078 qui,
1894 5010 1959 5061 ut

290 5092 463 5166 ligna
480 5094 758 5166 paradisi,
782 5093 1123 5168 spirituales
1144 5094 1412 5151 Ecclesiae
1436 5095 1690 5151 afferunt
1711 5095 1955 5150 fructus.

376 5204 405 5233 α
437 5182 527 5238 Sit
563 5200 677 5240 nox
707 5183 810 5240 illa
857 5183 1142 5251 solitaria,
1176 5200 1281 5241 nec
1309 5184 1483 5241 laude
1514 5184 1710 5255 digna.
1743 5208 1770 5235 »
1804 5192 1956 5257 Apo-

294 5268 593 5329 stolorum
656 5272 883 5329 scilicet
933 5272 1363 5345 prredicatione,
1420 5273 1519 5328 ubi
1578 5272 1705 5329 dies
1752 5271 1960 5328 salutis

298 5361 671 5432 agnoscitur,
718 5377 897 5433 quam
938 5361 1234 5418 Abraham
1284 5360 1451 5429 vidit,
1489 5366 1547 5416 et
1599 5360 1830 5417 laetatus
1873 5365 1964 5417 est

301 5449 491 5522 (Joan.
521 5465 647 5520 vm,
675 5449 791 5520 56).

386 5559 418 5587 α
452 5536 794 5595 Maledicant
823 5536 876 5593 ei
930 5537 1030 5607 qui
1079 5537 1440 5595 maledicunt
1469 5539 1560 5595 dei
1596 5556 1608 5594 :
1649 5538 1747 5611 qui
1777 5538 1962 5610 parati

305 5629 459 5685 sunt
514 5626 796 5684 suscitare
851 5625 1187 5685 Leviathan.
1249 5650 1276 5678 ››
1335 5629 1531 5685 Sancti
1588 5627 1791 5702 utique
1849 5627 1963 5684 diei

2072 4739 2281 4795 domus
2328 4738 2636 4793 aediﬁcant.
2673 4737 2907 4792 Habitat
2935 4737 3092 4791 enim
3120 4735 3386 4792 diabolus
3430 4735 3489 4790 in
3519 4735 3717 4790 civita-

2070 4829 2231 4884 tibus
2261 4827 2562 4893 desolatis,
2587 4831 2645 4881 et
2668 4827 2724 4881 in
2749 4826 3023 4881 domibus
3044 4825 3311 4881 desertis.
3343 4824 3467 4879 Non
3494 4822 3717 4879 haben-

2068 4922 2157 4973 tes
2202 4917 2491 4989 hospitem
2528 4916 2730 4979 Deum,
2774 4921 2831 4969 et
2873 4914 3175 4985 possident
3218 4930 3449 4982 aurum,
3482 4917 3548 4967 ut
3578 4917 3717 4969 sunt

2068 5006 2423 5081 philosophi,
2446 5010 2502 5062 et
2524 5005 2619 5061 alii
2654 5007 2946 5076 sapientes
2974 5004 3151 5074 hujus
3181 5004 3407 5069 mundi,
3431 5002 3713 5075 fulgorem

2066 5096 2204 5154 boni
2236 5095 2475 5167 ingenii,
2510 5094 2997 5166 splendoremque
3027 5092 3261 5163 eloquii.

2144 5206 2171 5234 «
2214 5184 2295 5239 lbi
2354 5183 2519 5254 impii
2579 5188 2953 5237 cessaverunt
3001 5200 3035 5236 a
3086 5180 3368 5236 tumultu.
3422 5204 3449 5230 »
3508 5180 3715 5236 Procul

2069 5274 2247 5329 dubio
2296 5272 2353 5326 in
2386 5271 2633 5326 inferno.
2671 5272 2736 5325 Et
2789 5270 2940 5325 sicut
2970 5270 3349 5342 Septuaginta
3400 5270 3715 5327 transtule-

2070 5366 2227 5428 runt,
2261 5361 2337 5416 ibi
2377 5382 2399 5410 ι
2434 5360 2599 5432 impii
2646 5360 3041 5431 deposuerunt
3085 5360 3339 5416 furorem
3369 5365 3560 5432 tuum,
3596 5383 3623 5411 ››
3658 5361 3715 5416 id

2070 5456 2177 5519 est,
2212 5450 2427 5523 typhus
2455 5455 2514 5505 et
2542 5449 2836 5520 superbia,
2860 5465 2992 5503 cum
3024 5449 3246 5505 saevitia
3276 5449 3336 5505 in
3368 5449 3477 5506 hoc
3505 5451 3716 5506 saeculo

2070 5538 2469 5611 gloriantium,
2505 5536 2812 5592 humiliata
2840 5541 2927 5591 est
2956 5536 3011 5590 in
3044 5537 3287 5593 inferno.

2142 5651 2169 5678 ‹‹
2202 5628 2271 5682 Et
2316 5626 2396 5681 ibi
2442 5627 2845 5697 requieverunt
2896 5626 3031 5682 fessi
3080 5628 3301 5685 robore.
3338 5650 3366 5679 ››
3417 5628 3579 5684 Sicut
3602 5625 3719 5683 alia
