4066 6190
375 292 494 360 863

1871 295 2289 359 ΑΡΡΕΝΠΙΧ.

3643 293 3748 360 6M

378 430 556 488 habet
600 427 942 498 translatio;
981 451 1008 480 »
1049 430 1130 487 Ibi
1165 429 1569 504 requieverunt
1623 430 1848 504 fatigati
1903 448 2024 486 cor-
2056 431 2112 496 Α
2213 453 2239 479 ‹‹
2273 429 2476 487 Nonne
2507 429 2746 502 quievi?
2777 452 2805 480 ››
2827 428 3028 486 Sciens
3052 445 3186 485 cum
3209 425 3459 485 surrexit
3476 425 3533 482 in
3555 427 3755 500 judiclo

381 537 521 594 pore
550 537 562 587 ;
599 541 626 568 »
659 522 730 576 ab
785 520 1162 592 oppressione
1210 520 1412 592 utique
1443 523 1499 574 et
1547 520 1802 590 miseria,
1835 518 2031 574 labore

384 611 561 666 etiam
591 609 764 665 istius
797 609 1000 664 mundi
1035 608 1284 664 liberati.

459 723 486 751 (ι
521 701 591 755 Et
643 699 942 771 quondam
989 699 1161 753 vincti
1199 698 1415 770 pariter
1472 699 1598 753 sine
1657 699 1940 754 molestia.
2005 720 2031 746 ››

387 789 726 846 Vincientes
777 791 833 842 et
883 788 1176 859 quondam
1236 787 1459 842 vinctos
1510 787 1568 841 in
1621 788 1844 842 inferno
1894 787 2036 840 dicit

389 879 608 953 pariter
655 877 941 942 habitare,
974 878 1098 932 sine
1147 876 1368 952 injuria
1415 881 1610 930 tamen
1660 882 1716 931 et
1767 876 2036 931 molestia

386 967 813 1023 vinculatorum
849 983 861 1021 :
899 983 1014 1022 non
1062 965 1143 1020 ita
1175 969 1238 1020 ut
1269 966 1402 1020 istic
1441 965 1539 1019 ubi
1581 970 1784 1036 praeter
1814 982 2035 1037 poenas,

391 1056 723 1129 captivitate
753 1055 840 1111 vel
891 1055 1168 1110 servitute
1216 1056 1382 1117 dura,
1416 1055 1658 1110 diversis
1698 1054 1873 1109 etiam
1906 1053 2037 1108 aliis

390 1144 848 1212 calamitatibus,
898 1143 1167 1198 homines
1223 1142 1575 1214 obligantur,
1628 1143 1934 1197 dominatu
1984 1146 2039 1195 et

387 1234 681 1307 injustitia
708 1233 1067 1304 iniquorum.

463 1347 491 1374 ι(
523 1324 648 1380 Νοη
679 1323 993 1378 audierunt
1020 1338 1217 1376 vocem
1252 1321 1551 1375 exactoris.
1594 1343 1620 1369 »
1649 1322 1821 1376 .lussa
1853 1320 2038 1392 impe-

392 1412 648 1468 rantium
680 1411 767 1466 vel
799 1411 998 1483 inique
1029 1409 1406 1482 exigentium,
1442 1426 1558 1463 non
1589 1414 1877 1464 verentur.

466 1524 494 1552 «
528 1502 744 1556 Parvus
774 1505 830 1556 et
852 1515 1104 1572 magnus
1136 1499 1214 1552 ibi
1249 1504 1404 1569 sunt,
1429 1503 1486 1553 et
1516 1517 1716 1554 servus
1747 1504 1803 1554 et
1833 1499 1978 1552 liber
2009 1514 2042 1550 a

395 1591 634 1647 domino
666 1607 794 1646 suo.
819 1592 1007 1654 Quare
1038 1587 1253 1642 misero
1286 1588 1420 1642 data
1446 1593 1535 1642 est
1565 1587 1683 1657 lux,
1717 1593 1774 1642 et
1805 1588 1920 1642 vita
1949 1586 2042 1640 his

394 1679 455 1734 in
487 1678 882 1734 amaritudine
926 1677 1133 1731 animae
1166 1677 1351 1730 sunt?
1383 1676 1488 1740 Qui
1521 1680 1855 1747 exspectant
1888 1691 2040 1729 mor-

401 1772 546 1837 tem,
579 1771 636 1822 et
677 1783 791 1821 non
839 1766 1016 1832 venit,
1069 1765 1236 1836 quasi
1270 1765 1614 1819 etl‘odientes
1668 1765 2037 1820 thesaurum:
2077 1805 2121 1866 Β

397 1855 1295 1929 gaudentquevehementercum
1312 1853 2040 1925 invenerintsepulcrum.»

397 1949 540 2000 Cum
576 1945 653 2000 sit
682 1960 840 2017 ergo,
875 1949 940 1999 ut
968 1943 1153 2012 video,
1188 1944 1247 1998 in
1279 1943 1502 1998 inferno
1535 1943 1885 2015 aequalitatis
1918 1960 2044 2014 per-

400 2051 702 2100 sonarum,
726 2039 784 2089 et
814 2033 1014 2089 nullus
1044 2034 1114 2088 de
1144 2033 1383 2088 alterius
1414 2034 1812 2088 dominatione
1843 2033 2046 2088 formi-

399 2124 537 2192 dat;
585 2139 688 2178 cur
736 2122 879 2178 mihi
929 2122 1142 2178 misero
1188 2124 1322 2176 data
1373 2127 1462 2178 est
1505 2122 1602 2176 lux
1645 2122 1777 2186 ista,
1829 2126 1885 2176 et
1931 2121 2049 2176 vita

399 2212 611 2270 similis
665 2213 749 2268 eis
803 2213 901 2283 qui
934 2211 991 2266 in
1044 2211 1436 2267 amaritudine
1481 2211 1689 2266 animm
1741 2229 1858 2267 sua:
1889 2212 2045 2276 sunt,

401 2318 533 2360 cum
563 2300 805 2356 meliora
825 2301 942 2356 sint
963 2300 1324 2355 infernorum
1345 2300 1850 2375 ergastula,quam
1880 2300 2050 2355 istius

401 2389 607 2446 mundi
639 2389 990 2445 miserabilis
1021 2389 1138 2444 vita
1167 2389 1523 2444 cruciatibus
1555 2389 1725 2461 plena
1757 2406 1768 2442 :
1805 2389 1902 2443 ubi
1935 2405 2049 2458 prae

404 2479 693 2553 angustiis
752 2477 1023 2534 homines
1073 2483 1318 2533 mortem
1378 2482 1665 2549 quaerunt,
1727 2482 1780 2532 et
1840 2493 2051 2547 magno

404 2567 716 2633 desiderio,
769 2571 833 2621 ut
881 2567 1094 2630 veniat,
1139 2570 1464 2637 expectant.
1499 2565 1841 2637 Exemplum
1888 2581 2053 2636 egre-

405 2657 566 2731 gium
609 2655 901 2727 adhibuit,
945 2656 1145 2711 dicens
1179 2671 1190 2709 :
1227 2655 1400 2721 Quasi
1452 2655 1789 2710 etl'odientes
1819 2655 2054 2709 thesau-

406 2763 561 2813 rum,
576 2746 713 2819 quia
727 2745 1005 2800 nimirum
1032 2745 1229 2815 utique
1247 2744 1634 2817 gratulantur,
1650 2761 1778 2799 cum
1796 2749 2056 2816 optatam

409 2836 522 2892 sibi
554 2834 882 2890 invenerint
910 2832 1295 2904 sepulturam.

483 2946 510 2974 ‹‹
539 2924 675 2980 Viro
707 2923 877 2993 cujus
908 2923 1252 2978 abscondita
1282 2928 1369 2978 est
1398 2923 1518 2977 vita
1543 2941 1555 2990 ;
1587 2928 1645 2978 et
1674 2923 2061 2978 circumdedit

408 3029 545 3070 eum
576 3017 728 3067 Deus
759 3011 1036 3066 tenebris.
1075 3034 1102 3060 »
1133 3013 1212 3067 De
1243 3029 1304 3067 se
1329 3012 1467 3066 dicit
1503 3031 1514 3067 :
1550 3013 1642 3067 Sic
1673 3013 1872 3084 itaque
1900 3012 2060 3066 ince-

409 3103 620 3157 debam
655 3101 712 3155 in
747 3101 1043 3156 mandatis
1074 3101 1197 3171 Dei,
1218 3103 1458 3157 credens
1483 3103 1637 3172 quod
1670 3101 1812 3156 mihi
1838 3103 2062 3157 fructus

2141 519 2314 584 Deus,
2350 521 2504 592 quod
2557 520 2746 576 salvos
2795 521 3054 575 facturus
3085 519 3163 575 sit
3203 535 3406 574 omnes
3449 524 3757 575 mansuetos

2141 614 2305 664 terrae
2339 610 2520 680 (Psal.
2552 627 2713 680 Lxxv,
2752 611 2859 681 10).

2215 722 2240 747 ‹‹
2278 703 2340 752 Et
2369 699 2527 754 venit
2557 716 2733 771 super
2766 715 2856 754 me
2878 698 3225 770 indignatio.
3260 720 3287 747 »
3321 697 3760 770 Indignationem

2143 789 2251 843 hoc
2283 788 2406 843 loco
2438 788 2743 860 plagarum
2769 787 2982 843 molem
3015 787 3174 856 dicit,
3199 803 3377 859 quam
3410 787 3581 840 refert
3606 802 3766 855 super

2145 895 2206 933 se
2247 877 2549 944 cecidisse,
2581 879 2751 946 cujus
2800 877 3052 948 pondere
3081 881 3138 932 et
3186 875 3489 932 doloribus
3519 889 3578 929 se
3605 875 3767 946 gemit

2145 967 2421 1022 obrutum
2459 984 2471 1019 :
2510 982 2642 1020 cum
2675 967 2800 1037 ipse
2853 970 3027 1029 esset,
3060 969 3126 1020 ut
3172 964 3448 1037 superius
3480 964 3559 1018 ait
3580 964 3703 1034 (Job.
3729 980 3765 1030 ι,

2145 1055 2259 1126 21),
2289 1054 2510 1110 morbis
2541 1055 2866 1126 castigatus
2895 1073 2908 1122 ;
2943 1072 3090 1126 quas
3119 1071 3320 1125 poenas
3351 1054 3412 1108 in
3444 1068 3767 1123 consequen-

2147 1144 2326 1210 tibus,
2369 1144 2612 1217 sagittas
2662 1145 2774 1199 dici
2809 1162 2820 1200 :
2857 1145 3010 1200 sicut
3039 1143 3120 1198 ait
3150 1161 3162 1198 :
3191 1145 3424 1215 Sagittae
3476 1143 3686 1198 Domini
3719 1142 3770 1194 in

2147 1251 2232 1289 me
2259 1243 2383 1289 sunt
2416 1251 2434 1287 :
2465 1250 2699 1305 quarum
2748 1235 3061 1305 indignatio
3102 1233 3267 1288 ebibit
3313 1233 3572 1303 spiritum
3613 1245 3772 1285 meum

2150 1323 2283 1394 (Job.
2334 1339 2408 1392 vr,
2461 1324 2537 1392 4),
2586 1322 2725 1389 sive,
2761 1326 2825 1378 ut
2870 1322 2982 1378 alia
3024 1321 3335 1377 translatio
3385 1321 3578 1391 habet,
3623 1320 3773 1374 ebibit

2149 1414 2474 1483 sanguinem
2516 1427 2718 1466 meum.
2756 1413 2822 1466 Et
2871 1411 3103 1484 proprie
3133 1411 3360 1483 sagittae
3410 1425 3631 1465 vermes
3659 1425 3772 1480 pos-

2151 1507 2289 1556 sunt
2319 1500 2587 1573 intelligi,
2621 1501 2760 1573 quia
2790 1501 2863 1556 ab
2910 1501 2992 1556 eis
3023 1500 3501 1556 indesinentibus
3546 1498 3772 1553 stimulis

2152 1590 2521 1661 pungebatur
2569 1589 2722 1644 sicut
2768 1589 2892 1661 ipse
2939 1589 3046 1645 Job
3101 1589 3185 1644 ait
3234 1605 3247 1643 :
3299 1590 3364 1644 Et
3412 1589 3510 1659 qui
3559 1586 3772 1644 comede-

2151 1689 2303 1745 runt,
2334 1696 2444 1734 non
2491 1679 2790 1734 dormiunt.
2841 1680 2974 1748 (Job.
3010 1696 3140 1748 xxx,
3194 1680 3300 1748 17).
3335 1679 3494 1742 Quos
3536 1675 3775 1731 diabolus

2153 1770 2223 1823 ad
2258 1769 2682 1824 comedendum
2715 1785 2848 1823 eum
2885 1768 3138 1824 acriores
3157 1767 3429 1835 faciebat,
3450 1771 3507 1822 et
3531 1764 3609 1820 illi
3632 1763 3774 1836 quasi

2155 1856 2527 1928 indignantes
2550 1862 2606 1912 et
2637 1857 2954 1912 irascentes
2981 1858 3062 1911 ita
3090 1873 3329 1912 carnem
3355 1857 3486 1927 ejus
3517 1853 3778 1910 morsibus

2157 1946 2472 2012 fodiebant,
2535 1949 2600 1999 ut
2668 1945 2826 2000 velut
2881 1945 3105 2016 sagittae
3185 1945 3481 2001 viscerum
3535 1941 3779 1997 interiora

2158 2038 2546 2108 penetrarent.
2580 2033 2828 2105 Explicit
2859 2034 2958 2090 ubi
2988 2035 3096 2090 Job
3141 2033 3451 2090 maledixit
3480 2033 3628 2088 diem
3656 2029 3778 2085 nati-

2155 2124 2350 2180 vitatis
2380 2140 2517 2178 suae.

2797 2212 3028 2268 CAPUT
3072 2213 3161 2267 IV.

2233 2326 2258 2350 ‹‹
2295 2301 2676 2372 Respondens
2707 2305 2902 2356 autem
2923 2300 3160 2372 Eliphaz
3181 2301 3585 2364 Themanites,
3616 2297 3778 2352 dixit:

2159 2391 2210 2446 Si
2247 2391 2590 2462 cmperimus
2623 2390 2780 2462 loqui
2829 2390 2957 2460 tibi,
2991 2389 3232 2445 forsitan
3265 2389 3517 2446 moleste
3546 2387 3780 2459 accipies.

2161 2481 2270 2535 Sed
2321 2484 2665 2550 conceptum
2713 2496 3044 2534 sermonem
3076 2483 3272 2534 tenere
3328 2479 3463 2551 quis
3505 2475 3782 2550 poterit?»

2163 2569 2451 2639 Concepta
2481 2585 2617 2638 ergo
2649 2569 2825 2623 verba
2855 2568 2975 2622 edit
3003 2569 3061 2622 in
3095 2567 3381 2639 injuriam
3407 2565 3719 2639 faudientis,
3744 2567 3788 2617 et

2165 2658 2307 2713 dicit
2337 2658 2416 2711 ita
2454 2675 2465 2711 :

2241 2769 2266 2795 α
2303 2748 2440 2801 Ecce
2472 2746 2721 2802 docuisti
2777 2745 3014 2801 multos.
3052 2768 3080 2795 »
3114 2746 3172 2800 Id
3208 2751 3319 2811 est,
3359 2743 3790 2818 quamplurimas

2169 2835 2407 2891 solertia
2434 2839 2557 2900 tua,
2590 2842 2647 2890 et
2675 2835 2934 2890 bonitate
2966 2836 3038 2890 ab
3069 2835 3375 2891 erroribus
3407 2832 3691 2890 revocasti.

2243 2947 2270 2974 «
2305 2926 2370 2979 Et
2403 2941 2614 2979 manus
2647 2924 2834 2979 lassas
2886 2924 3196 2980 roborasti.
3233 2923 3590 2980 Vacillantes
3616 2919 3794 2976 conﬁr-

2173 3019 2480 3069 maverunt
2529 3029 2830 3068 sermones
2863 3013 2972 3080 tui,
3006 3017 3062 3068 et
3111 3030 3302 3085 genua
3359 3011 3657 3069 trementia
3684 3023 3795 3063 con-

2177 3102 2422 3158 fortasti.
2454 3102 2620 3159 Nunc
2650 3107 2846 3157 autem
2881 3102 3037 3156 venit
3069 3117 3246 3172 super
3275 3105 3338 3156 te
3371 3101 3559 3174 plaga,
3590 3102 3642 3154 et
3667 3096 3793 3151 defe-

403 3189 655 3262 justitize
710 3205 851 3244 mete
901 3191 1317 3261 responderet;
1365 3191 1465 3245 sed
1515 3190 1925 3244 absconditum
1975 3174 2137 3244 estC
2179 3192 2309 3247 cisti
2348 3209 2358 3246 :
2395 3192 2586 3262 tetigit
2628 3197 2704 3258 te,
2739 3196 2794 3245 et
2844 3193 3228 3247 conturbatus
3259 3207 3349 3247 es.
3387 3192 3492 3248 Ubi
3543 3193 3626 3245 est
3654 3186 3797 3242 timor

409 3276 690 3334 meritum
721 3277 851 3333 vitae
879 3295 1042 3347 mere,
1075 3283 1134 3333 et
1184 3295 1286 3350 pro
1321 3279 1429 3334 hoc
1470 3296 1773 3350 poenarum
1807 3279 2064 3334 tenebris

409 3366 810 3423 circumdatus
861 3385 994 3424 sum
1030 3386 1042 3424 :
1077 3367 1156 3422 ita
1189 3373 1254 3422 ut
1295 3367 1438 3422 illud
1493 3369 1712 3422 bonum
1749 3367 1890 3422 mihi
1926 3368 2062 3422 sub-

407 3460 662 3512 tractum
695 3459 792 3523 sit,
825 3457 1012 3513 ethoc
1044 3456 1266 3512 malum
1292 3456 1648 3528 appositum.
1675 3459 1834 3522 Quod
1869 3461 2064 3512 autem

407 3562 611 3617 poenas
684 3546 1060 3600 tenebrarum
1132 3546 1366 3600 nomine
1422 3547 1654 3611 dixerit,
1716 3546 1850 3600 audi
1924 3546 2064 3617 quid

410 3634 676 3705 sequitur
706 3651 719 3688 :

483 3745 511 3773 «
546 3727 876 3794 Antequam
933 3724 1238 3779 comedam
1295 3724 1548 3795 suspiro,
1583 3729 1639 3778 et
1685 3724 1850 3796 quasi
1893 3724 2064 3778 inun-

411 3812 619 3868 dantes
669 3827 859 3882 aquae,
916 3812 999 3867 sic
1047 3812 1275 3884 rugitus
1326 3829 1576 3867 meus.»
1635 3814 1789 3867 Inter
1834 3818 2069 3868 caeteros

412 3901 730 3965 cruciatus,
785 3900 960 3955 etiam
1020 3901 1173 3956 hanc
1231 3902 1279 3956 ei
1341 3901 1609 3956 diabolus
1669 3902 2067 3957 inﬁrmitatem

410 3990 726 4060 inflixerat,
778 4008 955 4062 quam
1013 3990 1412 4045 inlirmitatem
1467 3991 1674 4045 medici
1724 3990 2069 4046 bolimiodes

412 4080 734 4152 appellant,
794 4097 919 4151 quae
977 4079 1290 4133 infirmitas
1342 4077 1514 4134 talem
1585 4079 1797 4134 habere
1856 4079 2070 4135 dicitur

415 4186 674 4241 pcenam,
711 4173 776 4235 ut
807 4174 943 4224 ante
974 4169 1167 4223 cibum
1201 4173 1540 4240 torqueatur
1561 4174 1833 4241 aegrotus,
1865 4174 1921 4224 et
1952 4171 2073 4224 sint

415 4257 473 4312 ei
503 4262 636 4328 post
685 4259 878 4312 cibum
940 4257 1337 4313 indesinentes
1385 4257 1652 4325 dolorest
1688 4258 1847 4314 Unde
1879 4259 2020 4314 dicit
2055 4275 2068 4312 :

416 4346 597 4409 Quasi
628 4345 986 4402 inundantes
1018 4365 1182 4419 aquae
1219 4348 1303 4402 sic
1337 4347 1563 4420 rugitus
1598 4365 1784 4403 meus.

497 4459 524 4485 «
556 4437 703 4496 Quia
727 4436 903 4492 timor
935 4454 1107 4508 quem
1141 4436 1420 4491 timebam
1443 4438 1634 4493 evenit
1657 4438 1819 4493 mihi.
1844 4462 1870 4487 ››
1890 4439 2073 4495 Time-

419 4524 553 4580 bam
585 4526 741 4581 enim
766 4519 1059 4598 pecc'ando
1083 4525 2073 4612 lzedereDeum,etneilleotfensus’
2111 4546 2154 4609 υ
2189 4526 2368 4580 fuisse
2430 4527 2815 4596 periclitatum
2877 4526 3028 4598 (Gen.
3088 4544 3189 4594 xu,
3228 4528 3314 4598 13)

417 4614 570 4671 iram
615 4615 859 4686 justitiae
891 4612 1010 4670 suae
1043 4615 1100 4670 in
1153 4632 1244 4670 me
1288 4619 1570 4670 exerceat.
1606 4615 1714 4670 Sed
1769 4615 1908 4686 quid
1945 4634 2076 4687 pro-

420 4704 532 4761 fuit
588 4706 808 4761 cavisse
866 4723 898 4760 a
953 4703 1226 4777 peccatis,
1281 4704 1756 4776 quandoquidem
1819 4709 1884 4757 ut
1941 4721 2074 4760 reus

2174 3285 2337 3347 tuus,
2395 3280 2674 3335 fortitudo
2747 3284 2867 3349 tua,
2929 3281 3211 3352 patientia
3257 3285 3391 3350 tua,
3448 3285 3504 3336 et
3558 3273 3794 3350 perfectio

2173 3371 2402 3425 viarum
2451 3375 2685 3424 tuarum
2710 3369 2738 3423 ?
2767 3388 2792 3418 ιι
2833 3373 2951 3424 Ista
2978 3385 3114 3440 ergo
3146 3369 3204 3424 in
3255 3373 3528 3425 sanetum
3557 3367 3658 3422 Job
3685 3378 3792 3419 cum

2175 3457 2447 3514 irrisione
2495 3457 2817 3512 dicuntur:
2852 3462 2909 3513 et
2956 3459 3135 3514 istum
3187 3458 3416 3514 habent
3461 3471 3685 3515 sensum
3716 3450 3790 3506 :si

2176 3546 2297 3602 hzec
2330 3545 2568 3600 fecisses
2599 3563 2726 3617 quae
2761 3546 2901 3617 dixi,
2938 3563 3241 3618 nunquam
3274 3545 3338 3600 in
3373 3547 3495 3602 haec
3524 3552 3636 3601 tam
3667 3538 3793 3598 mala

2178 3635 2246 3690 ad
2294 3634 2625 3706 exemplum
2677 3634 3016 3690 mortalium
3067 3636 3406 3705 incidisses,
3458 3635 3591 3707 quia
3643 3637 3790 3686 Deum

2178 3740 2374 3779 rerum
2435 3725 2700 3780 omnium
2779 3725 3138 3781 conditorem
3219 3726 3440 3782 bonum
3500 3725 3704 3781 scimus
3749 3720 3794 3772 et

2169 3815 2420 3886 justum.

2255 3926 2276 3952 ι
2314 3904 2663 3970 Recordare,
2717 3905 2958 3959 obsecro
2988 3909 3043 3959 te
3103 3921 3115 3959 :
3173 3904 3306 3975 quis
3359 3905 3514 3960 enim
3571 3911 3792 3972 unquam

2179 3993 2460 4048 innocens
2487 3993 2680 4064 periit,
2705 3998 2806 4047 aut
2827 3994 3066 4064 quando
3105 3993 3241 4049 recti
3267 3993 3443 4050 deleti
3476 3991 3649 4049 sunt?
3674 3984 3793 4053 Quin

2181 4081 2374 4152 potius
2405 4082 2520 4135 vidi
2555 4099 2654 4136 eos
2687 4082 2784 4152 qui
2811 4087 3129 4152 operantur
3161 4081 3556 4150 iniquitatem,
3579 4073 3795 4135 etsemi-

2182 4176 2324 4224 nant
2355 4169 2605 4237 dolores,
2639 4175 2697 4225 et
2745 4175 2976 4226 metunt
3021 4188 3142 4237 eos,
3176 4171 3376 4228 tllante
3423 4173 3556 4237 Deo,
3588 4165 3791 4240 perisse.

2181 4263 2239 4313 et
2271 4259 2480 4330 spiritu
2506 4259 2603 4313 irae
2631 4260 2758 4329 ejus
2781 4276 2909 4314 esse
2933 4266 3335 4332 consumptos.
3366 4282 3392 4310 »
3425 4262 3567 4331 Ergo
3594 4257 3792 4328 ignoras

2183 4347 2316 4402 Abel
2358 4348 2416 4402 in
2450 4348 2736 4419 principio
2771 4349 3137 4404 innocentem
3173 4349 3430 4404 occisum
3464 4348 3607 4419 (Gen.
3637 4359 3703 4408 Iv,
3729 4337 3789 4407 8),

2183 4440 2239 4491 et
2291 4437 2586 4491 Abraham
2639 4437 3030 4510 patriarcham
3080 4443 3318 4510 propter
3369 4451 3598 4493 uxorem
3649 4441 3786 4485 suam

3365 4544 3376 4582 :
3437 4531 3492 4581 et
3534 4524 3646 4580 haec
3695 4529 3787 4572 non

2187 4615 2546 4684 discernens,
2582 4616 2930 4687 generaliter
2959 4617 3062 4672 das
3085 4616 3457 4681 sententiam,
3479 4620 3541 4668 ut
3565 4625 3684 4668 cum
3711 4601 3787 4660 alii

2188 4704 2494 4760 hominum
2548 4704 2915 4777 flagellentur
2957 4723 2990 4760 a
3019 4705 3287 4771 Domino,
3323 4708 3388 4760 ut
3428 4698 3786 4759 emendentur.

423 4793 689 4850 omnium
723 4799 1094 4866 peccatorum
1129 4793 1495 4848 discrucior?
1525 4793 1801 4863 Sequitur
1833 4809 1843 4847 :

501 4902 526 4934 (ι
559 4884 627 4938 Et
658 4884 813 4955 quod
864 4883 1107 4938 verebar
1137 4881 1368 4937 accidit.
1409 4904 1435 4929 ››
1465 4880 1607 4936 Aliis
1661 4881 1853 4935 verbis
1883 4881 2079 4953 ipsum

397 4971 655 5046 ,repetit,
689 4973 844 5043 quod
903 4971 1174 5044 superius
1206 4971 1446 5026 dixerat.
1485 4971 1589 5025 Pro
1639 4969 2080 5026 conﬁrmatione

428 5058 566 5114 dicti
590 5059 779 5114 solent
796 5061 851 5114 in
868 5061 1185 5133 Scripturis
1206 5060 1344 5115 talia
1365 5058 1580 5114 iterari.
1606 5059 1728 5113 Non
1746 5064 2082 5130 arroganter

427 5146 549 5202 haec
579 5147 738 5217 dicit,
771 5152 836 5203 ut
866 5149 1040 5204 faciat
1070 5150 1186 5205 Deo
1241 5149 1542 5221 injuriam,
1576 5149 1675 5203 sed
1711 5149 2077 5204 conscientiae

427 5235 634 5293 merito
664 5235 844 5293 libere
873 5237 1150 5310 loquitur.

502 5327 760 5382 «Nonne
815 5327 1246 5383 dissimulavi?
1294 5351 1318 5376 n
1381 5329 1501 5383 Non
1561 5328 1851 5383 reddendo
1912 5329 2075 5383 retri-

424 5414 745 5472 buentibus
779 5417 918 5472 mihi
957 5415 1108 5471 mala
1143 5418 1310 5486 (Paul.
1345 5435 1444 5484 v11,
1479 5420 1555 5485 3).

497 5529 523 5554 «
558 5505 760 5560 Nonne
791 5504 978 5560 silui?
1014 5529 1039 5554 ››
1075 5506 1147 5561 Ut
1181 5522 1294 5560 non
1351 5508 1753 5577 delinquerem
1786 5507 1845 5560 in
1877 5507 2076 5579 lingua

426 5610 576 5662 mea,
611 5594 777 5668 posui
829 5593 912 5651 ori
945 5611 1074 5650 meo
1124 5594 1472 5651 custodiam.
1525 5596 1693 5666 (Psal.
1729 5613 1964 5658 xxxvm.
1995 5597 2071 5668 2).

2193 4794 2287 4848 alii
2341 4799 2404 4849 ut
2447 4795 2784 4866 probentur,
2819 4795 2890 4849 de
2938 4795 3152 4864 quibus
3199 4794 3308 4849 iste
3356 4798 3487 4849 est:
3539 4805 3635 4845 cur
3677 4779 3787 4866 hui?

2193 4884 2354 4938 velut
2386 4901 2481 4938 reo
2517 4901 2745 4954 pmnam
2795 4884 3154 4955 exprobras?
3184 4883 3330 4948 Quin
3364 4882 3553 4955 potius
3595 4891 3684 4932 eos
3709 4864 3787 4955 qui

2197 4973 2593 5044 operabantur
2644 4954 3036 5044 iniquitatem,
3087 4974 3261 5028 ﬂante
3291 4954 3425 5041 Deo,
3478 4966 3714 5053 perisse:
3741 4954 3785 5053 id

2190 5066 2298 5128 est,
2334 5067 2398 5116 ut
2425 5062 2644 5132 judicis
2679 5063 2970 5116 sententia
3017 5061 3173 5117 velut
3202 5067 3369 5118 vento
3399 5050 3785 5116 vehementissi-

2191 5167 2285 5205 mo
2319 5150 2583 5206 sublatos
2612 5167 2644 5205 a
2673 5166 2774 5222 spe
2806 5154 3030 5206 aeternae
3060 5151 3210 5205 vitae.

2263 5262 2287 5287 ‹‹
2325 5238 2574 5311 Rugitus
2603 5238 2809 5307 leonis,
2844 5244 2899 5295 et
2941 5256 3048 5293 vox
3091 5239 3303 5306 leaenis,
3335 5241 3389 5295 et
3433 5236 3620 5290 dentes
3645 5227 3780 5282 eatu-

2185 5327 2378 5384 lorum
2411 5328 2644 5384 leonum
2696 5328 2927 5384 contriti
2977 5333 3133 5383 sunt.
3172 5352 3199 5378 ››
3234 5331 3292 5383 ln
3327 5325 3512 5398 rugitu
3544 5321 3710 5376 leaena
3734 5311 3779 5364 et

2187 5434 2341 5481 voce,
2378 5418 2658 5473 saevitiam
2692 5417 3081 5489 depraedantis
3110 5417 3291 5472 voluit
3322 5413 3646 5487 significare.

2258 5530 2284 5555 ‹‹
2320 5507 2512 5579 Tigris
2543 5507 2732 5578 periit,
2765 5486 2831 5562 eo
2863 5506 3016 5578 quod
3053 5523 3164 5561 non
3197 5506 3433 5562 haberet
3459 5497 3703 5574 praedam,
3729 5486 3775 5539 θί

2186 5596 2362 5653 catuli
2394 5596 2579 5653 leonis
2627 5594 2895 5668 dissipati
2944 5600 3103 5651 sunt.
3140 5597 3311 5653 Porro
3341 5593 3421 5653 ad.
3455 5605 3541 5646 me
3581 5583 3766 5640 ἀὶοίυω
