4066 6190
354 465 446 518 est
472 459 714 523 verbum
747 459 1176 523 absconditum.
1240 490 1268 517 ››

357 551 488 624 ejus
517 552 590 608 ad
649 553 990 624 spoliandos
1046 555 1336 625 homines,
1369 559 1740 632 praedamque
1795 577 1863 616 ex
1919 562 2004 618 eis

358 641 706 714 capiendam
741 643 1216 717 describit,cujus
1237 647 1410 704 etiam
1434 649 1608 704 catuli
1632 649 1855 706 similes
1875 652 2004 722 ejus

355 731 628 802 dissipati
661 736 803 786 sunt
832 737 889 787 et
917 733 1273 807 interempti.
1309 737 1370 792 In
1427 737 1541 792 alia
1594 739 1848 794 editione
1896 757 2003 812 pro

353 819 491 892 tigri
517 819 955 892 myrmicoleon,
991 823 1045 878 id
1079 829 1187 890 est,
1253 825 1493 881 formica
1543 829 1600 882 et
1655 826 1764 894 leo,
1825 845 2001 900 quem

355 923 464 963 nos
495 909 691 964 verius
723 910 1018 966 diabolum
1053 913 1413 970 dixerimus:
1447 916 1548 987 qui
1589 917 1824 988 quando
1855 935 2000 989 pra-

355 997 493 1052 dam
527 998 667 1070 agit,
703 999 774 1054 de
805 1000 1027 1057 sanctis
1057 1007 1338 1074 tanquam
1372 1005 1442 1060 de
1475 1005 1798 1076 majoribus
1827 1006 2002 1062 rebus

356 1090 424 1141 ut
451 1086 539 1142 leo
590 1087 897 1145 habendus
927 1095 1015 1146 est
1043 1107 1054 1144 :
1091 1093 1324 1163 quando
1354 1110 1486 1148 vero
1511 1095 1755 1150 minima
1795 1095 2003 1167 quierit

353 1175 604 1243 auferre,
640 1177 882 1234 formica
913 1179 1196 1236 dicendus
1227 1187 1332 1238 est.
1393 1185 1460 1238 Et
1504 1184 1642 1255 quia
1688 1184 1839 1240 sicut
1887 1185 2000 1240 for-

355 1264 512 1320 mica
542 1282 726 1338 grana
755 1269 826 1322 de
883 1286 1036 1336 area,
1097 1270 1178 1326 ita
1234 1269 1328 1327 ille
1377 1272 1758 1345 cogitationes
1817 1275 2000 1329 bonas

354 1352 544 1408 aufert
568 1354 638 1408 de
669 1355 946 1412 cordibus
976 1356 1305 1414 hominum.

431 1463 459 1489 ‹‹
498 1441 565 1496 Et
619 1444 785 1514 quasi
848 1446 1055 1502 furtive
1109 1448 1370 1519 suscepit
1425 1449 1584 1504 auris
1643 1466 1770 1506 mea
1824 1467 2000 1506 venas
2075 1461 2080 1468 ’

349 1530 586 1586 susurri
615 1533 756 1602 ejus.
794 1534 856 1590 In
890 1535 1128 1592 horrore
1155 1536 1396 1593 visionis
1419 1543 1732 1609 nocturnae,
1766 1539 1998 1611 quando

355 1618 507 1674 solet
537 1637 706 1693 sopor
735 1639 1020 1696 occupare
1053 1625 1321 1682 homines
1352 1645 1530 1700 pavor
1559 1631 1747 1684 tenuit
1795 1645 1907 1696 me,
1941 1634 1999 1684 et

350 1710 574 1764 tremor
613 1718 670 1766 et
726 1714 924 1768 omnia
981 1731 1115 1770 ossa
1172 1731 1304 1771 mea
1355 1717 1663 1788 perterrita
1720 1722 1876 1772 sunt.
1933 1718 1998 1772 Et

349 1811 486 1850 cum
522 1799 766 1869 spiritus
800 1818 892 1857 me
913 1808 1197 1873 praesente
1245 1805 1542 1873 transiret,
1573 1805 1996 1861 inhorruerunt

347 1884 452 1956 pili
486 1888 679 1944 carnis
713 1907 876 1946 meas.
911 1891 1083 1947 Stetit
1115 1893 1382 1965 quidam,
1432 1897 1602 1967 cujus
1634 1913 1748 1952 non
1781 1913 1994 1968 cogno-

347 1980 583 2035 scebam
614 1978 864 2046 vultum,
888 1981 1081 2055 imago
1107 2000 1300 2040 coram
1333 1984 1517 2040 oculis
1549 1986 1781 2051 meis,et
1799 2001 1997 2041 vocem

351 2068 525 2141 quasi
555 2086 709 2124 aurae
739 2068 888 2124 lenis
919 2072 1114 2127 audivi
1147 2073 1443 2146 Numquid
1486 2074 1660 2131 homo
1695 2075 1790 2131 Dei
1839 2092 1996 2130 com-

352 2158 657 2233 paratione
705 2159 1132 2231 justiﬁcabitur
1181 2168 1332 2218 :aut
1387 2163 1600 2220 factore
1657 2182 1763 2221 suo
1797 2165 2000 2237 purior

352 2251 466 2304 erit
493 2248 582 2304 vir
610 2249 638 2304 ?
673 2271 699 2297 »
734 2249 793 2304 Id
824 2253 931 2316 est,
966 2249 1213 2307 latenter
1242 2253 1312 2308 ad
1371 2269 1573 2308 aurem
1633 2255 1825 2310 cordis
1861 2255 1994 2324 mei,

348 2338 539 2394 virtus
556 2339 860 2394 sententiae
880 2339 1036 2394 velut
1053 2341 1306 2411 quodam
1338 2343 1656 2413 spiramine
1678 2344 2000 2416 penetravit

431 2451 456 2476 «
489 2428 633 2484 Ecce
663 2427 761 2498 qui
797 2428 1056 2485 serviunt
1092 2430 1142 2485 ei
1198 2448 1312 2486 non
1361 2437 1502 2487 sunt
1557 2432 1816 2500 stabiles,
1850 2438 1907 2489 et
1936 2433 1995 2488 in

356 2515 584 2588 angelis
613 2516 740 2573 suis
770 2517 985 2589 reperit
1015 2518 1380 2590 pravitatem.
1433 2520 1657 2584 Quanto
1719 2522 1906 2594 magis
1937 2522 1996 2576 hi

349 2606 453 2676 qui
484 2605 751 2662 habitant
808 2607 1013 2662 domos
1045 2607 1255 2664 luteas.
1284 2630 1311 2657 η
1347 2609 1571 2665 Dicitur
1600 2611 1838 2682 quidem
1872 2611 1996 2666 dia-

347 2693 505 2764 bolo,
537 2694 637 2767 qui
685 2694 984 2766 quondam
1037 2701 1277 2753 sanctus
1334 2698 1536 2770 agelus
1587 2699 1715 2768 fuit,
1745 2701 1900 2772 quod
1937 2701 1994 2755 in

344 2784 590 2839 veritate
621 2799 734 2838 non
796 2783 1020 2840 steterit
1076 2786 1256 2856 (Joan.
1316 2803 1439 2851 VIII,
1487 2789 1597 2860 44),
1653 2792 1711 2843 et
1765 2788 1838 2843 ab
1896 2789 1996 2845 illa

345 2871 714 2929 sublimitate
737 2872 1002 2945 angelica
1032 2875 1267 2946 propria
1322 2875 1621 2932 voluntate
1677 2877 1992 2934 deciderit:

342 2963 447 3018 sed
480 2967 677 3018 tamen
712 2979 825 3017 non
858 2967 949 3018 est
981 2963 1259 3019 continuo
1315 2966 1583 3038 generale
1612 2983 1625 3020 :
1661 2971 1726 3021 ut
1755 2967 1908 3022 sicut
1936 2967 1994 3022 in

348 3051 476 3116 illo,
511 3052 593 3106 ita
623 3056 682 3107 et
710 3051 767 3106 in
802 3051 1079 3108 omnibus
1111 3053 1300 3125 angeli
1338 3053 1669 3110 inveniatur
1719 3056 1994 3128 pravitas,

348 3157 477 3212 quae
511 3145 602 3196 est
632 3145 960 3212 peccatum.
986 3141 1188 3198 Omnis
1221 3144 1378 3200 enim
1410 3149 1639 3215 natura,
1663 3144 1788 3200 sine
1818 3145 1995 3201 dubio

345 3235 562 3299 creata,
596 3247 778 3302 capax
807 3230 1026 3303 peccati
1057 3237 1150 3287 est
1181 3249 1194 3300 ;
1224 3237 1286 3287 ut
1347 3234 1619 3304 apparuit
1674 3234 1730 3288 in
1791 3234 1995 3306 angelo
2025 3219 2068 3286 C

347 3336 466 3391 quo
495 3319 610 3375 dixi
647 3335 661 3375 :
695 3321 837 3392 quia
866 3319 926 3374 in
956 3320 1198 3376 veritate
1221 3338 1334 3377 non
1367 3322 1526 3377 stetit
1554 3322 1736 3393 (Ibid.)
1767 3328 1994 3380 :tamen

344 3425 454 3482 per
482 3409 700 3465 donum
725 3413 783 3465 et
812 3409 1062 3482 gratiam
1094 3411 1381 3466 Creatoris
1413 3411 1614 3478 sui,ita
1645 3413 1703 3467 in
1735 3429 1993 3470 amorem

343 3497 652 3554 charitatis
683 3498 842 3554 illius
875 3499 1329 3569 transierunt,ut
1351 3502 1475 3572 jam
1509 3518 1614 3556 nec
1651 3502 1828 3558 velint
1862 3519 1992 3574 pec-

344 3603 477 3643 care
509 3602 616 3642 nec
647 3587 898 3660 possint.

417 3699 446 3725 ‹‹
481 3676 587 3740 Qui
621 3680 919 3733 terrenum
971 3677 1191 3733 habent
1253 3679 1722 3745 fundamentum,
1782 3697 1992 3738 consu-

341 3769 586 3822 mentur
612 3765 773 3821 velut
802 3783 836 3822 a
867 3766 1043 3822 tinea.
1078 3788 1106 3818 »
1141 3767 1197 3822 Si
1237 3767 1448 3823 domus
1478 3768 1648 3824 luteas
1701 3775 1842 3825 sunt
1867 3787 1990 3826 cor-

337 3871 484 3928 pora
514 3860 716 3910 nostra
750 3870 764 3910 :
799 3855 1254 3912 fundamentum
1295 3857 1602 3912 domorum
1636 3862 1990 3928 nostrarum,

335 3944 517 3999 vitam
548 3943 700 3999 hanc
730 3944 1145 4014 temporariam
1179 3962 1328 4014 esse,
1378 3947 1734 4003 credendum
1765 3953 1996 4021 est,qua

335 4033 660 4101 subtracta,
695 4033 906 4090 domus
938 4033 1105 4090 luteas
1137 4040 1316 4090 ruunt
1346 4035 1402 4089 in
1439 4040 1705 4092 mortem.

416 4145 437 4169 ι
477 4122 556 4177 De
591 4138 765 4177 mane
795 4140 988 4194 usque
1021 4124 1093 4178 ad
1123 4141 1425 4196 vesperam
1485 4126 1880 4195 succidantur,
1939 4133 1996 4184 et

337 4211 482 4284 quia
511 4209 711 4266 nullus
742 4210 1044 4284 intelligit,
1078 4213 1139 4267 in
1191 4216 1471 4269 aeternum
1530 4215 1824 4286 peribunt.
1885 4217 1990 4282 Qui

336 4304 540 4356 autem
575 4298 787 4371 reliqui
818 4299 1399 4369 fuerint,auferentur
1415 4320 1483 4358 ex
1503 4303 1587 4358 eis
1623 4320 1636 4359 :
1671 4304 1995 4360 morientur

338 4392 542 4444 etnon
576 4388 635 4442 in
668 4389 1039 4460 sapientia.»
1105 4390 1166 4445 In
1227 4407 1343 4446 uno
1402 4391 1515 4459 die,
1573 4396 1756 4448 totam
1814 4393 1992 4449 vitam

338 4477 652 4532 hominum
709 4478 1055 4534 monstravit
1112 4494 1238 4550 qua
1281 4479 1339 4534 in
1401 4481 1621 4535 mundo
1677 4487 1896 4537 vernat.
1929 4483 1990 4538 In

338 4565 606 4638 parvulis
653 4566 818 4622 ﬂoret
846 4566 904 4622 in
940 4567 1260 4638 juvenibus
1316 4567 1687 4639 convalescit,
1719 4575 1775 4626 et
1829 4571 1992 4627 robo-
2019 4589 2068 4653 D

339 4660 508 4710 ratur
537 4660 768 4711 matura
809 4661 976 4712 aatate
1011 4672 1025 4712 :
1059 4656 1117 4711 in
1178 4657 1528 4724 senioribus,
1589 4664 1869 4730 tanquam
1931 4660 1988 4716 in

338 4744 650 4810 fructibus,
707 4745 756 4800 ei
815 4749 1176 4816 postremum
1239 4745 1296 4800 in
1342 4747 1637 4817 decrepita
1695 4752 1991 4804 senectute

337 4833 668 4900 conficitur,
702 4850 879 4907 quam
931 4833 1024 4889 hic
1071 4850 1373 4906 vesperam
1433 4833 1763 4907 appellavit.
1825 4835 1986 4892 Unde

333 4925 428 4978 est
457 4920 602 4978 illud
651 4923 709 4978 in
780 4922 1012 4979 Psalmo
1068 4939 1082 4978 :
1138 4925 1294 4979 Mane
1337 4925 1480 4979 sicut
1524 4924 1691 4981 herba
1736 4930 1985 4980 transeat

333 5012 512 5083 (Psal.
547 5029 778 5079 Lxxxrx,
837 5014 916 5084 6),
973 5017 1030 5069 et
1080 5012 1351 5084 reliqua:
1391 5013 1606 5070 decidit
1659 5013 1719 5070 in
1777 5022 1982 5071 morte.

331 5099 650 5157 induratur
681 5103 740 5157 in
772 5102 1068 5159 cadavere.

991 5191 1223 5248 CAPUT
1254 5195 1323 5248 V.

405 5303 433 5329 ‹‹
462 5279 616 5337 Voca
646 5297 784 5355 ergo
815 5281 866 5337 si
915 5285 1006 5338 est
1062 5281 1163 5353 qui
1218 5281 1323 5337 tibi
1381 5283 1748 5354 respondeat,
1807 5289 1866 5340 et
1911 5284 1982 5339 ad

333 5369 593 5442 aliquem
653 5376 988 5428 sanctorum
1059 5375 1410 5428 convertere.
1470 5371 1673 5428 Virum
1733 5373 1981 5429 stultum
2090 5377 2200 5430 tes.

329 5459 611 5516 interﬁcit
640 5459 967 5525 iracundia,
998 5467 1054 5516 et
1109 5460 1418 5532 parvulum
1476 5462 1690 5517 occidit
1742 5461 1981 5517 invidia.

334 5549 458 5621 Ego
491 5549 606 5604 vidi
641 5550 888 5606 stultum
923 5550 1093 5605 firma
1150 5551 1362 5618 radice,
1419 5555 1471 5606 et
1532 5550 1806 5606 maledixi
1861 5550 1984 5622 pul-

1482 336 1993 402 COMMENTAR.
2039 338 2120 402 ΙΝ
2160 337 2300 402 JOB
2342 337 2516 400 CAP.
2559 336 2634 401 ν.

1327 468 1388 525 In
1451 470 1582 544 tigri
1639 470 2000 529 velocitatem
2028 476 2083 543 Α
2113 478 2171 530 et
2199 478 2570 530 conterentur
2599 473 2657 529 in
2691 475 2876 546 porta.
2919 475 2975 528 et
3013 487 3128 527 non
3184 469 3294 527 erit
3347 468 3449 542 qui
3504 474 3689 527 eruat.
3721 489 3748 521 ι

2115 563 2371 620 Stultum
2403 564 2564 630 dicit,
2599 563 2698 635 qui
2733 563 2803 617 de
2834 561 2960 618 suis
3001 559 3225 616 meritis
3281 560 3581 632 gloriatur.
3643 558 3754 616 Sed

2112 652 2209 709 hic
2241 652 2736 725 pulchritudinem
2771 649 3006 706 nomine
3037 649 3193 704 falsae
3232 647 3526 703 felicitatis
3556 647 3754 721 appel-

2112 741 2194 797 lat
2228 760 2240 797 :
2275 759 2402 814 qua:
2436 741 2836 797 maledicenda
2864 743 2974 805 est,
3009 744 3066 795 et
3098 738 3452 793 exsecranda
3482 741 3589 804 est,
3615 736 3754 807 quia

2112 847 2240 886 eam
2274 831 2539 904 sequitur
2566 831 2838 887 interitus
2869 828 3288 901 sempiternus.

2187 960 2214 988 ‹‹
2245 939 2425 1009 Cujus
2459 954 2709 994 messem
2740 936 3046 992 famelicus
3103 935 3385 1003 comedet,
3444 936 3501 988 et
3555 931 3751 1004 ipsum

2112 1027 2298 1099 rapiet
2329 1032 2611 1084 armatus.-
2644 1031 2701 1082 et
2757 1025 2961 1081 bibent
3018 1024 3281 1080 sitientes
3339 1021 3572 1078 divitias
3627 1021 3756 1091 ejus

2111 1117 2266 1172 Nihil
2299 1118 2354 1171 in
2381 1121 2534 1173 terra
2566 1117 2692 1171 sine
2724 1131 2902 1171 causa
2930 1115 3024 1182 sit,
3057 1119 3114 1169 et
3145 1114 3215 1168 de
3245 1113 3424 1168 humo
3454 1128 3568 1166 non
3601 1126 3761 1182 egre-

2110 1206 2305 1261 dietur
2332 1205 2515 1262 dolor.
2558 1230 2577 1254 ι
2613 1206 2884 1271 Sitentes,
2918 1203 3189 1269 famelici,
3235 1206 3291 1257 et
3343 1201 3551 1256 armati
3587 1216 3598 1254 :
3633 1199 3756 1253 dia-

2109 1293 2280 1350 bolus
2311 1299 2366 1350 et
2396 1295 2488 1351 sui
2522 1298 2768 1366 possunt
2795 1291 3062 1365 intelligi,
3096 1291 3193 1364 qui
3227 1295 3574 1363 potestatem
3607 1288 3755 1344 acci-

2109 1385 2280 1456 piunt
2335 1401 2369 1439 a
2427 1385 2564 1451 Deo,
2614 1388 2680 1438 ut
2736 1386 2966 1439 vastent
3020 1382 3255 1453 iniquos
3297 1378 3428 1434 :vel
3487 1379 3754 1434 sitientes

2108 1472 2415 1528 hominum
2447 1477 2716 1537 mortem,
2750 1489 2922 1527 omne
2982 1469 3202 1526 scilicet
3249 1469 3468 1524 bonum
3529 1472 3754 1522 naturae

2107 1567 2164 1618 et
2192 1563 2348 1633 quod
2380 1563 2614 1616 nomine
2635 1560 2967 1616 divitiarum
3000 1560 3223 1615 dictum
3247 1562 3354 1625 est,
3383 1556 3455 1611 ab
3484 1555 3570 1611 eis
3596 1553 3755 1610 velut

2108 1650 2389 1707 haustum
2423 1651 2698 1724 poculum
2762 1651 3150 1707 absorbetur:
3183 1646 3268 1703 vel
3318 1645 3586 1702 homines
3633 1644 3748 1699 ini-

2105 1739 2229 1811 qui,
2261 1741 2359 1812 qui
2396 1745 2670 1813 premunt
2699 1741 3015 1810 subjectos.

2029 1852 2075 1915 B
2182 1867 2208 1897 κ
2243 1850 2424 1902 Homo
2455 1847 2717 1902 nascitur
2746 1847 2814 1902 ad
2848 1846 3106 1901 laborem
3139 1848 3195 1900 et
3216 1843 3338 1899 avis
3370 1843 3440 1898 ad
3463 1839 3743 1897 volatum.

2109 1935 2498 1999 Quamobrem
2530 1953 2635 2008 ego
2667 1935 3023 2009 deprecabor
3051 1934 3452 1997 Dominum,et
3472 1931 3541 1986 ad
3567 1932 3746 1986 Deum

2107 2041 2321 2096 ponam
2354 2024 2652 2096 eloquium
2684 2041 2902 2079 meum.
2940 2046 2968 2072 ››
3000 2023 3064 2077 Id
3095 2026 3204 2088 est,
3236 2020 3402 2076 labor
3448 2017 3745 2074 hominem

2108 2117 2306 2169 monet
2336 2114 2440 2186 [AL
2477 2114 2719 2185 manet],
2754 2114 2831 2169 ub
2862 2114 2935 2168 ab
2965 2111 3242 2168 omnibus
3283 2108 3438 2165 vitiis
3496 2107 3746 2179 castiga-

2104 2207 2201 2257 tus
2226 2202 2473 2260 incedat.

2177 2314 2205 2342 «
2241 2292 2349 2359 Qui
2382 2293 2517 2348 facit
2548 2309 2759 2365 magna
2791 2297 2849 2348 et
2877 2288 3302 2355 inscrutabilia,
3352 2292 3409 2342 et
3457 2284 3750 2341 mirabilia

2108 2382 2331 2454 absque
2363 2399 2630 2438 numero.
2681 2381 2786 2446 Qui
2835 2382 2934 2436 dat
2992 2379 3248 2452 pluviam
3302 2393 3478 2449 super
3541 2373 3749 2429 faciem

2105 2474 2291 2538 terrae,
2324 2477 2381 2526 et
2410 2471 2614 2544 irrigat
2644 2471 2814 2543 aquis
2849 2469 3134 2524 universa.
3164 2466 3271 2533 Qui
3303 2465 3468 2537 ponit
3496 2460 3752 2518 humiles

2107 2560 2166 2617 in
2203 2560 2474 2627 sublime,
2509 2565 2564 2615 et
2594 2566 2904 2616 maerentes
2953 2557 3125 2630 erigit
3179 2554 3478 2628 sospitate.
3529 2575 3556 2603 »
3591 2550 3664 2606 Ut
3691 2549 3752 2605 in

2106 2650 2250 2707 Filio
2280 2650 2378 2706 Dei
2412 2651 2588 2706 homo
2620 2649 2887 2706 Christus
2918 2648 2995 2704 sit
3032 2647 3206 2714 Deus,
3236 2650 3292 2700 et
3322 2661 3423 2717 per
3477 2659 3610 2698 eum
3641 2641 3752 2696 Ec—

2106 2740 2304 2796 clesia.

2179 2852 2206 2879 «
2240 2829 2346 2893 Qui
2381 2829 2632 2901 dissipat
2657 2827 3036 2901 cogitationes
3068 2823 3481 2896 malignorum,
3513 2837 3586 2876 ne
3615 2837 3750 2892 pos-

2105 2918 2182 2974 sit
2203 2917 2446 2990 implere
2479 2935 2692 2973 manus
2723 2933 2926 2972 eorum
2958 2914 3114 2986 quod
3147 2915 3442 2984 ceperant.
3481 2909 3747 2964 »3υάωο-

2107 3024 2237 3062 rum
2272 3006 2560 3076 videlicet,
2606 3006 2706 3076 qui
2766 3004 3059 3059 Christum
3123 3003 3474 3074 putaverunt
3531 2997 3748 3054 exstin-

2104 3112 2300 3168 guere,
2335 3103 2391 3150 et
2421 3112 2633 3151 nomen
2663 3095 2790 3166 ejus
2821 3091 3009 3148 delere
3037 3091 3108 3146 de
3139 3094 3306 3146 terra.
3369 3086 3469 3143 Vel
3501 3087 3557 3141 in
3590 3103 3750 3143 mar-

2104 3184 2333 3258 tyribus
2418 3187 2858 3256 persecutorum
2964 3178 3231 3235 Ecclesiae
3315 3176 3749 3233 adversantium

2107 3273 2415 3345 dissipavit
2448 3270 2847 3344 cogitationes,
2883 3268 3035 3324 sicut
3063 3266 3304 3322 Herodis
3325 3264 3383 3318 in
3433 3267 3602 3318 Petro
3633 3263 3752 3334 (Aet

2102 3379 2204 3433 xu,
2238 3364 2271 3416 3
2303 3361 2438 3433 seq.)
2469 3362 2540 3416 Et
2580 3360 2746 3415 aliter
2779 3376 2792 3414 :
2822 3357 2944 3413 Non
2977 3354 3220 3428 implent
3279 3370 3491 3409 manus
3546 3369 3749 3408 eorum

2104 3469 2219 3524 quo
2250 3451 2455 3507 volunt
2503 3450 2641 3522 quia
2673 3447 2770 3503 alii
2802 3464 3004 3504 eorum
3038 3445 3362 3501 liberantur
3391 3443 3458 3497 ad
3494 3447 3749 3514 tempus:

2104 3541 2201 3600 alii
2231 3557 2366 3597 vero
2399 3556 2501 3613 per
2524 3541 2774 3612 januam
2817 3537 3023 3592 mortis
3079 3534 3536 3589 introducuntur
3565 3531 3636 3586 ad
3666 3530 3748 3585 vi-

2102 3634 2223 3687 tam
2255 3634 2311 3685 et
2343 3630 2507 3701 istos,
2525 3633 2582 3685 et
2613 3628 2744 3683 illos
2776 3625 3026 3682 salvabit
3046 3622 3362 3680 Deus.Illos
3382 3624 3578 3694 aperte
3605 3618 3750 3676 lihe-

2103 3721 2306 3788 rando,
2339 3719 2446 3774 hos
2477 3717 2700 3774 occulte
2731 3715 3082 3773 coronando.

2175 3848 2202 3878 (-
2235 3827 2340 3890 Qui
2370 3824 2755 3898 apprehendit
2813 3822 3106 3895 sapientes
3166 3821 3223 3875 in
3281 3818 3494 3875 astutia
3525 3834 3748 3883 eorum,

2102 3921 2161 3972 et
2206 3915 2518 3971 consilium
2578 3929 2892 3987 pravorum
2949 3910 3217 3982 dissipat.
3282 3930 3310 3956 »
3365 3906 3751 3978 Philosophos

2102 4003 2439 4076 scilicet,vel
2463 4003 2696 4060 Judeos
2726 4000 2991 4056 doctrina
3012 3996 3363 4069 aspostolica
3382 3994 3750 4059 convincens,

2103 4098 2161 4149 et
2181 4094 2250 4150 ad
2284 4092 2535 4149 nihilum
2568 4107 2794 4148 errores
2825 4105 3026 4146 eorum
3059 4085 3347 4158 redigens.

2183 4224 2203 4249 ι
2246 4201 2353 4256 Per
2397 4199 2550 4254 diem
2612 4199 2912 4252 incurrent
2938 4195 3230 4250 tenebras.
3268 4214 3287 4240 ιο
3342 4190 3476 4244 Dies
3523 4191 3645 4243 erat
3691 4188 3746 4242 in

2100 4289 2346 4354 Judaeis,
2379 4289 2451 4344 de
2499 4304 2674 4359 regno
2733 4284 3076 4348 sacerdotio,
3134 4281 3280 4354 lege,
3340 4277 3515 4335 unius
3573 4277 3748 4332 etiam

2104 4378 2203 4433 Dei
2238 4376 2518 4448 religione
2551 4373 2942 4447 gloriantibus
2976 4390 2989 4429 :
3023 4371 3123 4426 sed
3186 4387 3296 4426 non
3355 4368 3657 4423 credentes
3691 4365 3748 4420 in

2103 4466 2359 4532 Christo,
2393 4465 2669 4520 tenebras
2699 4463 2952 4535 perfidiae
2981 4460 3333 4516 inciderunt.

2175 4595 2202 4622 «
2235 4577 2302 4628 Et
2335 4571 2502 4644 quasi
2538 4571 2594 4626 in
2629 4574 2797 4625 nocte
2829 4569 2911 4624 sic
2943 4567 3266 4640 palpabunt
3305 4564 3363 4619 in
3408 4562 3676 4618 meridie.
3712 4580 3742 4612 ω

2102 4662 2315 4734 Utique
2345 4660 2750 4732 prosperitatis
2791 4675 2928 4724 suae,
2991 4673 3117 4728 qum
3178 4670 3311 4708 cum
3369 4651 3540 4707 solito
3596 4649 3752 4705 circa

2101 4751 2300 4808 felices
2330 4749 2523 4805 saeculi
2552 4749 2730 4820 hujus
2763 4747 3072 4820 splendore
3127 4760 3286 4799 vnnaa
3342 4740 3561 4813 gloriae,
3616 4755 3744 4794 am-

2098 4841 2258 4914 plius
2293 4839 2484 4904 fuerit,
2519 4856 2635 4911 qua
2656 4853 2718 4893 se
2751 4837 2922 4909 longa
2952 4834 3268 4892 securitate
3301 4829 3560 4885 munitos
3582 4832 3746 4900 puta~

2097 4930 2240 4986 bant
2272 4945 2400 4984 eam
2435 4945 2624 4999 usque
2653 4927 2724 4982 ad
2757 4926 2945 4981 aetatis
3001 4941 3120 4979 suae
3177 4934 3474 4992 vesperam
3510 4933 3745 4990 posses-

2098 5035 2272 5075 suros
2308 5043 2322 5086 ;
2357 5017 2414 5072 in
2447 5016 2825 5072 tribulatione
2856 5013 3070 5080 subita,
3115 5027 3241 5084 quae
3293 5007 3479 5064 noctis
3510 5005 3746 5062 nomine

2097 5107 2252 5163 dicta
2282 5111 2392 5176 est,
2441 5112 2680 5178 stupore
2729 5104 2932 5172 nimio,
2992 5102 3049 5157 in
3108 5097 3398 5173 angustiis
3444 5094 3742 5165 coarctati,

2098 5195 2306 5252 mortis
2336 5196 2514 5252 etiam
2546 5194 2755 5250 timore
2809 5190 3086 5265 perculsi,
3146 5188 3383 5262 palpare
3437 5185 3735 5251 dicuntur,

2094 5284 2309 5358 perditi
2371 5283 2572 5356 utique
2631 5281 2897 5350 consilio,
2959 5279 3098 5353 quid
3153 5279 3404 5333 facerent
3459 5275 3740 5347 ignoran-

2166 5485 2193 5512 «
2224 5467 2400 5519 Porro
2431 5461 2656 5518 salvum
2690 5461 2861 5517 faciet
2907 5477 3156 5533 egenum
3211 5476 3241 5512 a
3273 5456 3464 5531 gladio
3494 5455 3613 5511 oris
3641 5470 3736 5511 eo-

2093 5569 2249 5624 rum,
2282 5556 2339 5608 et
2370 5553 2440 5606 de
2471 5568 2648 5606 manu
2685 5549 2920 5607 violenti
2951 5565 3285 5622 pauperem.
3323 5569 3350 5596 ››
3380 5544 3679 5602 Christum
3703 5560 3736 5596 a

338 5637 663 5698 chritudini
694 5639 821 5710 ejus
837 5637 1252 5710 statim.Longe
1277 5638 1418 5697 ﬁent
1447 5639 1552 5695 ﬁlii
1583 5639 1711 5711 ejus
1742 5656 1775 5696 a
1797 5639 1983 5697 salute
2091 5640 2476 5716 blasphemiis
2504 5640 2861 5697 Judaeorum:
2886 5639 3025 5712 quia
3055 5637 3256 5711 lingua
3272 5650 3471 5694 eorum
3501 5630 3735 5704 gladius
