4066 6190
374 334 488 400 66⁸1
1874 334 2035 396 ΑΡΡῖ

2153 335 2292 398 DlX.
3639 336 3739 401 668

378 478 586 530 acutus
617 471 726 528 fuit
755 470 922 544 (Psal.
959 487 1068 542 LVI,
1108 470 1185 543 5),

380 564 558 634 (Joan,
582 581 700 629 xxx,
730 564 786 629 6,
822 563 929 634 15).

457 676 478 702 α
502 654 570 708 Et
597 652 707 708 erit
736 668 918 723 egeno
948 667 1082 723 spes
1118 668 1130 706 :
1164 650 1448 723 iniquitas
1488 655 1681 706 autem
1723 650 2027 706 contrahet

383 759 448 798 os
479 758 673 797 suum.
709 741 924 796 Beatus
953 739 1128 796 homo
1169 741 1267 812 qui
1331 741 1644 812 corripitur
1698 759 1730 796 a
1763 742 2023 797 Domino.

386 830 842 903 Increpationem
874 847 1011 902 ergo
1042 831 1272 886 Domini
1294 849 1363 887 ne
1390 832 1664 903 reprobes
1698 849 1710 887 :
1744 832 1882 904 quia
1903 833 2028 904 ipse

384 921 670 990 vulnerat,
703 924 759 975 et
791 920 1054 975 medetur
1089 937 1100 974 :
1137 921 1409 992 percutit,
1441 925 1498 978 et
1539 939 1749 977 manus
1774 924 1902 991 ejus
1933 940 2023 978 sa-

387 1009 732 1065 nabunt.~ln
769 1025 867 1064 sex
905 1008 1386 1064 tribulationibus
1443 1010 1714 1066 liberabit
1769 1016 1844 1082 te,
1876 1016 1933 1066 et
1967 1011 2026 1067 in

389 1099 640 1171 septima
671 1115 784 1154 non
821 1102 1019 1171 tanget
1071 1102 1126 1153 te
1178 1098 1419 1154 malum.
1480 1105 1543 1155 In
1577 1101 1728 1155 fame
1783 1105 1946 1156 eruet
1973 1104 2028 1156 te

385 1189 458 1243 de
488 1193 692 1244 morte.
729 1211 748 1237 ι
799 1187 1266 1244 Resurrectionis
1325 1188 1538 1245 Christi
1597 1190 1869 1245 virtutem
1933 1208 2026 1245 os-

381 1278 587 1333 tendit.

456 1390 484 1418 «
513 1369 583 1422 Et
611 1368 669 1422 in
703 1365 852 1422 bello
885 1368 956 1423 de
988 1385 1165 1423 manu
1207 1368 1408 1441 gladii.
1471 1390 1498 1417 ››
1557 1370 1667 1424 Sed
1700 1369 2026 1433 videamus.

386 1473 457 1511 ne
489 1457 632 1511 forte
661 1456 921 1528 gladium
957 1462 1255 1529 peccatum
1289 1459 1466 1524 dicat,
1507 1459 1794 1514 dimicans
1827 1465 2031 1516 contra

384 1545 640 1600 animam
675 1545 955 1612 hominis,
990 1551 1055 1601 ut
1084 1564 1211 1602 eam
1245 1548 1357 1603 sibi
1398 1549 1861 1620 acquiescentem
1898 1567 2028 1621 pro-

384 1638 628 1690 sternat.
663 1636 820 1700 Quod
859 1639 1156 1707 peccatum
1190 1637 1367 1708 gladii
1420 1638 1654 1693 nomine
1685 1639 1900 1694 dicitur
1930 1656 2031 1710 per

384 1723 840 1794 prophetam,ut
877 1724 959 1779 ait
1005 1741 1017 1779 :
1061 1725 1374 1797 Speculator
1426 1729 1481 1782 si
1531 1727 1730 1783 viderit
1783 1728 2032 1799 gladium

382 1813 685 1870 venientem
715 1813 926 1884 (Ezech.
960 1831 1155 1879 χχχιιι,
1186 1815 1261 1883 6).
1869 1830 1874 1835 λ

2060 1846 2107 1910 Β

1248 470 1512 541 bicendo,
1573 468 1844 540 Cruci/iga
1900 487 2023 527 eum
2051 471 2101 536 Α
2136 476 2208 532 de
2237 475 2512 533 omnibus
2543 476 2761 534 sanctis
2789 476 3012 534 dictum
3043 474 3258 534 sentire
3278 480 3743 552 possumus,quod

2138 565 2291 621 filios
2317 565 2374 621 in
2407 567 2681 639 operibus
2711 567 2881 623 bonis
2910 567 3188 623 habeant.
3239 567 3336 624 Isti
3366 567 3506 623 tales
3536 568 3630 624 ﬁlii
3661 587 3742 626 co-

2136 656 2488 728 gitationum
2524 655 2745 713 semine
2775 657 3037 729 concepti
3069 658 3376 728 pariuntur
3402 658 3459 712 in
3491 675 3670 730 opera,
3697 665 3748 716 et

2137 747 2321 801 sancti
2354 746 2531 818 hujus
2582 747 2978 819 generationis
3035 747 3344 804 multidine
3400 747 3745 820 gloriantur:

2136 835 2412 906 quoniam
2445 835 2661 891 talibus
2694 837 2882 908 magis
2913 853 3086 908 quam
3134 836 3466 893 carnalibus
3496 837 3623 894 ﬁliis
3649 838 3748 895 Deo

2137 925 2364 997 placere
2427 925 2758 982 voluerunt.
2842 927 3038 981 Potuit
3109 943 3216 999 ego
3284 926 3539 998 Eliphaz,
3601 930 3749 1000 quasi

2137 1014 2450 1070 consilium
2485 1016 2634 1071 dans
2669 1015 2802 1080 Job,
2835 1015 2916 1070 ita
2971 1016 3161 1072 dicere
3193 1032 3206 1070 :
3235 1009 3645 1072 Si'conversus
3687 1018 3748 1072 ad

2136 1103 2319 1159 Deum
2355 1103 2555 1172 fueris,
2588 1104 2670 1158 ita
2700 1108 2763 1158 ut
2783 1107 2838 1158 te
2868 1107 3103 1160 tuorum
3125 1120 3366 1176 operum
3401 1103 3750 1176 antiquorum

2136 1192 2431 1264 paeniteat,
2465 1192 2651 1248 cordis
2700 1194 2784 1248 tui
2843 1193 3182 1258 virtutibus,
3236 1191 3399 1249 velut
3456 1193 3754 1248 seminibus

2138 1281 2485 1337 abundabis.
2523 1286 2598 1337 De
2647 1282 2862 1352 quibus
2911 1299 3087 1353 opera
3132 1283 3286 1338 bona
3331 1285 3608 1354 tanquam
3634 1299 3755 1338 san-

2137 1370 2356 1426 ctitatis
2387 1370 2537 1426 ﬁlios
2603 1371 2818 1442 poteris
2882 1387 3180 1442 procreare
3226 1371 3350 1427 :ita
3381 1376 3448 1426 ut
3478 1371 3755 1443 progenies

2139 1476 2381 1531 operum
2400 1464 2636 1516 tuorum
2653 1460 3015 1516 multitudini
3029 1460 3346 1521 herbarum
3370 1460 3753 1516 virescentium

2138 1553 2528 1621 comparetur,
2563 1566 2811 1621 quarum
2863 1550 3108 1612 radices,
3133 1549 3181 1605 si
3213 1567 3317 1622 spe
3348 1549 3511 1606 intus
3567 1549 3756 1605 habeas

2137 1637 2197 1693 in
2228 1639 2398 1694 corde
2446 1639 2684 1708 deﬁxae,
2717 1643 2871 1696 terra
2921 1644 3023 1694 tua
3072 1639 3248 1695 ﬂores
3297 1655 3434 1694 cum
3491 1639 3756 1695 fructibus

2138 1727 2510 1798 germinabit.

2211 1839 2237 1864 «
2273 1816 2618 1886 lngredieris
2665 1816 2723 1870 in
2783 1817 3147 1872 abundantia
3204 1815 3573 1888 sepulcrum,
3627 1816 3759 1872 sicut

458 1923 486 1949 «
525 1904 566 1954 Α
600 1901 824 1973 ﬂagello
854 1901 1066 1974 linguae
1111 1903 1506 1972 absconderis,
1538 1910 1594 1960 et
1625 1923 1738 1961 non
1791 1905 2028 1963 timebis
2067 1901 2105 1910 “’
2138 1906 2322 1961 fertur
2369 1921 2612 1960 acervus
2644 1905 2818 1962 tritici
2851 1906 2910 1960 in
2966 1910 3235 1977 tempore
3277 1923 3412 1962 suo.
3447 1929 3476 1956 »
3507 1907 3760 1961 Consum-

387 1987 778 2044 calamitatem
809 2007 940 2045 cum
995 1993 1236 2048 venerit.
1282 2014 1309 2041 »
1357 1993 1415 2048 Si
1475 2011 1790 2050 conversus
1850 1996 2027 2051 fueris

389 2077 460 2132 ad
491 2077 694 2132 Deum.
728 2078 1007 2136 interiora
1036 2085 1157 2152 tua,
1191 2081 1368 2155 gladii
1401 2086 1732 2153 verborum,
1787 2102 1890 2157 per
1918 2085 2027 2139 lin-

2139 1995 2314 2050 matis
2345 1995 2532 2050 annis
2552 2000 2830 2067 provecta;
2860 1995 3071 2062 aetatis,
3104 1995 3438 2067 plenusque
3468 1994 3682 2050 dierum
3711 1993 3759 2047 in

2137 2083 2438 2139 tumulum
2470 2085 2696 2155 positus
2731 2083 3080 2157 requiesces,
3115 2089 3182 2140 ut
3227 2085 3284 2138 in
3340 2089 3599 2156 tempore
3635 2081 3764 2154 justi

386 2182 560 2237 gnam
585 2167 828 2238 jaculati
861 2185 975 2224 non
1028 2175 1354 2242 penetrant,
1415 2177 1472 2227 et
1529 2172 1912 2238 calamitates,
1944 2174 2029 2230 vel
2132 2173 2341 2243 judicii
2372 2173 2489 2237 Dei,
2522 2191 2556 2230 a
2585 2173 2859 2229 sordibus
2883 2178 3253 2245 peccatorum
3285 2173 3555 2230 minimis
3582 2178 3635 2227 et
3651 2171 3763 2227 levi-

388 2255 545 2311 mala
576 2273 703 2327 quae
733 2274 764 2312 a
799 2262 909 2314 Deo
955 2259 1287 2334 irrogantur
1334 2264 1756 2334 peccatoribus,
1809 2281 1922 2320 non
1964 2264 2033 2318 ti-

388 2345 594 2400 mebis.

458 2433 575 2488 «In
608 2435 876 2491 vastitate
905 2441 963 2492 et
992 2437 1146 2494 fame
1193 2439 1432 2495 ridebis.
1493 2463 1522 2490 ››
1575 2439 1831 2507 Ridebis,
1861 2441 2026 2508 dixit,

388 2538 492 2593 pro
523 2523 864 2588 exsultabis,
897 2530 1073 2598 atque
1103 2529 1408 2598 gaudebis.
1433 2533 1490 2584 et
1529 2529 1697 2585 laetus
1727 2529 1863 2600 eris,
1895 2547 2028 2586 cum

387 2610 534 2667 alios
563 2613 777 2668 videris
810 2614 962 2670 fame
993 2616 1147 2671 affici
1181 2617 1299 2674 sive
1355 2619 1646 2690 praesenti,
1702 2620 1821 2676 sive
1852 2621 2027 2676 etiam

386 2698 785 2757 intellectuali.

463 2811 492 2840 «
523 2791 593 2845 Et
623 2791 840 2866 bestias
869 2796 1033 2850 terras
1063 2812 1175 2851 non
1233 2797 1598 2853 formidabis.
1637 2822 1656 2845 υ
1693 2799 1824 2855 Haec
1856 2800 2029 2871 septi-

389 2883 876 2952 maextremaque
905 2882 1224 2942 tribulatio.
1287 2886 1486 2942 Bestiae
1543 2891 1729 2956 terrae,
1780 2894 2029 2961 possunt

387 2969 444 3022 et
475 2968 586 3023 ista
615 2969 938 3027 animantia
968 2989 1093 3044 qua
1125 2979 1264 3029 sunt
1310 2975 1435 3032 sine
1483 2977 1704 3033 ratione
1759 2977 2028 3050 intelligi,

387 3057 602 3131 quibus
632 3059 703 3114 ad
727 3059 1122 3118 devorandum
1154 3062 1423 3121 homines
1445 3066 1664 3121 dantur
1693 3066 1749 3121 in
1785 3071 2032 3139 potesta-

387 3152 506 3204 tem
540 3152 596 3204 et
637 3149 906 3208 homines
947 3151 1109 3219 mali,
1160 3152 1362 3209 bestias
1415 3153 1804 3226 appellantur,
1839 3172 2030 3212 mores

389 3237 670 3294 habentes
700 3238 923 3295 similes
955 3240 1219 3296 moribus
1252 3241 1596 3311 bestiarum,
1657 3247 1858 3299 contra
1888 3261 2035 3316 quas

391 3343 690 3400 pugnasse
738 3345 800 3384 se
847 3328 1062 3400 Ephesi
1113 3329 1256 3385 dicit
1312 3331 1631 3402 Apostolus
1691 3335 1734 3402 (l
1789 3333 1911 3388 Cor.
1944 3351 2038 3402 xv,

391 3417 657 3489 32).:Non
690 3417 1034 3488 formidabis
1063 3434 1221 3490 ergo.
1255 3419 1470 3491 inquit,
1501 3419 1610 3476 hoc
1629 3420 1872 3490 malum,
1905 3439 2038 3477 cum

394 3511 699 3577 correptus
758 3523 792 3562 a
848 3506 1120 3573 Domino,
1170 3507 1324 3562 viam
1373 3508 1803 3566 emendationis
1861 3510 2040 3566 intra-

393 3609 564 3650 veris.

471 3704 500 3734 ‹‹
529 3683 636 3738 Sed
667 3700 800 3739 cum
833 3683 1129 3755 lapidibus
1159 3685 1477 3758 regionum‘
1520 3691 1754 3760 pactum
1786 3691 1976 3744 tuum.
2013 3712 2034 3741 ι

397 3772 645 3844 Lapides
673 3789 777 3844 per
805 3772 1231 3844 metaphoram,
1259 3774 1527 3831 homines
1555 3776 1700 3831 dixit
1720 3776 1959 3833 stabiles
1989 3783 2046 3833 et

397 3861 754 3934 quietos,qui
786 3866 924 3917 sunt
945 3861 1145 3935 utique
1168 3863 1317 3934 justi
1348 3868 1406 3918 et
1435 3865 1622 3920 sancti
1651 3883 1662 3921 :
1696 3865 1753 3919 hi
1789 3883 2044 3937 namque

398 3951 458 4006 in
492 3951 730 4006 modum
766 3951 1024 4023 lapidum
1061 3953 1213 4007 ﬁrmi
1237 3953 1296 4008 in
1333 3958 1442 4008 Deo
1469 3958 1749 4026 sunt,per
1779 3955 2044 4028 regiones

395 4041 588 4097 varias
619 4041 940 4097 constituti.
982 4041 1126 4096 Cum
1161 4041 1252 4096 his
1290 4041 1487 4113 itaque
1518 4042 1762 4099 habebis
1808 4048 2043 4115 pactum

331 4135 334 4137 λ
401 4129 602 4185 solidae
635 4129 961 4198 charitatis,
996 4135 1060 4186 ut
1089 4131 1160 4186 ab
1183 4130 1268 4186 eis
1298 4145 1603 4203 nunquam
1662 4136 1717 4187 te
1744 4131 2045 4187 tribulatio

399 4220 587 4291 possit
618 4218 884 4276 avellere.

469 4330 497 4357 «
533 4309 599 4364 Et
620 4308 816 4364 bestias
848 4314 1013 4364 terras
1043 4308 1298 4380 paciﬁca:
1328 4315 1499 4364 erunt
1531 4309 1658 4364 tibi.
1710 4330 1737 4359 »
1770 4309 2048 4366 Homines

398 4395 666 4453 videlicet
697 4399 994 4470 quondam
1028 4398 1132 4453 teri
1165 4403 1222 4453 et
1252 4397 1412 4467 mali,
1447 4399 1508 4453 in
1568 4399 1926 4466 innocentia,
1985 4403 2049 4454 ut

401 4503 534 4542 oves
557 4485 742 4542 effecti
778 4505 792 4555 ;
827 4503 1038 4542 nomen
1087 4491 1283 4543 tamen
1344 4487 1656 4560 pristinum
1707 4488 2046 4558 retinentes,

2139 2261 2251 2317 bus
2283 2267 2566 2335 purgatus
2596 2263 2911 2319 inveniaris
2945 2280 2958 2318 :
2989 2261 3148 2319 velut
3177 2261 3445 2318 triticum
3476 2262 3622 2334 quod
3652 2277 3761 2317 coa-

2139 2355 2404 2408 cervatur
2427 2351 2484 2405 in
2518 2368 2734 2408 aream.

2211 2465 2238 2490 ‹‹
2291 2441 2434 2497 Ecce
2482 2441 2590 2498 hoc
2640 2445 2705 2497 ut
2767 2440 3270 2513 investigavimus,
3325 2440 3413 2497 ita
3459 2446 3566 2506 est,
3630 2439 3760 2510 quod

2140 2529 2407 2585 auditum
2443 2534 2636 2586 mente
2662 2535 2972 2608 pretracta.
3010 2551 3038 2579 n
3070 2529 3188 2586 Hoc
3227 2528 3398 2596 dicit,
3432 2542 3764 2601 quaecunque

2138 2636 2173 2674 a
2217 2635 2310 2674 me
2349 2618 2454 2674 tibi
2503 2620 2659 2675 dicta
2707 2624 2868 2687 sunt,
2935 2619 3250 2691 diligenter
3326 2617 3608 2692 investiga
3647 2633 3762 2671 vera

2139 2706 2389 2775 noveris,
2417 2723 2544 2779 quea
2594 2707 2707 2780 ipsi
2757 2709 2830 2764 ad
2879 2708 3354 2764 emendationem
3405 2712 3563 2763 tuam
3611 2706 3763 2762 debes

2139 2795 2311 2852 corde
2343 2795 2658 2868 percipere.

2774 2885 3010 2942 CAPUT
3041 2885 3135 2941 VI.

2209 2996 2237 3023 «
2271 2975 2648 3047 Respondeas
2678 2978 2873 3030 autem
2905 2974 3013 3030 Job
3046 2973 3191 3030 dixit
3224 2991 3236 3028 :
3285 2973 3530 3030 Utinam
3569 2987 3760 3045 appen-

2138 3063 2418 3118 derentur
2448 3067 2682 3135 peccata
2713 3079 2842 3119 mea
2872 3064 3086 3135 quibus
3125 3063 3273 3118 iram
3307 3063 3523 3130 merui,
3554 3067 3606 3118 et
3633 3059 3763 3117 cala-

2147 3153 2341 3219 mitas,
2371 3169 2548 3226 quam
2581 3152 2789 3224 patior,
2824 3153 2882 3208 in
2914 3157 3176 3230 statera:
3208 3152 3389 3223 quasi
3412 3169 3585 3209 arena
3611 3146 3766 3205 maris

2148 3242 2271 3298 haec
2302 3242 2533 3315 gravior
2563 3246 2887 3314 appareret.
2930 3241 3094 3297 Unde
3129 3245 3188 3297 et
3214 3241 3403 3298 verba
3449 3258 3574 3297 mea
3601 3237 3772 3294 dolore

2151 3334 2290 3385 sunt
2319 3330 2510 3402 plena.
2546 3352 2574 3380 »
2607 3329 2810 3385 Dicitis
2845 3345 2936 3385 me
2979 3328 3229 3401 peccatis
3258 3328 3415 3384 meis
3459 3325 3774 3383 facientibus

2149 3418 2265 3476 ista
2288 3419 2405 3490 pati
2438 3437 2450 3474 :
2485 3423 2722 3492 propter
2750 3419 2907 3490 quod
2935 3417 3130 3477 velim.
3192 3421 3259 3473 ut
3311 3421 3556 3490 peccata
3601 3417 3778 3470 contra

2152 3508 2546 3564 calamitatem
2612 3508 2762 3563 hane
2817 3524 2994 3579 quam
3056 3505 3247 3578 patior
3297 3509 3696 3578 pensarentur,
3733 3504 3779 3554 et

2151 3598 2308 3654 illico
2334 3597 2777 3669 videretis,quia
2805 3597 2928 3653 haec
2958 3596 3088 3668 ipsa
3118 3594 3430 3652 calamitas
3459 3594 3780 3660 volutarena

2153 3688 2334 3743 maris
2365 3703 2544 3758 supra
2573 3703 2790 3743 acorum
2839 3689 3211 3756 peccatorum
3261 3686 3478 3742 merita
3527 3681 3778 3755 pondera-

2153 3781 2258 3834 ret.

2228 3889 2256 3917 ‹‹
2281 3865 2427 3930 Quia
2457 3864 2683 3938 sagittas
2715 3864 2944 3920 Domini
2977 3863 3036 3918 in
3081 3879 3174 3919 me
3227 3869 3393 3935 sunt,
3443 3876 3680 3935 quarum
3706 3857 3776 3911 in-

2154 3956 2411 4028 dignatio
2443 3955 2624 4011 ebibit
2657 3954 2929 4026 spiritum
2953 3970 3175 4020 meum,
3207 3958 3264 4008 et
3292 3957 3547 4009 terrores
3578 3945 3776 4006 Domini

2156 4045 2417 4100 militant
2447 4049 2650 4100 contra
2681 4059 2794 4098 me.
2828 4065 2857 4092 »
2890 4042 2992 4098 Hic
3031 4045 3220 4114 potest
3265 4041 3478 4107 videri,
3511 4038 3657 4113 quod
3689 4051 3772 4090 su-

2155 4135 2354 4207 perius
2427 4132 2772 4206 sagittarum
2824 4131 3063 4188 nomine
3136 4146 3370 4187 vermes
3431 4129 3633 4186 dixerit
3677 4122 3772 4196 (Job

2157 4239 2242 4293 ιιι,
2272 4223 2364 4294 26)
2399 4238 2410 4277 :
2447 4239 2481 4277 a
2517 4221 2733 4292 quibus
2790 4226 2917 4276 tum
2959 4219 3365 4276 indesinenter
3417 4217 3774 4291 pungebatur,

2157 4327 2261 4367 nec
2289 4310 2448 4383 loqui
2483 4309 2934 4381 permittebatur
2967 4325 2978 4363 :
3013 4325 3128 4364 non
3161 4308 3316 4380 quod
3368 4323 3590 4364 vermes
3625 4301 3775 4360 talem

2159 4416 2402 4456 sensum
2455 4399 2795 4464 habuerint,
2849 4403 2916 4452 ut
2957 4397 3066 4453 hoc
3116 4397 3344 4468 judicio
3384 4398 3648 4458 facerent,
3692 4386 3774 4445 sed

2157 4489 2450 4562 permissu
2483 4489 2605 4554 Dei,
2660 4504 2693 4540 a
2743 4489 3026 4559 potestate
3065 4486 3419 4553 adversaria,
3464 4489 3526 4562 ut
3555 4480 3776 4540 acriores

401 4577 554 4633 sicut
611 4577 681 4632 de
737 4576 1008 4632 Matthaso
1067 4577 1427 4650 evangelista
1480 4576 1692 4633 dicitur
1726 4578 2045 4634 :Matlhaeus
2077 4587 2124 4653 D
2154 4582 2370 4646 essent,
2405 4577 2577 4633 etiam
2612 4575 2756 4648 ipsis
2813 4575 3070 4632 motibus
3123 4575 3422 4648 agebant:
3473 4569 3774 4630 sicut_locu-

394 4667 743 4740 publicamus
769 4667 975 4738 (Matth.
1008 4685 1063 4732 χ,
1095 4667 1170 4736 3).

477 4779 496 4806 ιι
551 4757 616 4811 Et
664 4756 814 4812 scies
861 4756 1014 4827 quod
1082 4772 1283 4828 pacem
1344 4755 1556 4811 habeat
1601 4755 2045 4811 tabernaculum

401 4843 630 4901 tuum.»
652 4846 736 4901 Ab
767 4846 898 4901 istis
929 4843 1206 4899 omnibus
1239 4844 1456 4915 quibus
1487 4844 1646 4900 velut
1676 4845 1747 4899 ab
1778 4844 2048 4900 hostibus

403 4941 775 5006 expugnatur
796 4931 1262 5001 tabernaculum,
1307 4933 1394 4989 vel
1452 4933 1732 4991 habitatio
1781 4933 1899 4990 sive
1947 4935 2044 4990 do-

402 5039 535 5079 mus
564 5023 825 5095 corporis
859 5022 965 5078 tui.

476 5135 503 5163 «
541 5115 608 5168 Et
637 5112 883 5168 visitans
915 5113 1168 5185 speciem
1193 5116 1354 5167 tuam
1388 5129 1501 5168 non
1546 5113 1835 5184 peccabis.
1872 5137 1892 5163 ι»
1930 5117 2049 5168 Hoc

403 5201 544 5259 dicit
597 5203 641 5272 εξ
665 5200 929 5259 Hominis
978 5201 1064 5256 tui
1123 5201 1398 5274 speciem,
1467 5219 1500 5258 ο
1555 5201 1686 5269 Job,
1741 5206 1804 5257 ut
1850 5201 2050 5256 divina

395 5291 739 5349 ‘visitatione
769 5291 1008 5365 dignam
1041 5290 1315 5346 exhibeas
1345 5295 1516 5365 peto:
1552 5308 1616 5346 ac
1646 5289 2048 5362 habitationis,

401 5388 459 5438 et
506 5382 828 5438 habitantis
876 5381 1112 5438 nomine
1162 5386 1350 5438 totum
1397 5383 1692 5454 integrum
1748 5379 2046 5437 hominem

401 5471 672 5546 signavit.

471 5585 499 5612 α
533 5563 601 5618 Et
631 5563 778 5618 scies
809 5560 1088 5631 quoniam
1122 5559 1430 5632 multiplex
1474 5561 1583 5615 erit
1642 5575 1842 5614 semen
1874 5563 2041 5612 tuum

395 5657 456 5711 et
487 5651 794 5728 progenies
825 5656 928 5710 tua
958 5651 1127 5724 quasi
1159 5650 1342 5707 herba
1369 5654 1558 5707 terrae.
1594 5672 1622 5700 n
1652 5647 2049 5723 Spiritualiter

2162 4673 2286 4735 stze,
2321 4683 2536 4722 muscas
2569 4671 2626 4720 et
2650 4682 2803 4720 ranas
2835 4665 2894 4719 in
2929 4669 3176 4737 IEgypto
3233 4665 3426 4736 (Exod.
3458 4680 3513 4719 x.
3548 4663 3638 4725 l3;
3667 4668 3772 4716 vm,

2159 4757 2250 4824 24,
2281 4757 2359 4828 6).
2386 4754 2546 4819 Quod
2609 4757 2802 4808 autem
2861 4752 3052 4808 dixit:
3120 4753 3373 4808 Terrorcs
3429 4749 3640 4808 Domini
3684 4743 3774 4797 mi-

2161 4847 2326 4901 litant
2375 4847 2567 4900 contra
2614 4858 2722 4907 me,
2775 4845 2966 4912 potest
3012 4840 3138 4913 ipse
3178 4840 3451 4897 diabolus
3495 4854 3624 4896 cum
3668 4830 3774 4888 suis

2161 4933 2412 5006 intelligi
2441 4950 2453 4989 :
2487 4930 2587 5004 qui
2619 4929 2900 4986 adhibitis
2945 4929 3260 4995 cruciatus,
3311 4933 3376 4984 ut
3404 4927 3637 4984 caederet
3659 4920 3770 4981 Job.

2159 5029 2217 5078 et
2248 5027 2313 5078 ut
2342 5019 2736 5078 innocentiam
2759 5018 3256 5092 sanctitatemque
3300 5017 3606 5079 amitteret,
3632 5014 3769 5067 insu-

2159 5128 2262 5184 per
2289 5111 2613 5166 terroribus
2643 5109 2977 5164 minabatur
3011 5132 3026 5175 ;
3059 5109 3216 5179 quod
3245 5107 3423 5163 etiam
3473 5101 3631 5159 multi
3658 5112 3762 5171 per-

2161 5204 2480 5270 secutores,
2513 5198 2767 5255 ministri
2801 5195 3040 5265 diaboli,
3076 5197 3300 5253 sanctis
3335 5192 3676 5266 martyribus
3701 5185 3768 5240 fa-

2159 5305 2286 5347 cere
2316 5289 2653 5346 voluerunt.
2697 5287 3032 5345 Obsederunt
3085 5288 3146 5342 in
3201 5301 3336 5360 gyro
3388 5276 3769 5339 tabernaculum

2155 5396 2342 5436 meum
2370 5380 2505 5450 (Job.
2539 5395 2654 5448 xxx,
2690 5378 2800 5449 12).
2853 5377 2993 5433 Ecce
3036 5375 3130 5432 hic
3179 5375 3485 5433 manifeste
3523 5363 3766 5426 ostendit.

2158 5470 2313 5541 quod
2345 5467 2504 5524 velut
2534 5466 2730 5523 hostes
2761 5465 3104 5538 inimicique
3136 5463 3437 5529 diaboli,et
3464 5458 3551 5516 sui
3579 5453 3761 5541 acriter

2157 5539 2480 5613 militarent
2513 5574 2524 5612 :
2561 5555 2618 5610 hi
2651 5555 2804 5611 enim
2831 5555 3072 5627 maligni
3099 5539 3757 5628 spiritus,diversomodo

2157 5648 2455 5721 accipiunt
2484 5648 2830 5718 potestatem
2866 5659 2878 5699 :
2910 5645 2983 5701 ad
3010 5642 3258 5702 aliorum
3291 5639 3523 5718 quidem
3544 5636 3755 5692 damna-
