4066 6190
335 349 456 419 889

1485 367 2000 431 COMMENTAR.
2049 367 2123 431 IN
2169 370 2306 434 JOB
2353 373 2526 435 CAP.
2573 373 2675 436 Vl.

3625 378 3747 442 670

335 487 582 560 tionem,
613 489 866 551 aliorum
895 510 1028 552 vero
1058 499 1544 572 emendationem,
1597 503 1846 560 aliorum
1879 521 1984 559 au-
2014 504 2067 570 Α
2099 506 2400 574 fortitudo,
2459 507 2617 564 velut
2673 507 2958 582 lapidum,
3022 514 3088 566 ut
3149 509 3377 570 dolore
3435 529 3550 570 non
3607 530 3741 570 senc

335 584 454 636 tem
488 583 892 652 probationem
921 605 933 642 :
967 587 1067 660 qui
1111 589 1180 644 de
1228 590 1350 647 suis
1382 592 1645 648 moribus
1693 593 1778 649 vel
1813 595 1984 650 mini-

337 671 536 736 sterio,
571 672 733 743 mali,
767 675 892 731 sive
922 681 1187 745 terrores,
1221 679 1308 735 vel
1340 682 1514 737 etiam
1544 681 1798 738 latrones
1833 701 1985 739 nun-

337 753 651 832 cupantur.
684 764 893 820 Omnia
925 767 1084 822 dedit
1115 768 1174 823 in
1222 771 1498 826 manibus
1527 788 1749 844 eorum,
1785 773 1840 827 id
1873 779 1983 842 est,

336 850 680 923 praedonum
713 854 833 920 (Job
874 871 912 922 ι,
965 857 1074 928 12).
1109 858 1319 915 Omnia
1367 861 1566 934 utique
1597 878 1724 934 quas
1757 862 1982 927 habuit,

335 939 458 997 sive
489 939 644 997 filios
686 959 868 1010 meos,
919 943 1036 1001 sive
1086 948 1518 1006 substantiam:
1570 951 1722 1007 sicut
1767 956 1824 1008 et
1865 969 1982 1008 me-

333 1028 532 1102 ipsum
567 1031 726 1087 dedit
755 1033 905 1088 Deus
935 1033 993 1088 in
1027 1036 1299 1093 manibus
1329 1037 1565 1104 diaboli,
1593 1040 1711 1096 sive
1741 1058 1982 1098 suorum

335 1117 675 1177 satellitum.

407 1233 436 1259 «
468 1210 765 1282 Numquid
791 1212 977 1284 rugiet
1010 1231 1227 1288 onager
1248 1233 1381 1273 cum
1405 1218 1676 1275 habuerit
1699 1219 1938 1274 herbam
1965 1237 1977 1274 :

339 1304 441 1355 aut
463 1300 687 1373 mugiet
711 1301 814 1356 bos
839 1319 969 1357 cum
995 1309 1128 1360 ante
1149 1322 1405 1380 praesepe
1427 1307 1665 1378 plenum
1715 1309 1984 1364 steterit?

333 1389 498 1446 Sicut
527 1389 680 1445 enim
714 1390 814 1445 illa
844 1409 977 1447 cum
1009 1392 1098 1448 vel
1131 1395 1432 1452 abundant
1471 1397 1722 1470 pabulis,
1756 1397 1979 1453 nullam

333 1480 508 1552 quasi
539 1479 906 1551 querelarum
957 1499 1153 1539 vocem
1187 1486 1480 1553 emittunt,
1533 1492 1597 1542 ut
1627 1487 1980 1558 pabuli‘ino-

333 1573 499 1644 piam
532 1573 960 1641 protestantur;
1013 1573 1191 1628 simili
1248 1575 1437 1641 modo,
1462 1573 1756 1646 inquiens,
1791 1579 1847 1629 et
1876 1592 1981 1647 ego

337 1660 389 1716 si
423 1676 619 1732 pacem
650 1666 706 1716 et
735 1662 990 1733 quietem
1022 1661 1215 1734 potius
1246 1679 1422 1735 quam
1456 1663 1671 1718 bellum
1705 1663 1978 1719 haberem

331 1748 395 1804 in
429 1749 729 1816 membris,
761 1755 818 1806 et
865 1751 923 1806 in
958 1750 1153 1807 anima
1195 1768 1344 1823 mea,
1388 1752 1615 1808 nullum
1649 1769 1978 1809 sermonem

331 1854 600 1894 amarum
627 1856 970 1911 asperumve
1002 1840 1339 1911 proferrem.

407 1950 435 1978 ‹‹
464 1933 582 1982 Aut
631 1929 841 2000 poterit
887 1929 1110 1984 comedi
1157 1929 1473 1996 insulsum,
1525 1931 1675 2001 quod
1733 1947 1845 1984 non
1892 1934 1981 1985 est

328 2017 453 2073 sale
483 2018 806 2073 conditum.
839 2040 868 2068 n
902 2018 1202 2082 Quomodo
1250 2018 1396 2073 ratio
1428 2035 1540 2073 non
1575 2018 1714 2073 sinit
1743 2022 1977 2072 natura-

325 2106 422 2177 lis,
457 2113 521 2162 ut
541 2107 866 2178 quidquam
894 2107 1186 2164 insulsum
1237 2107 1461 2162 comedi
1507 2107 1728 2180 possit:
1762 2107 1843 2162 ita
1873 2123 1977 2180 ego

327 2195 478 2252 nihil
511 2195 828 2264 insulsum,
878 2196 1024 2252 nihil
1065 2196 1316 2252 stultum
1366 2201 1568 2252 contra
1599 2201 1798 2258 Deum.
1833 2195 1976 2252 nihil

329 2286 486 2359 quod
547 2303 696 2356 non,
732 2287 863 2342 fidei
923 2285 1042 2342 sale
1114 2287 1416 2343 conditum
1485 2290 1659 2354 esset,
1705 2290 1978 2358 Operatus

327 2391 485 2431 sum.

377 2487 432 2514 ί‹‹
465 2467 577 2521 Aut
607 2469 798 2537 potest
818 2465 1032 2538 aliquis
1063 2470 1320 2538 gustare,
1373 2466 1524 2538 quod
1556 2468 1856 2538 gustatum
1890 2466 2001 2543 af-_

329 2555 444 2610 fert
474 2555 768 2610 mortem?
794 2555 1014 2611 Anima:
1053 2555 1209 2611 enim
1256 2556 1532 2611 esurienti
1571 2555 1744 2611 etiam
1777 2572 1976 2611 amara

328 2643 527 2698 dulcia
582 2660 710 2700 esse
759 2645 1048 2701 videntur.
1085 2668 1112 2696 »
1171 2646 1335 2701 Sicut
1382 2645 1537 2701 enim
1597 2661 1768 2700 nemo
1821 2661 1973 2700 mor-

325 2731 564 2789 tiferum
615 2734 847 2807 aliquod
899 2735 1171 2803 comedit,
1232 2740 1297 2790 ut
1347 2734 1472 2790 vitae
1521 2751 1640 2790 suis
1698 2734 1976 2790 inimicus

326 2823 442 2879 sit:
477 2823 560 2878 ita
581 2839 685 2896 ego
720 2828 1021 2894 peccatum
1053 2825 1389 2897 contingere
1421 2825 1922 2896 pertimescebam.

399 2936 425 2961 ‹‹
460 2914 594 2978 Quae
625 2913 786 2984 prius
827 2913 1062 2969 nolebat
1109 2919 1342 2986 tangere
1391 2913 1589 2968 anima
1618 2929 1782 2968 mea:
1820 2928 1974 2966 nunc

323 3017 443 3073 prae
475 3003 746 3074 angustia
775 3002 886 3057 cibi
921 3002 1033 3058 mei
1067 3007 1224 3058 sunt.
1258 3025 1286 3050 ››
1310 3002 1427 3058 Ηοο
1457 3008 1564 3071 est,
1599 3002 1788 3057 verbis
1818 3018 1974 3056 nunc

322 3095 528 3163 pastor
559 3090 801 3162 asperis,
854 3096 910 3146 et
956 3093 1192 3159 amaris,
1245 3109 1372 3164 quae
1420 3091 1562 3146 mihi
1608 3091 1974 3146 immensitas

322 3178 576 3252 penalis
629 3185 949 3252 extorquet.
1004 3181 1130 3236 Haec
1177 3181 1330 3235 enim
1385 3180 1663 3234 timebam
1710 3197 1836 3235 meo
1875 3197 1972 3235 ore

325 3248 690 3341 depromere,
743 3248 977 3341 quando
1024 3271 1082 3325 in
1131 3271 1440 3327 sanctitate
1490 3274 1547 3325 et
1574 3268 1806 3340 justitia
1837 3286 1967 3324 cum
2003 3248 2046 3316 (ἶ

329 3372 474 3430 pace
504 3358 698 3429 quiete
746 3359 1026 3415 vivebam.
1077 3360 1185 3415 Sed
1241 3363 1298 3414 et
1346 3359 1812 3432 praetereundum
1860 3377 1973 3414 non

325 3449 438 3515 est,
472 3447 607 3517 quia
638 3447 746 3503 hoc
777 3465 1011 3520 quoque
1061 3449 1212 3504 inter
1257 3453 1493 3504 caeteras
1535 3467 1734 3522 pinnas
1765 3467 1974 3521 passus

323 3535 405 3590 sit
431 3534 562 3607 Job,
614 3541 678 3591 ut
727 3537 901 3592 etiam
950 3537 1062 3592 cibi
1114 3537 1163 3592 ei
1217 3537 1374 3593 fetidi
1419 3539 1786 3594 viderentur:
1825 3539 1975 3595 sicut

321 3629 416 3681 est
466 3625 608 3680 odor
652 3624 858 3691 leonis,
909 3625 1104 3684 feralis
1151 3627 1372 3699 utique,
1405 3633 1461 3682 et.
1505 3627 1751 3683 nimium
1785 3629 1970 3683 horri-

316 3713 475 3768 dus:
509 3715 608 3786 qui
659 3716 802 3771 odor
856 3732 990 3771 cum
1048 3717 1119 3772 de
1172 3717 1300 3789 ejus
1350 3717 1674 3774 visceribus
1704 3735 1970 3790 erumpe-

316 3804 429 3869 ret,
463 3818 604 3858 esca:
636 3821 753 3859 suae
804 3809 862 3860 et
903 3804 961 3860 id
1011 3805 1336 3878 sapiebant,
1386 3807 1541 3878 quod
1580 3823 1822 3862 suarum
1855 3806 1971 3878 spi-

319 3891 767 3948 rabantinterna
825 3893 1095 3949 febrium.
1155 3895 1314 3959 Quod
1371 3894 1494 3964 ipse
1563 3896 1820 3950 ostendit
1873 3895 1972 3950 ubi

315 3979 498 4036 dicit:
559 3983 820 4037 inferiora
866 3999 989 4038 mea
1043 3982 1415 4058 επεν-ὀμεῖτιηί
1470 3984 1671 4055 absque
1717 3985 1834 4040 ulla
1889 4002 1972 4041 re-

315 4069 447 4140 quia
476 4069 590 4140 (Job
647 4087 774 4138 xxx,
828 4072 959 4144 2'7):
1022 4073 1078 4127 id
1134 4077 1242 4140 est,
1275 4072 1398 4144 jam
1461 4073 1696 4128 decocta
1754 4079 1894 4129 sunt
1919 4079 1976 4129 et

315 4158 663 4230 putrefacta.

394 4269 424 4294 ιι
457 4246 596 4311 Quis
627 4248 724 4303 det
755 4253 817 4303 ut
847 4249 1042 4305 veniat
1070 4249 1270 4321 petitio
1327 4266 1476 4320 mea,
1507 4255 1564 4305 et
1595 4253 1751 4323 quod
1780 4267 1976 4324 exspe-

320 4339 443 4405 cto,
477 4336 696 4392 tribuat
728 4339 868 4394 mihi
904 4343 1054 4395 Deus
1075 4339 1104 4392 ?
1137 4361 1164 4388 »
1196 4343 1325 4394 Haec
1351 4340 1495 4395 mihi
1529 4341 1606 4396 sit
1634 4341 1974 4409 consolatio,

316 4430 389 4480 ut
421 4425 597 4481 finem
629 4445 830 4499 pinnae,
861 4426 950 4483 vel
992 4428 1355 4483 cruciatuum
1402 4445 1686 4497 meorum,
1723 4431 1980 4486 remedia

320 4514 534 4569 mortis
563 4516 881 4572 obtineam.

2009 1879 2056 1943 B

2095 595 2258 650 tiam.

2165 707 2194 734 ‹‹
2223 686 2365 742 Ecce
2395 704 2508 742 non
2559 692 2647 743 est
2694 687 2974 744 auxilium
3028 688 3172 744 mihi
3204 690 3262 744 in
3313 707 3424 759 me,
3456 696 3512 747 et
3541 708 3740 749 neces-

2093 775 2232 830 sarii
2288 793 2521 849 quoque
2580 778 2692 833 mei
2753 783 3118 835 recesserunt
3153 797 3185 834 a
3242 796 3355 835 me.
3406 804 3432 830 »
3497 781 3640 837 Tam
3671 799 3738 837 ex

2094 881 2219 931 sua,
2280 882 2456 937 quam
2514 883 2584 922 ex
2659 883 2906 939 persona
2982 867 3218 934 Christi,
3295 869 3576 941 propheta
3631 870 3740 927 hoc

2096 953 2256 1009 dicit.

2172 1066 2199 1093 «
2256 1044 2362 1109 Qui
2416 1043 2566 1101 tollit
2641 1046 2713 1101 ab
2787 1047 3026 1103 inimico
3096 1064 3202 1103 suo
3256 1047 3740 1116 misericordiam,

2090 1133 2361 1189 timorem
2394 1134 2626 1189 Domini
2677 1134 3046 1207 derelinquit.
3092 1137 3321 1192 Fratres
3364 1137 3472 1192 mei
3504 1143 3736 1210 praster-

2091 1222 2284 1277 ierunt
2323 1239 2452 1279 me:
2515 1223 2668 1280 sicut
2721 1229 2951 1281 torrens
3007 1227 3106 1298 qui
3165 1226 3378 1298 raptim
3433 1227 3646 1282 transit
3678 1227 3737 1281 in

2090 1311 2470 1368 convallibus.
2507 1337 2533 1363 »
2569 1313 2959 1370 Misericordia
2996 1319 3102 1386 est,
3136 1316 3206 1370 ad
3241 1315 3509 1372 miserias
3535 1332 3736 1372 eorum

2090 1401 2190 1472 qui
2232 1401 2610 1470 tribulantur,
2661 1405 3069 1476 compatiendo
3124 1421 3366 1460 maerore
3416 1391 3607 1460 cordis
3640 1406 3739 1460 de-

2090 1489 2264 1558 ﬂecti,
2297 1490 2447 1546 hanc
2476 1509 2579 1547 vos
2609 1493 2748 1546 dum
2793 1493 2981 1548 amico
3013 1510 3126 1548 non
3178 1494 3538 1566 impenditis,
3571 1494 3740 1551 timo-

2089 1596 2209 1635 rem
2249 1581 2472 1636 Domini
2504 1581 2929 1652 derelinquitis.

2160 1692 2188 1716 «
2222 1670 2328 1734 Qui
2386 1669 2595 1725 timent
2649 1670 2942 1742 pruinam,
3005 1671 3185 1726 irruet
3238 1688 3414 1744 super
3465 1688 3564 1727 eos
3618 1673 3734 1726 nix.

2086 1761 2368 1829 Tempore
2399 1775 2515 1830 quo
2562 1759 2778 1814 fuerint
2806 1759 3102 1833 dissipati,
3153 1760 3449 1832 peribunt.
3484 1783 3511 1810 ››
3543 1759 3733 1816 Time-

2087 1847 2219 1901 bam
2283 1852 2520 1918 peccata
2569 1848 2744 1902 etiam
2800 1847 3047 1903 minima
3102 1853 3454 1921 perpetrare,
3513 1866 3585 1904 ne
3635 1865 3736 1921 pro

2089 1935 2172 1990 eis
2231 1936 2328 1990 Dei
2386 1936 2444 1990 in
2526 1952 2618 1990 me
2678 1936 2820 1991 ultio
2891 1937 3224 1993 desaeviret:
3287 1942 3341 1992 et
3399 1953 3527 1993 ecce
3582 1955 3738 1992 nunc

2088 2023 2170 2078 ita
2225 2025 2457 2095 punior,
2516 2029 2797 2096 tanquam
2877 2025 3094 2081 scelera
3152 2026 3436 2080 immania
3491 2027 3735 2080 commi-

2087 2111 2286 2168 serim.

2161 2225 2188 2251 «
2223 2204 2289 2258 Et
2319 2207 2385 2258 ut
2415 2202 2785 2274 incaluerint,
2817 2204 3118 2260 solventur
3147 2205 3217 2259 de
3251 2203 3374 2260 loco
3406 2220 3532 2259 suo.
3566 2226 3592 2253 ››
3627 2202 3731 2259 Ubi

2088 2292 2306 2348 fervere
2337 2297 2588 2365 coeperat
2634 2309 2846 2348 nomen
2898 2294 3025 2364 ejus
3056 2294 3112 2349 in
3165 2293 3416 2365 populis,
3447 2292 3507 2348 in
3539 2292 3733 2366 glorias

2087 2398 2205 2436 suae
2257 2381 2382 2438 loco
2441 2399 2555 2437 non
2606 2383 2956 2455 comparuit,
3005 2381 3164 2438 velut
3214 2383 3313 2437 nix
3369 2399 3502 2437 cum
3545 2382 3734 2438 calore

2085 2469 2442 2526 dissolvitur.

2165 2582 2184 2608 α
2220 2561 2495 2616 Involutaa
2527 2566 2665 2616 sunt
2709 2562 2928 2617 semitae
2975 2577 3285 2633 gressuum
3329 2577 3569 2616 eorum:
3605 2577 3734 2616 am-

2085 2649 2375 2705 bulabunt
2404 2651 2461 2706 in
2494 2667 2766 2720 vacuum,
2801 2656 2858 2706 et
2886 2651 3181 2722 peribunt.
3214 2672 3240 2699 »
3275 2649 3529 2706 Semitas
3557 2649 3735 2704 virtu-

2084 2743 2172 2794 tes
2206 2739 2385 2794 animi
2417 2739 2584 2804 dixit,
2634 2740 2690 2794 in
2744 2739 2960 2826 quibus
2990 2745 3056 2793 ut
3104 2740 3218 2794 Deo
3265 2737 3536 2810 placeret,
3573 2738 3733 2793 omni

2085 2829 2280 2884 studio
2297 2829 2674 2901 gradiebatur
2699 2844 2712 2884 :
2736 2827 2843 2882 has
2866 2828 3106 2883 semitas
3157 2827 3462 2898 malisque
3483 2827 3735 2898 patieba-

2083 2921 2182 2972 tur
2221 2917 2530 2973 ‘involutas
2585 2921 2760 2988 atque
2819 2916 3136 2988 implicitas
3193 2931 3321 2971 esse
3378 2915 3536 2981 dicit,
3590 2915 3728 2970 dum

2084 3005 2252 3061 bonis
2351 3006 2479 3060 vitae
2565 3023 2704 3072 suae,
2785 3004 3209 3077 suppliciorum
3267 3003 3734 3060 admiscerentur

2084 3095 2255 3151 mala.

2159 3183 2589 3241 «Considerate
2634 3183 2874 3238 semitas
2928 3181 3230 3238 Theman:
3281 3181 3492 3238 itinera
3519 3181 3728 3251 Sabba,

2085 3277 2142 3328 et
2189 3278 2484 3345 expectate
2539 3272 2854 3344 paulisper.
2913 3261 3148 3327 Confusi
3199 3277 3358 3336 sunt,
3419 3271 3556 3344 quia
3601 3287 3729 3344 spe-

2085 3361 2222 3418 ravi.
2275 3361 2574 3417 Venerunt
2617 3379 2850 3434 quoque
2897 3378 3084 3434 usque
3131 3361 3202 3416 ad
3254 3377 3364 3426 me,
3417 3366 3474 3415 et
3513 3360 3732 3432 pudore

2084 3451 2338 3524 cooperti
2397 3456 2616 3506 sunt.»
2674 3451 2734 3506 Id
2767 3455 2875 3516 est,
2938 3449 3245 3505 intuemini
3305 3450 3376 3505 ad
3435 3448 3555 3504 haec
3609 3447 3734 3504 loca

2084 3558 2212 3613 qua:
2265 3540 2404 3605 dixi,
2455 3543 2511 3594 et
2560 3539 2686 3611 ipso
2737 3537 2967 3595 silentio
3020 3537 3383 3610 cognoscetis
3433 3555 3566 3593 vera
3609 3553 3734 3592 esse

2084 3647 2211 3702 quae
2244 3629 2381 3684 dixi.
2415 3628 2704 3700 Respicite
2734 3629 2804 3684 ad
2836 3627 2958 3683 vias
2989 3628 3348 3683 diversorum
3382 3642 3731 3699 regnorum:

2083 3737 2186 3792 per
2215 3735 2362 3790 quas
2393 3719 2462 3773 ad
2499 3735 2590 3774 me
2619 3718 2883 3772 omnium
2916 3717 3180 3791 gentium
3225 3715 3560 3788 frequentiae
3596 3732 3733 3770 con-

2084 3808 2363 3870 ﬂuebant,
2397 3811 2452 3862 et
2499 3805 2769 3862 videbitis
2821 3823 2918 3862 eas
2968 3806 3224 3874 raritate,
3268 3805 3386 3861 imo
3418 3803 3735 3860 solitudine

2083 3896 2390 3952 hominum
2421 3895 2733 3951 desolatas.

2157 4009 2183 4034 «
2222 3986 2386 4043 Nunc
2417 3985 2646 4048 venitis,
2681 3989 2737 4039 et
2783 3984 2954 4039 modo
2983 3983 3246 4038 videntes
3279 3981 3510 4054 plagam
3543 3997 3735 4036 meam

2083 4073 2328 4130 timetis.
2378 4073 2677 4146 Numquid
2728 4073 2884 4127 dixi:
2937 4071 3151 4126 Ati'erte
3195 4070 3362 4140 mihi,
3409 4074 3466 4124 et
3495 4071 3566 4124 de
3597 4069 3734 4125 sub-

2085 4163 2303 4219 stantia
2352 4167 2542 4217 vestra
2589 4162 2798 4216 donate
2856 4159 3022 4223 mihi,
3085 4157 3168 4213 vel
3232 4157 3471 4213 liberate
3521 4173 3614 4212 me
3667 4157 3738 4212 de

2086 4267 2264 4306 manu
2300 4251 2508 4317 hostis,
2540 4255 2597 4304 et
2626 4251 2696 4304 de
2741 4265 2917 4303 manu
2969 4248 3340 4303 robustorum
3375 4247 3560 4302 eruite
3593 4263 3685 4302 me
3710 4247 3738 4300 ‘I

2087 4341 2297 4396 Docete
2325 4355 2438 4404 me,
2471 4344 2527 4393 et
2573 4354 2678 4410 ego
2727 4337 2950 4403 tacebo,
3004 4342 3059 4392 et
3107 4335 3157 4390 si
3203 4336 3340 4409 quid
3395 4337 3538 4392 forte
3574 4335 3736 4410 igno-

2088 4429 2233 4494 ravi,
2264 4429 2534 4484 instruite
2585 4444 2696 4482 me.
2750 4427 2937 4490 Quare
2985 4425 3319 4482 detraxistis
3366 4426 3740 4482 sermonibus

2086 4516 2366 4584 veritatis,
2399 4533 2531 4571 cum
2563 4532 2592 4572 e
2622 4516 2786 4571 vobis
2815 4513 3014 4570 nullus
3047 4515 3122 4570 sit
3152 4515 3248 4587 qui
3282 4518 3469 4587 possit
3498 4531 3740 4588 arguere

391 4626 418 4653 «
454 4604 524 4658 Et
553 4604 652 4677 qui
685 4605 878 4678 ccepit,
912 4606 1035 4678 ipse
1060 4622 1150 4661 me
1181 4610 1462 4663 conterat.
1492 4608 1685 4662 Solvat
1715 4625 1978 4666 mamum
2010 4617 2058 4682 Ι)
2091 4623 2184 4662 me
2205 4606 2232 4660 ?
2265 4607 2349 4661 Ad
2384 4605 2809 4677 increpandum
2835 4610 3066 4660 tantum
3096 4604 3328 4676 eloquia
3352 4603 3737 4667 concinnatis,

318 4707 492 4746 suam
525 4696 584 4747 et
616 4693 882 4748 succidat
931 4709 1063 4759 me;
1115 4698 1173 4749 et
1202 4692 1322 4748 haec
1346 4694 1490 4748 mihi
1537 4695 1613 4750 sit
1640 4695 1980 4766 consolatio,

323 4784 390 4835 ut
419 4780 688 4854 afﬂigens
721 4799 812 4837 me
856 4781 1074 4848 dolore,
1110 4800 1224 4838 non
1278 4786 1516 4854 parcat:
1551 4798 1655 4838 nec
1688 4785 1981 4840 contradi-

315 4886 448 4926 cam
480 4873 852 4928 sermonibus
891 4873 1158 4930 sanctis?
1206 4873 1340 4935 Quae
1375 4877 1464 4928 est
1507 4873 1664 4928 enim
1697 4874 1976 4930 fortitudo

314 4975 451 5016 mea
479 4964 544 5015 ut
600 4963 962 5018 sustineam:
1027 4969 1126 5016 aut
1180 4961 1314 5033 quis
1374 4961 1508 5017 finis
1558 4979 1724 5018 meus
1781 4967 1846 5018 ut
1877 4981 1976 5036 pa-

312 5048 530 5105 tienter
559 5066 728 5123 agam
750 5052 779 5106 ?
812 5072 840 5100 »
868 5051 1029 5106 Hanc
1075 5049 1257 5122 igitur
1285 5056 1532 5106 mortem
1585 5051 1856 5124 potestati
1889 5053 1977 5107 di-

306 5136 460 5192 vinas
490 5138 602 5194 Job
634 5139 779 5195 solvi
809 5144 1070 5212 exoptat,
1103 5143 1168 5194 ut
1197 5139 1271 5194 ab
1311 5155 1378 5194 ea
1409 5139 1685 5196 decidens
1717 5141 1887 5197 cadat
1919 5141 1976 5196 in

309 5224 466 5282 hanc
520 5228 940 5301 temporariam
990 5233 1262 5295 mortem,
1315 5233 1609 5300 quatenus
1664 5235 1977 5302 praesentes

310 5331 517 5388 pmnas
539 5318 727 5390 possit
749 5319 992 5376 evadere
1016 5335 1029 5373 :
1069 5334 1201 5373 cum
1235 5317 1394 5372 velut
1424 5319 1596 5374 arbor
1623 5319 1694 5374 de
1722 5319 1831 5375 hac
1862 5320 1982 5376 vita

311 5407 586 5463 succisus
621 5408 817 5465 fuerit.

387 5517 418 5543 ‹‹
451 5494 565 5551 Nec
624 5497 904 5554 fortitudo
956 5495 1242 5568 lapidum,
1307 5495 1584 5552 fortitudo
1643 5513 1812 5552 mea:
1875 5512 1980 5552 nec

315 5598 454 5638 caro
487 5599 615 5640 mea
641 5604 803 5644 aenea
831 5590 937 5641 est.
977 5606 998 5634 ι
1040 5587 1179 5639 Caro
1231 5599 1362 5639 mea
1393 5585 1787 5656 corrumpitur
1817 5586 1980 5641 sanie

315 5688 386 5726 ac
417 5675 726 5744 putredine
778 5675 1085 5733 vulnerum
1114 5690 1125 5727 :
1173 5673 1311 5745 quia
1345 5690 1459 5730 non
1511 5678 1599 5730 est
1628 5673 1686 5728 in
1720 5690 1814 5730 me
1843 5673 1980 5732 talis

2094 4701 2149 4752 et
2178 4695 2237 4750 in
2270 4701 2508 4751 ventum
2549 4695 2723 4751 verba
2754 4694 3045 4767 profertis.
3101 4717 3128 4742 ››
3157 4693 3275 4748 Hoc
3305 4693 3464 4760 dicit,
3498 4692 3652 4764 quod
3684 4694 3740 4746 et

2093 4784 2204 4857 ipsi
2238 4784 2409 4840 amici
2443 4785 2556 4855 sui,
2591 4783 2854 4856 exemplo
2884 4785 3031 4854 ejus,
3075 4784 3307 4837 ruinam
3341 4781 3450 4836 sibi
3485 4779 3738 4836 similem

2093 4873 2494 4930 formidarent.
2556 4874 2759 4930 Nonne
2819 4873 3029 4946 quievi,
3092 4888 3282 4927 nonne
3351 4869 3739 4938 dissimulavi,

2091 4962 2430 5036 patientiam
2511 4962 2781 5019 videlicet
2853 4967 2954 5017 aut
3017 4961 3333 5016 vindictam
3404 4958 3742 5016 malorum?

2088 5053 2291 5108 Nonne
2322 5053 2477 5118 silui,
2525 5051 2760 5108 silentio
2810 5051 3090 5106 cohibens
3137 5049 3400 5122 linguam
3433 5065 3647 5116 meam,
3679 5052 3745 5103 ut

2090 5158 2203 5198 non
2238 5141 2650 5210 responderem
2702 5138 3189 5213 exprobrantibus
3240 5137 3384 5193 mihi
3429 5136 3620 5192 mala:
3654 5135 3741 5192 vel

2091 5247 2163 5285 ne
2194 5229 2251 5283 in
2301 5232 2422 5284 toto
2471 5227 2611 5283 mihi
2666 5228 3068 5283 nominaretur
3113 5225 3414 5298 iniquitas.
3466 5225 3568 5282 His
3605 5240 3742 5298 ergo

2089 5317 2353 5372 veritatis
2400 5316 2772 5372 sermonibus
2816 5317 3173 5382 detraxistis,
3223 5316 3456 5388 quando
3501 5314 3739 5386 quidem

2091 5421 2185 5461 me
2218 5405 2277 5461 in
2309 5404 2402 5460 his
2451 5423 2566 5461 non
2628 5405 2819 5460 solum
2872 5405 3159 5474 fallacem,
3218 5421 3418 5461 verum
3475 5403 3650 5460 etiam
3681 5403 3741 5458 in

2091 5493 2221 5550 aliis
2279 5496 2454 5550 rebus
2505 5495 2888 5550 criminosum
2929 5494 3250 5566 judicatis:
3302 5510 3435 5549 cum
3483 5497 3740 5549 vestrum

2091 5583 2292 5640 nullus
2342 5584 2422 5639 ita
2479 5585 2738 5640 mundus
2796 5584 2928 5639 sita
2984 5589 3240 5656 peccato,
3289 5588 3353 5639 ut
3383 5597 3739 5655 quemquam

2093 5679 2291 5746 posset
2321 5673 2504 5730 libera
2531 5673 2885 5730 conscientia
2916 5673 3234 5746 increpare.
