4066 6190
332 363 456 430 6τό

418 615 446 642 ‹‹
480 588 864 661 Respondeas
895 591 1086 642 autem
1128 585 1344 641 Baldad
1392 585 1606 653 Suites,
1640 584 1786 640 dixit
1816 601 1829 640 :
1883 583 1990 639 Us-

345 696 580 755 quequo
632 677 891 748 loqueris
937 675 1098 739 talia,
1130 679 1188 730 et
1235 674 1479 747 spiritus
1529 673 1835 745 multiplex
1865 689 1990 727 ser-

344 769 536 827 monis
585 767 701 823 oris
751 765 884 820 tui?
916 787 943 814 ››
991 764 1261 819 Offensus
1313 768 1402 819 est
1433 762 1647 818 Baldad
1678 762 1735 817 in
1770 778 1989 816 sermo-

1418 351 1931 426 COMMENTAR.
1978 361 2056 423 1N
2101 346 2238 423 Joa
2281 359 2454 421 CAP.
2504 347 2665 422 vm.

957 496 1182 553 CAPUT
1219 495 1366 551 VIII.
1933 467 1937 480 ’
2015 499 2070 564 Α

3625 363 3743 428 6¹74

2175 515 2196 541 ι
2231 491 2527 563 Numquid
2555 491 2743 547 vivere
2766 495 2955 563 potest
2979 492 3208 565 scirpus
3229 495 3451 568 absque
3476 496 3741 569 humore,

2098 585 2200 637 aut
2228 596 2484 636 crescere
2527 585 2820 636 carentum
2869 581 2995 636 sine
3045 585 3247 653 aqua?
3281 608 3306 634 ››
3356 586 3473 642 Hoc
3521 593 3609 644 est
3658 589 3743 644 di.
3841 635 3858 648 _

2101 685 2228 725 cere
2261 686 2273 723 :
2329 669 2479 723 sicut
2509 667 2736 740 scirpus
2778 668 2863 723 vel
2897 676 3188 726 carectum
3221 674 3347 729 sine
3378 693 3530 746 aqua
3558 678 3746 734 vivere

2103 776 2215 813 non
2260 763 2492 830 potest:
2544 757 2624 812 ita
2677 763 2740 812 tu
2788 759 2914 813 sine
2973 760 3226 815 fomento
3277 769 3452 834 atque
3505 765 3748 823 humore

345 859 522 914 nibus
572 853 758 912 sancti
813 853 943 909 Job.
997 852 1258 908 Primum
1313 852 1452 922 quia
1496 855 1714 906 temere
1762 849 1993 904 locutus
2097 846 2745 918 justitiaz,nequaquam
2770 849 3183 918 permanerein
3213 849 3458 920 pristina
3481 853 3748 911 felicitate

344 947 554 1003 fuisset
581 944 652 1000 ad
689 942 872 997 Deum
909 957 922 995 :
977 940 1208 1007 deinde,
1254 941 1409 1012 quod
1465 939 1679 994 diceret
1732 939 1886 1010 quod
1932 939 1993 991 in

344 1051 526 1108 regno
581 1032 791 1088 fuisset
847 1029 1074 1084 caeteris
1133 1028 1371 1101 regibus
1429 1027 1878 1101 prepollentior,
1939 1030 1997 1081 et

347 1124 502 1197 quod
529 1122 680 1177 hanc
709 1119 940 1192 plagam
971 1118 1252 1174 innocens
1285 1122 1580 1188 pateretur
1601 1123 1658 1172 et
1679 1122 1842 1172 notat
1862 1132 1996 1171 eum

347 1215 473 1286 ipse
503 1209 744 1278 Baldad,
777 1209 931 1280 quod
964 1206 1130 1278 quasi
1172 1223 1286 1262 non
1332 1206 1513 1262 libera
1563 1211 1757 1262 mente
1801 1211 1857 1260 et
1904 1221 1996 1260 so-

349 1302 479 1358 bria
536 1300 892 1371 loqueretur,
947 1297 1047 1352 sed
1107 1295 1300 1352 nescio
1358 1312 1474 1367 quo
1533 1295 1743 1368 spiritu
1804 1293 1999 1366 potius

351 1394 641 1464 ageretur.

427 1503 454 1529 ‹‹
487 1475 784 1548 Numquid
812 1479 962 1531 Deus
991 1472 1332 1546 supplantat
1357 1473 1668 1545 judicium,
1693 1477 1795 1528 aut
1820 1471 2004 1527 omni-

358 1574 566 1642 potens
616 1564 898 1621 subvertit
944 1563 1100 1635 quod
1143 1564 1375 1634 justum
1417 1563 1615 1618 est?»
1666 1567 1784 1617 Hoc
1837 1561 2001 1631 dicit,

352 1658 499 1731 quia
519 1654 752 1728 justitia
782 1653 879 1708 Dei
909 1652 1129 1724 pateris
1161 1668 1287 1723 quae
1320 1651 1581 1707 mereris.

430 1768 459 1796 ‹‹
490 1742 728 1800 Etiamsi
779 1741 881 1797 filii
925 1741 1010 1796 tui
1045 1744 1428 1813 peccaverunt
1457 1739 1530 1805 ei,
1565 1743 1621 1794 et
1651 1737 1874 1792 dimisit
1903 1752 2002 1790 eos

350 1836 413 1890 in
456 1850 633 1889 manu
683 1830 1012 1903 iniquitatis
1061 1846 1228 1885 sum:
1283 1833 1344 1883 tu
1401 1833 1595 1882 tamen
1645 1827 1693 1882 si
1744 1823 2004 1881 diluculo

350 1922 791 1981 consurrexeris
838 1920 909 1975 ad
960 1919 1167 1985 Deum,
1200 1923 1257 1972 et
1308 1917 1771 1988 omnipotentem
1823 1914 2001 1969 fueris

352 2014 738 2085 deprecatus:
768 2008 817 2064 si
843 2007 1102 2062 mundus
1131 2010 1188 2061 et
1217 2009 1409 2061 rectus
1441 2003 1773 2074 incesseris,
1799 2003 2002 2060 statim

355 2099 658 2174 evigilabit
705 2098 777 2154 ad
825 2101 904 2164 te,
934 2100 992 2152 et
1029 2099 1332 2168 peccatum
1365 2094 1568 2149 reddet
1597 2093 2002 2149 habitaculum

350 2187 596 2262 justitiaa
647 2191 804 2242 tute:
858 2185 1153 2240 intentum
1206 2187 1271 2238 ut
1319 2183 1367 2238 si
1420 2182 1616 2248 priora
1658 2186 1759 2236 tua
1788 2181 2008 2237 fuerint

358 2295 558 2352 parva,
589 2281 646 2332 et
675 2273 993 2331 novissima
1020 2277 1123 2328 tua
1153 2270 1619 2344 multiplicantur
1648 2270 1846 2327 nimis.
1884 2293 1913 2320 »
1944 2269 2003 2326 Si

362 2366 489 2435 ﬁlii,
513 2364 724 2437 inquit,
753 2363 837 2419 tui
868 2361 1146 2418 facientes
1177 2359 1350 2428 mala,
1375 2360 1604 2416 dimissi
1637 2363 1774 2416 sunt
1803 2376 1837 2415 a
1868 2359 2006 2425 Deo,

367 2463 433 2512 ut
463 2459 720 2528 potestas
751 2467 878 2524 qua:
909 2454 1144 2524 propter
1182 2449 1554 2521 iniquitatem
1584 2465 1786 2506 eorum
1819 2448 1877 2503 in
1909 2464 2008 2504 eos

365 2547 502 2602 data
528 2547 636 2614 est,
667 2540 1042 2599 interimendi
1072 2555 1171 2595 eos
1200 2538 1441 2594 haberet
1483 2539 1775 2607 effectum,
1810 2537 1914 2592 tibi
1948 2537 2008 2592 in

366 2633 530 2690 nullo
560 2640 768 2688 necare
797 2629 1009 2703 poterit
1041 2645 1054 2684 :
1107 2627 1157 2684 si
1206 2633 1402 2684 tamen
1433 2627 1560 2700 ipse
1591 2627 1782 2683 adhuc
1807 2629 2012 2698 jacens

364 2723 426 2780 in
457 2720 720 2779 stultitiae
744 2719 1020 2784 caecitate,
1045 2715 1300 2772 diluculo
1330 2716 1390 2771 in
1422 2715 1778 2788 agnitionem
1803 2717 2010 2772 divina:

358 2810 603 2885 justitiae
661 2807 1116 2877 consurrexeris,
1167 2811 1224 2861 et
1281 2821 1384 2878 pro
1436 2806 1555 2860 tuis
1605 2805 1900 2861 erroribus
1957 2811 2015 2860 et

365 2899 596 2957 delictis
635 2903 839 2968 Deum,
873 2897 972 2968 qui
1004 2894 1203 2950 omnia
1238 2898 1430 2965 potest
1463 2895 1798 2962 concedere,
1831 2893 2012 2949 fueris

365 2992 732 3062 deprecatus.
765 2985 874 3052 Qui
905 2985 1072 3057 quasi
1118 2983 1372 3039 dormire
1401 2983 1724 3052 videbatur,
1760 3001 1876 3040 non
1907 3001 2013 3039 au-

367 3078 579 3136 diendo
625 3080 681 3132 te
725 3073 1014 3144 videlicet,
1047 3088 1154 3128 nec
1194 3071 1462 3143 videndo,
1496 3073 1801 3128 confestim
1833 3071 2014 3144 evigi-

366 3167 514 3225 labit
560 3166 634 3222 ad
682 3169 758 3236 te,
789 3167 847 3218 et
888 3162 960 3218 ad
1008 3161 1452 3233 praeparandam
1483 3160 1817 3216 felicitatem
1850 3166 2012 3217 tuam

2104 936 2366 1009 potuisti.

2177 1049 2204 1075 ‹‹
2237 1025 2381 1080 Cum
2433 1025 2623 1080 adhuc
2671 1026 2749 1080 sit
2794 1026 2852 1080 in
2907 1028 3065 1092 ﬂore,
3101 1047 3203 1085 nec
3246 1039 3518 1103 carpatur
3547 1051 3747 1103 manu,

2108 1119 2240 1170 ante
2289 1131 2491 1170 omnes
2546 1115 2756 1169 herbas
2805 1117 3037 1183 arescit,
3074 1118 3157 1173 sic
3208 1120 3306 1174 vias
3351 1123 3616 1178 omnium
3650 1126 3748 1195 qui

2107 1204 2530 1260 obliviscuntur
2589 1208 2787 1258 Deum.
2827 1228 2851 1252 ››
2910 1203 3060 1261 Dicit
3116 1215 3385 1264 sanctum
3430 1211 3557 1277 Job,
3599 1213 3755 1269 velut

2109 1293 2299 1348 herba:
2360 1291 2745 1347 similitudine
2800 1293 3112 1350 floruisse:
3167 1296 3264 1368 qui
3317 1305 3631 1371 antequam
3681 1303 3752 1358 ad

2111 1382 2505 1437 maturitatem
2557 1381 2812 1436 fundatae
2866 1383 3061 1454 gloria:
3116 1387 3458 1457 perveniret,
3489 1389 3547 1444 in
3593 1393 3757 1446 tanta

2111 1469 2267 1524 mala
2315 1469 2709 1541 praecipitatus
2765 1470 2859 1540 sit,
2895 1488 2965 1527 ne
3014 1472 3072 1527 in
3117 1479 3376 1547 tempore
3422 1495 3550 1543 suo,
3584 1481 3754 1550 quasi

2110 1559 2169 1614 in
2204 1558 2564 1627 plenitudine
2610 1559 2837 1613 dierum
2893 1570 3300 1620 consummato
3349 1567 3754 1640 completoque

2112 1646 2526 1702 ﬂorentissimo
2578 1664 2776 1720 regno,
2811 1665 2984 1704 manu
3039 1654 3345 1723 potestatis
3377 1655 3500 1723 Dei,
3531 1657 3590 1712 in
3640 1675 3757 1729 qua

2112 1735 2310 1791 omnia
2339 1751 2516 1806 regna
2543 1735 2893 1808 consistunt,
2927 1740 3222 1796 auferetur
3265 1760 3299 1798 a
3339 1745 3572 1800 seculo.
3606 1747 3754 1818 Ergo

2113 1826 2251 1897 quia
2305 1841 2420 1880 non
2466 1825 2547 1880 ita
2578 1825 2770 1896 egisti,
2804 1833 2867 1882 ut
2898 1827 2956 1882 in
2989 1846 3149 1901 pace,
3182 1833 3468 1905 completo
3498 1838 3758 1906 tempore

2111 1919 2212 1970 tuo
2245 1915 2589 1970 conferreris
2625 1915 2682 1969 in
2729 1915 3063 1987 sepulcrum
3112 1924 3281 1976 tuum
3316 1940 3328 1977 :
3381 1923 3595 1979 idcirco
3623 1930 3758 1980 ante

2113 2019 2318 2058 omnes
2374 2002 2604 2072 herbas,
2656 2003 2712 2058 id
2772 2011 2879 2074 est,
2929 2011 3063 2062 ante
3118 2024 3322 2064 omnes
3378 2019 3753 2082 peccatores:

2114 2092 2214 2164 qui
2274 2090 2587 2146 herbarum
2635 2092 2914 2148 vocabulo
2961 2111 3114 2167 saepe
3161 2097 3459 2167 dicuntur,
3489 2101 3631 2156 solis
3662 2118 3759 2156 ar-

2115 2183 2253 2238 dore
2284 2180 2536 2237 siccatus
2580 2198 2642 2237 es
2677 2201 2688 2238 :
2745 2182 2799 2237 id
2834 2189 2941 2250 est,
2974 2202 3109 2240 cum
3143 2185 3482 2246 infidelibus
3515 2191 3760 2247 tribu-la-

2114 2271 2374 2327 tionibus
2422 2271 2593 2326 corde
2641 2271 2890 2328 cessisti.
2923 2275 3085 2337 Quod
3119 2282 3312 2332 autem
3348 2279 3448 2348 ait,
3481 2284 3605 2335 ante
3634 2280 3757 2336 her-

2118 2361 2212 2415 bas
2259 2376 2446 2415 omnes
2496 2363 2747 2416 arescit:
2796 2361 3067 2433 quisquis
3098 2363 3404 2422 hominum
3438 2369 3759 2425 multarum

2117 2454 2208 2505 est
2238 2449 2638 2521 iniquitatum,
2673 2450 2823 2505 sicut
2873 2454 2935 2505 tu
2984 2468 3069 2518 es,
3101 2469 3214 2524 pra:
3265 2457 3519 2526 pondere
3565 2458 3761 2514 crimi-

2119 2555 2284 2607 num,
2318 2542 2452 2594 ante
2505 2538 2711 2611 incipit
2759 2556 2960 2611 pmnas
3009 2541 3168 2598 luere
3198 2560 3375 2616 quam
3408 2547 3595 2603 caeteri
3631 2564 3762 2620 pec-

2119 2632 2364 2684 catores.

2192 2742 2217 2767 ‹‹
2254 2717 2320 2771 Et
2351 2733 2485 2788 spes
2517 2716 2827 2790 hypocrita:
2861 2719 3090 2790 peribit.
3126 2743 3153 2770 ››
3207 2722 3528 2795 Hypocritae
3579 2725 3762 2782 simu-

2119 2807 2297 2863 lantis
2335 2806 2785 2863 sanctimoniam
2835 2809 3009 2863 vitae:
3062 2809 3156 2864 hic
3209 2816 3764 2870 autem-secundum

2125 2896 2242 2964 Dei,
2294 2896 2446 2951 sicut
2499 2897 2624 2967 ipse
2680 2896 2782 2966 ait,
2841 2896 3265 2966 testimonium,
3323 2902 3572 2974 simplex
3631 2905 3764 2972 fuit,

2122 2989 2335 3055 rectus,
2368 2989 2425 3040 et
2469 2983 2769 3040 innocens.
2800 2987 2866 3041 Si
2909 2987 3190 3044 ambulavi
3237 2991 3295 3044 in
3342 2994 3582 3047 vanitate
3631 2994 3764 3063 (Job.

2123 3091 2277 3141 χχχι,
2306 3075 2384 3144 5).

2200 3189 2220 3213 ι
2254 3164 2378 3219 Non
2434 3163 2484 3218 ei
2545 3163 2796 3236 placebit
2849 3165 3116 3221 vecordia
3174 3185 3300 3236 sua,
3335 3175 3389 3224 et
3447 3171 3602 3227 sicut
3655 3171 3770 3228 tela

371 3254 636 3313 instabit.
683 3253 980 3308 Intantum
1013 3255 1076 3305 ut
1106 3249 1155 3306 si
1186 3250 1380 3322 priora
1410 3255 1512 3305 tua
1551 3251 1768 3306 fuerint
1819 3268 2012 3324 parva,
2045 3239 2088 3306 C
2127 3269 2471 3311 aranearum
2501 3253 2717 3308 fiducia
2745 3254 2890 3324 ejus.
2928 3277 2954 3303 »
2996 3255 3246 3312 Grandis
3276 3274 3472 3314 revera
3503 3261 3771 3317 vecordia

377 3342 696 3402 novissima
744 3346 846 3397 tua
894 3337 1358 3412 multiplicentur
1403 3339 1601 3394 nimis.
1654 3339 1713 3395 Si
1760 3356 1897 3412 ergo
1947 3341 2021 3396 ad

381 3434 564 3492 Deum
613 3446 926 3487 conversus
975 3429 1176 3499 fueris,
1221 3427 1432 3499 inquit,
1465 3429 1538 3483 ab
1588 3428 2019 3500 iniquitatibus,

381 3527 622 3597 propter
675 3536 823 3592 quas
873 3535 1028 3574 nunc
1070 3533 1271 3590 poenas
1301 3517 1539 3590 pateris,
1573 3522 1630 3574 et
1659 3535 1762 3590 per
1791 3518 2022 3574 satisfa-

379 3612 632 3669 ctionem
681 3623 817 3664 eum
866 3624 969 3680 pro
1018 3604 1243 3662 meritis
1294 3606 1416 3661 tuis
1459 3606 1563 3662 tibi
1610 3606 1776 3662 valde
1807 3607 2023 3663 iratum

378 3698 752 3759 reconciliare
793 3695 1044 3753 volueris
1078 3712 1091 3750 :
1140 3699 1366 3750 tantam
1398 3695 1527 3766 ejus
1557 3695 1806 3768 gratiam
1840 3698 2024 3752 conti-

381 3805 500 3846 nuo
530 3786 880 3861 possidebis,
912 3790 976 3840 ut
1028 3784 1099 3839 ad
1151 3783 1646 3855 comparationem
1678 3785 2025 3841 novissimo-

381 3895 515 3935 rum
572 3879 857 3933 bonorum
914 3879 1172 3938 tuorum,
1227 3889 1355 3943 quae
1402 3872 1510 3928 tibi
1567 3873 1760 3929 subito
1818 3875 2028 3946 poterit

382 3981 785 4040 compensare,
821 3963 1010 4036 priora
1041 3962 1188 4017 satis
1221 3979 1413 4033 parva,
1444 3968 1502 4017 et
1551 3962 1796 4019 minima
1841 3965 2026 4036 depu-

383 4062 602 4114 tentur.
634 4055 787 4118 Quos
817 4057 1146 4126 peccatores
1179 4050 1334 4107 filius
1364 4051 1463 4106 ille
1484 4052 1689 4123 junior
1736 4053 1794 4107 in
1847 4053 2026 4109 Evan-

383 4147 535 4220 gelio
566 4142 832 4217 ﬁguravit
862 4142 1014 4213 (Luc.
1046 4158 1138 4207 xv,
1174 4143 1240 4196 12
1269 4141 1461 4214 seqq.),
1494 4141 1595 4212 qui
1642 4157 1774 4197 cum
1808 4143 2026 4197 bonum

384 4241 629 4304 naturas,
679 4238 960 4303 tanquam
1012 4231 1244 4286 divitias
1301 4247 1434 4285 cum
1495 4231 1922 4298 meretricibus,
1971 4231 2028 4286 id

384 4329 497 4392 est,
552 4320 948 4394 voluptatibus
1005 4318 1266 4386 vivendo,
1329 4319 1607 4391 prodigus
1663 4320 2028 4392 dissipasset,

383 4412 690 4488 pcenitenti
749 4407 1032 4466 occiditur
1087 4406 1330 4474 vitulus,
1389 4407 1712 4463 Christus:
1777 4409 2032 4464 annulus

386 4517 620 4576 quoque
649 4499 805 4566 fidei,
839 4514 956 4570 qua
985 4501 1193 4552 cuncta
1242 4496 1536 4568 promissa
1583 4501 1740 4552 certa
1793 4498 2034 4568 impres-

2129 3349 2239 3414 est,
2288 3348 2344 3398 et
2401 3343 2676 3412 amentia,
2737 3343 2888 3409 ficte,
2949 3349 3005 3399 et
3062 3345 3337 3402 simulate
3401 3365 3570 3420 agere
3636 3356 3769 3406 ante

2133 3435 2312 3490 Deum
2348 3449 2359 3486 :
2397 3432 2550 3504 quod
2583 3436 2673 3487 est
2702 3433 2760 3486 in
2792 3449 3134 3505 prosperum
3166 3452 3279 3492 non
3311 3437 3602 3508 procedet,
3636 3456 3772 3496 cum

2129 3523 2226 3579 ille
2257 3526 2544 3578 scrutator
2597 3521 2644 3576 si
2698 3522 2890 3578 cordis
2939 3527 2996 3577 et
3044 3524 3202 3580 renis
3233 3527 3454 3596 (larem.
3488 3545 3624 3600 xvu,
3659 3530 3773 3598 10).

2132 3611 2304 3668 Tales
2351 3611 2410 3665 in
2441 3611 2768 3683 Evangeliis
2806 3616 3180 3684 arguuntur:
3234 3615 3334 3687 qui
3389 3621 3529 3671 sunt
3583 3619 3777 3673 ornati

2135 3701 2350 3757 deforis
2405 3699 2572 3770 quasi
2623 3699 3213 3782 specigsanctitatis,
3245 3707 3301 3758 et
3351 3703 3510 3760 intus
3557 3706 3777 3778 peccati

2135 3790 2439 3864 putredine
2506 3788 2659 3860 pleni
2729 3795 2886 3857 sunt,
2952 3795 3016 3845 ut
3081 3791 3349 3864 sepulcra
3413 3799 3778 3852 mortuorum

2135 3880 2351 3952 (Matth.
2392 3895 2553 3948 χχιιι,
2601 3879 2714 3946 27).

2209 3992 2236 4018 ‹‹
2271 3968 2555 4024 [nnitetur
2584 3983 2761 4037 super
2789 3967 3030 4023 domum
3064 3986 3252 4038 suam,
3286 3975 3342 4024 et
3375 3988 3490 4026 non
3523 3972 3720 4027 stabit.
3753 3995 3781 4022 »

2137 4056 2492 4114 Confidendo
2522 4055 2581 4110 in
2615 4055 2828 4127 seipso,
2861 4063 2918 4112 et
2949 4059 3350 4113 confirmando
3383 4075 3616 4114 carnem
3650 4063 3781 4115 bra-

2139 4146 2252 4202 chii
2309 4146 2448 4200 sui:
2505 4148 2657 4199 stare
2715 4161 2828 4199 non
2892 4145 3153 4214 poterit:
3216 4147 3314 4201 sed
3370 4148 3558 4219 magis
3617 4149 3783 4205 cadet

2141 4233 2432 4306 superbia.
2468 4233 2613 4296 Quia
2661 4236 2840 4288 omnis
2889 4250 3016 4289 caro
3062 4242 3249 4303 [eumn
3297 4240 3377 4292 est
3419 4237 3551 4306 (Isa.
3581 4255 3668 4306 XL,
3701 4238 3781 4309 6).

2212 4347 2237 4372 ‹‹
2274 4321 2491 4377 Fulciet
2522 4337 2671 4386 eam,
2706 4326 2763 4376 et
2792 4338 2905 4376 non
2939 4329 3270 4395 consurget.
3308 4347 3328 4373 ι
3366 4325 3622 4381 Conatur
3651 4344 3782 4399 pro-

2143 4411 2285 4484 priis
2333 4409 2556 4464 viribus
2605 4425 2666 4465 se
2714 4412 2952 4482 erigere,
2987 4416 3087 4466 sed
3134 4429 3508 4485 nequaquam
3549 4433 3789 4472 consur-

2143 4515 2275 4573 gere
2333 4498 2596 4570 poterit:
2654 4498 2793 4569 quia
2849 4517 2964 4555 non
3023 4506 3111 4556 est
3167 4501 3451 4558 Dominus
3511 4503 3789 4559 fortitudo

385 4593 556 4649 sione
581 4590 910 4662 signantur,
933 4586 992 4640 in
1018 4602 1193 4641 manu
1217 4586 1266 4640 ei
1296 4585 1615 4641 tribuitur:
1646 4589 1703 4640 et
1723 4602 2034 4658 gressuum
2066 4607 2111 4671 Ι)
2143 4590 2291 4660 ejus.
2361 4589 2420 4642 In
2490 4603 2664 4659 quem
2729 4587 3133 4646 incumbentes
3199 4591 3538 4646 firmissime
3604 4590 3790 4647 conti-

387 4695 634 4739 suorum
683 4677 906 4749 accepit
935 4675 1321 4746 munimenta,
1355 4679 1421 4729 ut
1450 4690 1625 4745 super
1654 4679 1951 4747 serpentes
1981 4679 2039 4731 et
2147 4682 2381 4734 nentur.

387 4767 652 4841 scorpios
682 4781 925 4823 securus
966 4763 1198 4819 incedat
1231 4779 1244 4817 :
1301 4762 1451 4819 stola
1479 4762 1652 4818 etiam
1684 4768 1898 4818 aeterna
1925 4763 2034 4818 im-

387 4856 766 4915 mortalitatis
803 4855 1075 4910 donatur.

467 4946 824 5017 «Interroga
880 4943 1034 4998 enim
1094 4941 1530 5014 generationem
1590 4940 1920 5014 pristinam,
1981 4945 2039 4996 et

390 5034 704 5109 diligenter
752 5033 1037 5104 investiga
1085 5035 1322 5104 patrum
1373 5031 1737 5087 memoriam.
1774 5029 2036 5086 Hesterni

393 5125 614 5199 quippe
643 5139 872 5191 sumus,
904 5126 962 5178 et
991 5121 1332 5193 ignoramus
1366 5137 1379 5174 :
1423 5120 1700 5192 quoniam
1731 5120 1884 5175 sicut
1916 5135 2041 5174 um-

393 5216 502 5271 bra
531 5214 657 5270 dies
685 5210 868 5268 nostri
901 5214 1040 5266 sunt
1069 5225 1246 5281 super
1273 5212 1488 5264 terram
1523 5226 1536 5264 :
1591 5209 1703 5282 ipsi
1751 5210 2043 5266 docebunt

394 5310 473 5361 te.
535 5303 877 5375 Loquentur
932 5298 1060 5368 tibi,
1101 5303 1157 5354 et
1215 5299 1286 5354 de
1345 5299 1516 5354 corde
1578 5315 1684 5354 suo
1749 5301 2045 5372 proferant

395 5391 702 5464 eloquia.»
733 5393 854 5446 Hoc
883 5392 973 5444 est
1000 5388 1212 5455 dicere,
1245 5388 1384 5460 quia
1413 5404 1519 5443 nos
1550 5387 1804 5444 hesterni
1836 5405 2044 5444 sumus

396 5482 697 5552 interroga
735 5477 1031 5550 antiquos,
1082 5481 1138 5532 et
1197 5476 1452 5532 invenies
1512 5476 1658 5533 alios
1714 5478 1772 5532 in
1828 5477 2044 5533 diluvio

399 5571 546 5628 alios
576 5569 635 5625 in
668 5569 940 5635 Sodoma,
970 5567 1090 5622 sive
1118 5566 1176 5620 in
1209 5566 1455 5622 diversis
1485 5565 1629 5623 locis
1659 5583 1762 5640 pro
1795 5567 2046 5640 peccatis

398 5659 528 5726 suis
555 5658 817 5717 diversas
849 5655 1143 5731 accepisse
1173 5655 1513 5716 sententias.

2221 4790 2248 4818 ‹‹
2279 4767 2602 4822 Humectus
2633 4765 2861 4822 videtur
2889 4773 3199 4840 antequam
3234 4770 3426 4824 veniat
3463 4767 3570 4825 sol.
3605 4789 3630 4822 ιι
3689 4769 3792 4824 Fe-

2145 4855 2422 4911 licitatem
2483 4854 2882 4926 prosperantis
2937 4855 3194 4910 hominis
3251 4856 3438 4911 dicit:
3490 4856 3590 4928 qui
3657 4871 3794 4910 cum

2147 4951 2287 5001 aestu
2320 4942 2717 5000 tribulationis
2766 4960 3081 5015 percussus
3113 4945 3307 5015 fuerit,
3342 4944 3797 5001 adversitatibus

2149 5033 2458 5104 frangitur,
2507 5036 2565 5086 et
2621 5033 2814 5087 omnis
2866 5033 3020 5088 viror
3066 5033 3324 5104 pristinis
3373 5034 3502 5105 ejus
3560 5032 3793 5100 lzetitiaz,

2151 5125 2538 5193 consumptus
2568 5120 2805 5175 tristitia
2843 5121 3189 5176 exsiccetur.

2226 5233 2252 5261 ‹‹
2288 5215 2352 5265 Et
2385 5211 2441 5265 in
2477 5215 2606 5264 ortu
2639 5226 2746 5265 suo
2795 5225 3031 5281 germen
3082 5212 3210 5281 ejus
3264 5211 3612 5283 egredietur.
3651 5233 3670 5258 ιι
3732 5209 3796 5264 In

2153 5298 2458 5372 principio,
2491 5297 2702 5370 inquit,
2736 5297 3028 5353 felicitatis
3060 5314 3178 5353 suae
3211 5304 3480 5371 peccator
3527 5314 3801 5372 prospere

2153 5404 2323 5461 agere
2352 5388 2600 5457 videtur,
2633 5388 2730 5442 sed
2764 5403 2874 5441 non
2909 5388 3294 5458 permanebit,
3329 5389 3568 5445 virentis
3609 5387 3800 5450 herba:

2157 5476 2416 5534 similis:
2470 5476 2589 5530 haec
2638 5481 2728 5530 est
2775 5475 3079 5547 repentina
3118 5477 3484 5547 jucunditas,
3539 5477 3693 5532 sicut
3740 5475 3798 5529 in

2157 5565 2430 5640 psalmo:
2483 5564 2619 5620 Cum
2668 5567 2847 5620 exorti
2891 5567 3101 5637 fuerint
3147 5571 3451 5640 peccatores
3491 5575 3548 5622 ut
3587 5567 3824 5638 fenum,

2158 5659 2210 5718 et
2255 5655 2616 5730 apparuerint
2661 5653 2976 5732 (Psal.xc1,
3008 5656 3064 5732 8)
3099 5673 3111 5716 :
3159 5654 3218 5714 id
3268 5660 3375 5731 est,
3407 5653 3565 5714 velut
3609 5651 3800 5712 herba
