4066 6190
413 302 531 363 675
1921 283 2343 356 APPENDIX.
3662 301 3758 363 me

420 437 477 491 in
510 436 756 490 virorem
789 431 997 488 lzetitize
1031 431 1335 504 praesentis
1367 429 1711 486 emerserint
1743 445 1756 484 :
1811 445 1944 484 mox
1973 427 2066 482 ad-
2095 429 2151 493 Α
2180 427 2258 482 De
2284 427 2396 482 Job
2428 427 2663 499 quidam
2697 425 2804 483 hoc
2833 427 2996 496 dicit,
3029 425 3129 482 sed
3164 425 3395 482 fallitur.
3425 425 3558 484 Nam
3605 433 3762 488 mani-

417 525 683 580 veniente
714 525 980 578 caumate
1020 521 1312 592 peribunt.
1343 520 1554 576 Justus
1585 535 1716 573 vero
1748 534 1861 572 non
1895 517 1974 572 ita
2005 520 2069 570 ut
2178 516 2394 572 festum
2437 519 2524 572 est
2571 515 3014 571 tabernaculum
3055 515 3367 587 impiorum
3398 515 3690 587 periturum
3717 522 3763 576 in

419 614 617 670 fenum
676 609 948 667 florebit:
1001 609 1116 680 cui,
1151 614 1214 664 ut
1261 607 1399 674 dixi,
1451 611 1823 680 peccatorum
1883 604 2070 675 gloria
2179 608 2458 660 aeternum
2493 623 2506 660 :
2555 604 2614 660 id
2645 609 2752 670 est,
2786 604 3086 660 diabolum
3131 609 3188 660 et
3217 604 3507 662 ministros
3535 607 3666 679 ejus,
3692 612 3762 664 vel

419 704 874 773 comparantur:
909 699 1010 754 sed
1044 696 1197 753 sicut
1226 696 1422 770 palma
1453 695 1700 761 florebit,
1723 694 1917 766 inquit
1942 695 2071 750 Pro-
2179 693 2352 749 etiam
2385 711 2642 765 praesens
2673 693 2975 749 szeculum.
3105 725 3122 733 ο

419 790 595 864 pheta
617 788 792 858 (Psal.
813 803 925 850 xcx,
952 786 1060 857 13).
1086 786 1219 850 Quae
1243 786 1322 840 ita
1345 785 1402 838 in
1428 783 1785 856 profundum
1809 787 1897 838 est
1919 782 2071 837 radi-
2817 781 3052 838 CAPUT
3084 781 3174 838 IX.

421 881 590 936 cibus
611 876 889 944 stabilita,
910 879 971 931 ut
988 891 1091 930 nec
1114 878 1522 946 tempestatem
1545 877 1786 938 metuat,
1802 888 1907 928 nec
1929 869 2070 927 solis
2249 894 2278 922 «
2311 873 2381 928 Et
2410 873 2768 945 respondens
2787 871 2918 938 Job,
2952 871 3035 927 ait
3059 889 3072 927 :
3107 875 3252 928 Vere
3284 871 3406 928 scio
3427 874 3570 946 quod
3597 875 3667 932 ita
3691 876 3767 944 sit,

423 969 691 1025 ardorem
741 965 1033 1023 formidet.
1067 964 1133 1018 Et
1179 980 1313 1020 cum
1372 963 1482 1018 sub
1541 967 1765 1018 sacrato
1826 977 2068 1016 numero
2178 963 2420 1033 etquod
2473 978 2588 1016 non
2629 961 2990 1032 justiﬁcetur
3042 960 3216 1016 homo
3272 963 3616 1033 compositus
3659 964 3770 1021 Deo.

423 1059 495 1113 ad
526 1061 762 1113 centum
816 1069 1004 1125 usque
1053 1053 1238 1108 nodos
1289 1052 1636 1124 pervenerit,
1669 1050 1886 1122 quibus
1935 1049 2067 1105 alti-
2179 1051 2240 1107 Si
2268 1050 2518 1106 voluerit
2547 1051 2895 1107 contendere
2914 1066 3049 1106 cum
3081 1067 3167 1120 eo,
3195 1067 3306 1106 non
3340 1051 3546 1122 poterit
3571 1069 3770 1125 respon-

418 1147 560 1203 tudo
610 1145 738 1216 ejus
785 1141 968 1199 solide
1015 1141 1388 1197 continentur
1419 1158 1432 1197 :
1487 1145 1627 1196 tunc
1675 1139 1902 1196 fructus
1933 1139 2069 1196 alfe-
2180 1141 2316 1195 dere
2346 1139 2398 1195 ei
2431 1157 2614 1196 unum
2659 1156 2761 1212 pro
2792 1138 2968 1195 mille.
3006 1140 3248 1212 Sapiens
3277 1141 3452 1200 corde
3478 1146 3580 1210 est,
3607 1146 3657 1198 et
3681 1143 3775 1199 for-

421 1241 510 1292 ret
538 1233 913 1290 dulcissimos
943 1231 1268 1299 charitatis,
1302 1231 1360 1285 in
1394 1246 1627 1285 summo
1670 1227 1893 1284 scilicet
1941 1245 2070 1300 per-
2179 1229 2257 1285 tis
2288 1229 2510 1285 robore.
2544 1251 2572 1280 »
2624 1228 2749 1285 Noli
2779 1244 2917 1300 ergo
2950 1229 3022 1284 de
3052 1245 3146 1285 me
3174 1229 3256 1285 ita
3285 1229 3609 1286 existimare
3649 1232 3772 1303 quod

422 1323 689 1382 lectionis
719 1322 980 1394 fastigio,
1006 1338 1120 1393 quo
1153 1337 1214 1376 se
1244 1336 1347 1392 per
1377 1319 1736 1376 incrementa
1762 1317 2068 1382 virtutum,
2180 1334 2286 1390 ego
2317 1318 2526 1375 saltem
2556 1318 2810 1391 cogitare
2839 1317 2948 1373 hoc
2978 1318 3248 1387 audeam,
3281 1335 3417 1374 cum
3455 1320 3624 1375 sciam
3667 1323 3776 1392 quia

424 1413 592 1486 quasi
641 1430 744 1486 per
789 1411 1180 1484 plurimorum
1233 1409 1523 1481 quaedam
1554 1412 1752 1465 aetates
1783 1422 2072 1463 annorum
2181 1412 2449 1463 creatura
2476 1406 2731 1482 Creatori
2761 1422 2868 1463 suo
2906 1405 2966 1462 in
2997 1405 3157 1463 nullo
3188 1407 3376 1480 possit
3406 1409 3625 1480 penitus
3651 1427 3774 1465 com-

424 1503 758 1560 ascendisse
805 1500 1108 1571 gloriatur.
2182 1497 2398 1570 parari.

495 1617 521 1641 ‹‹
556 1591 742 1661 Super
771 1605 1042 1645 acervum
1074 1591 1374 1659 petrarum
1407 1586 1632 1641 radices
1681 1586 1809 1656 ejus
1858 1585 2071 1640 densa-
2253 1610 2279 1636 ‹‹
2317 1586 2457 1649 Quis
2488 1585 2702 1641 restitit
2730 1586 2803 1653 ei,
2836 1592 2892 1641 et
2921 1603 3123 1658 pacem
3155 1586 3414 1656 habuit?
3446 1608 3474 1637 »
3516 1589 3644 1654 Quis
3670 1604 3774 1643 con—

423 1682 663 1748 buntur,
696 1684 753 1733 et
784 1678 932 1731 inter
960 1676 1184 1747 lapides
1214 1674 1692 1729 commorabitur.
1725 1696 1752 1723 »
1785 1673 2068 1738 Quoniam
2179 1681 2270 1730 tra
2300 1675 2483 1729 Deum
2515 1691 2693 1746 agens
2725 1692 2839 1730 non
2873 1675 2984 1731 sibi
3030 1673 3249 1732 bellum
3281 1677 3378 1731 irae
3411 1678 3535 1748 ejus
3562 1693 3776 1732 commo-

425 1768 648 1824 radices
678 1768 806 1837 ejus
836 1765 895 1820 in
929 1769 1080 1820 terra
1109 1765 1261 1818 bona
1291 1763 1573 1833 solidatae,
1610 1768 1674 1818 ut
1707 1765 1931 1818 fructus
1962 1779 2066 1832 pa-
2107 1797 2150 1862 Β
2179 1765 2281 1830 vit,
2312 1764 2468 1819 sicut
2496 1764 2722 1819 Dathan
2755 1769 2812 1820 et
2840 1765 3030 1820 caeteri
3061 1765 3244 1836 (Num.
3279 1782 3390 1836 xvx,
3423 1769 3458 1820 2
3484 1766 3655 1837 seq)?

423 1856 636 1912 tientiaa
685 1855 955 1910 afferrent
986 1854 1136 1920 (Luc.
1170 1869 1292 1917 vm,
1328 1853 1436 1923 15),
1479 1869 1590 1906 non
1644 1853 1916 1924 ﬁgentur,
1970 1851 2068 1905 sed
2107 1851 2149 1862 ”
2254 1875 2281 1904 ‹‹
2315 1852 2455 1916 Quis
2503 1853 2807 1908 transtulit
2841 1858 3091 1921 montes,
3123 1859 3181 1908 et
3222 1855 3556 1910 nescierunt
3581 1855 3633 1910 bi
3663 1871 3778 1927 quos

424 1963 600 2018 super
618 1959 891 2000 acervum
915 1943 1102 2014 magis
1129 1946 1426 2013 petrarum
1454 1941 1927 2008 coarctabuntur,
1955 1956 2069 1994 non
2181 1941 2466 1998 subvertit
2510 1941 2570 1995 in
2622 1942 2814 1996 lurore
2852 1959 2979 1998 suo.
3013 1943 3118 2007 Qui
3151 1949 3482 1999 commovet
3510 1949 3701 2000 terram
3724 1944 3778 1999 de

426 2034 692 2090 habendo
750 2031 869 2087 illic
925 2031 1054 2086 vitae
1110 2029 1466 2086 humorem:
1519 2031 1836 2084 moriturus
1870 2029 2072 2102 utique
2180 2031 2305 2087 loco
2355 2048 2482 2086 suo.
2520 2052 2540 2081 ι
2595 2030 3026 2100 Metaphoricws
3085 2037 3317 2088 montes
3375 2032 3648 2097 homines,
3685 2033 3779 2087 sive

425 2125 587 2196 prius
631 2121 902 2177 ariditate
951 2120 1283 2174 siccabitur.
2181 2120 2372 2193 angeli
2429 2118 2791 2190 intelligendi
2848 2125 3032 2174 sunt:
3091 2137 3346 2192 quorum
3400 2121 3564 2177 elatio
3609 2120 3778 2176 mentis

499 2234 526 2262 ‹‹
557 2213 624 2267 Et
645 2209 1037 2281 interlapides
1060 2209 1580 2263 commorabitur.»
1601 2206 2064 2278 Metapboricws:
2179 2211 2471 2265 intantum
2529 2208 2833 2276 intumuit,
2868 2213 2932 2264 ut
2980 2209 3224 2266 excelsis
3267 2211 3561 2267 montibus
3587 2226 3776 2280 compa-

423 2303 668 2374 lapides,
700 2298 984 2364 inﬁdeles,
1017 2303 1075 2352 et
1106 2297 1236 2352 duri
1266 2297 1460 2352 cordis
1498 2296 1607 2352 hoc
1650 2295 1775 2352 loco
1824 2300 2071 2368 possunt
2181 2303 2403 2355 rentur.

423 2390 669 2462 intelligi
707 2407 720 2444 :
755 2389 906 2443 inter
930 2403 1078 2458 quos
1108 2387 1358 2457 quisque
1389 2391 1658 2458 peccator
1686 2385 2069 2440 commorabi-
2251 2411 2278 2438 «
2312 2388 2378 2442 Et
2432 2386 2715 2443 columnas
2771 2387 2899 2456 ejus
2955 2389 3397 2443 concutiuntur.
3433 2411 3461 2438 »
3511 2387 3774 2444 Columnas

425 2489 521 2537 tur
544 2480 671 2534 vitae
699 2475 1085 2533 similitudine
1107 2473 1550 2546 coaequalis,qui
1569 2475 1750 2529 Deum
1776 2478 1839 2528 ut
1859 2473 2070 2529 stolida
2178 2477 2286 2532 hoc
2315 2475 2439 2532 loco
2471 2493 2572 2548 pro
2604 2475 2923 2531 stabilitate
2951 2479 3118 2530 terra:
3149 2476 3548 2550 intelligamus
3578 2495 3591 2531 :
3633 2491 3774 2547 quam

426 2567 661 2625 metalla
716 2583 828 2621 non
876 2564 1153 2619 sentiunt.
1199 2566 1312 2617 Aut
1363 2568 1514 2618 certe
1563 2563 1785 2634 lapides
1833 2568 2068 2634 peccata
2177 2567 2331 2622 Deus
2369 2581 2547 2638 super
2592 2564 2964 2636 semetipsam
2997 2563 3477 2628 im'mobilissima
3505 2565 3643 2622 mole
3667 2566 3770 2621 tun-

427 2655 768 2714 nominavit.
800 2653 961 2708 Unde
1015 2651 1294 2724 propheta
1341 2653 1466 2707 ait:
1525 2653 1712 2707 Tollite
1758 2652 1962 2724 lapides
2003 2651 2067 2707 de
2177 2654 2351 2717 davit.

422 2748 516 2802 via
545 2747 762 2817 (Jerem.
795 2760 848 2810 L,
879 2743 968 2812 26)
1002 2759 1014 2797 :
1067 2741 1123 2796 id
1156 2745 1263 2808 est,
1298 2741 1367 2796 de
1396 2740 1487 2796 via
1519 2745 1730 2796 sanctae
1763 2757 2066 2796 conversa-
2249 2768 2275 2794 «
2311 2746 2416 2808 Qui
2475 2743 2734 2816 praecipit
2789 2743 2920 2810 soli,
2972 2748 3028 2798 et
3086 2761 3198 2800 non
3261 2747 3465 2814 oritur,
3509 2751 3564 2801 et
3612 2743 3772 2800 stellas

424 2835 601 2891 tionis
633 2833 855 2889 auferte
890 2835 1143 2903 peccata.
2179 2834 2397 2890 claudit
2454 2832 2619 2904 quasi
2683 2832 2792 2888 sub
2851 2832 3172 2904 signaculo.
3204 2834 3315 2898 Qui
3368 2835 3613 2891 extendit
3636 2831 3775 2888 cmlos

497 2946 524 2974 ‹‹
560 2923 618 2978 Si
650 2920 1020 2977 absorbuerit
1049 2935 1182 2974 eum
1215 2918 1283 2972 de
1315 2917 1439 2974 loco
1471 2934 1598 2989 suo,
1636 2919 1869 2990 negabit
1911 2935 2067 2990 eum,
2180 2923 2365 2991 solus,
2396 2928 2453 2977 et
2483 2922 2749 2994 graditur
2795 2938 2973 2993 super
3019 2923 3233 2980 ﬂuctus
3287 2925 3484 2981 maris.
3518 2947 3543 2974 ››
3592 2924 3679 2980 Per
3714 2920 3778 2974 vi-

426 3017 482 3068 et
513 3013 666 3068 dicet
699 3029 711 3066 :
764 3011 889 3066 Non
922 3009 1050 3065 novi
1097 3016 1171 3063 te.
1210 3031 1230 3056 ιν
1284 3011 1425 3062 Cum
1458 3007 1528 3062 de
1560 3007 1667 3062 hac
1697 3008 1811 3063 vita
1842 3008 1912 3062 ad
1946 3008 2072 3064 loca
2180 3010 2553 3084 cissitudines
2583 3010 2697 3066 diei
2729 3014 2786 3064 et
2815 3009 3040 3078 noctis;
3075 3012 3463 3083 dispositione
3493 3013 3583 3068 Dei
3608 3010 3778 3084 guber-

427 3100 697 3173 squalida
725 3100 1042 3154 inferorum
1071 3097 1508 3154 transferendus
1535 3099 1845 3169 absorptus
1876 3098 2069 3166 fuerit,
2113 3165 2145 3173 _
2186 3101 2381 3156 nantis
2411 3099 2608 3155 omnia
2635 3099 2895 3171 quotidie
2926 3099 3047 3154 fieri
3082 3100 3163 3155 ita
3205 3101 3506 3158 debemus.

427 3165 707 3259 indignus
757 3187 958 3258 utique
1011 3185 1346 3258 conspectui
1403 3185 1500 3239 Dei
1560 3201 1687 3240 esse
1711 3165 2069 3258 inegabitur.
2104 3165 2146 3231 C
2258 3213 2284 3240 «
2319 3189 2425 3253 Qui
2457 3188 2596 3242 facit
2625 3165 2945 3252 arcturum,
2967 3193 3026 3242 et
3054 3189 3280 3258 oriona,
3305 3196 3362 3246 et
3389 3190 3615 3262 hyadas,
3642 3191 3690 3242 et
3712 3185 3780 3239 in-

429 3281 616 3336 Locus
646 3275 924 3342 hominis,
949 3275 1063 3330 dici
1099 3280 1286 3346 potest
1309 3274 1562 3346 qualitas
1583 3274 2074 3344 conversationis;
2185 3280 2398 3334 teriora
2427 3277 2643 3333 Austri.
2675 3299 2702 3325 »
2734 3275 2796 3330 In
2830 3275 2920 3331 his
2951 3275 3258 3333 stellarum
3295 3279 3499 3349 signis,
3530 3294 3643 3350 quas
3671 3275 3781 3330 sunt

428 3369 527 3424 ubi
579 3366 664 3422 vel
713 3367 841 3421 vita:
890 3382 1121 3438 genere,
1152 3362 1238 3417 vel
1288 3368 1478 3418 mente
1512 3363 1824 3419 consistit:
1877 3365 1934 3419 id
1966 3368 2073 3430 est,
2185 3369 2244 3422 in
2279 3369 2646 3423 firmamento
2694 3364 2821 3420 cceli
2873 3382 3018 3436 pene
3059 3367 3342 3424 omnibus
3371 3367 3549 3423 stellis
3579 3364 3780 3427 notiora,

427 3456 757 3528 disciplina,
817 3454 903 3510 vel
960 3452 1150 3524 gratia
1207 3468 1383 3522 quam
1445 3451 1686 3522 accepit,
1747 3458 1849 3507 aut
1905 3452 2078 3524 elegit
2185 3462 2362 3512 totam
2399 3455 2669 3510 militiam
2701 3459 2993 3510 astrorum
3023 3453 3164 3509 dicit
3188 3457 3260 3511 ad
3294 3453 3783 3528 regimenDeiper-

429 3545 657 3600 sectari.
1551 3613 1562 3615 Α
2187 3545 2388 3609 tinere,
2426 3560 2552 3614 quae
2585 3558 2799 3614 magna
2826 3546 2882 3598 et
2915 3541 3208 3598 mirabilia
3237 3543 3503 3600 homines
3532 3541 3778 3615 ignorant.

501 3657 528 3682 ‹‹
564 3633 694 3686 Haec
727 3635 815 3686 est
846 3631 1000 3685 enim
1034 3627 1232 3684 lzetitia
1261 3629 1390 3683 vitae
1421 3613 1573 3698 ejus’.
1607 3651 1632 3677 ››
1686 3629 1952 3685 lronicws
1983 3631 2064 3685 di-
2188 3633 2346 3688 Unde
2376 3613 2502 3704 ipse
2532 3613 2817 3686 Dominus
2846 3631 2928 3686 ait
2961 3647 2973 3686 :
3016 3631 3317 3703 Numquid
3353 3633 3501 3689 nosti
3556 3613 3779 3687 ordinem

428 3721 579 3777 citur
611 3737 624 3776 ζ
680 3720 799 3774 ιιωο
830 3724 916 3773 est
944 3717 1143 3773 laetitia
1174 3717 1274 3770 vice
1305 3718 1433 3788 ejus
1467 3734 1479 3772 :
1530 3717 1687 3771 velut
1717 3719 1764 3772 si
1809 3719 2026 3774 diceret
2058 3736 2071 3775 :
2185 3722 2333 3793 cmli,
2366 3727 2423 3776 et
2469 3721 2638 3792 ponis
2685 3719 2967 3775 rationem
3002 3720 3186 3790 ipsius
3210 3722 3240 3775 ‘P
3293 3727 3434 3777 Item
3485 3717 3776 3777 moraliter:
3839 3716 3854 3734 ⁶

427 3811 518 3865 Sic
550 3810 607 3864 in
641 3807 810 3863 bonis
855 3806 1151 3878 operibus,
1186 3811 1415 3876 Deoque
1474 3804 1833 3877 placentibus
1866 3808 2072 3863 ambu-
2183 3811 2291 3878 Qui
2323 3813 2644 3866 commovet
2671 3815 2882 3864 terram
2916 3809 2988 3864 de
3018 3808 3141 3864 loco
3172 3827 3300 3867 suo.
3337 3811 3624 3867 Hominem
3658 3807 3779 3862 Deus

427 3899 565 3954 lavit
594 3898 734 3952 dum
765 3895 980 3951 viveret
1012 3912 1024 3950 :
1083 3899 1147 3949 ut
1195 3894 1263 3948 ad
1311 3911 1601 3950 aerumnas
1635 3900 1911 3967 perpetuo
1945 3913 2071 3969 per-
2183 3903 2252 3958 de
2283 3901 2408 3956 loco
2461 3899 2588 3954 vitae
2631 3897 2842 3970 prioris
2880 3898 3215 3965 commovit,
3248 3907 3309 3956 et
3336 3898 3680 3956 delectabiles
3705 3909 3779 3948 co-

427 3989 668 4044 veniret.
2182 3990 2519 4063 gitationes,
2553 3988 2654 4042 sed
2707 3987 2927 4052 noxias,
2963 3987 3180 4058 quibus
3217 3988 3385 4059 quasi
3415 3984 3683 4044 columnis
3707 3980 3781 4035 in-

499 4100 526 4127 ‹‹
561 4077 633 4132 Ut
663 4091 898 4131 rursum
934 4073 1004 4129 de
1035 4077 1189 4128 terra
1227 4071 1326 4127 alii
1374 4072 1795 4143 germinentur.
1831 4096 1858 4123 »
1916 4075 2075 4131 Facit
2181 4080 2404 4134 cubans
2436 4094 2501 4132 ac
2533 4076 2905 4148 requiescens
2936 4075 2993 4130 in
3025 4075 3108 4130 eis
3139 4077 3553 4147 sustinebatur,
3575 4084 3780 4130 concus-

428 4169 628 4238 utique
654 4166 821 4235 Deus,
847 4168 911 4219 ut
933 4165 1135 4234 justus
1157 4154 1359 4233 judex,
1384 4162 1524 4216 dum
1547 4162 1780 4218 Judreos
1811 4163 2075 4220 incredu-
2185 4169 2279 4235 sit,
2326 4171 2381 4222 et
2438 4164 2778 4232 infirmavit,
2831 4170 2895 4219 ut
2951 4181 3086 4220 eum
3145 4166 3216 4220 ad
3276 4165 3630 4222 sanctitatem
3680 4158 3780 4212 vitae

428 4254 514 4310 los
546 4273 579 4309 a
613 4253 1103 4325 promissionibus
1134 4269 1261 4323 qua:
1296 4251 1352 4305 in
1385 4251 1614 4307 Christo
1647 4257 1807 4319 sunt,
1841 4258 2076 4324 propter
2184 4258 2587 4312 commutaret.
2623 4253 2728 4318 Qui
2763 4253 3022 4324 praecipit
3051 4253 3181 4321 soli,
3215 4259 3274 4309 et
3304 4271 3417 4310 non
3449 4253 3637 4309 oritur.
3668 4251 3780 4302 Pec-

429 4343 731 4416 perfidiam
780 4342 1047 4410 exclusit,
1081 4345 1139 4397 et
1180 4344 1384 4413 gentes
1417 4345 1652 4412 propter
1680 4341 2073 4397 obedientiam
2184 4343 2480 4400 catoribus
2510 4341 2700 4397 cordis
2731 4341 2986 4397 caecitate
3018 4342 3334 4414 percussis,
3365 4358 3477 4399 non
3516 4341 3594 4397 sol
3631 4335 3782 4394 oritur

427 4431 763 4488 intromisit.
819 4431 949 4486 Sive
997 4431 1055 4485 in
1105 4429 1230 4486 loco
1278 4430 1441 4484 Judae
1497 4429 1802 4485 Matthiam
1859 4431 2072 4487 consti-
2175 4433 2425 4505 justitiae
2475 4431 2738 4487 Christus
2788 4431 3048 4501 (Malach.
3083 4447 3157 4500 1v,
3185 4433 3266 4500 2),
3309 4433 3426 4488 sive
3473 4428 3778 4486 stellarum:

425 4530 617 4592 tuens,
643 4521 808 4591 justa
840 4520 1066 4591 judicia
1096 4535 1204 4575 sua
1233 4517 1546 4575 declaravit
1575 4519 1708 4591 (Act.
1746 4537 1786 4590 ι,
1817 4521 1928 4589 26).
2105 4529 2148 4595 (ς
2183 4523 2237 4577 id
2271 4525 2378 4587 est,
2413 4524 2750 4576 sanctorum
2803 4518 3028 4584 merita,
3060 4520 3276 4590 quibus
3320 4520 3416 4576 alii
3459 4521 3528 4575 ab
3565 4515 3684 4572 aliis
3707 4510 3781 4565 di-

497 4634 524 4661 «
561 4610 716 4666 Deus
775 4626 888 4664 non
949 4608 1214 4681 projiciet
1271 4606 1622 4679 simplicem,
1666 4623 1768 4663 nec
1817 4609 2075 4680 porriget
2182 4611 2425 4667 stabunt
2453 4609 2512 4663 in
2543 4608 2806 4664 claritate
2836 4609 2882 4679 (ι
2909 4609 3028 4664 Cor.
3053 4625 3144 4677 xv,
3168 4610 3296 4682 li1):
3331 4609 3424 4681 qui
3453 4610 3585 4664 dum
3615 4603 3696 4659 hic
3719 4599 3782 4655 la-

426 4717 668 4756 manum
698 4698 992 4770 malignis.
1021 4720 1046 4748 τ›
1084 4697 1144 4752 Id
1177 4696 1353 4752 dicit:
1388 4694 1510 4751 Non
1535 4697 1704 4766 juvat
1736 4700 1798 4750 ut
1821 4698 2079 4752 faveatur
2186 4704 2328 4771 teut,
2363 4699 2529 4771 quasi
2562 4697 2917 4753 clauduntur
2947 4697 3055 4753 sub
3087 4698 3408 4771 signaculo.
3435 4696 3536 4761 Qui
3563 4687 3781 4764 extendit

427 4790 809 4862 operantibus
860 4788 1250 4859 iniquitatem,
1307 4792 1364 4842 et
1411 4790 1606 4840 tamen
1657 4787 1915 4858 porriget
1953 4804 2077 4842 ma-
2186 4787 2362 4844 caelos
2417 4804 2574 4842 suos.
2617 4785 2926 4858 Apostolos
2979 4791 3036 4840 et
3081 4793 3318 4842 caeteros
3366 4789 3607 4853 sanctos,
3637 4775 3779 4834 caelos

427 4895 569 4934 num
621 4878 853 4950 pietatis
902 4894 1041 4945 suae,
1077 4881 1142 4931 ut
1187 4878 1518 4948 peccatores
1558 4875 1629 4929 ad
1678 4875 2076 4946 pcenitentiam
2187 4877 2420 4932 effectos
2477 4875 2695 4946 ubique
2751 4875 3162 4946 praedicatione
3215 4874 3526 4930 dill'undit:
3578 4869 3684 4926 sive
3712 4862 3780 4950 eis

429 4949 744 5023 convertat.
2187 4965 2538 5037 Scripturas,
2565 4980 2690 5035 qua
2712 4961 2987 5018 cmlorum
3019 4962 3254 5018 nomine
3285 4963 3614 5035 plerumque
3636 4949 3780 5024 signi-

502 5077 528 5103 ‹‹
564 5053 754 5127 Dpnec
787 5055 1100 5126 impleatur
1129 5053 1252 5109 risu
1275 5070 1338 5108 os
1370 5056 1561 5119 tuum,
1589 5056 1645 5106 et
1677 5051 1833 5106 labia
1864 5057 1964 5108 tua
1987 5053 2080 5123 ju-
2187 5054 2456 5118 ﬁcantur,
2480 5051 2787 5108 revelando
2808 5067 3009 5106 eorum
3032 5052 3307 5107 cordibus
3339 5047 3596 5122 patefacit
3622 5063 3633 5099 :
3657 5039 3780 5096 sicut

430 5141 567 5198 bilo.
604 5165 631 5192 »
680 5143 740 5197 In
773 5143 916 5214 risu,
947 5143 1204 5198 laetitiam
1239 5141 1429 5198 cordis
1461 5139 1740 5214 intellige.
1777 5141 1838 5196 In
1862 5140 2076 5212 jubilo,
2188 5143 2268 5199 ait
2297 5158 2310 5196 :
2365 5143 2634 5211 Quoniam
2678 5141 2864 5196 videbo
2906 5142 3065 5196 melos
3093 5156 3254 5212 Opera
3282 5141 3568 5211 digitorum
3595 5140 3779 5190 tuorum

433 5247 630 5288 vocem
662 5231 1012 5288 exsultantis
1044 5233 1296 5288 adverte.
2189 5232 2364 5304 (Psal.
2426 5249 2542 5302 vm,
2595 5231 2669 5303 4).
2726 5230 3069 5302 Egredietur
3125 5247 3300 5302 super
3356 5228 3558 5283 fluctus
3609 5214 3777 5304 mari!-

503 5343 530 5373 ‹‹
563 5321 667 5385 Qui
703 5322 952 5377 oderunt
988 5327 1064 5392 te,
1097 5321 1415 5376 induentur
1460 5320 1820 5376 confusione.
1858 5344 1885 5371 ››
1933 5322 2078 5377 Cum
2189 5321 2376 5393 Super
2403 5319 2599 5376 saeculi
2634 5320 2834 5391 utique
2864 5319 3036 5375 istius
3066 5319 3333 5375 homines
3364 5315 3654 5388 inquietos,
3683 5303 3777 5393 clt-

434 5411 633 5484 utique
663 5409 798 5466 talis
831 5390 1296 5482 fuerisrqualem
1329 5410 1445 5466 dixi
1485 5411 1779 5481 superius,
1813 5410 1911 5482 qui
1945 5411 2078 5467 ode-
2187 5390 2292 5466 tos
2309 5415 2365 5466 et
2394 5410 2696 5466 turbidos:
2734 5390 2799 5464 ut
2827 5409 2898 5464 ad
2932 5407 3460 5472 mansuetudinem,
3482 5407 3534 5458 et
3562 5390 3774 5488 placabit

432 5480 572 5559 runt
601 5505 676 5570 te,
711 5501 918 5556 merito
950 5480 1402 5556 confundantur.
1565 5480 1577 5481 ί
1831 5480 1847 5482 ἡ
1963 5539 1968 5544 .
2187 5498 2411 5556 litatem
2467 5505 2696 5555 tumore
2747 5497 3012 5571 deposito
3064 5497 3487 5554 conculcentur.
3527 5486 3635 5555 Qui.
3665 5480 3776 5538 fac“

508 5612 538 5652 α
565 5591 636 5651 Et
675 5588 1124 5650 tabernaculum
1173 5587 1490 5662 impiorum
1538 5604 1654 5648 non
1709 5588 2012 5648 subsistet.
2052 5612 2072 5642 υ
2190 5587 2595 5662 arcturum,id
2618 5592 2726 5659 est,
2750 5588 2972 5666 primos
2993 5587 3052 5645 in
3075 5585 3484 5647 resurrectione
3505 5571 3767 5638 Ecclesia:
