4066 6190
295 350 427 410 «6τῖ

1422 347 1936 411 COMMENTAB.
1983 340 2062 411 ῘΝ
2106 299 2244 413 JQB
2291 353 2464 413 CAP.
2513 353 2618 414 IX.

3607 353 3727 416 678

309 487 378 536 ut
397 481 518 536 sint
544 479 805 551 gloriosi,
833 480 1206 552 splendentes
1245 481 1406 536 velut
1446 482 1740 552 meridies,
1773 483 1962 538 calore
1990 485 2044 550 Α
2075 484 2250 539 audet
2295 501 2397 556 pro
2445 499 2538 539 me
2585 483 2988 540 testimonium
3024 485 3236 542 dicere.
3291 488 3350 544 Si
3393 490 3724 560 justiﬁcare

311 569 618 626 charitatis
649 568 745 624 Dei
777 569 1030 636 accensi,
1061 575 1117 624 et
1145 569 1276 626 ﬁdei
1305 569 1530 626 lumine
1561 570 1853 627 illustrati.

396 678 422 710 α
448 657 555 720 Qui
586 656 724 712 facit
754 673 986 729 magna,
1020 663 1077 712 et
1106 656 1737 729 incomprehensibilia,
1772 665 1828 715 et
1858 660 1962 715 mi.-

316 747 529 803 rabilia
560 762 572 799 :
608 763 858 818 quorum
895 763 1009 800 non
1051 750 1138 802 est
1169 763 1470 803 numerus.
1510 769 1537 796 »
1572 748 1848 819 Magnum
1880 754 1970 804 est

319 837 478 907 quod
529 835 667 890 facit
715 835 1001 902 Deus,~ut
1047 852 1146 890 vas
1197 835 1402 908 fragile
1456 836 1752 892 hominem
1798 838 1969 892 morti

320 924 637 982 obnoxium
691 941 793 995 per
835 923 1134 980 Christum
1186 925 1242 978 in
1275 941 1439 997 spem
1492 925 1670 981 beata
1711 942 1968 981 resurre-

320 1015 531 1069 ctionis
573 1013 910 1068 constituat.
947 1013 1016 1068 Et
1063 1013 1341 1068 interiora
1370 1015 1586 1070 Austri.
1621 1014 1728 1070 Ubi
1759 1015 1970 1070 cande-

319 1103 553 1158 labrum
602 1117 737 1157 cum
786 1100 1061 1168 lucernis,
1097 1102 1455 1173 septiformis
1504 1102 1743 1174 spiritus
1774 1103 1971 1174 gratia

317 1190 608 1258 videlicet,
643 1196 699 1246 et
729 1189 1126 1262 intelligentia
1177 1192 1602 1260 relucentibus,
1633 1190 1969 1246 collocatur.

402 1306 422 1330 ι
458 1279 519 1335 Si
549 1279 771 1335 venerit
799 1280 870 1333 ad
906 1296 1018 1344 me,
1052 1296 1166 1335 non
1197 1280 1404 1335 videbo
1437 1297 1570 1335 eum
1606 1297 1618 1335 :
1654 1280 1701 1336 si
1743 1279 1970 1346 abierit,

322 1388 440 1426 non
499 1367 846 1440 intelligam.
899 1367 957 1423 Si
1007 1373 1243 1439 repente
1289 1368 1630 1441 interroget,
1695 1371 1827 1442 quis
1887 1385 1974 1424 re-

319 1457 635 1532 spondebit
663 1457 754 1513 ei?
780 1456 878 1513 Vel
904 1462 1037 1529 quis
1071 1458 1261 1513 dicere
1283 1462 1494 1530 potest,
1532 1460 1646 1513 Cur
1675 1459 1755 1513 ita
1787 1459 1928 1514 facis
1948 1459 1976 1514 ?

324 1551 506 1614 Deus,
539 1548 706 1618 cujus
751 1546 849 1601 ira
882 1563 1051 1601 nemo
1101 1547 1370 1602 resistere
1411 1552 1620 1618 potest.
1657 1570 1685 1597 »
1718 1548 1853 1604 Plus
1883 1549 1975 1602 di-

331 1638 431 1704 cit,
468 1635 617 1707 quod
660 1635 943 1691 venientis
977 1635 1072 1690 Dei
1123 1635 1431 1706 prasentia
1474 1636 1570 1700 sit,
1607 1623 1841 1708 quando
1873 1636 1976 1692 ho-

337 1724 479 1780 mini
510 1723 841 1792 innotescit,
860 1729 917 1778 et
932 1725 1164 1795 quando
1183 1724 1491 1789 occulitur,
1512 1727 1682 1795 quasi
1711 1725 1981 1780 abeuntis

335 1813 600 1870 absentia
628 1812 939 1868 indicatur.

410 1924 438 1951 «
473 1902 540 1957 Et
570 1902 680 1957 sub
700 1918 815 1974 quo
837 1906 1153 1958 curvantur
1175 1903 1273 1973 qui
1300 1905 1531 1973 portant
1553 1903 1772 1958 orbem.
1795 1904 1984 1968 Quan-

336 1995 435 2046 tus
485 2007 624 2062 ergo
672 2008 803 2046 sum
863 2007 990 2062 ego,
1021 1994 1086 2045 ut
1133 1991 1515 2062 respondeam
1567 1991 1638 2059 ei,
1672 1997 1728 2046 et
1775 1992 1982 2062 loquar

333 2079 528 2136 verbis
578 2080 724 2136 meis
755 2095 888 2135 cum
940 2095 1006 2134 eo
1027 2078 1054 2133 εἰ
1084 2079 1191 2144 Qui
1221 2080 1397 2135 etiam
1430 2080 1478 2136 si
1522 2081 1782 2136 habuero
1813 2081 1980 2154 quip-

336 2169 496 2243 piam
518 2168 773 2240 justum,
806 2185 921 2224 non
953 2169 1334 2239 respondebo,
1368 2171 1468 2225 sed
1501 2186 1694 2225 meum
1718 2169 1980 2241 judicem

337 2257 710 2330 deprecabor.
746 2280 768 2306 ι»
805 2261 1108 2313 Portantes
1145 2258 1366 2327 orbem,
1399 2259 1583 2314 sancti
1633 2264 1785 2314 recte
1812 2259 1981 2314 intel-

331 2347 602 2420 liguntur
633 2363 645 2402 :
677 2346 775 2418 qui
809 2344 1056 2418 gloriam
1089 2347 1431 2403 meritorum
1465 2365 1724 2415 suorxm,
1760 2347 1979 2420 magni,

333 2441 395 2493 et
420 2440 682 2509 potentes
712 2441 853 2492 sunt
882 2436 1036 2508 apud
1071 2441 1273 2492 Deum.
1298 2437 1366 2491 Hi
1398 2453 1534 2510 ergo
1565 2439 1754 2493 cordis
1785 2437 1980 2493 humi-

331 2525 497 2582 litate
521 2525 596 2581 ad
634 2523 1134 2581 interveniendum
1170 2543 1272 2598 pro
1321 2527 1722 2598 peccatoribus
1756 2529 1810 2583 in
1844 2544 1978 2583 con-

335 2619 536 2687 spectu
593 2615 723 2685 ejus
794 2619 934 2671 sunt
991 2614 1297 2671 incurvati.
1358 2615 1444 2672 Ita
1501 2617 1687 2671 sancti
1745 2621 1984 2688 portant

338 2704 650 2770 mundum,
684 2704 826 2758 dum
858 2721 991 2759 eum
1025 2721 1096 2760 ne
1128 2711 1260 2759 ruat
1289 2721 1356 2761 ac
1400 2711 1615 2776 pereat,
1649 2705 1979 2761 orationum

337 2794 679 2850 fortitudine
719 2794 1030 2850 snstinent.
1065 2794 1361 2850 Columna
1393 2795 1516 2850 cali
1550 2796 1982 2863 intremiscunt,
2035 2826 2038 2830 ~

339 2901 406 2940 ac
466 2888 675 2955 pavent
733 2885 803 2938 ad
865 2888 1074 2938 nutum
1133 2885 1282 2956 ejus.
1325 2884 1609 2957 Apostoli,
1669 2885 1982 2957 propheta,

340 2989 660 3044 omnesque
689 2972 992 3044 apostolici
1042 2972 1170 3040 viri,
1205 2973 1391 3028 sancti
1422 2990 1678 3046 quoque,
1710 2979 1766 3030 et
1796 2973 1985 3030 cateri

341 3061 543 3116 ﬁdeles
575 3059 936 3132 intelligendi
970 3065 1110 3115 sunt
1143 3077 1156 3115 :
1192 3060 1262 3115 de
1283 3062 1499 3132 quibus
1531 3067 1621 3118 est
1648 3064 1988 3130 Petrus,Ja-

341 3150 544 3217 cobus,
575 3153 633 3204 et
678 3149 954 3218 Joannes,
989 3149 1090 3221 qui
1137 3149 1488 3206 videbantur
1533 3168 1661 3207 esse
1700 3152 1986 3209 columna

2078 589 2169 628 me
2199 572 2456 638 voluero,
2489 589 2554 628 os
2605 589 2799 629 meum
2850 575 3264 629 condemnabit
3313 593 3423 632 me.
3456 577 3518 651 Si,
3549 578 3725 634 inno-

2077 667 2304 717 centem
2337 663 2666 726 ostendero.
2693 679 2932 734 pravum
2967 679 3058 717 me
3080 665 3502 734 comprobabit.
3538 668 3723 722 Etiam

2078 752 2123 805 si
2159 750 2410 821 simplex
2445 751 2628 819 fuero,
2663 751 2770 806 hoc
2801 751 2994 822 ipsum
3027 751 3317 822 ignorabit
3347 755 3542 810 anima
3573 773 3725 825 mea,

2078 845 2136 894 et
2166 840 2398 894 tadebit
2447 856 2539 893 me
2569 841 2695 894 vita
2749 857 2910 895 mea.
2947 839 3137 895 Unum
3171 846 3260 896 est
3313 843 3464 911 quod
3497 843 3727 900 locutus

2079 945 2236 992 sum,
2269 934 2326 982 et
2365 929 2762 998 innocentem,
2792 935 2848 983 et
2893 928 3141 1000 impium
3195 930 3319 1000 ipse
3348 933 3663 988 consumit.
3699 957 3726 982 υ

2083 1015 2274 1088 Plagis
2296 1018 2573 1072 omnibus
2591 1023 2767 1088 atque
2793 1016 3236 1072 inﬁrmitatibus
3258 1019 3618 1074 circumdata
3642 1027 3730 1076 at-

2065 1121 2195 1176 ‘que
2242 1107 2502 1170 obsessa,
2558 1104 2772 1176 repleta
2825 1104 2976 1160 fellis
3025 1111 3198 1177 atque
3247 1106 3644 1180 blasphemia,
3677 1115 3734 1166 et

2083 1194 2474 1249 amaritudine
2513 1195 2713 1249 anima
2744 1211 2892 1249 mea.
2929 1195 3014 1249 lta
3061 1199 3124 1248 ut
3155 1195 3369 1250 durum
3405 1197 3645 1252 verbum
3677 1203 3734 1253 et

2083 1298 2358 1353 asperum
2389 1299 2455 1336 os
2507 1299 2700 1336 meum
2735 1283 2926 1337 dicere
2975 1282 3379 1354 compellatur,
3413 1291 3468 1340 et
3498 1287 3732 1342 tadebit

2082 1375 2210 1424 vita
2243 1387 2404 1425 mea.
2444 1370 2555 1442 Ego
2588 1377 2780 1426 tamen
2815 1371 2922 1426 hoc
2957 1370 3148 1426 solum
3185 1373 3332 1440 novi,
3368 1376 3522 1446 quod
3558 1376 3731 1432 malis

2084 1461 2210 1514 vita
2243 1460 2543 1530 prasentis
2575 1460 2804 1531 punior.

2158 1571 2186 1597 ‹‹
2220 1548 2277 1603 Si
2332 1547 2606 1621 ﬂagellat,
2638 1549 2865 1604 occidat
2915 1551 3098 1606 semel
3131 1569 3143 1606 ;
3178 1559 3232 1608 et
3266 1569 3379 1608 non
3423 1554 3493 1608 de
3543 1554 3734 1624 panis

2087 1638 2490 1693 innocentium
2542 1638 2747 1693 rideat.
2784 1661 2811 1687 ››
2844 1639 2995 1694 Dure
3027 1640 3120 1695 hic
3166 1641 3311 1696 satis
3363 1640 3596 1697 locutus
3643 1646 3735 1698 est

2089 1731 2292 1781 contra
2328 1725 2532 1782 Deum.
2577 1727 2639 1780 In
2668 1731 2784 1782 toto
2818 1726 3052 1798 quidem
3085 1729 3234 1785 libro
3265 1728 3394 1799 hoc,
3429 1730 3626 1786 nullus
3657 1731 3734 1786 lo-

2090 1817 2261 1868 cutus
2292 1819 2380 1868 est
2424 1814 2684 1884 asperior
2735 1814 2868 1881 isto,
2902 1819 2959 1868 et
2989 1815 3167 1871 altero
3220 1817 3492 1888 superius
3523 1819 3733 1888 posito,

2091 1903 2191 1957 ubi
2224 1902 2306 1957 ait
2337 1918 2350 1957 :
2386 1903 2747 1970 Quamobrem
2777 1904 2940 1974 elegit
2971 1905 3332 1976 suspendium
3361 1909 3560 1962 anima
3590 1924 3736 1977 mea,

2091 1997 2142 2046 et
2188 1996 2420 2047 mortem
2469 2009 2594 2046 ossa
2621 2009 2744 2047 mea
2792 1994 2928 2063 (Jac.
2961 2010 3059 2060 v11,
3093 1995 3180 2065 15)
3215 2011 3228 2050 :
3263 1996 3333 2050 de
3373 1997 3588 2067 quibus
3619 2014 3737 2052 ser-

2092 2081 2366 2136 monibus
2419 2081 2720 2152 respondit
2769 2083 2841 2136 ad
2874 2082 3055 2138 Deum
3090 2084 3149 2138 in
3199 2085 3315 2140 ﬁne
3345 2083 3475 2140 libri
3509 2102 3522 2141 :
3558 2088 3736 2142 Unum

2092 2171 2298 2225 locutus
2333 2187 2478 2237 sum,
2509 2170 2650 2240 quod
2697 2173 2913 2226 utinam
2958 2188 3068 2226 non
3105 2173 3386 2244 dixissem,
3419 2183 3469 2230 ει
3495 2173 3737 2230 alterum

2090 2259 2284 2328 quibus
2311 2259 2459 2313 ultra
2504 2259 2648 2312 nihil
2695 2258 2890 2314 addam
2920 2261 3061 2330 (Job.
3116 2278 3306 2331 χχχιχ,
3339 2263 3449 2323 35ἶ.
3481 2263 3623 2318 Tota
3653 2263 3735 2318 al-

2091 2347 2329 2403 tercatio
2359 2347 2470 2402 Job
2519 2364 2653 2403 cum
2699 2347 2904 2402 amicis
2953 2347 3047 2404 hic
3076 2355 3186 2414 est,
3219 2350 3373 2421 quod
3424 2349 3521 2406 ille
3551 2369 3612 2408 se
3636 2353 3735 2422 ju-

2091 2441 2272 2504 stum,
2307 2435 2403 2491 ille
2434 2453 2568 2491 eum
2599 2436 2850 2508 impium
2883 2440 3360 2508 pronuntiabant.

2165 2548 2192 2575 ‹‹
2226 2527 2404 2581 Terra
2435 2525 2570 2580 data
2596 2530 2684 2581 est
2731 2526 2788 2580 in
2824 2542 3036 2582 manus
3067 2527 3253 2598 impii.
3288 2551 3314 2577 ››
3349 2528 3493 2583 Caro
3523 2528 3737 2585 Christi

2091 2615 2149 2669 in
2183 2619 2525 2685 potestatem
2555 2614 2818 2682 Herodis,
2849 2616 2970 2671 sive
3012 2614 3177 2671 Pilati
3215 2633 3227 2671 :
3262 2615 3344 2671 vel
3380 2615 3504 2687 ipse
3534 2616 3642 2672 Job
3677 2617 3734 2671 in

2094 2709 2438 2777 potestatem
2471 2703 2709 2759 diaboli.

2166 2817 2193 2843 ‹‹
2227 2793 2471 2848 Vultum
2495 2793 2787 2864 judicium
2819 2794 2949 2864 ejus
2979 2793 3184 2864 operit.
3219 2793 3382 2856 Quod
3414 2793 3461 2848 si
3495 2811 3608 2851 non
3644 2793 3739 2850 ille

2094 2888 2202 2947 est,
2235 2882 2368 2952 quis
2389 2899 2523 2953 ergo
2552 2880 2680 2937 est?
2702 2882 2836 2937 Dies
2863 2881 2976 2937 mei
3001 2880 3313 2936 velociores
3343 2882 3578 2936 fuerunt
3609 2900 3738 2937 cur-

2095 2988 2224 3027 scre
2259 2990 2272 3026 :
2310 2972 2603 3042 fugerunt,
2637 2977 2694 3026 et
2722 2987 2834 3026 non
2866 2971 3134 3026 viderunt
3162 2971 3404 3026 bonum.
3439 2971 3738 3026 Pertrans-

2097 3062 2290 3116 ierunt
2332 3059 2498 3129 quasi
2549 3075 2724 3114 naves
2757 3076 2931 3130 poma
2982 3063 3280 3128 portantes
3312 3076 3325 3114 :
3360 3058 3514 3114 sicut
3546 3059 3742 3131 aquila

2097 3148 2298 3204 volans
2329 3151 2399 3203 ad
2449 3164 2664 3203 escam.
2703 3171 2729 3198 ››
2762 3148 3000 3203 Vultum
3052 3148 3160 3203 hoc
3189 3147 3313 3204 loco
3345 3148 3558 3203 mentis
3579 3147 3740 3218 judi-

340 3240 555 3312 (Galat.
586 3256 648 3307 ιι,
680 3239 736 3310 9)
769 3255 784 3294 :
816 3238 934 3295 sive
983 3238 1167 3294 sancti
1200 3245 1334 3295 ante
1381 3245 1562 3295 Deum
1592 3241 1900 3311 incurvati,
1932 3247 1989 3298 et
2017 3227 2060 3290 C
2097 3238 2273 3302 cium,
2306 3237 2462 3309 quod
2495 3237 2588 3292 Dei
2612 3237 3015 3308 justojudicio
3045 3242 3134 3292 est
3151 3243 3443 3308 opertum,
3464 3236 3738 3309 appellat.

344 3327 706 3399 procidentes
736 3329 1004 3397 adorant,
1031 3329 1131 3400 qui
1164 3333 1397 3401 portant
1417 3330 1637 3400 orbem,
1671 3331 1726 3384 id
1761 3337 1868 3396 est,
1900 3338 1986 3387 to-

343 3421 470 3470 tum
483 3415 780 3472 hominem
794 3434 1002 3473 suum:
1029 3434 1202 3489 quem
1223 3418 1373 3474 docti
1394 3419 1682 3475 minorem
1698 3421 1985 3477 mundum

341 3504 640 3576 appellant
669 3523 682 3559 :
717 3506 1054 3577 perfectioni
1107 3507 1300 3562 crucis
1333 3506 1666 3579 imponunt,
1699 3514 1757 3564 et
1785 3526 1858 3565 ne
1889 3526 1992 3581 per

341 3594 550 3648 mundi
581 3595 863 3650 vanitates
910 3594 1363 3666 cogitationibus
1394 3595 1654 3652 solvatur
1684 3615 1751 3654 ac
1781 3599 1988 3654 deflec-

340 3686 452 3747 tat,
479 3682 634 3738 intra
663 3699 725 3738 se
769 3699 903 3738 eum
954 3685 1409 3757 constringendo
1461 3703 1561 3758 per
1590 3687 1690 3743 Dei
1741 3688 1989 3760 gratiam

345 3776 576 3843 regunt,
609 3780 662 3827 et
694 3773 1012 3828 continent.

421 3883 448 3910 «
483 3861 550 3916 Et
580 3877 712 3916 cum
762 3863 1128 3917 invocantem
1181 3880 1272 3918 me
1301 3865 1641 3935 exaudierit,
1674 3882 1787 3921 non
1820 3867 1991 3923 credo

347 3949 505 4021 quod
537 3950 1002 4006 audieritvocem
1037 3969 1248 4006 meam.
1277 3976 1304 4002 ››
1337 3954 1442 4016 Qui
1478 3970 1569 4008 me
1597 3955 1772 4010 etiam
1803 3954 1990 4010 incul-

348 4038 525 4110 pabili
581 4039 914 4095 studentem
972 4041 1122 4108 vita,
1179 4042 1653 4113 impugnantium
1709 4044 1994 4114 permittit

347 4127 595 4197 injuria.
641 4127 957 4183 Exauditus
989 4135 1078 4184 est
1107 4129 1164 4184 in
1197 4129 1326 4200 hoc,
1362 4135 1425 4184 ut
1455 4130 1554 4185 Dei
1591 4131 1744 4188 bona
1778 4140 1994 4188 merea-

343 4220 460 4271 tur.
495 4216 619 4272 Non
641 4233 704 4272 se
733 4223 928 4272 autem
959 4219 1299 4274 exauditum
1323 4219 1526 4286 credit,
1551 4236 1618 4276 eo
1650 4221 1804 4292 quod
1837 4221 1994 4277 mala

344 4305 599 4378 patiatur
632 4324 644 4360 :

421 4414 449 4442 σε
479 4393 541 4448 10
573 4394 808 4450 turbine
844 4394 1000 4449 enim
1053 4401 1313 4450 conteret
1342 4412 1456 4465 me,
1488 4402 1546 4452 et
1576 4397 1994 4470 multiplicabit

342 4481 588 4539 vulnera
615 4499 746 4539 mea
793 4485 970 4539 etiam
1023 4484 1150 4539 sine
1191 4501 1388 4540 causa.
1423 4508 1452 4535 »
1482 4486 1676 4541 Turbo
1723 4487 1991 4544 diabolus

2095 3327 2448 3382 Excacanda
2493 3327 2670 3382 corda
2717 3326 3036 3382 satellitum
3070 3326 3235 3398 impii
3288 3327 3505 3382 diaboli
3545 3345 3557 3382 :
3593 3343 3741 3398 quos

2096 3416 2270 3471 isthic
2292 3415 2524 3488 judices
2579 3416 2918 3486 nominavit,
2951 3421 3014 3471 ut
3043 3422 3312 3472 sanctum
3352 3416 3460 3472 Job
3491 3415 3740 3471 crudeli-

2097 3510 2213 3560 tate
2245 3506 2438 3560 acrius
2467 3505 2814 3560 cruciarent.

2174 3617 2202 3644 ‹‹
2234 3597 2375 3649 Cum
2407 3596 2604 3649 dixero
2635 3612 2648 3649 :
2687 3595 3070 3667 Nequaquam
3094 3595 3174 3649 ita
3202 3594 3425 3666 loquar.
3461 3618 3482 3647 ι
3521 3594 3754 3666 Nequa-

2101 3699 2277 3754 quam
2327 3683 2406 3738 ita
2453 3683 2552 3748 ait,
2585 3684 2694 3738 hoc
2739 3689 2846 3754 est,
2898 3684 3132 3755 quando
3187 3683 3570 3756 compellente
3617 3700 3748 3738 cru-

2102 3773 2277 3837 ciatu,
2312 3789 2519 3844 aspera
2538 3778 2738 3828 contra
2767 3779 2949 3828 Deum
2981 3773 3208 3845 loquor,
3233 3778 3288 3829 et
3317 3774 3466 3828 dura
3498 3790 3510 3828 :
3544 3773 3747 3828 eodem

2104 3866 2316 3933 puncto
2365 3861 2714 3934 resipiscens
2737 3863 2974 3928 deﬁnio,
3011 3879 3101 3917 me
3151 3862 3266 3917 Deo
3317 3860 3396 3916 ita
3427 3861 3586 3933 loqui
3634 3877 3747 3916 non

2101 3956 2406 4027 oportere._

2177 4063 2197 4088 ι
2234 4041 2541 4096 Commuto
2590 4040 2794 4096 faciem
2849 4057 3061 4107 meam,
3115 4045 3172 4096 et
3217 4039 3412 4096 dolore
3449 4043 3744 4110 torqueor.

2101 4128 2354 4184 Verebar
2383 4129 2580 4184 omnia
2626 4145 2798 4202 Opera
2833 4146 2962 4184 mea
2994 4146 3004 4183 :
3043 4128 3232 4183 sciens
3281 4127 3434 4198 quod
3467 4143 3582 4182 non
3615 4143 3747 4197 par-

2102 4234 2261 4273 ceres
2293 4217 2656 4289 delinquenti
2687 4234 2699 4283 ;
2736 4217 2785 4272 si
2817 4223 3013 4272 autem
3044 4223 3101 4271 et
3143 4217 3226 4272 sic
3257 4222 3312 4271 et
3343 4215 3560 4289 impius
3591 4232 3746 4283 sum,

2103 4323 2282 4378 quare
2315 4307 2531 4361 frustra
2551 4305 2806 4361 laboravi
2829 4306 2856 4360 ‘I
2883 4326 2910 4354 η
2946 4306 3006 4360 ld
3029 4310 3139 4371 est,
3159 4323 3272 4377 pra:
3306 4304 3524 4361 doloris
3547 4303 3752 4360 nimie-

2101 4402 2218 4450 tate
2248 4395 2530 4450 contraho
2582 4401 2758 4466 atque
2806 4395 3171 4466 constristor,
3204 4400 3261 4450 et
3290 4395 3348 4449 in
3381 4395 3508 4466 ipso
3539 4393 3747 4450 deﬁni-

2101 4483 2278 4539 tionis
2309 4501 2449 4538 mea
2483 4483 3028 4547 momento,subitis
3055 4501 3120 4539 ac
3142 4482 3460 4555 repentinis
3481 4482 3750 4540 dolorum

345 4577 538 4646 potest
563 4573 832 4647 intelligi,
864 4575 965 4646 qui
997 4573 1154 4630 velut
1181 4575 1350 4630 turbo
1382 4575 1649 4631 incubuit
1679 4576 1735 4630 in
1769 4577 1894 4644 Job,
1932 4583 1997 4634 ut
2027 4591 2073 4656 ῃ
2107 4573 2326 4629 aculeis
2355 4573 2438 4627 ita
2470 4589 2639 4627 vexor
2659 4577 2835 4644 atque
2865 4572 3288 4644 discrucior,ut
3318 4589 3555 4628 rursum
3589 4587 3750 4625 ama-

346 4679 484 4718 eum
513 4667 787 4720 vastaret.

423 4752 606 4808 «Non
659 4753 926 4808 concedit
975 4752 1338 4824 requiescere
1390 4752 1660 4826 spiritum
1714 4771 1932 4811 meum.
1969 4780 1989 4806 ιι

349 4841 754 4898 Asthmaticon
787 4860 850 4898 se
893 4843 1122 4899 dicebat
1149 4843 1416 4898 eﬁ'ectum
1451 4862 1463 4899 :
1498 4843 1813 4900 inﬁrmitas
1838 4846 1993 4900 enim

345 4935 458 4998 est,
507 4947 634 5003 qua
684 4931 742 4987 in
796 4931 1175 5004 pulmonibus
1222 4937 1554 5004 generatur.
1600 4932 1998 4988 Obstruuntur

345 5020 543 5076 aditus
565 5020 806 5092 quidam
838 5021 1210 5093 pulmonum,
1233 5037 1382 5091 quos
1403 5021 1580 5076 Graci
1602 5038 1776 5092 poros
1807 5021 1998 5095 appel-

344 5108 492 5176 lant,
523 5115 580 5165 et
611 5111 690 5165 ita
739 5111 1225 5183 constringuntur
1263 5115 1445 5181 atque
1475 5109 1906 5166 concluduntur
1936 5112 1996 5167 in

342 5197 746 5270 pulmonibus,
779 5204 846 5255 ut
873 5200 1077 5256 dicunt
1106 5199 1336 5268 medici,
1366 5204 1432 5254 ut
1462 5199 1722 5268 reddere,
1751 5201 1870 5257 sive
1901 5217 1993 5257 re-

343 5287 537 5359 cipere
568 5288 865 5360 spiritum,
900 5289 1207 5360 pulmones
1255 5288 1626 5360 coangustati
1682 5306 1796 5344 non
1831 5290 1994 5346 sutﬁ-

343 5376 526 5442 ciant,
561 5377 743 5432 nimio
795 5378 973 5433 etiam
1024 5377 1221 5434 dolore
1252 5394 1386 5434 cum
1439 5377 1710 5434 festinato
1741 5380 1996 5452 suspirio

347 5465 648 5536 repetitur,
681 5473 738 5522 et
768 5467 1041 5523 concisus
1073 5467 1248 5522 ﬂatus
1277 5465 1582 5522 emittitur.

421 5575 450 5604 «
484 5553 553 5610 Et
578 5555 784 5629 implet
801 5573 893 5612 me
911 5555 1426 5612 amaritudinibus.
1456 5555 1513 5610 Si
1541 5555 1818 5613 fortitudo
1842 5574 1998 5631 qua-

345 5641 522 5725 ;itur,
553 5644 1005 5706 robustissimus
1040 5648 1149 5704 est.
1181 5644 1242 5704 Si
1290 5644 1537 5722 aquitas
1558 5644 1790 5722 judicii,
1827 5662 1998 5707 nemo

2107 4661 2382 4717 ritudinis
2412 4667 2470 4716 et
2503 4661 2651 4716 fellis
2683 4663 2859 4718 verba
2885 4664 3249 4734 depromam.

2178 4776 2204 4800 ‹‹
2239 4750 2299 4805 Si
2329 4750 2486 4805 lotus
2536 4752 2694 4806 fuero
2727 4752 2896 4823 quasi
2953 4751 3122 4822 aquis
3176 4751 3346 4814 nivis,
3379 4753 3435 4803 et
3484 4738 3755 4802 fulserint

2104 4839 2263 4895 velut
2313 4841 2714 4895 mundissima
2757 4857 2970 4896 manus
3018 4857 3156 4895 mea
3193 4858 3205 4894 :
3241 4845 3434 4894 tamen
3477 4835 3752 4892 sordibus

2105 4929 2359 5001 intinges
2409 4946 2519 4984 me.
2559 4952 2586 4977 ››
2622 4931 2682 4984 ln
2716 4929 3013 4984 ablutione
3061 4945 3198 5000 ergo
3250 4942 3538 4999 aquarum
3582 4923 3752 4994 nivis,

2105 5020 2324 5074 candor
2373 5019 2584 5074 mentis
2632 5019 2978 5088 ostenditur,
3011 5022 3069 5073 et
3115 5016 3173 5071 in
3225 5031 3427 5079 manu,
3463 5011 3756 5068 munditia

2107 5109 2330 5164 fructus
2360 5113 2693 5163 sanctorum
2740 5123 2982 5180 operum
3014 5106 3472 5162 demonstratur.
3504 5103 3574 5158 Et
3603 5105 3754 5157 recte

2109 5202 2297 5269 potest
2324 5196 2436 5251 nivi
2482 5197 2812 5268 haptismus
2861 5195 3212 5268 comparari.
3250 5196 3310 5249 In
3349 5191 3544 5265 pluvia
3592 5206 3752 5262 ergo,

2107 5291 2164 5342 et
2215 5287 2400 5341 imbre
2431 5286 2707 5342 afﬁuente
2763 5303 3094 5342 sermonem
3132 5282 3410 5340 doctrina
3455 5279 3756 5354 legislator

2107 5374 2261 5431 volui
2315 5374 2592 5431 indicare.
2647 5378 2706 5430 In
2758 5393 2885 5432 rore
2931 5392 3064 5431 vero
3115 5381 3173 5430 et
3216 5374 3274 5428 in
3329 5373 3478 5440 nive,
3511 5384 3753 5426 sensum

2108 5481 2242 5520 cum
2286 5462 2714 5520 illuminatione
2768 5465 2859 5520 sui
2911 5464 3189 5521 interiora
3235 5462 3521 5518 viscerum
3579 5473 3754 5531 pene-

2109 5558 2381 5610 trantem.

2185 5664 2214 5696 ‹‹
2243 5646 2310 5700 Et
2338 5641 2830 5702 abominabantur
2857 5659 2951 5703 me
2991 5645 3343 5705 vestimenta
3373 5654 3520 5698 mea.
3554 5635 3752 5709 Neque
