4066 6190
435 334 552 398 679

434 472 587 526 enim
641 467 781 532 viro,
817 465 916 538 qui
965 460 1177 520 similis
1222 460 1333 517 mei
1385 465 1494 529 est,
1528 463 1891 534 respondebo
1926 480 1938 518 :
1973 478 2079 517 nec
2111 476 2162 540 Α

434 557 535 630 qui
565 571 797 613 mecum
819 555 879 609 in
901 553 1127 625 judicio
1148 567 1216 608 ex
1236 568 1400 623 sequo
1431 550 1617 623 possit
1644 551 1857 607 audiri.
1881 572 1909 601 ››
1929 552 2082 606 Tan-

431 653 559 704 tum
590 644 747 701 enim
780 643 1071 700 malorum
1103 640 1248 696 mihi
1286 639 1518 696 illatum
1549 643 1639 696 est
1671 658 1683 696 :
1716 644 1781 696 ut
1811 640 2082 712 squalore

429 735 709 805 vulneris,
740 738 798 790 et
843 730 1192 806 putredinis,
1225 729 1276 786 si
1325 728 1439 784 dici
1490 733 1700 801 potest,
1731 729 1906 785 etiam
1952 746 2080 802 quas

431 821 800 882 insensibilia
827 824 963 877 sunt
993 820 1374 874 detestentur.

502 936 532 964 «
563 913 690 969 Non
720 914 810 967 est
837 909 939 982 qui
969 913 1286 978 utrumque
1313 905 1502 961 valeat
1530 921 1791 977 arguere.
1814 927 1843 954 »
1874 904 1936 960 Id
1967 908 2075 973 est,

432 1003 565 1076 quis
597 1005 684 1057 est
715 999 818 1072 qui
854 1000 1032 1055 Deum
1055 999 1244 1068 potest
1262 993 1775 1066 injustitim,quasi
1804 993 2076 1065 iniquum

430 1104 694 1164 arguere,
715 1087 829 1145 nisi
860 1084 1204 1143 temerarius
1220 1089 1278 1140 et
1300 1082 1684 1155 blasphemus
1699 1081 1727 1138 ?
1760 1084 1862 1154 qui
1886 1085 2077 1155 potest

426 1180 586 1237 velut
613 1179 672 1234 in
725 1192 889 1234 reum
936 1172 1265 1247 iniquitatis
1294 1189 1429 1228 cum
1478 1170 1813 1228 extensione
1862 1187 2075 1228 manus

427 1270 566 1326 dare
594 1265 947 1325 sententiam
967 1263 996 1319 τ
1022 1263 1134 1320 Job
1165 1262 1483 1332 verojuxta
1518 1261 1611 1316 Dei
1643 1259 2070 1329 testimonium,

427 1373 544 1430 quo
592 1357 780 1412 fuerat
825 1351 1211 1420 collaudatus,
1245 1367 1311 1406 eo
1361 1349 1516 1422 quod
1568 1349 1850 1404 innocens
1895 1352 2070 1417 esset,

427 1446 538 1503 sibi
571 1443 842 1501 conscius
888 1457 1022 1498 vero
1055 1440 1218 1510 dixit,
1251 1438 1408 1510 quod
1441 1454 1554 1493 non
1605 1441 1760 1494 esset
1786 1435 1943 1492 ullus
1971 1453 2073 1492 eo-

423 1552 577 1606 rum,
609 1551 743 1590 cum
774 1532 988 1604 quibus
1019 1528 1431 1593 altercabatur,
1464 1526 1565 1598 qui
1595 1541 1728 1583 eum
1764 1529 1916 1580 recte
1937 1542 2070 1596 pos-

423 1625 500 1681 sit
529 1622 773 1695 arguere
806 1639 819 1676 :
855 1621 994 1692 quia
1024 1619 1119 1673 ille
1153 1617 1419 1689 judicare
1465 1615 1714 1671 alterum
1739 1615 2070 1686 justissime

312 1735 335 1759 ο
423 1714 616 1782 audet,
639 1712 808 1782 cujus
841 1726 938 1765 rea
959 1703 1314 1763 conscientia
1334 1705 1404 1760 de
1433 1705 1526 1760 his
1557 1720 1688 1777 quae
1719 1703 1778 1758 in
1817 1702 2068 1759 alterum

417 1801 663 1872 judicat,
699 1815 812 1853 non
839 1801 1089 1852 tenetur.

495 1913 522 1939 ‹‹
557 1889 626 1944 Et
657 1903 870 1960 ponere
902 1901 1144 1941 manum
1177 1900 1344 1939 suam
1377 1883 1434 1937 in
1486 1882 1795 1938 ambobus.
1830 1882 2070 1936 Auferat

422 1997 456 2035 a
487 1994 579 2034 me
609 1976 830 2048 virgam
872 1991 1062 2040 suam,
1093 1978 1148 2028 et
1196 1989 1371 2044 pavor
1399 1972 1527 2042 ejus
1560 1988 1674 2026 non
1709 1988 1800 2026 me
1832 1976 2064 2026 terreat.

424 2068 672 2140 Loquar,
703 2071 762 2120 et
808 2081 922 2121 non
965 2063 1182 2118 timebo
1233 2077 1368 2116 eum
1403 2078 1414 2116 :
1451 2066 1563 2116 Nec
1611 2060 1767 2116 enim
1817 2075 2062 2131 possum

421 2161 687 2212 metuens
721 2153 1137 2225 respondere.»
1159 2150 1434 2218 Securus,
1469 2149 1682 2219 inquit,
1715 2154 1770 2204 et
1801 2152 2068 2203 constan-

420 2251 507 2301 ter
533 2249 672 2300 tunc
721 2246 919 2315 potero
968 2240 1337 2312 respondere,
1371 2239 1422 2293 si
1467 2238 1588 2292 haec
1637 2237 1753 2292 duo
1803 2241 2069 2292 amoveat

421 2351 454 2388 a
484 2350 577 2388 me
629 2350 641 2388 :
689 2329 956 2404 potentiae
1003 2327 1272 2383 videlicet
1319 2343 1437 2382 suae
1489 2325 1976 2397 magnitudinem,
2009 2329 2067 2380 et.

422 2423 634 2478 horum
667 2419 1032 2476 cruciatuum
1065 2433 1266 2489 poenas
1289 2458 1300 2470 .

1077 2504 1306 2560 CAPUT
1346 2504 1410 2560 X.

491 2623 519 2653 ‹‹
551 2599 746 2656 Taedet
793 2595 1052 2653 animam
1099 2610 1290 2649 meam
1344 2593 1474 2648 vitae
1527 2607 1714 2648 meae:
1767 2591 2062 2647 dimittam

422 2690 728 2745 adversum
762 2701 856 2741 me
903 2682 1202 2755 eloquium
1255 2698 1471 2737 meum.
1508 2681 1738 2752 Loquar
1767 2681 1823 2735 in
1857 2681 2066 2736 amari-

420 2780 622 2834 tudine
653 2776 859 2832 animze
892 2790 1055 2844 meas,
1088 2772 1277 2828 dicam
1310 2772 1426 2827 Deo
1460 2788 1472 2825 :
1507 2769 1631 2826 Noli
1666 2787 1756 2825 me
1788 2770 2061 2825 condem-

421 2883 576 2923 nare.
613 2865 812 2920 lndica
861 2863 1026 2930 mihi,
1061 2879 1166 2917 cur
1210 2877 1302 2914 me
1331 2861 1410 2914 ita
1449 2859 1728 2930 judices?
1761 2858 2060 2930 Numquid

416 2958 633 3012 bonum
664 2954 771 3010 tibi
817 2953 1064 3017 videtur,
1096 2950 1144 3006 si
1192 2948 1568 3005 calumnieris
1618 2965 1730 3013 me,
1762 2952 1818 3003 et
1865 2947 2060 3019 oppri-

415 3061 543 3101 mas
586 3061 679 3099 me
708 3059 855 3114 opus
902 3055 1185 3095 manuum
1232 3044 1490 3104 tuarum,
1518 3043 1577 3093 et
1606 3036 1915 3094 consilium
1949 3037 2059 3092 im-

412 3135 642 3206 piorum
675 3129 960 3202 adjuves?
990 3128 1292 3199 Numquid
1324 3126 1475 3182 oculi
1502 3127 1694 3182 carnei
1730 3125 1837 3182 tibi
1868 3133 2008 3183 sunt
2044 3143 2056 3182 :

411 3202 513 3278 aut
541 3221 694 3277 sicut
723 3218 878 3274 videt
907 3218 1101 3284 homo,
1134 3223 1190 3272 et
1218 3221 1282 3270 tu
1314 3215 1534 3270 videbis
1555 3216 1582 3270 ?
1613 3215 1909 3286 Numquid
1944 3215 2054 3270 sic-
2088 3202 2130 3268 C
2169 3217 2435 3286 miseriae,
2488 3223 2546 3274 et
2593 3219 2966 3286 tenebrarum
3015 3234 3026 3273 :

413 3317 477 3368 ut
505 3311 630 3367 dies
659 3308 915 3364 hominis
947 3308 1071 3362 dies
1105 3305 1210 3374 tui,
1244 3310 1301 3360 et
1332 3305 1468 3360 anni
1498 3303 1582 3359 tui
1613 3305 1766 3360 sicut
1797 3305 2056 3359 humana

412 3407 551 3456 sunt
597 3404 862 3470 tempora
895 3415 906 3452 :
938 3402 1004 3450 ut
1051 3411 1276 3466 quaeras
1331 3393 1700 3464 iniquitatem
1753 3409 1965 3459 meam,
1997 3397 2055 3448 et

413 3494 716 3561 peccatum
768 3501 961 3541 meum
1013 3482 1293 3539 scruteris
1329 3482 1356 3536 ‘?
1405 3486 1470 3535 Et
1521 3482 1672 3536 scias
1723 3483 1859 3553 quia
1907 3481 2053 3536 nihil

414 3577 664 3648 impium
715 3574 948 3630 fecerim
983 3591 995 3628 :
1026 3588 1160 3627 cum
1205 3570 1281 3626 sit
1313 3587 1481 3625 nemo
1515 3569 1613 3642 qui
1645 3570 1716 3624 de
1748 3587 1922 3624 manu
1956 3575 2056 3625 tua

415 3663 600 3737 possit
627 3679 846 3718 eruere.
872 3663 1077 3716 Manus
1110 3665 1240 3728 tuae,
1277 3659 1534 3725 Domine,
1562 3660 1822 3714 fecerunt
1856 3675 1969 3725 me,
2000 3664 2057 3714 et

416 3753 850 3827 plasmaverunt
880 3766 972 3805 me
1003 3755 1188 3804 totum
1221 3749 1279 3802 in
1311 3747 1581 3812 circuitu,
1615 3752 1671 3802 et
1703 3748 1786 3803 sic
1819 3752 2055 3818 repente

413 3839 896 3914 praecipitasme?
927 3837 1236 3903 Memento,
1261 3853 1480 3907 quaeso,
1504 3837 1658 3907 quod
1691 3836 1844 3892 sicut
1865 3836 2054 3893 lutum

413 3930 617 3987 feceris
649 3945 761 4000 me,
794 3934 850 3984 et
880 3927 937 3981 in
966 3925 1260 3997 pulverem
1294 3925 1532 3979 reduces
1565 3941 1674 3980 me.
1711 3925 1912 3980 Nonne
1944 3926 2054 3981 sic-

411 4025 476 4075 ut
507 4019 595 4075 lac
642 4017 897 4074 mulsisti
945 4032 1056 4082 me,
1089 4019 1145 4069 et
1189 4014 1340 4068 sicut
1376 4029 1609 4068 caseum
1660 4029 1751 4067 me
1780 4013 2052 4085 coagula-

411 4109 482 4164 sti
505 4108 532 4164 ?
560 4108 736 4176 Pelle,
768 4112 825 4162 et
845 4105 1120 4161 carnibus
1149 4101 1373 4158 vestisti
1407 4117 1533 4157 me:
1570 4102 1803 4156 ossibus
1833 4107 1891 4156 et
1923 4119 2050 4157 ner-

408 4199 497 4253 vis
534 4197 874 4270 compegisti
926 4211 1037 4249 me.
1080 4217 1098 4241 -
1135 4193 1296 4258 Quod
1332 4196 1526 4246 autem
1576 4190 1738 4260 dicit,
1773 4195 1960 4245 totum
1993 4207 2056 4246 se

409 4287 466 4340 in
518 4286 765 4341 circuitu
816 4286 1056 4352 factum,
1089 4286 1292 4337 contra
1334 4280 1633 4335 haereticos
1683 4278 1912 4334 locutus
1941 4284 2050 4347 est,

408 4375 504 4442 qui
537 4373 738 4429 dicunt
789 4372 1044 4428 animam
1077 4371 1148 4426 ab
1199 4369 1311 4426 alio
1343 4369 1456 4425 Deo
1489 4369 1722 4434 factam,
1755 4374 1810 4424 et
1841 4385 2053 4440 corpus

407 4465 479 4519 ab
510 4465 690 4519 altero
722 4461 1096 4534 plasmatum.

1940 327 2357 391 APPENDIX.

3666 339 3761 404 680

2265 485 2292 511 ‹‹
2327 463 2502 528 Quasi
2533 461 2772 519 leaenam
2803 461 2994 536 capies
3046 479 3156 519 me.
3190 485 3218 514 »
3251 463 3390 521 Huic
3418 483 3541 540 ergo
3580 469 3763 541 bestia,

2193 551 2276 607 ait
2301 552 2432 622 Job,
2464 552 2757 608 assimilas
2803 568 2898 609 me
2943 552 3240 610 hominem
3270 553 3537 612 humilem
3563 561 3613 613 et
3634 560 3763 631 abje-

2192 643 2374 696 ctum.

2266 767 2294 800 α
2321 745 2725 819 Reversusque
2774 747 3122 805 mirabiliter
3163 765 3255 805 me
3302 750 3535 806 crucias.
3569 774 3593 801 ››
3620 757 3770 810 Deum

2189 834 2420 891 dicebat
2446 836 2519 892 ad
2559 853 2622 892 se
2651 836 2882 908 reverti,
2914 838 3148 909 quando
3196 854 3330 894 cum
3361 838 3599 912 antiquis
3625 859 3771 898 novas

2188 939 2410 995 pmnas,
2444 927 2501 980 et
2530 924 2880 981 recentiores
2910 923 2971 981 in
3001 941 3108 981 suo
3135 942 3373 999 corpore
3400 928 3659 984 sentiebat
3685 930 3771 986 mi-

2185 1012 2470 1068 rabiliter.

2263 1139 2284 1168 ι
2318 1119 2621 1176 Instauras
2671 1123 2848 1178 testes
2895 1123 3028 1178 tuos
3058 1125 3259 1178 contra
3308 1138 3417 1178 me.
3451 1144 3477 1174 »
3509 1122 3615 1180 Hoc
3639 1125 3772 1194 dicit,

2185 1207 2324 1280 quia
2371 1207 2806 1282 castigationes,
2848 1213 2904 1266 et
2950 1226 3128 1282 poenae
3180 1214 3412 1280 nostrae,
3459 1215 3623 1268 testes
3665 1218 3776 1271 sunt

2183 1297 2393 1353 divinae
2407 1297 2673 1368 justitiaa.
2704 1299 2834 1356 Sive
2861 1299 3154 1356 cruciatus
3181 1299 3340 1357 illius
3371 1300 3574 1356 idcirco
3616 1302 3772 1359 dictos

2181 1391 2360 1444 testes
2390 1387 2679 1455 existimo,
2712 1388 2850 1460 quia
2875 1388 3130 1460 ejulante
3159 1405 3246 1460 eo,
3279 1393 3336 1446 et
3362 1390 3774 1463 rugiente,quasi

2181 1476 2585 1533 testimonium
2620 1483 2729 1533 Deo
2762 1481 3053 1535 tormenta
3079 1479 3421 1535 reddebant.

2261 1605 2286 1635 α
2315 1585 2384 1638 Et
2437 1584 2837 1656 multiplicasti
2872 1586 3018 1642 iram
3067 1589 3229 1642 tuam
3263 1587 3564 1644 adversum
3612 1605 3708 1656 me,
3731 1593 3774 1646 et

2182 1688 2360 1742 pcenae
2395 1671 2650 1728 militant
2679 1673 2738 1729 in
2771 1689 2883 1730 me.
2908 1675 3095 1741 Quare
3126 1676 3196 1730 de
3221 1675 3392 1732 vulva
3423 1677 3657 1734 eduxisti
3687 1693 3774 1742 me,

2181 1760 2280 1831 qui
2312 1759 2539 1816 utinam
2571 1767 2960 1835 consumptus
2983 1780 3194 1832 essem,
3221 1781 3293 1820 ne
3326 1764 3525 1822 oculus
3555 1783 3639 1822 me
3655 1767 3778 1821 vide-

2099 1835 2146 1900 B
2178 1852 2283 1903 ret.
2324 1848 2613 1916 Fuissem,
2635 1852 2800 1922 quasi
2835 1868 2950 1908 non
2981 1869 3172 1909 essem
3204 1854 3275 1910 de
3311 1859 3474 1910 utero
3505 1853 3781 1911 translatus

2179 1938 2249 1993 ad
2281 1939 2598 1994 tumulum.
2632 1937 2928 2010 Numquid
2962 1957 3076 1995 non
3107 1943 3377 2013 paucitas
3408 1943 3621 1998 dierum
3650 1959 3775 1997 meo~

2179 2043 2309 2082 rum
2343 2027 2576 2082 finietur
2623 2027 2780 2082 brevi
2803 2027 2830 2081 ?
2862 2049 2890 2078 »
2925 2032 3120 2084 Potest
3166 2030 3252 2086 ira
3299 2029 3405 2086 Dei
3437 2031 3684 2087 diabolus
3711 2031 3779 2086 in-

2180 2115 2356 2188 telligi
2395 2132 2406 2171 :
2441 2115 2610 2186 cuius
2664 2116 2990 2172 ministerio
3018 2117 3125 2173 Job
3175 2119 3419 2175 acerbos
3465 2121 3673 2176 dolores
3699 2137 3779 2192 pa-

2179 2205 2431 2260 tiebatur
2461 2205 2604 2276 (Job.
2637 2223 2698 2275 ιι,
2728 2206 2802 2276 6).
2840 2205 3024 2261 Poena
3077 2212 3273 2262 autem
3328 2208 3386 2263 in
3419 2226 3478 2265 se
3511 2208 3778 2265 militantes

2177 2294 2454 2349 dicuntur
2487 2308 2500 2349 :
2530 2293 2670 2364 quia
2701 2310 2801 2366 per
2850 2295 3165 2368 quemdam
3221 2296 3512 2352 malorum
3559 2297 3777 2354 ordinem

2176 2383 2573 2448 succedentes,
2615 2382 2871 2438 officium
2922 2383 3250 2440 commissas
3301 2384 3416 2441 sibi
3466 2383 3778 2442 crudelitatis

2173 2476 2462 2526 exercent.

2250 2599 2276 2630 α
2309 2579 2544 2634 Dimitte
2572 2595 2708 2651 ergo
2741 2594 2850 2648 me,
2886 2583 2951 2634 ut
2996 2578 3269 2652 plangam
3306 2581 3605 2653 paululum
3643 2579 3772 2636 dolo-

2173 2683 2294 2722 rem
2328 2683 2542 2722 meum.
2578 2690 2605 2718 »
2650 2667 2712 2722 Id
2743 2672 2852 2734 est,
2885 2668 3145 2740 requiem
3196 2669 3267 2724 ab
3300 2669 3436 2727 istis
3465 2669 3776 2726 cruciatibus

2173 2754 2317 2810 mihi
2349 2756 2619 2823 concede,
2654 2761 2718 2810 ut
2749 2755 3021 2828 plangam
3073 2756 3509 2828 aliquantulum
3559 2757 3774 2815 dolorem

2173 2860 2476 2916 pmnarum
2509 2861 2773 2900 mearum
2805 2862 2979 2918 quem
3011 2845 3070 2901 in
3103 2863 3350 2918 corpore
3382 2866 3506 2904 meo
3537 2847 3777 2911 sustineo,

2172 2933 2290 2988 sive
2321 2949 2495 3004 quem
2529 2933 2794 2989 futurum
2823 2934 2883 2989 in
2913 2934 3136 2990 inferno
3167 2935 3568 3007 perhorresco.

2243 3063 2271 3090 ‹‹
2304 3042 2630 3112 Antequam
2681 3041 2911 3107 vadam,
2943 3046 3000 3096 et
3029 3058 3143 3096 non
3199 3047 3458 3099 revertar
3503 3045 3572 3099 ad
3601 3048 3777 3099 terram

2172 3129 2560 3197 tenebrosam,
2591 3134 2649 3184 et
2698 3133 2959 3200 opertam
3016 3130 3220 3186 mortis
3271 3131 3566 3204 caligine:
3598 3135 3779 3186 terram

3077 3219 3174 3274 ubi
3227 3222 3444 3277 umbra
3491 3222 3695 3291 mortis,
3736 3223 3780 3274 et

2165 3306 2364 3362 nullus
2393 3307 2555 3378 ordo,
2588 3308 2688 3362 sed
2721 3307 3115 3379 sempiternus
3147 3307 3360 3364 horror
3397 3310 3726 3366 inhabitans.
3753 3328 3775 3355 »

2163 3394 2323 3457 Quod
2359 3399 2572 3450 terram
2604 3394 2920 3473 inferorum
2954 3395 3356 3468 descripserit,
3391 3397 3534 3453 nulli
3563 3396 3772 3452 dubium

2164 3489 2290 3549 est;
2341 3482 2539 3538 nullus
2585 3484 2724 3538 ordo
2775 3483 2854 3538 ibi
2904 3489 2992 3539 est
3040 3485 3168 3539 vitae
3201 3503 3214 3540 :
3249 3488 3559 3542 tenebrosa
3602 3488 3697 3552 est,
3725 3486 3775 3537 ut

2165 3573 2302 3636 dixi,
2329 3572 2525 3643 procul
2559 3573 2736 3628 dubio
2768 3572 2924 3627 velut
2951 3589 3166 3640 carcer,
3192 3574 3250 3628 in
3277 3591 3454 3645 quem
3484 3578 3775 3647 peccatores

2163 3666 2220 3716 et
2249 3661 2414 3732 impii
2443 3661 2540 3732 qui
2575 3659 2766 3716 lucem
2788 3661 2920 3717 odio
2953 3660 3304 3730 habuerunt,
3344 3670 3408 3719 ut
3439 3665 3774 3720 tenebrarum

2165 3749 2290 3813 ﬁlii,
2365 3749 2804 3805 contrudentur.
2864 3751 2998 3816 Quae
3075 3755 3230 3806 terra
3283 3751 3535 3825 caligine
3606 3747 3778 3806 mortis

2164 3843 2362 3910 operta
2391 3843 2478 3894 est
2511 3854 2522 3892 :
2561 3843 2622 3893 ut
2652 3839 2833 3892 clausi
2868 3838 2923 3892 in
2958 3845 3123 3894 nocte
3155 3844 3392 3906 aeterna,
3428 3839 3644 3896 nullum
3674 3853 3776 3909 poe-

2165 3927 2422 3982 nitentiae
2453 3926 2650 3982 lumen
2683 3925 2999 3998 aliquando
3040 3927 3349 3998 aspiciant.
3385 3929 3489 3986 Ubi
3522 3935 3606 3984 est
3635 3926 3779 3982 mise-

2166 4015 2246 4069 ris
2279 4016 2488 4070 umbra
2541 4015 2765 4083 mortis,
2798 4031 2926 4086 qua
2959 4014 3016 4070 in
3049 4015 3156 4071 hoc
3200 4015 3328 4072 loco
3382 4035 3557 4090 pmnze
3591 4011 3776 4070 intelli-

2163 4104 2364 4175 gendas
2423 4109 2563 4158 sunt
2614 4121 2628 4158 :
2689 4104 2826 4174 quia
2873 4105 3026 4159 sicut
3073 4105 3293 4160 umbra:
3342 4122 3642 4178 corporum
3686 4115 3777 4156 non

2165 4197 2303 4248 sunt
2354 4194 2524 4264 longe
2569 4210 2603 4248 a
2648 4193 3010 4264 corporibus,
3061 4210 3187 4264 qua:
3239 4195 3466 4252 faciunt
3514 4195 3776 4250 umbras:

2166 4281 2245 4336 ita
2302 4297 2482 4352 poena:
2560 4297 2674 4335 non
2734 4280 2904 4353 longe
2963 4299 2995 4336 a
3075 4287 3260 4337 morte
3316 4288 3478 4355 sunt,
3537 4299 3652 4348 quae
3703 4278 3779 4333 in-

2163 4372 2358 4426 ferunt
2407 4373 2670 4424 mortem.
2705 4369 2828 4425 Non
2881 4374 3133 4426 revertar
3184 4372 3255 4426 ad
3287 4372 3440 4428 hanc
3488 4368 3775 4427 mortalita-

2162 4464 2303 4526 tem,
2337 4457 2434 4514 ubi
2483 4463 2646 4513 tanta
2695 4459 2850 4514 mala
2897 4459 3104 4530 patior.
3148 4459 3392 4530 Spiritus
3440 4461 3669 4524 divinus,
3699 4453 3781 4528 qui

480 4575 508 4604 «
537 4552 730 4607 Vitam
761 4555 817 4607 et
858 4549 1318 4605 misericordiam
1351 4546 1608 4602 tribuisti
1643 4547 1806 4610 mihi,
1840 4552 1896 4601 et
1923 4545 2053 4602 visi-
2082 4567 2129 4632 D
2159 4551 2236 4603 est
2267 4549 2324 4603 in
2368 4549 2598 4603 naribus
2647 4550 2802 4602 meis.
2835 4549 2968 4620 (Job.
3007 4565 3205 4619 xxvur,
3239 4550 3316 4618 3).
3350 4551 3498 4616 Quia
3543 4564 3667 4604 eum
3695 4545 3779 4599 do-

404 4642 546 4699 tatio
578 4647 681 4698 tua
710 4640 1022 4696 custodivit
1064 4638 1337 4710 spiritum
1371 4652 1588 4691 meum.
1627 4635 1776 4691 Licet
1807 4635 1929 4690 haac
1957 4651 2048 4690 ce-

403 4731 487 4788 les
536 4720 819 4787 inﬂcorde
868 4734 1015 4783 tuo:
1057 4731 1252 4781 tamen
1285 4725 1406 4780 scio
1461 4723 1599 4795 quia
1648 4723 2051 4778 universorum

406 4818 836 4876 memineris.Si
871 4815 1192 4890 peccavi,et
1221 4813 1292 4868 ad
1324 4813 1526 4869 horam
1553 4812 1859 4884 pepercisti
1885 4813 2049 4883 mihi,

404 4925 510 4964 cur
539 4909 613 4964 ab
645 4907 955 4980 iniquitate
986 4921 1115 4960 mea
1150 4903 1438 4958 mundum
1471 4917 1564 4955 me
1593 4917 1721 4956 esse
1753 4918 1866 4956 nou
1900 4907 2055 4972 pate-

406 4995 533 5051 ris?
564 4996 632 5050 Et
662 4997 710 5052 si
749 4995 966 5066 impius
997 4994 1179 5059 fuero,
1204 5009 1285 5046 va:
1316 4990 1586 5055 mihiest,
1610 4995 1666 5045 et
1688 4989 1736 5044 si
1762 4990 1985 5062 justus.
2018 5011 2046 5040 »

406 5084 540 5155 Ipsa
564 5083 762 5139 anima
791 5090 879 5139 est
895 5084 1011 5138 vita
1031 5082 1124 5136 hic
1155 5079 1464 5153 appellata,
1495 5095 1610 5134 non
1639 5077 1756 5133 vita
1785 5079 1994 5134 animaa
2035 5097 2048 5134 :

405 5172 544 5244 quia
573 5177 822 5244 possunt
850 5177 907 5226 et
936 5177 1100 5227 actus
1129 5171 1336 5226 animis
1367 5168 1487 5223 vita
1515 5167 1865 5238 nuncupari.

472 5286 499 5311 ι(
533 5260 658 5317 Non
705 5261 906 5318 levabo
953 5267 1148 5332 caput,
1180 5262 1479 5316 saturatus
1508 5256 1823 5312 afflictione
1852 5261 1909 5312 et
1938 5257 2046 5312 mi-

402 5349 572 5407 seria.
607 5351 675 5406 Et
721 5355 954 5423 propter
1001 5348 1360 5420 superbiam.
1395 5371 1422 5397 »
1458 5347 1518 5402 Id
1570 5351 1680 5414 est,
1713 5350 2044 5401 contractus

400 5440 598 5496 dolore
628 5445 685 5496 et
714 5439 1017 5495 tormentis
1046 5439 1334 5493 viscerum
1371 5453 1382 5492 :
1419 5440 1594 5506 caput
1621 5437 1693 5490 ad
1727 5435 1845 5490 ima
1875 5435 2046 5506 depo-

399 5529 579 5587 situm
611 5529 834 5586 elevare
877 5545 990 5585 non
1023 5543 1262 5604 possum
1295 5525 1414 5582 sive
1443 5523 1785 5583 confusione
1813 5529 1870 5581 et
1899 5540 2043 5581 mm-

397 5635 527 5682 rore
557 5617 833 5697 repletus.

2161 4636 2352 4692 lorum
2384 4635 2672 4708 angustiis
2694 4635 3088 4706 anhelantem,
3112 4639 3572 4694 consolationem
3604 4635 3781 4691 robore

2164 4726 2424 4798 urgebat.
2459 4726 2588 4793 Qui:
2634 4726 2774 4780 mihi
2820 4726 3028 4780 tribuat
3074 4735 3136 4781 ut
3177 4729 3237 4782 in
3288 4728 3514 4801 inferno
3559 4727 3780 4798 protegas

2162 4831 2269 4883 me,
2305 4825 2358 4871 et
2397 4813 2703 4870 abscondas
2751 4813 2920 4870 donec
2948 4820 3295 4885 pertranseat
3334 4818 3426 4871 ira
3457 4821 3571 4883 tua,
3601 4816 3646 4870 et
3671 4824 3756 4867 con

2161 4904 2357 4959 stituas
2385 4903 2530 4959 mihi
2571 4908 2779 4974 tempus
2829 4905 2887 4958 in
2919 4919 3022 4974 quo
3052 4905 3358 4960 recorderis
3389 4907 3498 4960 mei
3523 4903 3653 4974 (Job.
3682 4911 3778 4959 xiv.

2163 4993 2252 5061 13)
2272 4993 2299 5047 ?
2332 4992 2514 5047 Furor
2562 4991 2660 5046 irae
2695 4992 2787 5047 Dei
2841 4992 3195 5064 pertransiit,
3230 5009 3403 5065 quem
3457 4993 3636 5047 Adam
3667 4999 3775 5060 pec-

2159 5081 2343 5136 cando
2399 5081 2720 5152 promeruit
2759 5080 2914 5152 (Gen.
2974 5098 3057 5147 m,
3100 5082 3178 5152 6),
3225 5082 3464 5154 quando
3513 5079 3777 5147 chirogra-

2158 5169 2340 5242 phum
2373 5169 2432 5224 in
2465 5175 2711 5225 mortem
2747 5169 2999 5225 filiorum
3033 5171 3161 5241 ejus
3191 5170 3611 5242 conscriptum,
3645 5159 3776 5220 Chri-

2156 5257 2231 5313 sti
2261 5257 2471 5313 delevit
2500 5259 2784 5314 adventus
2813 5258 3036 5327 (Coloss.
3064 5276 3126 5326 ιι,
3165 5261 3272 5330 14).
3305 5259 3534 5315 Nemini
3566 5268 3692 5326 ergo
3719 5248 3777 5302 de

2156 5347 2378 5402 sanctis
2411 5347 2626 5402 mirum
2652 5347 2941 5414 videatur,
2973 5348 3074 5420 qui
3120 5349 3373 5405 adventu
3407 5343 3628 5402 Domini
3659 5339 3778 5395 sunt

2153 5435 2406 5492 absoluti
2439 5437 2511 5492 ab
2545 5436 2768 5504 inferis,
2801 5442 2857 5492 et
2887 5438 3328 5493 resurrectionis
3358 5434 3572 5492 Christi
3603 5441 3774 5488 exem-

2151 5524 2245 5598 plo
2295 5526 2353 5582 in
2407 5542 2510 5600 spe
2565 5525 2746 5584 beata
2799 5526 3241 5585 resurrectionis
3300 5541 3419 5584 suae
3479 5525 3611 5582 sunt
3652 5530 3776 5574 con-

2151 5614 2367 5676 stituti.
