4066 6190
267 427 377 483 68!

335 615 338 617 .
919 560 1148 615 CAPUT
1188 561 1280 614 Xl.

341 670 368 697 ‹‹
404 647 790 717 Respondeas
823 653 1019 703 autem
1050 649 1278 720 Sophar
1316 650 1717 705 Naamatbites
1747 652 1925 708 dixit:

269 735 565 805 Numquid
597 735 699 806 qui
734 735 919 790 multa
964 737 1248 808 loquitur,
1293 755 1409 794 non
1441 740 1674 795 audiet:
1708 745 1811 795 aut
1843 742 1928 795 vir

267 825 550 879 verbosus
569 824 1042 893 justificabitur?
1075 847 1101 875 ››
1137 827 1330 881 Veluti
1363 828 1408 881 si
1441 827 1716 883 dixisset:
1751 829 1928 883 Num-

269 913 412 985 quid
443 917 635 985 potest
678 912 766 967 vir
810 914 1089 970 verbosus
1136 916 1510 971 admirationi
1561 917 1782 986 haberi,
1827 923 1929 972 aut

269 1000 557 1072 praeconio
589 1000 780 1056 laudis
811 1002 997 1056 efferri
1025 1018 1036 1054 :
1087 1019 1220 1058 cum
1253 1003 1330 1058 sit
1369 1004 1701 1059 ostensione
1731 1004 1924 1059 nimiae

271 1090 642 1146 verbositatis
672 1090 909 1146 odiosus
929 1089 957 1144 ?
986 1091 1089 1146 sed
1138 1093 1333 1162 potius
1365 1092 1567 1146 audire
1597 1093 1767 1148 debet
1798 1109 1926 1164 quae

272 1183 568 1235 meretur:
602 1195 697 1249 ne,
748 1179 1002 1235 vanitate
1045 1183 1255 1248 elatus,
1312 1179 1503 1236 solum
1545 1197 1607 1236 se
1635 1181 1928 1237 existimet

274 1269 622 1340 sapientem.

346 1379 374 1406 ‹‹
409 1357 538 1412 Tibi
588 1357 695 1412 soli
747 1357 1026 1412 tacebunt
1073 1357 1360 1426 homines,
1410 1362 1466 1412 et
1515 1375 1648 1413 cum
1689 1363 1926 1413 caeteros

266 1445 547 1516 irriseris,
580 1463 613 1501 a
640 1445 800 1501 nullo
830 1447 1224 1502 confutaberis
1246 1446 1273 1500 ‘?
1302 1447 1426 1501 Non
1459 1453 1596 1501 sunt
1626 1447 1746 1502 hac
1777 1450 1923 1503 ami-

273 1551 482 1591 corum
515 1534 740 1599 solatia,
772 1535 872 1590 sed
904 1535 1164 1590 hostium
1203 1535 1332 1590 tela.
1370 1539 1454 1590 Ita
1485 1541 1548 1589 ut
1579 1553 1733 1590 nunc
1765 1536 1926 1590 dica-

273 1639 415 1678 mus
446 1624 516 1679 de
547 1624 741 1678 vobis:
776 1624 909 1678 Filii
957 1623 1242 1679 hominum
1292 1624 1476 1680 dentes
1518 1641 1732 1690 eorum,
1763 1643 1926 1679 arma

273 1716 328 1767 et
355 1713 588 1782 sagittas.

355 1822 377 1849 α
413 1801 562 1856 Dixit
591 1800 745 1855 enim
776 1817 788 1856 :
824 1801 1010 1856 Purus
1041 1811 1129 1857 est
1151 1819 1342 1858 sermo
1373 1819 1558 1872 meus,
1583 1807 1639 1857 et
1661 1803 1930 1858 mundus

273 1907 407 1945 sum
441 1890 498 1944 in
527 1895 838 1961 conspectu
874 1896 994 1946 tuo.
1032 1913 1058 1938 ››
1090 1891 1213 1946 Non
1245 1892 1328 1946 ita
1359 1891 1521 1962 dixit,
1558 1893 1712 1963 quod
1746 1908 1927 1963 purus

275 1983 430 2034 esset
478 1983 534 2034 et
584 1979 860 2050 mundus,
913 1981 968 2034 id
1016 1985 1124 2050 est,
1176 1982 1330 2051 quod
1382 1980 1835 2053 cogitationibus
1876 1984 1934 2034 et

271 2068 466 2123 verbis
495 2073 629 2123 ante
660 2072 838 2123 Deum
889 2069 1308 2124 immaculatus
1355 2071 1666 2138 existeret;
1705 2070 1806 2124 sed
1838 2070 1930 2123 di—

272 2167 376 2237 xit,
410 2164 565 2222 Nihil
599 2166 848 2236 impium
881 2167 1006 2222 feci.

353 2278 380 2303 «
417 2259 606 2325 Atque
635 2255 858 2308 utinam
896 2257 1046 2310 Deus
1088 2254 1421 2326 loqueretur
1463 2261 1676 2321 tecum,
1705 2259 1762 2310 et
1795 2270 1933 2326 ape-

282 2346 426 2399 riret
453 2343 608 2398 labia
639 2360 745 2398 sua
773 2343 936 2397 tibi.»
970 2344 1121 2398 Dixit
1152 2345 1308 2415 quali
1330 2344 1554 2415 judicio
1586 2345 1696 2398 Job
1726 2344 1936 2398 debue-

280 2433 363 2488 rit
390 2432 784 2487 condemnari.
821 2432 884 2486 In
925 2433 1215 2504 loquendo
1261 2433 1416 2488 enim
1448 2449 1645 2488 vocem
1679 2433 1801 2500 Dei,
1834 2449 1934 2487 cu-

271 2524 378 2592 jus
408 2537 618 2577 sonum
652 2538 822 2576 aures
844 2521 1194 2593 suscipiunt,
1229 2527 1293 2576 ut
1331 2521 1600 2589 arbitror,
1632 2521 1816 2577 voluit
1844 2520 1934 2575 in-

280 2611 494 2665 dicare.
530 2611 592 2665 In
623 2610 952 2681 aperiendis
999 2626 1130 2665 vero
1181 2610 1375 2680 labiis,
1415 2614 1573 2666 vocis
1605 2609 1932 2681 intelligen-

278 2701 426 2756 tiam
460 2699 899 2754 demonstravit.

355 2811 383 2838 ‹‹
418 2788 490 2843 Ut
519 2789 850 2843 ostenderet
903 2789 1008 2843 tibi
1059 2793 1280 2844 secreta
1331 2788 1648 2860 sapientia,
1694 2793 1750 2842 et
1780 2789 1936 2859 quod

282 2877 589 2949 multiplex
637 2882 791 2932 esset
839 2876 929 2932 lex
975 2879 1124 2947 ejus.
1178 2900 1206 2927 »
1258 2878 1459 2932 Cordis
1498 2878 1626 2947 ejus
1657 2877 1855 2931 abdita
1883 2881 1940 2931 et

281 2970 510 3022 remota
531 2966 776 3036 judicia,
808 2966 866 3020 in
908 2966 1124 3037 quibus
1171 2965 1478 3037 multiplex
1507 2969 1564 3020 et
1591 2965 1937 3036 imperscru~

280 3054 482 3110 tabilis
507 3060 616 3121 est,
650 3071 1051 3126 cognosceres.

366 3167 394 3191 «
428 3144 495 3198 Et
525 3142 878 3214 intelligeres
927 3144 1082 3213 quod
1128 3143 1314 3198 multo
1355 3141 1582 3197 minora
1612 3142 1840 3214 exgaris
1870 3141 1939 3194 ab

283 3248 376 3296 eo,
411 3247 587 3303 quam
617 3236 875 3286 meretur
921 3231 1204 3302 iniquitas
1248 3236 1369 3285 tua.
1423 3252 1449 3280 ››
1489 3233 1602 3285 lloc
1631 3236 1739 3297 est,
1774 3231 1942 3301 plura

1347 430 1864 490 COMMENTAR.
1914 433 1990 492 ΙΝ
2035 433 2194 493 JOB.
2242 433 2412 493 CAP.
2463 435 2567 493 XI.

3570 441 3688 502 682

1955 573 2000 634 Α
2041 565 2266 636 plagam
2321 567 2472 620 hanc
2506 566 2822 637 pessimam
2877 566 2932 620 in
2979 566 3096 622 tuis
3143 569 3418 626 carnibus
3448 572 3692 629 saevien-

2040 660 2177 708 tem.
2213 656 2555 726 Expandisti
2588 656 2658 710 ad
2709 672 2842 710 eum
2874 672 3084 710 manus
3114 661 3284 714 tuas:
3314 659 3372 713 id
3404 666 3512 730 est,
3546 662 3696 718 falsa

2038 759 2279 812 operum
2309 743 2534 808 merita,
2560 760 2655 798 ore
2677 742 2987 815 vaniloquo
3011 743 3301 800 dilatasti:
3330 746 3468 818 quia
3489 749 3694 806 multis

2038 830 2202 894 locis,
2239 833 2472 888 nomine
2508 849 2817 898 manuum,
2853 849 3028 904 opera
3058 833 3460 904 designantur.

2111 944 2137 969 ((
2175 921 2232 975 Si
2268 921 2641 992 iniquitatem
2677 939 2804 993 quae
2850 927 2938 978 est
2983 923 3041 976 in
3073 939 3252 978 manu
3284 928 3406 991 tua,
3438 923 3694 982 abstule-

1995 1031 2002 1037 -
2038 1009 2119 1063 ris
2151 1027 2183 1063 a
2217 1017 2288 1074 te,
2326 1016 2381 1065 et
2412 1027 2525 1065 non
2571 1011 2851 1066 manserit
2897 1012 2954 1065 in
3003 1012 3377 1068 tabernaculo
3406 1016 3505 1069 tuo
3535 1013 3697 1085 inju-

2037 1097 2216 1153 stitia.
2279 1122 2300 1148 ι
2353 1103 2497 1154 Cum
2553 1100 2993 1171 exprobratione
3038 1100 3231 1173 arguit
3276 1102 3408 1170 Job,
3447 1103 3694 1162 dicens:

2037 1187 2095 1241 Si
2130 1187 2408 1258 iniquitas
2440 1205 2566 1260 quae
2615 1194 2704 1243 est
2746 1189 2808 1246 in
2860 1206 3037 1244 manu
3069 1190 3261 1261 operis
3308 1191 3416 1261 tui,
3454 1196 3512 1248 et
3540 1192 3696 1264 inju-

2036 1276 2196 1331 stitia
2227 1277 2285 1330 in
2315 1276 2691 1333 tabernaculo
2722 1278 2912 1334 cordis
2940 1278 3022 1333 tui
3059 1295 3172 1335 non
3205 1281 3507 1336 manserit.

2111 1387 2136 1414 ‹‹
2174 1365 2336 1420 Tunc
2369 1366 2555 1421 levare
2587 1367 2804 1438 poteris
2853 1367 3058 1422 faciem
3110 1376 3269 1424 tuam
3317 1371 3539 1442 absque
3570 1387 3697 1428 ma-

2037 1452 2187 1524 cula,
2215 1458 2270 1508 et
2302 1454 2416 1509 eris
2446 1453 2698 1525 stabilis,
2731 1461 2787 1510 et
2819 1473 2932 1510 non
2966 1456 3220 1512 timebis.
3255 1478 3284 1508 ››
3315 1459 3588 1516 Sanctam
3617 1461 3700 1517 vi-

2038 1541 2246 1597 delicet
2278 1543 2585 1614 possidens
2634 1544 3073 1614 conscientiam,
3123 1552 3181 1602 et
3225 1547 3468 1604 liberam
3501 1551 3573 1605 ad
3603 1551 3701 1607 de-

2039 1632 2396 1701 precandum
2431 1633 2612 1687 Deum
2646 1633 2876 1704 erigens
2909 1634 3117 1690 faciem
3150 1639 3338 1693 tuam.
3367 1637 3510 1694 Cain
3541 1639 3698 1695 enim

2041 1719 2336 1776 fratricida
2369 1722 2424 1775 in
2472 1727 2628 1776 terra
2673 1721 2815 1778 Naid
2872 1723 3154 1779 habitavit
3192 1724 3345 1796 (Gen.
3388 1744 3462 1796 ιν,
3495 1727 3604 1798 16),
3637 1727 3697 1784 id

2039 1813 2146 1875 est,
2180 1809 2474 1866 instabilis
2508 1811 2694 1866 factus
2715 1817 2822 1866 est.
2854 1812 2935 1867 Ne
2965 1829 3100 1885 ergo
3126 1817 3182 1868 et
3210 1815 3321 1869 Job
3350 1815 3696 1886 hujusmodi

2042 1898 2416 1970 supplicium,
2461 1917 2642 1971 super
2675 1905 2861 1954 morte
2912 1919 3019 1956 sua
3050 1907 3398 1974 perpetuum
3429 1903 3701 1961 timorem

2041 1987 2383 2058 incurreret,
2416 1988 2639 2059 Sophar
2685 1988 2954 2043 hortatur
2992 2005 3147 2058 eum,
3199 1991 3400 2046 dicens
3431 2007 3443 2045 :
3478 1992 3537 2047 Si
3580 1992 3702 2048 haec

2043 2077 2268 2142 feceris,
2305 2094 2428 2148 quae
2461 2095 2639 2149 supra
2670 2077 2946 2148 diximus,
2979 2077 3094 2134 eris
3126 2079 3376 2134 stabilis.
3409 2084 3528 2136 Hoc
3558 2095 3701 2137 sane

2043 2165 2369 2230 sciendum,
2403 2166 2543 2236 quia
2572 2171 2660 2221 est
2689 2166 2999 2222 commotio
3039 2166 3098 2221 in
3127 2183 3244 2238 qua
3274 2172 3540 2240 peccator
3568 2184 3699 2241 per-

2047 2269 2290 2307 manens
2321 2253 2380 2307 in
2414 2254 2770 2310 facinoribus
2801 2253 2946 2321 suis,
2991 2259 3124 2310 ante
3173 2255 3377 2311 faciem
3417 2273 3533 2312 non
3563 2273 3700 2313 con-

2046 2342 2214 2396 stitit.
2249 2341 2446 2398 Facies
2469 2348 2571 2397 tua
2611 2349 2892 2414 tanquam
2937 2361 3091 2415 aqua
3127 2361 3294 2416 pura,
3327 2350 3384 2400 et
3412 2345 3702 2418 spoliabe-

2051 2429 2131 2485 ris
2162 2430 2352 2500 sorde,
2387 2435 2440 2485 et
2484 2448 2596 2486 non
2649 2431 2904 2487 timebis.
2941 2433 3048 2498 Qui
3101 2439 3188 2489 est
3237 2433 3475 2490 sinceras
3506 2438 3564 2490 et
3595 2450 3704 2506 pu-

2047 2518 2282 2573 rificatam
2309 2519 2539 2589 mentis,
2565 2526 2622 2575 et
2644 2521 2902 2576 mundus
2933 2522 3004 2576 ab
3037 2522 3196 2576 omni
3219 2523 3409 2594 sorde,
3433 2522 3708 2594 pertimet

2047 2607 2223 2662 vitia:
2261 2608 2475 2678 quibus
2527 2610 2687 2664 velut
2736 2609 2958 2665 exuviis
3008 2610 3385 2682 exspoliatus,
3420 2615 3706 2684 tanquam

2048 2714 2076 2751 e
2112 2697 2369 2751 tenebris
2421 2699 2666 2754 eductus
2716 2698 2981 2770 fulgebit.
3035 2703 3219 2754 Homo
3251 2699 3456 2756 faciem
3489 2701 3706 2756 mentis

2051 2803 2169 2840 sum
2219 2787 2487 2841 candoris
2538 2787 2789 2858 puritate
2813 2789 3125 2859 praeferens
3152 2787 3481 2844 radiantem
3517 2805 3706 2860 popu-

2048 2874 2170 2928 lum
2221 2874 2514 2945 significat
2562 2876 2922 2940 Judasorum,
2973 2877 3074 2946 qui
3127 2875 3425 2932 Christum
3476 2880 3702 2947 patrem

2050 2964 2305 3034 quodam
2339 2966 2513 3019 modo
2541 2981 2715 3020 suum
2747 2965 2979 3019 occidit.

2128 3072 2148 3098 α
2184 3052 2425 3106 Miseria
2457 3069 2687 3124 quoque
2720 3053 3102 3120 Oblivisceris,
3133 3059 3190 3108 et
3216 3054 3383 3125 quasi
3414 3068 3706 3125 aquarum

2050 3157 2176 3210 quae
2210 3140 2604 3209 praeterierint,
2659 3158 2773 3195 non
2828 3141 3246 3198 recordaberis.
3278 3163 3304 3190 »
3359 3147 3421 3196 In
3453 3141 3708 3198 transitu

2050 3229 2250 3300 itaque
2282 3246 2590 3300 aquarum,
2622 3230 2850 3300 SOphar
2871 3230 2978 3285 hoc
3009 3229 3130 3284 vult
3158 3230 3518 3302 intelligere;
3552 3230 3709 3302 quod

286 3321 411 3392 pati
457 3321 634 3375 debes
681 3324 991 3385 tormenta,
1045 3336 1222 3391 quam
1273 3325 1328 3374 te
1377 3319 1669 3374 sustinere
1720 3318 1940 3390 procla-
1975 3308 2017 3373 C
2057 3323 2176 3372 tam
2209 3318 2321 3372 cito
2354 3318 2580 3387 possint
2611 3318 2906 3374 discedere
2939 3319 3009 3374 ab
3053 3335 3118 3374 eo
3149 3319 3398 3387 dolores,
3433 3321 3481 3376 si
3512 3325 3709 3375 tamen

289 3425 444 3464 mas.

369 3520 395 3547 α
428 3498 690 3556 Forsitan
720 3496 966 3568 vestigia
1012 3497 1112 3552 Dei
1155 3495 1634 3568 comprehendes,
1669 3500 1724 3550 et
1757 3511 1943 3566 usque

285 3587 365 3643 ad
415 3588 734 3658 perfectum
779 3586 1238 3656 omnipotentem
1291 3585 1561 3656 reperies.
1612 3606 1640 3632 ››
1685 3583 1946 3655 Vestigia

286 3677 392 3732 Dei
452 3674 553 3730 illa
607 3679 764 3745 sunt,
798 3675 1031 3744 quando
1078 3674 1414 3744 dignatione
1459 3672 1550 3727 sui
1605 3672 1946 3727 hominibus

289 3765 628 3819 innotescit.
659 3764 730 3817 Et
759 3763 888 3817 ideo
937 3767 1075 3817 tunc
1115 3778 1268 3823 eum_
1296 3760 1678 3832 vestigemus,
1711 3761 1945 3832 quando

289 3869 358 3908 se
388 3852 557 3907 nobis
588 3849 1023 3922 aliquantulum
1071 3849 1446 3905 manifestare
1487 3849 1780 3920 dignatur.
1814 3853 1945 3902 Hinc

288 3947 437 3997 sunt
465 3956 601 4011 ergo
632 3940 877 4012 vestigia
908 3939 1025 4006 Dei,
1058 3955 1190 3993 cum
1222 3955 1356 3992 eum
1389 3937 1948 4008 incomprehensibi-

287 4031 410 4086 lem
443 4029 815 4096 intellexeris,
848 4034 906 4084 et
935 4027 1269 4082 credideris.

370 4140 398 4166 ‹‹
433 4119 722 4174 Excelsior
751 4117 892 4172 caelo
937 4121 1042 4184 est,
1078 4121 1136 4171 et
1178 4116 1317 4188 quid
1351 4115 1572 4171 facies?
1604 4116 1951 4170 Profundior

292 4209 548 4278 inferno,
571 4211 626 4262 et
651 4208 806 4261 unde
832 4222 1147 4277 cognosces
1170 4205 1197 4258 ‘?
1223 4207 1465 4277 Longior
1487 4211 1648 4260 terre
1674 4221 1950 4259 mensura

293 4299 428 4368 ejus
459 4301 515 4351 et
562 4296 734 4352 latior
782 4296 946 4350 mari.
1001 4295 1059 4349 Si
1114 4295 1466 4350 subverterit
1519 4293 1738 4361 omnia,
1772 4293 1857 4347 vel
1890 4293 1949 4348 in

296 4403 486 4442 unum
537 4385 951 4440 coarctaverit:
987 4383 1118 4454 quis
1163 4383 1520 4438 contradicet
1566 4382 1617 4436 ei
1641 4385 1667 4436 ‘t
1705 4381 1791 4436 vel
1819 4381 1953 4452 quis

296 4477 494 4531 dicere
525 4475 575 4529 ei
611 4479 836 4546 potest:
875 4473 988 4528 Cur
1033 4473 1116 4527 ita
1157 4473 1346 4526 facis?
1392 4491 1418 4523 ι»
1465 4470 1769 4526 Credimus
1799 4470 1952 4541 quod

297 4565 524 4634 ubique
553 4567 642 4618 est
683 4568 854 4631 Deus,
903 4567 960 4616 et
1003 4561 1157 4615 intra
1204 4577 1338 4614 eum
1387 4559 1584 4614 omnia
1632 4577 1758 4630 quae
1791 4560 1862 4614 ab
1889 4575 1954 4614 co

298 4657 500 4709 creata
529 4656 668 4706 sunt
697 4651 1086 4706 continentur.

383 4763 410 4794 ι
443 4745 571 4812 Ipse
601 4741 755 4795 enim
790 4740 951 4795 novit
981 4739 1287 4794 hominum
1311 4739 1647 4802 vanitatem,
1676 4742 1732 4791 et
1758 4737 1961 4791 videns

301 4831 678 4902 iniquitatem
735 4846 926 4884 nonne
984 4828 1358 4884 considerat?
1413 4829 1538 4898 Ipse
1586 4827 1740 4880 enim
1803 4825 1962 4880 novit

304 4937 487 4992 opera
518 4919 876 4990 iniquorum,
925 4923 982 4972 et
1012 4917 1210 4972 videns
1258 4918 1480 4987 injuste
1530 4933 1642 4971 non
1678 4915 1960 4987 negligit;

306 5007 449 5078 quia
478 5006 712 5077 iniquos
741 5011 798 5060 et
825 5006 1038 5076 impios
1067 5004 1343 5059 vindicat.

385 5117 413 5145 ιι
450 5095 550 5150 Vir
579 5111 766 5150 vanus
795 5095 855 5149 in
907 5094 1243 5166 superbiam
1292 5093 1560 5164 erigitur,
1595 5097 1652 5146 et
1682 5097 1965 5163 tanquam

310 5184 543 5256 pullum
604 5184 806 5256 onagri
865 5201 926 5239 se
980 5183 1229 5237 liberum
1277 5186 1480 5236 natum
1532 5185 1779 5252 putat.»
1823 5179 1974 5235 Dicit

311 5290 450 5327 eum
483 5271 642 5344 pullo
674 5273 877 5343 onagri
911 5271 1188 5336 similem,
1237 5271 1452 5325 effreno
1486 5269 1705 5326 scilicet
1734 5267 1972 5324 animali

312 5375 373 5426 et
404 5387 546 5441 vago
576 5387 642 5425 eo
694 5371 848 5442 quod
899 5370 979 5424 ita
1027 5368 1318 5423 existimet
1365 5370 1436 5422 de
1479 5384 1541 5422 se
1589 5368 1721 5436 Job,
1767 5365 1866 5437 qui
1899 5365 1972 5419 ad

316 5459 550 5515 nullum
584 5460 796 5516 debeat
825 5459 1132 5530 pertinere.

392 5572 420 5597 α
458 5550 544 5604 Tu
577 5554 771 5604 autem
816 5547 1060 5602 firmasti
1090 5563 1187 5602 cor
1233 5551 1422 5612 tuum,
1456 5551 1512 5601 et
1542 5541 1871 5616 expandisti
1903 5542 1975 5596 ad

319 5654 459 5694 eum
493 5655 704 5693 manus
753 5642 906 5692 tuas.
943 5658 971 5684 »
1021 5634 1293 5690 Firmasti
1343 5651 1441 5690 cor
1485 5639 1678 5698 tuum,
1711 5633 1828 5687 ait:
1865 5647 1978 5686 non

322 5732 391 5786 ut
420 5727 789 5785 satisfeceras
835 5725 951 5782 Deo
1000 5741 1102 5797 per
1149 5723 1572 5797 paenitentiam,
1624 5727 1690 5780 ut
1729 5722 1982 5778 auferret

650 5853 918 5918 PATROL.
963 5851 1184 5918 XXVI.

2049 3406 2160 3460 Job
2193 3422 2254 3460 se
2301 3406 2611 3460 emendare
2659 3405 2945 3475 voluerit;
2999 3408 3494 3479 quemadmodum
3544 3425 3710 3480 aquas

2054 3495 2207 3549 intra
2240 3499 2600 3549 momentum
2623 3496 2694 3550 ad
2727 3495 2852 3551 loca
2883 3495 2994 3550 alia
3015 3497 3376 3563 dilabuntur,
3404 3501 3459 3551 et
3483 3496 3564 3551 ita
3592 3513 3715 3552 om-

2057 3585 2192 3639 nino
2225 3585 2480 3655 abstergi
2513 3585 2586 3639 ab
2618 3601 2684 3640 eo
2721 3601 2898 3656 posse
2943 3584 3126 3657 plagae
3158 3585 3338 3656 hujus
3369 3585 3709 3642 miseriam:

2061 3681 2124 3727 ut
2155 3690 2396 3745 prorsus
2426 3674 2586 3728 tenui
2639 3674 2923 3729 memoria
2973 3674 3307 3730 recordetur
3352 3674 3502 3744 ejus,
3544 3674 3713 3746 quasi

2057 3779 2181 3834 quae
2214 3779 2326 3816 non
2357 3762 2548 3816 fuerit.

2127 3875 2154 3901 ‹‹
2189 3852 2255 3904 Et
2286 3849 2454 3920 quasi
2504 3850 2862 3906 meridianus
2911 3852 3105 3924 fulgor
3147 3855 3462 3924 consurget
3497 3851 3603 3907 tibi
3635 3852 3709 3909 ad

2055 3955 2375 4010 vesperam.
2406 3939 2472 3992 Et
2501 3956 2633 3992 cum
2667 3946 2721 3994 te
2761 3945 3175 4011 consumptum
3220 3940 3533 4012 putaveris,
3568 3939 3715 3994 orie-

2057 4029 2137 4083 ris
2170 4033 2233 4082 ut
2266 4028 2510 4082 Lucifer.
2546 4049 2571 4075 »
2625 4027 3034 4099 Spiritualiter,
3067 4029 3150 4082 sic
3198 4027 3444 4098 intelligi
3479 4030 3709 4099 potest:

2058 4121 2372 4188 consurget
2401 4116 2506 4170 tibi
2538 4117 2608 4171 ad
2641 4134 2962 4188 vesperam,
3015 4118 3071 4170 id
3104 4121 3209 4183 est,
3239 4116 3297 4170 in
3329 4131 3709 4171 consumma-

2059 4205 2215 4260 tione
2265 4205 2532 4258 laborum
2594 4205 2881 4259 malorum
2939 4210 3197 4270 tuorum,
3261 4203 3580 4259 consolatio
3623 4203 3713 4260 sol

2053 4293 2296 4365 justitize
2329 4293 2430 4346 tibi
2465 4292 2734 4347 Christus
2784 4292 3084 4347 adveniet:
3139 4291 3256 4347 sive
3300 4297 3432 4364 post
3464 4298 3711 4349 mortem

2064 4398 2374 4452 resurgens
2406 4381 2465 4435 in
2498 4381 2764 4452 gloriam.
2800 4383 2942 4435 Item
2976 4379 3164 4448 aliter,
3195 4383 3370 4437 etiam
3402 4381 3462 4436 in
3495 4381 3602 4437 hoc
3632 4381 3718 4436 in-

2065 4471 2239 4526 teritu
2275 4475 2374 4524 tuo
2407 4486 2520 4540 quo
2573 4469 2831 4540 quotidie
2882 4473 3045 4524 tanta
3100 4471 3406 4541 putredine
3448 4470 3718 4526 contabe-

2069 4562 2205 4624 seis,
2240 4565 2296 4614 et
2326 4560 2557 4624 defluis,
2597 4565 2658 4613 ut
2681 4559 2806 4628 jam
2840 4557 3076 4613 omnino
3103 4563 3520 4629 consumptum
3551 4561 3606 4613 te
3635 4573 3724 4612 ar-

1995 4676 2036 4739 θ
2068 4649 2337 4704 bitreris:
2375 4648 2422 4702 si
2457 4649 2677 4718 feceris,
2707 4664 2832 4718 quae
2854 4649 2971 4718 jam
3007 4647 3144 4714 dixi,
3170 4664 3238 4702 ex
3267 4647 3448 4701 nihilo
3479 4645 3720 4702 omnino

2072 4739 2420 4810 penitusque
2452 4741 2819 4806 consumpto,
2865 4741 3098 4807 repente
3129 4735 3330 4790 orieris
3362 4740 3427 4788 ut
3459 4733 3722 4790 Lucifer:

2072 4829 2166 4896 qui
2203 4845 2303 4898 per
2333 4827 2587 4881 occultas
2619 4843 2828 4880 cursus
2851 4825 2941 4878 sui
2976 4829 3161 4880 metas
3184 4823 3381 4896 polum
3413 4822 3722 4893 circuiens,

2078 4922 2210 4989 post
2239 4916 2536 4970 biennium
2571 4916 2629 4970 in
2670 4914 2856 4985 ipsius
2907 4931 3126 4970 aurorze
3177 4913 3349 4968 ritulo
3378 4913 3596 4967 dicitur
3624 4927 3729 4984 ap-

2079 5021 2297 5076 parere.
2336 5004 2416 5058 lta
2470 5020 2604 5075 ergo
2652 5008 2710 5057 et
2739 5002 2842 5057 tibi
2899 5008 3030 5073 post
3077 5006 3327 5066 noctem,
3369 5004 3425 5056 et
3455 4998 3731 5055 tenebras

2078 5094 2378 5149 densiores
2409 5092 2644 5146 diutinae
2677 5091 3016 5146 tentationis
3049 5090 3221 5146 istius
3254 5108 3267 5145 :
3302 5090 3348 5144 si
3372 5089 3574 5161 culpas
3595 5095 3730 5144 tuas

2081 5181 2436 5254 cognoveris,
2470 5181 2681 5252 poterit
2710 5181 2960 5249 evenire,

2155 5295 2180 5320 ‹‹
2220 5271 2284 5324 Et
2315 5269 2555 5324 habebis
2589 5268 2859 5323 fiduciam
2893 5269 3191 5340 proposita
3233 5267 3338 5322 tibi
3398 5284 3521 5340 spe,
3553 5271 3610 5323 et
3637 5267 3734 5321 de-

2086 5363 2277 5416 fossus
2306 5375 2548 5414 securus
2569 5357 2844 5413 dormies.
2871 5359 3242 5429 Requiesces,
3275 5362 3330 5414 et
3353 5374 3466 5413 non
3498 5357 3609 5411 erit
3629 5353 3734 5428 qui

2083 5456 2138 5506 te
2169 5453 2470 5504 exterreat.
2519 5448 2585 5501 Et
2632 5447 3103 5518 deprecabuntur
3153 5445 3357 5501 faciem
3405 5451 3570 5502 tuam
3601 5443 3733 5517 plu-

2087 5539 2242 5594 rimi.
2279 5559 2306 5586 »
2367 5534 2618 5590 Habebis
2677 5536 2826 5590 hanc
2883 5535 3172 5603 ﬁduciam,
3234 5541 3300 5590 ut
3352 5537 3618 5590 defossus
3678 5533 3738 5588 in

2088 5631 2292 5695 morte,
2327 5631 2634 5695 certusque
2660 5625 2727 5678 de
2760 5624 3181 5680 resurrectione
3201 5625 3462 5696 effectus,
3493 5635 3740 5678 securus

2091 5714 2378 5786 dormias,
2411 5713 2746 5786 requiescas
2808 5712 2864 5781 in
2915 5713 3178 5785 inferno;
3212 5713 3271 5768 in
3306 5729 3407 5786 spe
3436 5715 3603 5770 certe
3636 5722 3742 5787 spe
