4066 6190
1947 423 2070 484 AP]

2185 422 2364 484 IDIX.
3696 425 3797 488 686

453 559 830 625 constitutus,
863 559 920 612 et
949 573 1064 612 non
1094 556 1204 611 erit
1249 555 1368 611 illic
1412 554 1567 610 ullus
1607 559 1790 610 tortor
1819 556 2092 611 adversa-
2123 559 2172 621 A
2209 554 2530 610 rectissime
2560 553 2923 626 intelligitur,
2969 571 3098 626 qua:
3149 558 3422 628 regnante
3448 554 3690 624 Domino,
3716 575 3797 614 ex-

449 648 574 704 rius
604 646 901 713 inimicus,
951 647 1050 717 qui
1080 650 1136 700 te
1185 649 1487 711 exterreat,
1543 650 1598 698 et
1639 645 1742 698 tibi
1776 662 1976 715 poenas
2009 645 2094 698 in-
2207 643 2468 699 sultabit.
2501 644 2693 698 Pisces
2725 660 2857 698 vero
2889 643 2990 715 qui
3022 645 3174 698 inter
3199 645 3407 700 fluctus
3433 647 3621 700 mundi
3649 646 3797 703 istius

448 736 699 794 fernales
729 736 974 808 inﬂigat,
998 735 1099 790 sed
1133 734 1327 806 potius
1351 733 1681 804 quicunque
1704 739 1861 800 sunt,
1896 749 2096 804 preces
2207 738 2700 805 tempestatesque
2733 737 3021 799 natantes,
3056 737 3184 788 tuta
3213 733 3322 788 sibi
3354 733 3476 789 loca
3503 735 3798 791 aeternitatis

446 826 554 882 tibi
583 824 879 898 supplices
911 825 1175 890 fundent,
1209 828 1273 878 ut
1305 822 1388 877 eis
1417 821 1653 878 tartarei
1686 821 1978 878 cruciatus
2009 821 2095 878 tui
2204 826 2260 876 et
2291 822 2487 893 quieta
2534 821 2916 892 prospiciunt.
2967 820 3068 876 Vel
3118 821 3202 876 illi
3253 823 3439 893 pisces
3481 823 3798 896 intelligendi

445 915 811 972 orationibus
843 916 1261 985 temperentur.
2203 914 2360 980 sunt,
2395 910 2494 981 qui
2524 927 2625 982 per
2663 926 2876 982 aquam
2925 909 3102 965 vitam
3146 911 3477 982 accipiunt:
3511 911 3603 984 qui
3631 912 3800 968 confe-

525 1023 549 1054 ι
581 1004 746 1061 Oculi
798 1009 993 1059 autem
1041 1001 1359 1074 impiorum
1404 999 1692 1069 deﬁcient,
1727 1005 1782 1056 et
1812 1000 2090 1072 effugium
2203 999 2340 1054 stim
2372 999 2444 1054 de
2477 1001 2630 1054 fonte
2660 999 2935 1070 baptismi
2970 999 3226 1072 migrant
3273 1001 3343 1055 ad
3375 1001 3672 1068 Christum,
3700 1001 3800 1058 sive

446 1093 660 1166 peribit
689 1093 760 1150 ab
782 1092 886 1160 eis,
913 1095 969 1146 et
1001 1106 1136 1162 spes
1159 1089 1393 1144 illorum
1417 1089 1774 1144 abominatio
1806 1089 2034 1144 animae.
2063 1109 2090 1137 »
2202 1089 2271 1142 ad
2304 1088 2510 1154 Deum,
2544 1093 2607 1143 ut
2638 1088 2733 1142 alii
2767 1088 2991 1144 dicunt.

446 1184 510 1239 Id
567 1186 678 1248 est,
735 1181 1056 1253 expectatio
1111 1177 1417 1233 hominum
1478 1177 1794 1250 impiorum
1838 1178 1946 1233 hoc
1978 1179 2093 1233 ﬁne
2279 1197 2300 1225 ι
2334 1177 2391 1232 Si
2426 1178 2794 1248 destruxerit,
2819 1193 2989 1232 nemo
3020 1183 3113 1232 est
3144 1177 3245 1249 qui
3294 1177 3554 1234 aediﬁcet.
3578 1195 3607 1230 ι
3641 1179 3801 1234 Mani-

444 1270 861 1328 concludetur:
897 1274 960 1324 ut
981 1270 1038 1322 in
1072 1273 1330 1338 tempore
1352 1266 1552 1321 alienre
1583 1265 1800 1338 gloriaz,
1829 1266 1938 1338 ipsi
1973 1282 2088 1321 non
2201 1267 2412 1361 gestum
2447 1271 2536 1322 est
2567 1265 2851 1337 quidquid
2886 1265 3184 1336 sapientiae
3207 1283 3324 1322 suae
3347 1267 3566 1338 judicio
3594 1267 3801 1338 dissipa

443 1360 829 1427 absolutione,
880 1359 979 1414 sed
1011 1357 1444 1412 abominatione
1493 1355 1653 1426 digni
1694 1356 2085 1410 inveniantur.
2201 1355 2258 1409 re
2288 1355 2554 1422 voluerit,
2586 1372 2650 1409 ac
2688 1357 3022 1410 destruere:
3059 1371 3230 1410 nemo
3283 1356 3493 1428 poterit
3517 1355 3798 1411 fortitudini

1069 1445 1302 1500 CAPUT
1341 1444 1458 1499 XII.
2200 1445 2354 1501 illius
2387 1445 2542 1500 velut
2589 1448 2794 1516 potens
2844 1445 3135 1500 resistere.
3188 1445 3353 1501 Sicut
3398 1446 3671 1501 destruxit
3699 1449 3797 1500 tur-

516 1561 537 1588 ι
573 1537 954 1610 Respondens
987 1539 1180 1590 autem
1227 1533 1358 1602 Job,
1409 1531 1590 1586 dixit:
1633 1532 1780 1604 Ergo
1811 1548 1912 1586 vos
1943 1531 2087 1587 estis
2197 1547 2341 1601 rem,
2364 1539 2421 1588 et
2449 1551 2626 1606 regna
2649 1533 2967 1588 multarum
2991 1533 3276 1604 gentium,
3301 1533 3388 1590 vel
3417 1534 3586 1590 etiam
3606 1534 3798 1589 Jerusa-

455 421 576 490 683

439 1625 547 1683 soli
578 1626 868 1693 homines,
905 1629 962 1680 et
992 1623 1289 1678 vobiscum
1335 1621 1616 1675 morietur
1647 1619 1934 1692 sapientia
1955 1620 1982 1674 ‘1
2013 1620 2085 1674 Et

439 1709 588 1771 mihi
634 1719 724 1770 est
764 1731 863 1769 cor
912 1713 1062 1768 sicut
1117 1716 1174 1765 et
1219 1709 1419 1765 vobis:
1482 1726 1585 1764 nec
1632 1709 1870 1764 inferior
1910 1709 2084 1764 vestri

440 1820 595 1860 sum.
621 1803 759 1868 Quis
790 1803 946 1858 enim
977 1801 1098 1856 haec
1125 1817 1250 1871 quae
1283 1799 1469 1854 nostis
1497 1798 1772 1870 ignorat?
1793 1798 1898 1862 Qui
1931 1799 2084 1853 deri-

2196 1621 2331 1692 lem,
2381 1623 2476 1676 ubi
2531 1626 2816 1694 prmcepta
2863 1622 2988 1694 ipse
3033 1621 3240 1693 legalia
3287 1628 3568 1695 tanquam
3611 1621 3798 1694 lapides

2195 1711 2392 1782 scripti
2428 1716 2584 1780 sunt,
2619 1711 2727 1766 sub
2757 1711 3058 1782 praetentia
3088 1712 3285 1782 gratiae
3321 1729 3442 1767 suae
3473 1711 3800 1767 dissolvenda

2192 1815 2320 1856 esse
2368 1799 2793 1871 praenuntiavit.
2843 1800 2936 1856 Sic
2985 1800 3204 1872 itaque,
3259 1806 3316 1856 et
3370 1801 3678 1857 secundum
3711 1800 3798 1855 Job

439 1891 613 1947 detur
640 1891 712 1947 ab
739 1893 924 1947 amico
967 1907 1071 1945 suo
1117 1889 1270 1944 sicut
1300 1903 1425 1959 ego,
1471 1887 1763 1941 invocabit
1791 1887 1995 1955 Deum,
2029 1891 2086 1941 et
2116 1923 2162 1986 Β
2193 1888 2715 1960 prophetationem,
2767 1888 2958 1960 paries
3000 1887 3469 1957 inimicitiarum,
3517 1889 3604 1946 lex
3632 1889 3800 1960 utique

439 1981 708 2036 exaudiet
736 1997 891 2036 eum.
938 1979 1240 2034 Deridetur
1283 1977 1439 2033 enim
1472 1977 1618 2046 justi
1653 1975 2016 2046 simplicitas.
2050 1995 2076 2026 io

437 2069 556 2127 Hoc
586 2074 674 2126 est
703 2070 914 2140 dicere,
949 2067 1085 2140 quid
1136 2084 1239 2122 vos
1287 2070 1512 2121 tantum
1545 2065 1737 2120 dicitis
1767 2064 2080 2136 sapientes,

436 2161 496 2214 et
522 2159 745 2230 putatis
773 2157 927 2230 quod
959 2160 1092 2228 post
1113 2173 1215 2213 vos
1247 2154 1444 2209 nullus
1475 2153 1584 2208 erit
1625 2153 1859 2225 sapiens
1878 2151 1905 2206 ?

510 2269 539 2298 ‹‹
570 2253 818 2319 Lampas
847 2250 1182 2316 contempta
1219 2244 1374 2315 apud
1423 2241 1802 2314 cogitationes
1833 2241 2079 2297 divitum

434 2340 634 2409 parata
663 2337 736 2391 ad
765 2340 998 2407 tempus
1029 2337 1336 2388 statutum.
1361 2331 1678 2386 Abundant
1706 2329 2080 2386 tabernacula

434 2425 798 2496 pradonum,
824 2427 881 2478 et
911 2423 1182 2478 audacter
1217 2423 1527 2492 provocant
1553 2419 1759 2487 Deum,
1792 2435 1925 2473 cum
1957 2419 2081 2490 ipse

433 2511 657 2568 dederit
684 2510 971 2568 omniain
1021 2525 1232 2564 manus
1281 2525 1505 2564 eorum.
1553 2529 1580 2557 ››
1632 2507 1984 2578 Lampadem
2019 2524 2082 2562 se

434 2605 828 2673 contemptam
859 2615 893 2654 a
922 2598 1200 2654 divitibus
1231 2596 1404 2652 dicit:
1443 2595 1642 2668 utique
1669 2596 1951 2666 superbos
1981 2611 2080 2650 eos

434 2690 739 2760 denotans,
771 2705 836 2744 eo
868 2689 1024 2760 quod
1064 2686 1431 2758 despicerent
1470 2701 1603 2740 eum
1632 2684 1915 2739 afflictum
1948 2700 2077 2739 cru-

433 2777 705 2846 ciatibus,
739 2781 796 2833 et
824 2775 1192 2848 despectione
1213 2773 1673 2846 propinquorum
1701 2790 1714 2840 ;
1749 2772 1846 2843 qui
1881 2776 2078 2827 tamen

433 2881 660 2941 magna
686 2867 844 2933 ﬁdei,
874 2871 932 2920 et
963 2865 1247 2920 bonorum
1282 2879 1523 2934 operum
1572 2861 1696 2916 oleo
1728 2860 2079 2915 intrinsecus

431 2954 712 3028 fulgebat,
737 2955 866 3011 Sive
896 2953 1068 3010 etiam
1099 2952 1328 3023 lampas
1350 2955 1679 3022 contempta
1711 2967 1745 3004 a
1775 2949 2079 3015 divitibus,

431 3044 696 3101 Christus
729 3062 762 3100 a
779 3043 1018 3110 Judaais,
1052 3041 1152 3113 qui
1174 3058 1422 3113 surgens
1444 3059 1477 3095 a
1501 3039 1748 3096 mortuis
1771 3039 2079 3111 splendore

427 3134 626 3206 gratiae
657 3150 775 3189 suae
806 3131 1160 3187 illuminavit
1189 3130 1524 3186 universum
1579 3129 1888 3185 mundum.
1927 3128 2077 3183 Divi-

428 3226 518 3279 tes
559 3239 694 3278 vero
742 3222 872 3278 ideo
917 3220 1102 3278 Judaei
1151 3219 1287 3276 dicti
1337 3223 1497 3285 sunt,
1551 3219 1690 3289 quia
1734 3221 2081 3289 acceperunt

429 3310 661 3385 eloquia
689 3311 807 3368 Dei.

504 3421 533 3452 α
563 3400 853 3456 Nimirum
877 3400 1168 3470 interroga
1191 3398 1471 3466 iumenta,
1513 3399 1570 3449 et
1599 3394 1892 3448 docebunt
1922 3397 1996 3462 te,
2021 3397 2079 3448 et

429 3488 691 3545 volatilia
721 3488 870 3556 cmli,
924 3493 982 3541 et
1027 3485 1373 3540 indicabunt
1418 3482 1544 3538 tibi.
1597 3483 1855 3552 Loquere
1886 3486 2074 3549 terrae,

431 3582 490 3634 et
542 3575 919 3648 respondebit
973 3573 1100 3645 tibi,
1160 3577 1217 3628 et
1267 3573 1588 3627 narrabant
1635 3571 1824 3642 pisces
1875 3571 2075 3626 maris.

430 3665 573 3732 Quis
601 3665 830 3738 ignorat
859 3663 1014 3735 quod
1045 3662 1244 3717 omnia
1275 3661 1394 3715 haec
1426 3676 1636 3714 manus
1668 3659 1896 3714 Domini
1929 3660 2075 3715 fece-

431 3755 557 3812 rit?
587 3754 652 3810 In
683 3753 853 3824 cujus
885 3769 1062 3806 manu
1111 3751 1308 3805 anima
1350 3748 1542 3804 omnis
1570 3747 1835 3817 viventis,
1865 3751 1922 3803 et
1958 3749 2076 3819 spi-

431 3844 582 3902 ritus
613 3842 895 3899 universze
931 3839 1123 3896 carnis
1155 3838 1432 3894 hominis.
1483 3837 1685 3891 Nonne
1715 3835 1874 3891 auris
1905 3836 2079 3891 verba

430 3934 735 4007 dijudicat,
768 3936 826 3988 et
851 3931 1045 3986 fauces
1076 3928 1434 3984 comedentis
1482 3941 1748 3996 saporem
1771 3925 1798 3980 ?
1831 3925 1892 3979 In
1925 3925 2077 3980 anti-

431 4026 565 4100 quis
595 4027 685 4080 est
712 4020 1021 4093 sapientia,
1044 4023 1103 4074 et
1141 4018 1201 4071 in
1235 4014 1418 4070 multo
1449 4019 1710 4086 tempore
1743 4013 2074 4085 prudentia.

427 4115 600 4188 Apud
629 4113 826 4185 ipsum
857 4114 914 4165 et
943 4107 1250 4180 sapientia,
1283 4110 1339 4160 et
1387 4103 1688 4168 fortitudo,
1723 4107 1780 4158 et
1819 4103 1941 4174 ipse
1972 4102 2074 4157 ha-

428 4203 529 4260 bet
557 4201 889 4260 consilium.
918 4203 976 4255 et
1002 4194 1468 4268 intelligentiam.
1515 4217 1537 4244 ι
1575 4193 1738 4257 Quod
1773 4191 1972 4247 omnia
2001 4191 2074 4246 ad

425 4292 529 4349 Dei
585 4289 1008 4364 providentiam
1063 4290 1120 4342 et
1174 4282 1656 4357 gubernationem
1718 4281 2072 4353 pertineant,

424 4379 602 4437 etiam
655 4395 779 4448 qua:
827 4373 1254 4432 irrationabilia
1303 4377 1475 4444 atque
1515 4370 1884 4427 insensibilia
1913 4375 2070 4435 sunt,

424 4469 679 4544 quadam
729 4466 950 4522 ratione
989 4462 1250 4518 veritatis
1300 4463 1653 4532 interrogata
1695 4461 2068 4531 respondent.

421 4558 757 4617 Secundum
790 4555 1101 4628 mysticum
1129 4551 1490 4607 intellectum
1523 4554 1771 4621 possunt
1803 4549 2070 4603 homines

2192 1983 2634 2050 praeceptorum,
2669 1995 2771 2049 per
2798 1977 3094 2034 Christum
3119 1979 3423 2035 destructa
3447 1983 3534 2035 est
3556 1995 3568 2033 :
3599 1983 3657 2034 ut
3682 1979 3800 2034 duos

2191 2067 2552 2122 conderctin
2585 2068 2898 2138 semetipso
2948 2067 3005 2121 in
3057 2084 3240 2122 unum
3295 2085 3512 2123 novum
3544 2067 3800 2123 hominem

2192 2173 2392 2228 pacem
2451 2155 2949 2226 faciensa(Ephes.
3009 2173 3071 2222 II,
3143 2157 3251 2225 15).
3312 2158 3609 2212 Destruxit
3661 2161 3802 2226 atque

2191 2246 2468 2300 reseravit
2503 2247 2652 2300 Deus
2681 2244 2947 2300 Christus
2985 2244 3240 2300 claustra
3282 2246 3525 2313 inferni,
3554 2251 3610 2302 et
3635 2245 3801 2300 diabo-

2190 2333 2314 2389 lum
2346 2333 2655 2390 habentem
2689 2337 3038 2405 potestatem
3087 2333 3314 2402 mortis,
3369 2351 3544 2407 regno
3575 2333 3800 2389 domina-

2189 2423 2367 2478 tionis
2425 2423 2710 2494 deposuit.
2769 2422 3064 2478 Destruxit
3126 2421 3280 2478 Deus
3345 2423 3609 2480 Christus
3657 2421 3804 2494 igitur

2191 2515 2461 2580 mortem,
2509 2512 2648 2567 dum
2701 2511 2890 2582 ipsam
2933 2516 2996 2565 ut
3053 2511 3113 2566 in
3162 2528 3230 2567 ea
3282 2513 3438 2568 inori
3483 2513 3801 2585 dignaretur,

2190 2600 2466 2671 suscepit,
2498 2604 2554 2654 et
2580 2601 2721 2653 dum
2747 2600 2804 2654 in
2835 2615 3007 2656 cruce
3036 2601 3328 2656 destruxit
3352 2618 3559 2674 corpus
3597 2598 3799 2673 peccati,

2187 2692 2438 2744 veterem
2461 2689 2757 2743 hominem
2780 2693 3047 2744 nostrum
3070 2688 3189 2744 illic
3213 2689 3657 2747 interﬁcientem
3676 2703 3802 2762 pere-

2191 2776 2332 2831 mit:
2368 2781 2432 2832 ut
2480 2778 2631 2832 viam
2683 2777 2852 2833 nobis
2899 2778 2958 2832 in
3009 2782 3292 2834 internum
3349 2781 3686 2836 restitueret.
3727 2775 3802 2832 Sic

2187 2867 2384 2936 itaque
2409 2866 2695 2921 destruxit
2715 2870 2984 2935 mortem,
3017 2871 3074 2922 et
3094 2865 3459 2924 illuminavit
3479 2869 3646 2924 vitam
3670 2885 3682 2922 :
3704 2882 3804 2938 pero

2188 2954 2558 3026 sequentium
2591 2955 2907 3010 Ecclesiam
2957 2955 3244 3011 destruxit
3284 2957 3558 3025 consilia,
3591 2955 3804 3012 molien-

2189 3044 2334 3098 tium
2367 3049 2434 3099 ut
2469 3059 2673 3100 nomen
2707 3044 2836 3114 ejus
2867 3043 3184 3100 effoderent
3214 3044 3284 3099 de
3307 3049 3427 3101 sub
3461 3045 3619 3111 caelo,
3647 3041 3802 3101 Judiei

2188 3130 2407 3187 scilicet
2436 3135 2493 3185 et
2546 3135 2762 3203 gentes.
2793 3130 3088 3186 Destruxit
3135 3132 3440 3203 dogmata,
3491 3137 3547 3189 et
3583 3133 3803 3188 diversos

2188 3236 2414 3275 errores
2485 3219 2888 3275 haereticorum
2946 3220 3018 3274 ab
3089 3220 3390 3278 Ecclesia:
3445 3217 3802 3278 indissolubili

2108 3291 2150 3358 C
2192 3314 2357 3365 rectae
2391 3309 2522 3365 ﬁdei
2553 3308 2832 3364 aediﬁcio:
2868 3309 2938 3364 de
2970 3308 3186 3380 quibus
3232 3310 3554 3367 Salomon:
3587 3311 3806 3366 Civium

2185 3400 2416 3468 fortium
2477 3396 2717 3452 ascendit
2772 3399 3008 3467 sapiens,
3070 3401 3121 3451 et
3174 3398 3456 3454 destruxit
3511 3400 3804 3454 munitiones

2185 3487 2482 3557 ejus(Prov.
2540 3501 2658 3551 xxr,
2715 3486 2828 3555 22).
2883 3485 3174 3540 Destruxit
3220 3490 3277 3541 et
3330 3504 3574 3545 omnem:
3613 3484 3803 3542 cultum

2188 3574 2497 3630 idolorum.

2260 3685 2288 3712 «
2319 3663 2375 3717 Si
2407 3661 2708 3718 incluserit
2726 3663 3046 3734 hominem,
3071 3662 3269 3720 nullus
3290 3670 3386 3722 est
3415 3665 3515 3739 qui
3545 3663 3760 3738 aperiat.
3782 3680 3805 3707 ι)

2189 3751 2431 3807 Inclusit
2462 3755 2611 3806 Deus
2640 3752 2758 3806 Noe
2788 3751 2846 3806 in
2873 3751 3089 3808 diluvio
3113 3770 3125 3808 :
3154 3753 3258 3808 Lot
3289 3754 3355 3809 in
3386 3755 3566 3828 Segor
3590 3772 3602 3810 :
3631 3754 3806 3809 Jonam

2189 3841 2245 3894 in
2278 3844 2475 3895 ventre
2506 3839 2615 3894 ceti
2643 3856 2655 3894 :
2689 3841 2997 3896 Jeremiam
3039 3847 3094 3896 et
3143 3841 3374 3898 Baruch
3407 3861 3480 3899 ne
3509 3841 3808 3898 inveniren-

2186 3934 2299 3984 tur.
2335 3929 2586 3985 Includit
2628 3935 2685 3985 ct
2741 3929 2874 3986 illos
2905 3930 2976 3986 de
3033 3931 3246 4002 quibus
3299 3932 3552 3990 dicitur:
3587 3928 3809 3989 Immittet

2186 4019 2450 4090 angelum
2482 4035 2641 4074 suum
2671 4021 2732 4073 in
2761 4020 2997 4075 circuitu
3027 4021 3344 4076 timentium
3391 4039 3536 4090 eum,
3567 4030 3618 4078 et
3643 4017 3810 4089 eripiet

2183 4124 2273 4162 eos
2301 4109 2473 4169 (Psal.
2508 4125 2707 4175 χχχιιι,
2739 4108 2796 4179 8)
2850 4109 2979 4163 Sive
3028 4110 3138 4164 sub
3169 4112 3471 4167 sententia
3514 4109 3707 4167 mortis
3726 4107 3807 4177 ju-

2185 4195 2335 4251 dicio
2367 4197 2466 4251 Dei
2501 4198 2757 4268 positum
2789 4196 3088 4253 hominem
3137 4198 3270 4270 quis
3301 4204 3497 4272 potest
3523 4191 3807 4256 revocare?

2186 4285 2450 4340 Inclusus
2480 4289 2566 4340 est
2592 4285 2815 4341 Pharao
2847 4285 2904 4340 in
2957 4287 3164 4342 mediis
3195 4289 3368 4360 aquis
3394 4307 3406 4346 :
3455 4287 3660 4344 inclusi
3690 4284 3806 4340 sunt

2181 4374 2406 4430 Dathan
2439 4379 2495 4430 et
2524 4375 2737 4430 Abiron
2768 4375 2878 4430 vivi
2911 4375 2968 4429 in
2994 4375 3221 4432 inferno
3247 4393 3260 4431 :
3285 4377 3545 4450 populus
3574 4372 3733 4432 Israel
3754 4370 3800 4424 in

2181 4479 2374 4519 eremo
2406 4479 2508 4534 per
2529 4463 2918 4536 quadraginta
2937 4480 3122 4520 annos
3151 4463 3420 4521 inclusus
3441 4471 3548 4522 est.
3585 4457 3806 4521 Includit

2181 4557 2330 4607 Deus
2361 4553 2657 4608 hominem
2685 4551 3166 4609 tribulationibus
3211 4556 3656 4628 excoquendum
3683 4567 3694 4606 :
3719 4550 3805 4604 aut

419 4647 724 4714 inconditi,
756 4650 814 4702 et
842 4640 1271 4698 irrationabiles
1294 4639 1576 4703 moribus,
1598 4639 1872 4708 jumenta
1901 4636 2069 4692 intel-
2099 4656 2144 4720 ι)
2178 4646 2330 4695 certe
2360 4641 2826 4712 correptionibus
2857 4639 3270 4712 flagellandum
3304 4651 3663 4715 peccatorem
3692 4636 3800 4692 cin-

419 4737 542 4812 ligi.
576 4735 849 4793 Volatilia
875 4751 1006 4788 vero
1039 4730 1446 4801 intelliguntur
1484 4728 1796 4797 daemones,
1831 4727 1950 4781 sive
1985 4727 2066 4780 Ie-

415 4845 533 4896 ves,
568 4832 624 4883 et
653 4825 785 4882 elati
814 4824 1082 4878 homines
1131 4837 1196 4876 ac
1227 4817 1461 4890 superbi
1489 4835 1500 4871 :
1552 4821 1653 4872 aut
1693 4821 1844 4870 certe
1874 4820 2061 4871 astro-

413 4915 552 4988 logi.
603 4917 781 4971 Terra
827 4909 1160 4983 voluptuosi
1212 4907 1500 4974 homines,
1551 4909 1607 4960 et
1645 4903 1926 4972 carnales,
1961 4904 2062 4975 qui

412 5007 643 5059 terrena
673 5003 928 5074 sapiunt.
981 5000 1191 5069 Pisces,
1245 4994 1599 5068 philosophi.
1650 4999 1706 5048 et
1751 5010 1950 5048 eorum
1981 4992 2059 5048 si-

412 5091 604 5160 miles,
647 5092 745 5163 qui
806 5092 875 5146 de
908 5091 1080 5144 rebus
1112 5086 1338 5154 mundi,
1391 5089 1447 5138 et
1501 5086 1627 5155 ejus
1672 5082 2056 5155 qualitatibus

408 5168 774 5253 inquirendis
798 5179 962 5233 nimii
989 5181 1145 5233 sunt.
1175 5175 1394 5231 Aliter:
1421 5175 1720 5243 Jumenta,
1752 5173 1885 5244 equi
1918 5171 2054 5228 boni

407 5275 567 5337 sunt,
601 5287 727 5342 quae
761 5267 1037 5324 animalia
1065 5266 1122 5321 in
1174 5264 1506 5320 haereditate
1552 5260 1782 5317 Domini
1822 5261 2055 5316 habita-

406 5360 558 5416 bunt
586 5375 598 5415 :
632 5358 849 5431 quibus
878 5356 1072 5428 pluvia
1101 5353 1425 5410 voluntaria
1455 5349 1747 5422 Evangelii
1773 5349 1843 5403 ab
1875 5348 2054 5403 incre-

405 5448 563 5505 dulis
592 5453 895 5521 segregata
923 5450 1012 5500 est
1051 5443 1218 5515 (Psal.
1253 5458 1420 5506 van,
1474 5440 1580 5510 10).
1612 5439 1888 5493 Volucres
1918 5452 2051 5493 vero

402 5543 542 5597 sunt
571 5538 673 5610 qui
702 5552 939 5592 sursum
971 5533 1145 5588 corda
1175 5531 1413 5600 habent,
1461 5534 1518 5584 et
1547 5527 1808 5583 coelestia
1838 5542 2047 5581 concu-

399 5625 676 5702 piscunt;
707 5624 791 5681 vel
838 5622 938 5697 qui
988 5621 1216 5677 obviam
1266 5619 1494 5673 Christo
1541 5617 1602 5672 in
1634 5631 1764 5673 aere
1793 5632 1862 5670 ex
1893 5631 2046 5670 mor-

395 5717 516 5784 tuis
544 5715 683 5776 ituri
714 5718 852 5775 sunt
899 5712 968 5789 (II
1021 5712 1196 5769 Thess.
1229 5725 1304 5776 v1,
1356 5708 1481 5778 16):
1529 5722 1662 5762 caro
1701 5709 2040 5762 sanctorum

2176 4729 2260 4802 git
2289 4735 2353 4785 ut
2383 4731 2671 4786 emendet.
2706 4729 2846 4794 Quis
2876 4733 2965 4784 est
2995 4730 3094 4800 qui
3117 4732 3347 4803 ecpiam
3376 4728 3697 4788 declinandi
3725 4738 3802 4778 ve-

2172 4818 2276 4873 luti
2305 4820 2618 4891 quemdam
2643 4818 2867 4873 aditum
2897 4819 3136 4890 aperiat,
3166 4826 3230 4875 ut
3259 4821 3504 4876 evadat:
3531 4814 3798 4887 sicutipse

2171 4908 2295 4970 Job,
2331 4909 2428 4979 qui
2462 4907 2580 4963 ait:
2639 4908 2911 4963 Conclusit
2951 4924 3040 4963 me
3089 4909 3223 4964 Deus
3271 4909 3421 4978 apud
3466 4911 3726 4979 iniquum,
3752 4906 3800 4955 et

2170 4998 2425 5052 manibus
2457 4998 2749 5068 impiorum
2799 4996 3023 5052 tradidit
3067 5013 3153 5052 me
3198 4999 3345 5068 (Job,
3401 5003 3519 5061 xw,
3570 4996 3672 5065 12).
3701 4995 3796 5044 Po-

2169 5089 2283 5140 test
2312 5086 2486 5141 homo
2519 5085 2627 5141 hoc
2657 5085 2781 5141 loco
2813 5086 3082 5142 diabolus
3114 5086 3402 5159 intelligi:
3441 5086 3539 5158 qui
3570 5099 3695 5140 cum
3720 5079 3794 5132 in-

2169 5173 2366 5230 clusus
2398 5177 2573 5230 fuerit
2603 5175 2660 5230 in
2693 5175 2939 5245 inferno,
2991 5192 3096 5230 nec
3128 5192 3190 5232 se
3240 5177 3364 5248 ipse
3395 5172 3677 5236 liberavit,
3705 5163 3792 5237 qui

2167 5279 2226 5318 se
2256 5269 2457 5319 contra
2489 5269 2668 5319 Deum
2703 5263 3090 5320 fortissimum
3121 5262 3546 5320 detestabiliter
3575 5258 3792 5316 arbitra-

2165 5355 2282 5407 tur.

2237 5465 2257 5490 α
2293 5441 2352 5496 Si
2382 5441 2738 5496 continuerit
2765 5458 2965 5512 aquas.
3013 5443 3212 5500 omnia
3253 5442 3646 5506 siccabuntur,
3671 5438 3721 5492 et
3744 5429 3787 5486 εἰ

2158 5530 2420 5587 emiserit
2467 5547 2585 5596 eas,
2637 5531 2975 5587 subvertent
3022 5538 3258 5590 terram.
3304 5553 3333 5581 »ι
3385 5530 3547 5597 Quod
3589 5527 3779 5582 factum

2157 5621 2266 5675 sub
2290 5620 2426 5689 Noe,
2463 5620 2787 5676 secundum
2840 5620 3276 5694 Scripturarum
3322 5620 3520 5687 fidem,
3562 5612 3780 5672 minime

2155 5709 2515 5767 dubitamus.
2547 5709 2713 5765 Modo
2743 5726 2875 5766 vero
2905 5709 3288 5784 spiritualiter
3319 5724 3486 5783 aqua
3515 5701 3781 5763 doctrina-
