4066 6190
308 428 431 491 685

314 578 450 618 rum
481 560 542 617 in
573 560 916 618 Judmorum
950 560 1179 634 ooqulis
1209 561 1605 627 continentur,
1639 566 1702 615 ut
1734 561 1851 616 sint
1879 560 1964 615 eis
1995 564 2044 626 Α

314 651 461 723 legis
492 651 743 707 ﬂumina
772 651 831 707 in
863 651 1181 715 desertum,
1212 655 1269 706 et
1315 651 1502 706 exitus
1563 666 1847 720 aquarum
1906 648 1966 703 in

316 741 479 798 sitim
514 758 528 796 :
560 744 619 797 et
647 740 903 796 habeant
934 744 998 796 ut
1028 741 1155 796 istae
1186 757 1351 812 aquae
1381 745 1642 796 terrenas
1672 739 1967 809 cupidita—

314 835 404 886 tes
434 832 610 901 atque
642 828 926 898 luxurias,
957 832 1015 883 et
1044 829 1461 901 disperdantur
1518 844 1584 883 ac
1640 825 1965 882 demolien-

313 923 433 989 tur,
452 917 515 973 in
537 921 693 974 terra
748 916 1015 973 Ecclesiae
1067 916 1431 973 rationabilis
1483 916 1683 972 relicta
1711 915 1967 987 imagine

314 1007 532 1064 terreni
563 1006 907 1079 hominis,in
925 1006 1290 1079 spiritualem
1321 1006 1500 1062 vitam
1531 1022 1594 1061 se
1623 1009 1964 1062 converten-

315 1096 391 1152 do
421 1096 752 1169 proﬁciant.

387 1206 416 1235 ‹‹
444 1185 612 1258 Apud
644 1184 839 1257 ipsum
871 1188 963 1240 est
1011 1184 1311 1255 fortitudo,
1346 1189 1402 1239 et
1431 1183 1746 1255 sapientia.
1785 1204 1812 1232 »
1846 1182 1965 1239 Hoc

313 1278 424 1342 est,
457 1274 639 1330 Filius
671 1290 806 1330 cum
838 1274 1006 1329 Patre
1035 1277 1092 1328 et
1122 1273 1373 1345 Spiritus
1403 1277 1660 1328 sanctus.

389 1385 419 1414 «
448 1363 573 1435 ipse
603 1362 782 1431 novit,
816 1365 873 1417 et
899 1361 1309 1434 decipientem,
1339 1367 1397 1417 et
1426 1378 1560 1417 eum
1610 1359 1708 1431 qui
1740 1358 1962 1430 decipi-

310 1457 436 1510 tur.
468 1474 497 1502 ››
523 1452 770 1508 Noverat
799 1449 1060 1515 Balaam,
1089 1450 1310 1517 Achab,
1348 1451 1550 1506 ZEnam
1585 1449 1798 1505 falsum
1833 1465 1960 1503 sur-

313 1545 616 1598 recturum
646 1540 988 1612 prophetam
1018 1557 1031 1595 :
1063 1539 1268 1594 [Euam
1300 1540 1476 1606 novit,
1538 1539 1638 1594 sed
1696 1554 1799 1609 per
1840 1536 1962 1591 haec

316 1629 595 1687 meritum
628 1628 820 1701 populi
846 1628 1167 1700 peccatoris
1185 1629 1441 1683 ostendit
1472 1644 1485 1682 :
1513 1631 1579 1683 ut
1601 1627 1658 1681 in
1691 1626 1963 1698 perditio-

316 1735 454 1775 nem
484 1719 610 1790 ejus
639 1717 787 1773 falsa
813 1718 1182 1772 vaticinando
1216 1716 1605 1782 denuntiet,et
1632 1715 1691 1770 hi
1724 1715 1822 1786 qui
1857 1731 1958 1770 no-

311 1807 444 1863 lunt
474 1807 675 1863 audire
696 1807 880 1863 Deum
904 1811 961 1862 et
992 1807 1308 1878 prephetas
1339 1821 1474 1861 vera
1502 1804 1961 1875 dicentes,pseu-

312 1896 811 1970 doprophetarum
843 1894 1008 1951 falsis
1042 1894 1556 1951 vaticinationibus
1612 1892 1957 1948 illudantur.

312 1984 443 2042 Filii
474 2001 713 2057 quoque
743 1982 941 2051 Israel,
985 1983 1140 2039 sicut
1194 1983 1251 2038 in
1301 1982 1451 2038 libro
1506 1982 1784 2038 Judicum
1816 1980 1957 2052 legi-

311 2090 449 2129 mus
468 2077 617 2145 (cap.
650 2090 763 2137 xxr,
798 2089 934 2128 vers.
968 2074 992 2126 1
1055 2073 1247 2143 seqq.),
1304 2070 1641 2143 aequissimo
1672 2071 1775 2125 Dei
1796 2068 1957 2140 judi-

309 2163 401 2219 cio
431 2162 653 2234 decepti
684 2168 840 2218 sunt.
870 2162 941 2215 Et
969 2177 1102 2215 cum
1128 2161 1299 2230 juxta
1326 2176 1503 2215 causa
1532 2163 1766 2231 propter
1787 2174 1958 2213 uxor-

311 2268 438 2307 rem
472 2251 681 2307 Levitis
710 2255 913 2305 contra
968 2248 1388 2320 Benjaminitas
1446 2246 1779 2319 congregati
1815 2246 1957 2302 fuis-

312 2346 468 2407 sent,
497 2344 563 2395 ut
591 2338 789 2395 scelus
819 2338 1086 2393 adulterii
1119 2338 1430 2409 puniretur
1463 2354 1476 2390 :
1508 2337 1567 2391 in
1616 2336 1763 2408 ipsis
1792 2336 1957 2408 prius

310 2434 405 2485 est
432 2428 718 2500 sacrilegii
751 2426 970 2483 crimen
1026 2426 1406 2493 vindicatum,
1458 2426 1596 2498 quia
1651 2426 1814 2497 prius
1844 2424 1956 2497 ipsi

312 2518 616 2576 emendari
644 2517 967 2573 debuerant
1000 2534 1013 2583 ;
1045 2515 1133 2571 vel
1164 2520 1317 2571 certe
1373 2531 1495 2581 eos,
1553 2515 1654 2586 qui
1711 2513 1868 2569 idola
1896 2514 1957 2569 in

313 2607 592 2677 injuriam
623 2605 723 2661 Dei
757 2604 1439 2673 adorabant,interimere
1472 2622 1484 2658 :
1520 2604 1736 2675 quibus
1763 2604 1957 2674 majus

314 2696 428 2753 fuit
455 2694 649 2751 fratris
678 2692 953 2763 injuriam
976 2710 1153 2765 quam
1182 2693 1362 2759 Dei,et
1378 2694 1450 2747 ob
1480 2692 1537 2747 id
1562 2692 1726 2764 prius
1756 2692 1814 2746 in
1839 2691 1957 2747 illis

312 2786 675 2841 vindicatum
705 2788 812 2838 est.
844 2781 1011 2837 Novit
1043 2787 1237 2838 autem
1274 2782 1558 2837 Dominus
1574 2787 1631 2836 et
1660 2781 1954 2853 decipien-

311 2881 434 2930 tem
465 2879 522 2930 et
549 2874 855 2944 deceptum
888 2888 990 2942 per
1015 2872 1459 2943 praescientiam,
1492 2871 1644 2943 quod
1678 2871 1852 2925 etiam
1885 2871 1957 2926 de

308 2963 479 3029 Abel,
509 2966 567 3018 et
594 2962 756 3032 Cain,
788 2966 843 3016 et
870 2960 1076 3028 Dalila,
1106 2966 1163 3017 et
1220 2960 1489 3022 Samson,
1547 2961 1649 3031 qui
1705 2960 1953 3031 gratiam

312 3052 565 3124 Spiritus
586 3051 772 3107 sancti
803 3051 859 3105 in
892 3055 1114 3122 septem
1145 3050 1406 3105 crinibus
1429 3049 1672 3121 mystice
1702 3049 1958 3120 posside-

312 3142 433 3208 bat,
464 3140 715 3213 intelligi
747 3143 955 3211 potest.
1015 3139 1262 3194 Noverat
1320 3139 1521 3209 utique
1577 3138 1699 3193 hac
1758 3137 1958 3192 omnia

308 3230 467 3286 Deus
496 3234 812 3301 antequam
848 3228 1067 3293 ﬁerent,
1097 3227 1407 3298 praesciens
1440 3227 1770 3281 futurorum
1806 3245 1819 3295 ;
1852 3227 1953 3282 sed

1382 429 1901 490 COMMENTAR.
1949 429 2022 488 ΙΝ
2072 427 2231 488 10B.
2280 429 2448 488 CAP.
2496 430 2656 487 XIII.

3605 438 3727 500 686

2149 582 2176 608 «
2213 560 2465 615 Addueit
2514 560 2877 617 consiliarios
2936 562 2994 617 in
3026 562 3273 620 stultum
3332 568 3528 636 ﬁnem,
3560 573 3726 641 etju-

2077 646 2233 701 dices
2263 646 2320 701 in
2355 653 2679 719 stuporem.
2716 672 2743 697 »
2778 650 2849 704 Ut
2880 650 3019 705 fecit
3075 657 3279 708 contra
3326 656 3724 728 Egyptiorum

2076 751 2301 805 magos,
2336 736 2435 807 qui
2468 736 2736 792 dicebant
2767 737 3053 794 Pharaoni
3085 755 3276 811 regem
3324 742 3724 803 Chaldaeorum

2077 840 2192 877 non
2225 839 2353 878 esse
2381 830 2693 880 venturum
2724 827 2797 881 ad
2838 828 3185 883 vastandam
3219 831 3550 903 .Egyptum,
3602 835 3724 892 sive

2076 910 2272 982 ipsum
2304 912 2843 971 Nabuchodonosor
2886 916 2944 970 in
2995 918 3315 974 amentiam
3352 925 3600 994 vertens,
3631 923 3722 980 vel

2074 999 2383 1055 Balthasar
2410 1003 2617 1058 timore
2645 1004 3006 1061 concutiens.

2146 1111 2175 1137 «
2208 1088 2469 1144 Balteum
2496 1107 2744 1163 regnum
2767 1092 3051 1164 dissolvit,
3064 1098 3120 1150 et
3148 1096 3452 1170 prmcingit
3476 1099 3613 1155 fune
3638 1116 3722 1157 re-

2074 1192 2177 1232 nes
2208 1193 2431 1233 eorum.
2468 1202 2493 1227 ››
2529 1179 2593 1234 In
2625 1179 2813 1236 balteo
2838 1184 3138 1254 regnantis
3159 1184 3344 1257 gloria
3374 1187 3722 1261 intelligitur

2074 1264 2135 1320 in
2194 1266 2352 1335 fune,
2414 1268 2739 1340 ignominia
2797 1287 2975 1343 regno
3029 1273 3279 1345 depositi
3312 1292 3325 1330 :
3362 1276 3516 1333 sicut
3544 1278 3719 1336 Sede-

2076 1353 2239 1422 chiaa,
2273 1359 2329 1410 et
2361 1356 2631 1412 Manassc
2662 1360 2929 1431 contigit,
2955 1362 3065 1417 Deo
3086 1362 3354 1433 jubente.
3379 1365 3510 1422 Sive
3531 1383 3717 1441 popu-

2073 1441 2193 1497 lum
2249 1444 2612 1512 Judaeorum,
2670 1447 2769 1519 qui
2828 1465 2932 1519 per
2998 1449 3400 1508 inﬁdelitatem
3458 1472 3720 1525 suam,a

2073 1530 2285 1586 Christi
2311 1549 2487 1604 regno
2518 1533 2828 1591 distinctus
2858 1542 2966 1592 est.
2998 1539 3105 1594 Sed
3137 1544 3195 1595 et
3239 1558 3392 1597 nunc
3423 1546 3610 1600 renati
3654 1544 3716 1601 in

2071 1618 2299 1675 Christo
2332 1638 2517 1694 rcges,
2553 1628 2695 1678 sunt
2723 1640 2927 1680 omnes
2954 1626 3014 1681 in
3057 1628 3427 1700 adoptionem
3461 1632 3719 1690 ﬁliorum

2072 1709 2268 1763 aeterni
2303 1710 2455 1783 regis
2486 1712 2696 1767 vocati.
2729 1713 2875 1770 Vere
2906 1716 2978 1771 ab
3027 1715 3125 1772 illa
3182 1717 3423 1776 honoris
3448 1721 3718 1779 sublimi-

2070 1800 2189 1851 tate
2224 1798 2431 1854 merito
2480 1800 2950 1872 distinguuntur,
2985 1802 3322 1878 quicunque
3351 1824 3419 1864 ea
3449 1826 3579 1882 quae
3619 1828 3719 1884 pe-

2069 1885 2327 1941 nitentire
2361 1888 2577 1945 ﬁnibus
2617 1891 2795 1962 digna
2853 1898 3011 1958 sunt,
3069 1900 3501 1967 perpetrarunt.
3556 1899 3721 1958 Sicut

2069 1973 2151 2028 ait
2184 1976 2503 2046 propheta:
2534 1979 2643 2033 Pro
2674 1995 2815 2035 zona
2843 1989 2981 2037 reste
3010 1985 3273 2054 cingerz‘s.
3634 2024 3658 2045 ο

2140 2085 2167 2153 (ξ
2203 2063 2374 2119 Ducit
2398 2068 2729 2123 sacerdotes
2754 2068 3036 2141 inglorios
3086 2093 3114 2122 ››
3152 2071 3223 2128 Ut
3250 2073 3401 2131 ﬁlios
3451 2076 3595 2145 Heli,
3625 2078 3716 2135 vel

2068 2150 2266 2222 plures
2295 2153 2440 2209 alios
2472 2157 2733 2225 ejusdem
2768 2161 2979 2229 gentis.

2145 2263 2165 2288 α
2202 2240 2270 2294 Et
2299 2243 2611 2313 optimates
2642 2245 3001 2317 supplantat.
3041 2270 3062 2298 ι
3096 2249 3219 2305 Non
3245 2251 3377 2307 dolo
3432 2254 3714 2327 supplan-

2066 2332 2153 2383 tat
2185 2335 2355 2401 Deus,
2392 2332 2449 2386 in
2486 2350 2601 2403 quo
2633 2351 2747 2389 non
2780 2340 2869 2390 est
2898 2336 3203 2407 iniquitas,
3262 2341 3365 2396 sed
3402 2341 3511 2398 hoc
3542 2346 3715 2402 modo

2068 2416 2283 2472 dicitur
2312 2422 2695 2492 supplantare
2726 2424 2867 2479 dum
2898 2425 3189 2496 injustum
3239 2435 3486 2501 amovet,
3518 2437 3576 2488 et
3605 2433 3716 2489 ini-

2069 2522 2252 2577 quum
2288 2525 2302 2575 ;
2336 2514 2389 2563 et
2420 2510 2477 2563 in
2511 2509 2701 2567 locum
2731 2529 2905 2583 quem
2964 2519 3161 2571 tenere
3190 2518 3420 2574 videtur
3462 2521 3715 2595 quisque

2070 2595 2349 2667 indignus
2382 2599 2600 2655 bonum
2627 2601 2946 2670 hominem,
2966 2605 3273 2676 etjustum
3295 2609 3718 2680 substinuit,ut

2068 2685 2246 2738 David
2280 2687 2336 2741 in
2362 2686 2555 2743 locum
2589 2690 2783 2745 Saulis

2148 2798 2175 2823 (ι
2236 2778 2618 2834 Commutans
2673 2779 2893 2834 labium
2950 2783 3266 2850 veracium,
3300 2789 3358 2839 et
3386 2786 3714 2845 doctrinam

2071 2886 2279 2924 senum
2311 2868 2865 2923 auferens.Etfundit
2893 2869 3326 2940 despectionem
3356 2891 3535 2945 super
3553 2876 3713 2946 prin-

2070 2959 2227 3029 cipes
2257 2962 2315 3011 et
2344 2974 2441 3011 eos
2472 2956 2569 3025 qui
2630 2958 2895 3027 oppressi
2955 2959 3186 3014 fuerant
3237 2962 3471 3018 relevat.
3512 2966 3539 3016 ci
3568 2964 3713 3020 Cum

2068 3050 2303 3118 propter
2336 3050 2569 3116 peccata
2624 3045 2862 3100 remotis
2918 3047 3434 3117 promissionibus,
3488 3057 3713 3108 aeterna

2065 3136 2344 3207 gehennae
2376 3134 2646 3189 ﬂammas
2676 3134 2967 3205 adoptatis
2999 3136 3138 3192 dare
3166 3139 3555 3210 compellitur.

2141 3247 2167 3274 ‹‹
2201 3224 2309 3289 Qui
2340 3221 2556 3277 revelat
2590 3223 2882 3293 profunda
2921 3225 2991 3279 de
3047 3226 3324 3299 tenebris,
3357 3235 3414 3285 et
3445 3231 3714 3302 producit

307 3318 578 3390 permisit
629 3300 696 3373 ut
746 3317 944 3385 homo,
978 3316 1080 3388 qui
1136 3315 1317 3372 libero
1379 3317 1653 3372 utebatur
1691 3315 1952 3383 arbitrio,
1988 3300 2029 3365 C
2067 3313 2127 3369 in
2158 3313 2348 3368 lucem
2382 3311 2653 3366 umbram
2677 3313 3017 3379 mortis.Qui
3051 3314 3405 3388 multiplicat
3430 3300 3717 3390 gentes,et

311 3410 596 3480 praecepto
627 3405 729 3460 Dei
761 3398 1124 3475 inobediens,
1166 3405 1426 3475 insuper,
1459 3408 1517 3458 et
1567 3404 1751 3458 Deum
1785 3420 1957 3474 posse

308 3512 376 3551 se
408 3494 529 3549 ﬁeri
556 3495 823 3563 credens,
854 3510 956 3566 per
977 3491 1270 3564 justitiam
1315 3492 1415 3548 Dei
1476 3508 1707 3563 pmnam
1754 3492 1954 3546 inobe-

309 3583 542 3639 dientize
592 3583 943 3656 dignissime
992 3581 1329 3638 sustineret.
1372 3582 1440 3637 Hi
1496 3598 1701 3637 omnes
1749 3585 1955 3653 typum

309 3672 526 3728 Christi
574 3672 925 3728 habuerunt.
974 3671 1038 3725 In
1091 3671 1335 3727 Samson
1390 3686 1527 3726 vero
1578 3671 1679 3742 qui
1728 3670 1956 3725 leonem

310 3763 504 3820 tenuit
531 3767 587 3819 et
616 3761 846 3827 occidit,
879 3765 935 3817 et
984 3760 1041 3814 in
1101 3776 1201 3815 ore
1260 3760 1474 3815 mortui
1526 3759 1710 3815 leonis
1761 3760 1955 3815 favum

310 3852 507 3909 mellis
537 3852 760 3908 invenit
792 3868 804 3906 :
841 3849 1235 3922 signiﬁcatum
1266 3853 1374 3917 est,
1409 3850 1559 3920 quod
1594 3848 1652 3902 in
1686 3848 1959 3920 superbis

308 3943 373 3998 in
421 3958 676 4014 quorum
724 3956 820 3996 ore
874 3942 1046 4012 putor
1102 3938 1292 3993 fuerat
1348 3937 1745 4009 blasphemiae,
1805 3941 1960 3993 esset

311 4030 697 4104 postmodum
721 4027 968 4084 dulcedo
997 4026 1191 4082 laudis
1214 4030 1271 4082 et
1299 4026 1496 4098 gratiae
1527 4026 1647 4081 Dei.
1684 4027 1750 4080 Et
1777 4030 1840 4080 ut
1864 4025 1960 4082 ille

312 4120 564 4176 Samson
595 4120 801 4176 sitiens
856 4119 927 4174 de
984 4115 1204 4172 molare
1262 4116 1433 4170 dente
1489 4115 1660 4180 asini,
1693 4114 1961 4172 invocato

316 4209 455 4276 Deo,
487 4224 701 4280 aquam
732 4205 932 4263 eduxit
960 4208 1026 4260 ut
1052 4205 1278 4260 biberet
1308 4221 1321 4259 :
1347 4203 1429 4258 ita
1474 4208 1531 4260 et
1577 4202 1841 4259 Christus
1890 4203 1962 4258 de

315 4296 628 4353 immundo
656 4300 714 4352 et
742 4295 890 4350 duro
919 4294 1183 4366 gentium
1214 4290 1429 4365 populo
1460 4293 1573 4347 ﬁde
1600 4291 1963 4347 credentium

315 4393 604 4459 tanquam
634 4384 917 4457 refrigerii
950 4382 1164 4456 populo
1225 4385 1523 4438 saturatus
1571 4386 1680 4437 est.
1734 4379 1968 4436 Maxilla

319 4491 556 4549 quoque
586 4474 853 4544 ejusdem
884 4471 1035 4528 asini
1078 4473 1149 4527 de
1196 4472 1365 4541 cujus
1421 4470 1627 4526 molari
1676 4487 1839 4541 aquae
1871 4486 1966 4526 co-

318 4565 500 4637 piosae
528 4563 873 4620 efﬂuxerant
900 4559 1115 4618 occidit
1145 4559 1305 4615 mille
1360 4557 1534 4614 viros.
1602 4562 1658 4613 [n
1691 4557 1965 4626 maxillis,

2031 3466 2045 3478 .
2065 3402 2257 3474 perdit
2284 3416 2402 3467 eas,
2434 3405 2492 3454 et
2521 3402 2833 3455 subversas
2864 3401 2921 3456 in
2954 3403 3249 3475 integrum
3297 3406 3572 3464 restituit.
3603 3409 3713 3472 Qui

2065 3493 2339 3547 immutat
2369 3506 2468 3544 cor
2521 3488 2853 3559 principum
2914 3492 3111 3562 populi
3170 3499 3354 3563 terrae,
3411 3501 3470 3551 et
3498 3497 3717 3570 decipit

2065 3597 2163 3636 eos
2189 3584 2250 3634 ut
2278 3580 2493 3632 frustra
2519 3578 2789 3632 incedant
2811 3595 2912 3650 per
2932 3580 3518 3656 invium.Palpabunt
3538 3586 3711 3656 quasi

2065 3668 2435 3732 intenebris,
2467 3673 2524 3723 et
2554 3683 2668 3722 non
2728 3667 2785 3722 in
2820 3667 2969 3734 luce,
3028 3675 3085 3725 et
3142 3687 3334 3728 errare
3383 3690 3482 3730 eos
3540 3675 3715 3732 faciet

2066 3757 2235 3830 quasi
2265 3757 2477 3813 ebrios.
2514 3779 2540 3807 ››
2574 3756 2793 3811 Umbra
2841 3758 3047 3814 mortis
3102 3761 3228 3832 ipse
3273 3761 3546 3819 diabolus
3581 3768 3714 3825 est:

2066 3848 2166 3920 qui
2198 3864 2309 3903 non
2345 3845 2592 3917 protegit
2614 3845 2904 3914 homines,
2948 3849 3048 3904 sed
3081 3851 3293 3921 premit
3320 3851 3377 3905 in
3410 3858 3656 3909 mortem
3691 3871 3707 3912 :

2066 3938 2160 3999 hic
2190 3936 2531 4008 producitur
2562 3935 2620 3989 in
2648 3935 2860 4004 lucem,
2920 3939 3155 4009 quando
3211 3940 3282 3995 ab
3322 3942 3522 3997 anima
3554 3942 3711 3999 ﬁdeli

2068 4044 2128 4083 se
2138 4031 2394 4097 paratur.

2690 4115 2915 4170 CAPUT
2944 4115 3088 4170 XIII.

2143 4228 2170 4255 ‹‹
2204 4205 2346 4259 Ecce
2377 4203 2573 4259 omnia
2605 4202 2725 4257 haec
2756 4202 2901 4258 vidit
2930 4204 3132 4259 oculus
3190 4221 3377 4273 meus,
3411 4213 3470 4262 et
3499 4208 3720 4265 audivit

2026 4310 2037 4315 ·
2073 4294 2229 4349 auris
2256 4296 2467 4362 mea,et
2487 4290 2743 4347 intellexi
2767 4291 3020 4363 singula.
3056 4294 3389 4351 Secundum
3416 4298 3724 4354 scientiam

2072 4387 2348 4449 vestram,
2381 4385 2438 4436 et
2466 4397 2571 4451 ego
2603 4380 2733 4435 novi
2767 4397 2780 4434 :
2815 4397 2920 4435 nec
2951 4381 3193 4438 inferior
3220 4386 3397 4440 vestri
3429 4403 3584 4443 sum.
3616 4388 3727 4445 Sed

2076 4477 2270 4526 tamen
2303 4470 2375 4523 ad
2410 4468 2878 4539 Omnipotentem
2909 4468 3138 4542 loquar,
3172 4477 3229 4527 et
3257 4473 3560 4546 disputare
3591 4493 3728 4532 cum

2079 4561 2194 4615 Deo
2225 4559 2397 4629 cupio
2429 4575 2442 4614 :
2476 4558 2638 4628 prius
2671 4575 2771 4612 vos
2802 4560 3121 4615 ostendens
3151 4561 3529 4619 fabricatores
3564 4580 3727 4619 men-

319 4657 380 4709 et
409 4652 709 4716 dentibus,
742 4651 862 4706 oris
918 4648 1217 4721 eloquium
1269 4647 1636 4718 intelligitur.
1699 4647 1973 4702 Doctrina
2007 4664 2049 4728 D
2081 4648 2253 4714 dacii,
2289 4654 2346 4702 et
2376 4646 2629 4701 cultores
2660 4662 3066 4717 perversurum
3125 4650 3490 4722 dogmatum.
3542 4656 3735 4723 Atque

321 4740 506 4812 igitur
534 4754 735 4795 eorum
767 4739 966 4810 qui-ex
995 4737 1267 4810 gentibus
1297 4735 1690 4801 crediderunt,
1724 4736 1974 4807 perfecto

326 4828 586 4901 quodam
621 4843 865 4883 numero
890 4826 1113 4881 ﬁnitur.
1150 4826 1397 4881 Samson
1428 4839 1564 4880 vero
1610 4823 1807 4879 hostes
1839 4840 1977 4880 suos

325 4922 507 4986 atque
537 4916 901 4972 adversarios
930 4915 1119 4970 tribus
1150 4912 1341 4969 modis
1398 4912 1709 4982 interfecit,
1737 4916 1795 4966 et
1822 4914 1976 4967 occi-

329 5007 419 5062 dit
453 5022 465 5061 :
501 5004 772 5061 dum‘alii
807 5021 919 5060 non
954 5003 1240 5060 credendo
1274 5006 1539 5074 pereunt:
1574 5000 1673 5055 alii
1704 5018 1835 5056 vero
1859 5017 1979 5056 cre-

334 5094 532 5151 dendo
564 5094 722 5161 ﬁdei,
755 5094 1091 5148 moriuntur
1122 5095 1376 5164 peccato.
1410 5094 1565 5162 Opus
1594 5090 1701 5145 hac
1733 5090 1981 5144 maxillae

341 5184 586 5240 elevatio
619 5182 967 5256 appellatur.
1006 5182 1091 5237 Ita
1141 5181 1297 5237 enim
1346 5180 1632 5245 doctrina,
1688 5184 1745 5235 et
1776 5180 1982 5252 praedi-

2085 4737 2309 4793 utinam
2357 4735 2625 4790 taceretis
2684 4739 2748 4789 ut
2812 4738 3160 4807 putaremini
3220 4755 3348 4795 esse
3406 4741 3726 4812 sapientes.

2086 4826 2295 4881 Audite
2328 4842 2464 4896 ergo
2512 4823 2900 4880 correctiones
2960 4843 3140 4897 meas,
3192 4828 3489 4898 judicium
3549 4828 3732 4885 labio-

2088 4932 2217 4972 rum
2281 4931 2544 4969 meorum
2606 4913 2906 4969 attendite.
2958 4915 3255 4987 Numquid
3318 4918 3463 4973 Deus
3512 4918 3736 4992 indiget

2088 5008 2277 5060 vestro
2309 5003 2615 5057 mendacio
2651 5019 2663 5055 :
2700 5008 2762 5056 ut
2813 5020 2917 5074 pro
2977 5003 3074 5059 illo
3132 5004 3454 5077 loquamini
3510 5007 3676 5063 dolos
3704 5007 3733 5063 ?

2089 5093 2387 5163 Numquid
2422 5092 2623 5147 faciem
2664 5092 2792 5161 ejus
2823 5093 3168 5164 accipitis,et
3198 5113 3301 5167 pro
3336 5097 3735 5167 lieojudicare

2095 5181 2351 5237 nitimini
2385 5182 2412 5234 ?
2443 5185 2559 5235 Aut
2590 5180 2843 5251 placebit
2872 5182 2922 5235 ei
2972 5198 3145 5253 quem
3202 5184 3387 5241 celare
3435 5186 3581 5241 nihil
3631 5204 3738 5258 po-

339 5274 493 5330 catio
553 5271 848 5346 Evangelii
906 5270 1282 5342 magniﬁcata
1358 5275 1448 5325 est
1506 5285 1682 5340 super
1747 5285 1982 5325 omnem
2092 5270 2398 5326 test?Aut
2429 5268 2866 5339 decipietur,’ut
2917 5270 3112 5337 homo,
3144 5274 3351 5329 vestris
3399 5274 3737 5331 fraudulen-

336 5366 577 5428 terram,
603 5366 670 5416 ut
727 5376 857 5417 eam
917 5375 1121 5414 omnes
1178 5362 1382 5429 gentes
1429 5356 1649 5428 ubique
1705 5357 1985 5413 elevatam
2096 5359 2195 5413 tiis
2223 5358 2251 5411 ἱ)
2284 5380 2310 5405 ››
2338 5356 2461 5411 Doli
2495 5361 2660 5411 erant
2690 5358 2747 5411 in
2772 5357 2909 5425 illis,
2936 5360 3073 5429 quia
3105 5363 3215 5416 sub
3247 5363 3438 5419 verbis
3470 5363 3742 5420 consola-

337 5451 651 5507 mirentur.
684 5450 748 5506 In
785 5448 906 5504 illis
941 5463 1077 5519 ergo
1107 5446 1381 5519 vulpibus
1412 5447 1726 5518 ﬁguratum
1757 5450 1847 5501 est
1879 5462 1891 5500 :
1925 5448 1991 5500 ut
2096 5446 2264 5502 toriis
2294 5446 2535 5501 inimico
2558 5462 2693 5501 eum
2726 5448 2895 5502 corde
2927 5448 3261 5519 pulsabant.

338 5556 446 5613 per
474 5539 711 5596 dolosos
738 5544 796 5594 et
824 5554 978 5594 sanae
1010 5537 1145 5592 ﬁdei
1168 5536 1467 5606 inimicos,
1497 5551 1747 5607 quorum
1782 5533 1992 5605 princi-
2174 5558 2200 5585 «
2234 5536 2364 5606 Ipse
2391 5552 2492 5589 vos
2525 5540 2730 5607 arguet
2759 5537 3036 5607 quoniam
3060 5539 3118 5593 in
3164 5541 3507 5597 abscondito
3540 5541 3749 5597 faciem

344 5634 524 5703 patus
552 5628 615 5684 in
636 5628 841 5685 caudis
869 5631 979 5694 est,
1013 5642 1148 5699 pars
1178 5629 1305 5697 post
1337 5630 1567 5698 tergum
1599 5623 1822 5691 relicta,
1857 5640 1994 5697 pars
2102 5625 2231 5696 ejus
2262 5623 2543 5695 accipitis.
2578 5624 2781 5679 Statim
2816 5630 2881 5680 ut
2922 5643 2983 5681 se
3039 5631 3437 5701 commoverit,
3490 5628 3750 5685 turbavit

342 5719 502 5780 circa
522 5718 750 5777 fructus
779 5716 1006 5776 Christo
1035 5713 1471 5775 adversantium
1498 5717 1848 5774 vastaretur.
2101 5730 2223 5783 vos,
2258 5718 2315 5771 et
2342 5718 2530 5770 terror
2558 5713 2686 5787 ejus
2716 5712 2899 5771 irruet
2915 5731 3093 5789 super
3119 5717 3531 5777 vos.Memoria
3560 5718 3754 5777 vestra
