4066 6190
430 383 548 444 687

1925 386 2319 446 APPENDIX
2333 429 2348 445 .

3659 399 3754 461 688

430 515 871 589 comparabitur
899 514 1098 587 cineri,
1133 519 1189 571 et
1220 516 1555 589 redigentur
1584 516 1644 572 in
1678 517 1867 572 lutum
1893 518 2077 572 cervi-
2109 522 2159 586 Α
2198 541 2219 568 α
2247 520 2466 575 Recede
2495 516 2631 592 ergo
2655 519 2957 591 paululum
3016 520 3086 576 ab
3119 537 3206 588 eo,
3270 525 3332 577 ut
3378 523 3628 596 quiescat,
3673 529 3752 587 do-

428 623 523 662 ces
555 609 777 661 vestrae.
801 606 1009 661 Tacete
1032 604 1430 677 paulisper,ut
1450 605 1656 678 loquar
1686 608 2075 678 quodcunque

431 693 576 752 mibi
609 711 775 751 mens
805 695 1186 768 snggesserit.
1222 717 1249 744 »
1284 695 1355 750 Ut
1385 713 1419 750 a
1449 701 1561 751 Deo
1594 696 1947 768 arguamini,
1983 695 2071 749 di-

428 784 530 857 gni
562 784 706 840 estis
741 800 755 840 :
789 784 1147 851 abscondite,
1184 784 1238 839 id
1274 788 1383 854 est,
1421 784 1589 856 quasi
1621 802 1686 840 eo
1744 785 2069 857 ignorante,

428 890 741 947 personam
771 874 901 945 ejus
928 872 987 927 in
1018 874 1182 929 vobis
1214 874 1285 928 ad
1320 890 1411 929 me
1442 874 1844 929 damnandum
1878 874 2069 929 susci-

426 962 565 1035 pitis
598 979 611 1018 :
644 967 928 1035 tanquam
959 979 1095 1018 eum
1125 961 1304 1018 latere
1334 963 1523 1033 possit
1567 963 1810 1035 aliquid,
1874 968 1937 1017 ut
1993 964 2073 1018 ita

426 1050 476 1106 ei
509 1052 823 1123 subrepere
849 1052 1060 1107 velitis.

503 1162 531 1194 α
560 1143 751 1205 Quare
795 1140 983 1196 lacero
1032 1156 1235 1196 carnes
1284 1157 1444 1195 meas
1503 1141 1779 1195 dentibus
1838 1140 2065 1196 meis.»

424 1230 855 1302 Torquentibus
887 1246 1021 1284 eum
1054 1229 1252 1284 nimiis
1297 1229 1676 1299 cruciatibus,
1740 1246 1952 1285 manus
1982 1228 2069 1284 vel

425 1318 582 1375 labia
606 1335 714 1375 sua
743 1318 1019 1374 dentibus
1049 1319 1356 1374 lacerabat.

494 1431 522 1459 (ι
555 1409 624 1464 Et
676 1408 934 1464 animam
996 1424 1182 1463 meam
1243 1412 1408 1479 porto
1463 1408 1520 1461 in
1569 1408 1845 1463 manibus
1897 1407 2064 1463 meis.

419 1497 666 1555 Etiamsi
697 1497 972 1553 occiderit
1003 1512 1117 1566 me,
1166 1497 1224 1551 in
1284 1498 1408 1569 ipso
1450 1497 1718 1568 sperabo.
1763 1497 2069 1552 Verumta-

422 1605 554 1644 men
585 1588 712 1642 vias
742 1603 905 1642 meas
935 1586 993 1640 in
1026 1590 1339 1668 conspectu
1398 1572 1525 1656 ejus
1559 1602 1823 1658 arguam,
1857 1590 1914 1641 et
1942 1585 2068 1657 ipse

420 1678 530 1733 erit
549 1675 806 1732 salvator
834 1692 1022 1730 meus.
1051 1675 1179 1729 Non
1219 1676 1377 1729 enim
1434 1676 1623 1731 veniet
1666 1676 1721 1728 in
1753 1680 2065 1747 conspectu

420 1767 549 1837 ejus
581 1764 774 1820 omnis
806 1764 1126 1836 hypocrita.
1159 1763 1365 1818 Audite
1407 1780 1734 1818 sermonem
1770 1780 1986 1830 meum,
2011 1767 2067 1819 et

421 1853 735 1926 aenigmata
763 1853 1044 1925 percipite
1074 1853 1315 1907 auribus
1340 1852 1570 1907 vestris.
1605 1852 1664 1907 Si
1721 1853 1880 1906 fuero
1906 1852 2065 1923 judi-

419 1946 605 2014 catus,
638 1943 756 1999 scio
788 1943 942 2014 quod
967 1942 1169 2013 justus
1198 1940 1476 1997 inveniar.
1499 1940 1638 2005 Quis
1668 1945 1756 1996 est
1787 1940 1885 2012 qui
1912 1940 2067 2009 judi-

418 2036 582 2088 cetur
600 2047 830 2087 mecum
860 2031 890 2085 ‘I
921 2030 1138 2088 Veniat.
1173 2032 1359 2095 Quare
1390 2034 1590 2085 tacens
1630 2047 2010 2085 consummor
2037 2029 2064 2083 ‘I

415 2126 539 2177 Duo
569 2124 799 2177 tantum
831 2136 903 2175 ne
934 2119 1115 2176 facias
1146 2120 1387 2187 mihi,et
1417 2125 1556 2174 tunc
1588 2136 1620 2173 a
1651 2117 1795 2173 facie
1826 2124 1926 2173 tua
1948 2135 2062 2173 non

415 2209 760 2265 abscondar.
793 2212 1030 2263 Manum
1061 2212 1223 2261 tuam
1249 2206 1417 2278 longe
1451 2206 1539 2260 fac
1570 2223 1603 2260 a
1634 2221 1747 2273 me,
1782 2210 1840 2259 et
1871 2204 2065 2259 formi-

417 2300 491 2354 do
521 2302 625 2353 tua
656 2314 751 2354 me
780 2314 894 2353 non
928 2299 1321 2352 terreat.Voca
1352 2299 1534 2362 me,et
1562 2310 1668 2366 ego
1697 2294 2063 2365 respondebo

412 2386 520 2443 tibi
551 2403 562 2443 :
598 2390 700 2442 aut
729 2390 884 2442 certe
912 2384 1138 2457 loquar,
1171 2389 1228 2438 et
1255 2388 1319 2438 tu
1350 2382 1636 2454 responde
1666 2382 1832 2436 mihi.
1866 2382 2058 2445 Quan-

415 2480 507 2532 tas
536 2475 721 2531 habeo
751 2474 1090 2546 iniquitates
1120 2477 1178 2527 et
1225 2475 1480 2542 peccata.
1542 2493 1568 2520 »
1628 2472 1820 2541 Ipsam
1880 2471 2058 2525 vitam

412 2581 604 2631 suam,
637 2580 765 2636 quae
796 2561 944 2618 solet
974 2562 1181 2617 animae
1220 2559 1501 2616 vocabulo
1550 2559 1687 2627 dici,
1740 2563 1968 2630 portare
1999 2575 2061 2613 se

413 2655 496 2711 ait
518 2654 579 2709 in
611 2652 886 2709 manibus
916 2651 1039 2707 suis
1074 2668 1085 2705 :
1120 2650 1229 2706 hoc
1258 2654 1348 2705 est
1369 2651 1492 2719 jam
1527 2665 1683 2703 nunc
1712 2648 1769 2703 in
1800 2652 2058 2703 tormen-

412 2744 490 2801 tis
518 2743 821 2800 deﬁciente
851 2741 1050 2799 anima
1080 2746 1136 2796 et
1172 2744 1437 2810 exeunte,
1487 2737 1645 2794 velut
1703 2738 2056 2792 elt‘erendam

412 2838 579 2909 porto
601 2834 662 2889 in
692 2832 988 2888 manibus.

484 2948 513 2976 ‹‹
546 2923 777 2981 Scelera
806 2938 960 2990 mea,
1007 2925 1063 2977 et
1111 2919 1323 2975 delicta
1373 2935 1502 2973 mea
1553 2917 1793 2973 ostende
1824 2916 1991 2971 mihi.
2027 2938 2055 2967 »

410 3016 485 3073 Ut
504 3015 655 3071 scire
675 3013 921 3086 possim,
954 3027 1129 3082 quam
1170 3009 1242 3065 ob
1293 3023 1530 3063 causam
1578 3008 1658 3061 ita
1689 3023 1781 3062 me
1807 3005 2054 3061 crucias.

489 3125 511 3153 κ
545 3108 659 3159 Cur
688 3102 894 3159 faciem
928 3105 1091 3156 tuam
1132 3097 1466 3165 abscondis,
1500 3101 1555 3151 et
1606 3094 1911 3150 arbitraris
1963 3111 2057 3150 me

410 3192 717 3250 inimicum
735 3195 905 3246 tuum
928 3189 1177 3245 ‘?Contra
1196 3186 1397 3241 folium
1430 3186 1583 3256 quod
1610 3189 1782 3238 vento
1806 3183 2051 3254 rapitur,

2187 625 2289 663 nec
2322 613 2517 679 optata
2548 609 2742 664 veniat
2797 614 2854 678 et
2883 610 3033 665 sicut
3064 611 3401 667 mercenarii
3428 612 3540 669 dies
3582 618 3704 687 ejus.
3730 642 3751 669 ι»

2184 700 2301 751 Hoc
2341 702 2451 764 est,
2482 714 2683 752 amove
2714 716 2747 753 a
2776 714 2869 753 me
2898 698 3195 770 ﬂagellum
3253 704 3433 771 tuum,
3484 718 3646 775 neque
3683 722 3758 762 me

2183 785 2402 840 diutius
2435 788 2741 857 permittas
2770 786 2965 842 taliter
2994 788 3227 843 tentari.

2260 894 2286 924 tt
2314 874 2565 945 Lignum
2604 876 2774 930 habet
2804 891 2989 947 spem,
3024 876 3081 930 Si
3126 875 3427 947 praecisum
3458 878 3628 945 fuerit,
3654 898 3760 936 rur-

2182 978 2312 1017 sum
2343 962 2576 1017 virescit
2608 969 2662 1018 et
2687 963 2835 1018 rami
2867 964 2994 1034 ejus
3036 963 3348 1036 pullulant.
3381 966 3438 1021 Si
3468 968 3691 1022 senuerit
3714 969 3761 1023 in

2181 1057 2333 1105 terra
2365 1052 2528 1105 radix
2575 1053 2723 1121 ejus,
2783 1057 2840 1107 et
2888 1052 2948 1106 in
3008 1051 3241 1124 pulvere
3297 1059 3578 1109 emortuus
3625 1055 3765 1111 fuerit

2179 1144 2425 1194 truncus
2455 1140 2614 1196 illius
2649 1142 2715 1194 ad
2753 1142 2989 1195 odorem
3050 1158 3212 1212 aquae
3244 1141 3596 1214 germinabit,
3626 1148 3673 1197 et
3696 1144 3760 1198 fa-

2180 1230 2292 1284 ciet
2321 1247 2546 1285 comam
2582 1232 2747 1303 quasi
2790 1249 2921 1285 cum
2957 1231 3212 1303 primum
3265 1232 3573 1302 plantatum
3624 1236 3761 1287 est.»

2180 1320 2549 1374 Rationabile
2589 1320 3204 1393 lignum.credendum
3236 1325 3342 1387 est,
3373 1321 3441 1376 de
3460 1337 3566 1392 quo
3594 1321 3765 1376 dicitur

2178 1408 2267 1462 Est
2294 1409 2447 1463 enim
2472 1410 2661 1463 arbori
2680 1425 2819 1481 spes.
2854 1412 2972 1463 Hoc
3008 1410 3205 1480 itaque
3254 1408 3475 1481 lignum
3505 1410 3763 1481 praecisum

2181 1496 2289 1549 fuit
2318 1512 2421 1567 per
2446 1496 2904 1552 inobedientiam
2932 1515 2944 1563 ;
2979 1498 3212 1569 quando
3231 1497 3524 1553 habitabat
3540 1497 3593 1554 in
3614 1497 3766 1553 medio

2178 1585 2471 1655 lignorum
2506 1586 2760 1656 paradisi
2792 1586 3136 1658 priusquam
3180 1587 3281 1641 Dei
3317 1587 3588 1642 sententia
3615 1601 3765 1641 more-

2178 1678 2358 1743 retur,
2394 1691 2427 1728 a
2456 1691 2569 1745 quo
2605 1674 2664 1728 in
2696 1674 3050 1746 baptismate
3078 1680 3339 1731 vetustas
3372 1674 3692 1747 praeciditur,
3720 1677 3769 1729 ut

2178 1763 2234 1816 in
2266 1766 2402 1818 Jesu
2437 1763 2653 1817 Christi
2687 1764 2814 1818 novi
2844 1763 3102 1820 hominis
3131 1765 3270 1832 vita,
3315 1780 3414 1837 per
3442 1763 3768 1819 resurrectio-

2177 1867 2310 1906 nem
2341 1851 2476 1905 ﬁdei
2511 1852 2814 1907 reviviscat
2843 1857 2901 1908 et
2953 1853 3101 1909 rami
3159 1854 3287 1924 ejus
3345 1854 3639 1909 virtutibus
3665 1850 3769 1923 pul-

2176 1938 2360 1995 lulent
2394 1958 2405 1994 :
2441 1941 2495 1994 id
2532 1946 2639 2008 est,
2680 1958 2855 2013 opera
2908 1942 3036 2012 ejus
3094 1947 3293 1997 sancte
3340 1941 3571 1997 vivendo
3622 1938 3763 2011 proli-

2175 2029 2350 2082 ciant.

2250 2139 2270 2167 α
2306 2118 2491 2173 Homo
2540 2135 2671 2175 vero
2704 2135 2837 2174 cum
2871 2123 3139 2175 mortuus
3196 2120 3391 2188 fuerit,
3448 2124 3506 2175 et
3552 2117 3770 2174 nudatus

2174 2211 2350 2278 atque
2381 2212 2767 2280 consumptus
2802 2233 2815 2275 ;
2849 2208 3177 2280 ubi,quaeso
3207 2210 3328 2265 est?
3355 2231 3383 2260 »
3414 2213 3591 2263 Homo
3611 2210 3768 2261 autem

2173 2312 2287 2350 non
2319 2295 2540 2351 habens
2588 2313 2753 2369 spem
2810 2296 2870 2351 in
2918 2298 3167 2365 Christo,
3222 2298 3378 2354 sicut
3434 2301 3621 2370 gentes
3671 2309 3769 2365 quae

2171 2383 2443 2455 ignorant
2473 2386 2676 2453 Deum,
2711 2403 2844 2441 cum
2879 2391 3146 2442 mortuus
3175 2388 3374 2449 fuerit.
3404 2403 3515 2443 non
3570 2386 3771 2440 renatus

2130 2510 2133 2515 μ
2171 2490 2273 2543 per
2302 2473 2686 2545 baptismum,
2719 2474 2836 2528 vita
2865 2475 3040 2530 etiam
3088 2476 3415 2532 destitutus
3447 2492 3510 2530 ac
3538 2467 3770 2546 praesenti

2168 2559 2550 2618 delectatione
2583 2564 2860 2634 nudatus,
2891 2564 3018 2619 sine
3047 2564 3228 2619 dubio
3276 2564 3615 2622 sententiam
3636 2564 3775 2615 teter-

2170 2666 2255 2704 nze
2288 2651 2686 2707 damnationis
2715 2652 2980 2724 excipiet.

2242 2760 2269 2788 «
2300 2739 2598 2802 Quomodo
2630 2741 2676 2795 si
2712 2742 2987 2797 recedant
3017 2759 3181 2814 aqua:
3233 2743 3306 2799 de
3337 2742 3563 2808 mari,et
3589 2738 3770 2795 ﬂuvius

2167 2829 2535 2883 vacuefactus
2566 2834 2790 2885 arescat
2822 2846 2834 2885 :
2872 2830 2954 2885 sic
2986 2830 3160 2886 homo
3191 2848 3330 2887 cum
3362 2829 3767 2898 dormierit,non

2170 2921 2453 2989 resurget.
2479 2917 2671 2974 Donec
2701 2922 2984 2975 atteratur
3026 2921 3261 2990 coelum,
3296 2938 3413 2978 non
3469 2915 3770 2991 evigilabit:

2167 3022 2272 3061 nec
2304 3012 2619 3078 consurget
2642 3007 2711 3062 de
2731 3024 2938 3063 somno
2971 3008 3251 3073 suo.Quis
3284 2998 3430 3066 mihi
3453 3009 3557 3065 hoc
3586 3005 3773 3062 tribuat

2172 3100 2233 3149 ut
2264 3096 2322 3149 in
2354 3095 2583 3151 inferno
2608 3101 2874 3169 protegas
2908 3114 3019 3163 me,
3051 3102 3108 3153 et
3137 3099 3470 3155 abscondas
3500 3095 3772 3164 me,donec

2168 3189 2531 3256 pertranseat
2559 3184 2721 3239 furor
2748 3188 2807 3239 tu
2820 3202 2887 3240 us
2909 3203 2928 3240 :
2959 3190 3015 3241 et
3043 3188 3371 3243 constituas
3392 3184 3534 3243 mihi
3555 3189 3772 3253 tempus.

409 3280 671 3342 ostendis
699 3279 1017 3353 potentiam
1050 3283 1235 3346 tuam,
1268 3279 1325 3329 et
1365 3273 1642 3345 stipulam
1675 3273 1891 3327 siccam
1924 3288 2050 3343 per—
2086 3262 2128 3328 C
2168 3273 2225 3327 in
2258 3291 2370 3345 quo
2414 3274 2732 3328 recorderis
2782 3274 2896 3329 mei
2952 3274 2979 3328 ?
3006 3279 3262 3332 Putasne
3312 3280 3577 3332 mortuus
3629 3271 3772 3326 homo

410 3372 700 3444 sequeris.
741 3367 961 3425 Scribis
990 3365 1145 3421 enim
1170 3368 1370 3418 contra
1399 3378 1491 3416 me
1518 3360 1964 3428 amaritudines,
1998 3364 2055 3413 et

406 3474 753 3516 consumere
783 3473 876 3511 me
897 3456 982 3509 vis
1008 3452 1260 3525 peccatis
1320 3449 1720 3506 adolescentiae
1751 3466 1911 3503 meae.
1946 3452 2051 3503 Po-

411 3547 583 3604 suisti
614 3548 675 3602 in
704 3561 878 3601 nervo
909 3542 1115 3615 pedem
1150 3555 1369 3608 meum,
1402 3544 1458 3594 et
1497 3538 1813 3594 observasti
1848 3554 2052 3594 omnes

406 3635 651 3692 semitas
680 3649 862 3700 meas,
895 3636 952 3687 et
976 3629 1220 3702 vestigia
1250 3630 1463 3701 pedum
1495 3643 1755 3682 meorum
1791 3627 2052 3682 conside-

406 3723 571 3781 rasti.
618 3722 735 3791 Qui’
785 3721 953 3794 quasi
1017 3718 1262 3792 putredo
1320 3717 1755 3773 consumendus
1811 3721 2053 3781 sum,et

407 3812 579 3887 quasi
618 3812 1038 3868 vestimentum
1071 3808 1222 3880 quod
1257 3807 1584 3862 comeditur
1614 3822 1647 3860 a
1676 3805 2045 3860 tinea.»Dum

404 3905 489 3960 ita
530 3900 726 3975 puniri
782 3916 876 3956 me
935 3897 1244 3971 permittis,
1300 3911 1475 3966 quem
1533 3894 1691 3949 velut
1739 3894 2046 3949 inimicum

407 3991 708 4049 existimas
738 3988 895 4044 dolet
926 3986 1071 4042 mihi
1102 4002 1167 4041 eo
1199 3985 1355 4056 quod
1386 3983 1511 4056 ipse
1542 3984 1762 4055 eptime
1793 3984 2045 4050 noveris,

386 4064 542 4154 quia
570 4079 653 4135 illi
686 4078 881 4151 potius
914 4075 1016 4150 qui
1047 4073 1342 4141 restiterit,
1376 4078 1675 4128 noceatur.

1022 4164 1251 4220 CAPUT
1278 4162 1422 4218 XIV.

474 4281 503 4309 ‹‹
533 4258 717 4314 Homo
750 4259 923 4312 natus
949 4259 1040 4311 est
1068 4255 1139 4309 de
1172 4252 1435 4317 muliere,
1490 4250 1650 4305 brevi
1681 4249 1880 4304 vivens
1901 4252 2043 4304 tem-

402 4364 585 4421 pore:
632 4349 889 4419 repletur
937 4343 1143 4400 multis
1199 4341 1476 4397 miseriis.
1540 4339 1647 4402 Qui
1705 4339 1875 4411 quasi
1936 4339 2041 4395 flos

397 4436 713 4510 egreditur,
745 4440 802 4491 et
832 4432 1170 4502 conteritur,
1222 4436 1278 4487 et
1333 4431 1485 4503 fugit
1536 4428 1692 4484 velut
1722 4427 1949 4499 umbra,
1984 4434 2041 4484 et

391 4543 697 4600 nunquam
728 4524 788 4580 in
813 4528 1015 4581 eodem
1044 4526 1201 4578 statu
1234 4524 1554 4593 permanet.
1591 4540 1618 4570 ››
1656 4520 1717 4573 In
1759 4519 1897 4573 ﬂore
1927 4517 2037 4573 hoc

2165 3377 2402 3416 rursum
2434 3361 2582 3416 vivet
2608 3361 2635 3415 ?
2663 3362 2900 3417 Cunctis
2926 3358 3388 3435 dicbus'quibus
3418 3380 3569 3420 nunc
3596 3357 3770 3417 milito:

2163 3454 2430 3522 exspecto
2454 3451 2635 3505 donec
2664 3450 2859 3505 veniat
2916 3450 3253 3509 immutatio
3298 3470 3448 3509 mea.
3506 3474 3534 3502 ››
3584 3450 3637 3504 Si
3668 3443 3769 3502 ﬁeri

2162 3544 2370 3610 potest,
2400 3538 2498 3606 ait,
2530 3543 2595 3593 ut
2621 3555 2788 3610 aquae
2816 3538 3161 3596 salutarium
3224 3545 3642 3614 praeceptorum
3670 3532 3769 3601 Dei,

2160 3628 2231 3683 de
2261 3630 2596 3682 sanctarum
2630 3627 3069 3699 chipturarum
3121 3630 3271 3685 mari
3333 3630 3597 3687 desinant
3641 3640 3771 3680 rece-
3930 3622 3931 3675 l

2160 3717 2313 3785 dere,
2348 3716 2447 3787 qui
2476 3716 2715 3787 perenni
2748 3717 3107 3773 abundantia
3158 3736 3276 3775 non
3309 3718 3587 3776 deﬁciunt
3614 3733 3627 3769 :
3657 3717 3706 3769 et
3731 3710 3771 3765 si
3930 3714 3931 3755 ἓ

2160 3808 2351 3876 potest
2386 3804 2509 3858 fieri
2541 3810 2604 3858 ut
2633 3805 2845 3861 ﬂuvius
2883 3807 3031 3861 sacri
3090 3808 3488 3880 baptismatis,
3545 3803 3767 3877 quadam

2158 3894 2356 3966 inepia
2385 3894 2590 3949 divina
2622 3893 3034 3950 misericordiae
3064 3897 3412 3967 exsiccetur,
3445 3902 3501 3952 et
3529 3911 3638 3951 non
3668 3889 3767 3963 ple-

2158 3999 2269 4038 nus
2298 3983 2373 4037 sit
2403 3982 2591 4053 gratia
2624 3983 2740 4050 Dei,
2801 3984 2988 4048 sancti
3047 4002 3283 4057 quoque
3340 3984 3594 4058 Spiritus
3624 3976 3767 4035 donis

2158 4090 2272 4126 non
2304 4072 2588 4127 redundet
2624 4089 2637 4126 :
2667 4072 2748 4127 ita
2777 4074 2988 4143 poterit
3023 4074 3146 4129 ﬁeri
3174 4081 3240 4130 ut
3269 4076 3446 4132 homo
3476 4089 3605 4130 cum
3634 4083 3765 4125 mor-

2155 4164 2293 4215 tuus
2329 4160 2517 4229 tuerit,
2552 4176 2664 4215 non
2698 4167 2984 4235 resurgat.
3045 4186 3073 4215 «
3127 4165 3381 4221 Vocabis
3446 4181 3568 4229 me,
3600 4165 3653 4216 et
3679 4171 3765 4228 ego

2155 4249 2518 4319 respondebo
2549 4248 2674 4304 tibi.
2707 4251 2877 4322 Operi
2911 4268 3195 4308 manuum
3244 4260 3484 4310 tuarum
3531 4248 3766 4325 porriges

2151 4339 2470 4393 dexteram.
2507 4360 2535 4388 ‹‹
2564 4339 2942 4395 Vocabuntur
2970 4357 3172 4399 omnes
3214 4342 3435 4399 mortui
3494 4342 3551 4395 in
3600 4335 3765 4393 novis-

2149 4427 2299 4482 simo
2332 4426 2704 4497 saeculorum,
2737 4432 2793 4483 et
2823 4428 2881 4483 in
2916 4446 3052 4485 voce
3099 4429 3462 4504 archangeli,
3510 4432 3673 4500 atque
3715 4421 3763 4476 in

2148 4517 2288 4571 tuba
2314 4515 2414 4571 Dei
2446 4516 2517 4571 de
2547 4515 2794 4573 tumulis
2824 4519 3236 4575 excitabuntur
3265 4522 3314 4592 (ι
3356 4522 3513 4575 Thess
3545 4534 3612 4586 Iv,
3646 4512 3720 4581 15)
3747 4525 3759 4561 ε

388 4617 516 4674 loco
572 4615 945 4689 fragilitatem
1021 4611 1264 4687 humani
1325 4609 1553 4682 generis
1614 4606 2032 4680 intelligamus,
2065 4628 2111 4691 ο
2146 4604 2698 4676 reSpondebuntque
2730 4606 2986 4662 universi
3018 4607 3126 4663 hoc
3156 4610 3332 4665 modo
3363 4625 3500 4664 cum
3556 4604 3625 4661 ad
3653 4615 3759 4655 ver-

386 4725 501 4764 non
537 4706 892 4780 fragrantem
941 4701 1136 4758 odoris
1186 4698 1708 4772 pulchritudinem,
1766 4704 1824 4752 et
1865 4698 2030 4753 deco-

382 4813 529 4854 rem.

461 4908 488 4939 ι
514 4889 580 4940 Et
609 4886 851 4958 dignum
883 4883 1049 4940 ducis
1099 4895 1278 4952 super
1337 4875 1743 4949 hujuscemodi
1803 4876 2026 4947 aperire

383 4973 584 5029 oculos
604 4979 759 5040 tuos,
795 4977 852 5028 et
880 4973 1167 5028 adducere
1197 4984 1329 5024 eum
1380 4972 1571 5021 tecum
1606 4965 1663 5019 in
1706 4964 2021 5035 judicium.

383 5062 524 5127 Quis
537 5067 728 5134 potest
743 5062 929 5117 facere
944 5060 1231 5115 mundum
1254 5058 1324 5113 de
1347 5055 1654 5111 immundo
1677 5058 2020 5127 conceptum

374 5151 598 5207 semine
625 5151 654 5205 ‘I
683 5152 886 5207 Nonne
907 5154 969 5205 tu
993 5149 1089 5221 qui
1123 5147 1285 5202 solus
1312 5144 1428 5200 est?
1452 5145 1657 5199 Breves
1690 5142 1813 5198 dies
1836 5143 2021 5198 homi-

374 5239 467 5295 nis
498 5245 657 5308 sunt,
691 5255 971 5295 numerus
1002 5237 1294 5293 mensium
1327 5236 1454 5305 ejus
1486 5234 1640 5306 apud
1672 5237 1728 5288 te
1758 5234 2016 5289 est.Con-

370 5328 615 5385 stituisti
648 5329 929 5384 terminos
951 5326 1206 5398 ejus,qui
1240 5323 1517 5396 praeteriri
1554 5312 1666 5377 non
1700 5328 2012 5394 poterunt»

368 5417 486 5473 Hoc
516 5422 605 5474 est
624 5418 868 5490 dignum
899 5416 1065 5472 ducis
1100 5418 1417 5486 utpropter
1445 5412 1773 5467 humanum
1804 5428 2011 5483 genus,

366 5506 747 5580 Unigenitum
780 5511 948 5562 tuum
970 5503 1269 5559 hominem
1295 5501 1452 5556 nasci
1478 5500 1641 5557 velis.
1666 5501 1797 5557 Sive
1822 5500 2008 5557 aliter:

362 5611 457 5652 me
489 5611 723 5671 quoque
761 5594 1056 5670 permittis
1105 5590 1354 5649 fabulari
1412 5595 1629 5657 tecum,
1663 5595 1720 5648 et
1750 5590 2011 5647 evolvere

360 5685 633 5749 miserias
664 5701 845 5745 meas.

2143 4695 2283 4749 bum
2344 4694 2668 4765 majestatis
2724 4696 2852 4762 ejus
2909 4700 3084 4769 atque
3142 4698 3435 4769 potentiae,
3469 4697 3679 4751 cineres
3707 4700 3761 4741 ac

2147 4783 2383 4838 familia:
2413 4782 2807 4839 humanorum
2838 4801 3146 4857 corporum
3199 4786 3662 4850 vivificabuntur,
3711 4778 3759 4831 et

2141 4877 2423 4945 exsugent
2452 4889 2519 4927 ex
2549 4873 2796 4928 mortuis
2824 4874 3167 4948 incorrupti.

2207 4964 2357 5017 «Tu
2414 4962 2648 5033 quidem
2708 4979 2946 5035 gressus
3003 4983 3164 5022 meos
3212 4961 3599 5022 dinumerasti
3632 4951 3753 5015 :sed

2134 5068 2303 5124 parce
2332 5051 2583 5123 p'ceatis
2606 5051 2773 5119 meis,
2807 5075 2835 5102 »
2868 5053 3257 5126 Cogitationes
3289 5061 3348 5111 et
3377 5070 3552 5128 opera
3571 5051 3756 5122 juven-

2130 5141 2275 5195 tutis
2312 5157 2475 5195 meae.

2201 5254 2225 5279 α
2261 5229 2514 5301 signasti
2549 5231 2716 5302 quasi
2748 5232 2807 5287 in
2829 5235 3303 5293 saeculodelicta
3339 5251 3490 5298 mea.
3542 5229 3633 5287 sed
3662 5240 3750 5279 cu-

2128 5319 2268 5373 rasti
2318 5319 2688 5391 iniquitatem
2746 5339 2957 5380 meam.
3018 5348 3044 5376 ››
3096 5327 3333 5390 Saccus,
3388 5314 3749 5394 signiﬁcativo

2126 5409 2382 5475 nomine,
2416 5410 2583 5479 quasi
2614 5415 2734 5466 tota
2773 5429 2968 5469 massa
3026 5414 3315 5487 peccatrix
3376 5399 3749 5485 generationis

2124 5499 2251 5554 Adae
2285 5497 2476 5552 dictus
2507 5497 2686 5553 videri
2719 5507 2910 5572 potest
2944 5520 2956 5559 :
2992 5505 3052 5560 in
3083 5522 3197 5576 quo
3226 5501 3401 5574 quasi
3434 5499 3544 5555 sub
3575 5495 3747 5565 signa-

2121 5587 2251 5643 culo
2300 5586 2571 5659 imaginis
2605 5589 2755 5659 ejus,
2788 5593 2993 5664 genuit
3023 5596 3205 5651 Adam
3245 5593 3320 5648 ad
3361 5586 3670 5661 imaginem
3696 5580 3746 5633 et

2120 5676 2568 5736 similitudinem
2600 5693 2791 5751 suam,
2820 5685 3003 5739 totam
3033 5683 3292 5742 sobolem
3344 5679 3505 5736 illius
3535 5675 3592 5731 in
3624 5671 3740 5746 ἱρεο
