4066 6190
344 432 465 498 689

1423 434 1932 499 COMMEN'I‘AIL
1985 433 2058 495 ΙΝ
2103 434 2266 495 .lOB.
2313 435 2480 496 CAP.
2531 434 2659 496 XV.

3638 431 3759 493 690

345 564 866 642 praevaricatricem
899 567 1162 626 effectam
1196 586 1208 624 :
1241 585 1416 641 quam
1452 585 1555 641 per
1585 567 1770 624 multa
1787 569 1997 625 saecula
2029 569 2081 635 Α
2112 573 2280 625 tuum
2344 569 2485 626 illud
2536 570 2813 627 saeculum
2867 568 3044 626 caelos
3092 575 3403 643 penetrans
3452 569 3748 633 transivit,

345 662 498 713 Deus
520 654 786 713 clausam
815 658 1004 712 tenuit
1033 658 1143 713 sub
1175 663 1427 730 peccato,
1460 664 1516 713 et
1544 664 1741 714 tamen
1789 659 1849 714 in
1882 678 1989 715 no-

341 746 604 803 vissimis
626 746 972 802 saeculorum
997 752 1112 802 tem
1124 747 1629 819 poribus,vulnera
1646 748 1991 804 delictorum

342 853 450 892 sua
479 835 879 908 redemptione
894 837 1134 891 curavit.
1160 838 1217 891 Si
1240 842 1435 893 autem
1458 839 1529 893 de
1554 838 1990 910 semetipsoJob

339 924 448 981 hoc
468 924 688 980 dixisse
717 924 962 991 videtur,
991 930 1056 980 ut
1087 926 1357 995 arbitror,
1383 927 1495 982 iste
1517 933 1604 983 est
1623 927 1985 983 intellectus:

337 1014 395 1070 Si
429 1030 547 1086 qua
576 1013 778 1085 igitur,
814 1014 917 1081 ait,
949 1016 1019 1070 ad
1054 1020 1234 1071 Deum
1299 1034 1402 1089 per
1450 1023 1642 1072 totum
1705 1018 1985 1074 saeculum

334 1103 464 1159 vitm
497 1119 640 1158 meas
668 1110 902 1175 peccata
930 1106 1224 1176 commisi,
1258 1107 1318 1161 in
1349 1124 1533 1161 unum
1556 1108 1754 1163 omnia
1784 1124 1886 1179 per
1907 1108 1987 1162 di-

335 1208 506 1247 versa
532 1196 866 1263 temporum
899 1193 1091 1264 spatia
1115 1197 1508 1267 congregasti,
1544 1200 1607 1250 ut
1658 1197 1982 1252 secundum

335 1280 588 1353 rigorem
612 1280 860 1351 justitize
893 1285 1003 1336 tuae
1036 1298 1139 1354 pro
1171 1283 1405 1339 cunctis
1427 1283 1603 1340 simul
1637 1284 1779 1339 mihi
1814 1285 1982 1339 retri-

334 1368 566 1425 bueres.

407 1480 436 1506 «
468 1459 636 1514 Mons
666 1460 880 1514 cadens
911 1459 1133 1528 deﬂuit,
1190 1465 1248 1516 et
1279 1479 1487 1517 saxum
1530 1464 1882 1517 transfertur
1911 1464 1983 1518 de

328 1545 462 1601 loco
506 1563 631 1601 suo.
693 1547 942 1619 Lapides
999 1554 1277 1605 excavant
1333 1567 1518 1621 aquae,
1577 1557 1633 1607 et
1693 1551 1981 1608 alluvione

334 1633 620 1705 paulatim
652 1640 804 1691 terra
834 1638 1225 1707 consumitur,
1258 1643 1316 1694 et
1345 1640 1613 1695 homines
1645 1658 1782 1712 ergo
1814 1641 1976 1695 simi-

330 1722 469 1779 liter
493 1724 717 1795 perdes.
754 1746 782 1773 »
813 1725 1068 1782 Montem
1100 1743 1235 1800 ergo
1266 1728 1448 1783 istum
1481 1729 1803 1797 diabolum,
1858 1731 1976 1785 sive

328 1812 616 1884 superbia:
649 1813 948 1870 hominem
986 1816 1203 1872 sentire
1260 1817 1562 1885 debemus,
1622 1818 1721 1891 qui
1773 1824 1976 1874 contra

327 1904 633 2005 Deum,‘ut
662 1902 1112 2005 mqnselatione
1144 1906 1356 1962 mentis
1386 1908 1681 1977 tumescit,
1715 1911 1771 1963 et
1800 1908 1881 1963 ita
1912 1925 1974 1963 se
2010 1941 2051 2005 Β

323 1988 624 2061 erigenda,
657 1992 814 2047 cadit
841 1992 900 2047 in
932 2010 1209 2067 przrceps,
1246 2000 1309 2050 ut
1341 1996 1577 2064 deﬂuat,
1638 2002 1695 2052 et
1744 1996 1972 2053 solutus

323 2084 392 2134 ut
421 2079 721 2150 pulverem
749 2083 820 2137 ad
857 2082 1103 2138 nihilum
1139 2085 1464 2140 deducitur.
1501 2090 1644 2141 Saxo
1675 2103 1807 2141 vero
1840 2085 1972 2141 illos

322 2168 642 2224 assimilari
677 2176 839 2242 puto,
874 2172 973 2243 qui
1006 2189 1139 2227 cum
1172 2172 1231 2227 in
1282 2178 1501 2228 natura:
1553 2174 1701 2229 bono
1759 2176 1970 2230 debue-

322 2264 457 2314 rant
480 2264 761 2332 tanquam
792 2261 1016 2334 lapides
1043 2263 1151 2319 soli
1183 2264 1718 2320 similifortitudine
1740 2282 1969 2336 perma-

320 2364 480 2417 nere,
512 2352 858 2406 commutati
893 2357 1034 2407 sunt
1065 2352 1360 2410 voluntate
1390 2355 1624 2426 propria
1641 2355 1711 2409 ad
1745 2354 1967 2409 stolidi-

322 2440 502 2493 tatem
520 2440 839 2509 quamdam
860 2458 925 2496 ac
942 2441 1217 2498 duritiam
1239 2443 1453 2508 cordis,
1478 2448 1535 2498 et
1555 2443 1684 2499 ideo
1699 2444 1768 2499 de
1791 2447 1969 2499 testa-

317 2526 495 2581 tionis
529 2544 645 2583 suae
676 2528 1007 2586 habitaculo
1040 2532 1195 2603 quod
1224 2549 1285 2587 se
1317 2532 1531 2587 habere
1560 2532 1726 2603 quasi
1750 2533 1822 2587 de
1845 2532 1969 2587 suis

318 2615 548 2670 meritis
579 2620 1029 2690 praesumebant,
1062 2620 1371 2691 dejiciendi
1394 2625 1533 2676 sunt
1552 2622 1624 2675 ad
1653 2622 1829 2693 digna
1855 2620 1967 2676 sibi

324 2701 473 2759 loca.
505 2706 682 2777 Aquae
710 2712 908 2762 autem
939 2708 1063 2763 ista:
1094 2726 1220 2781 quae
1259 2726 1492 2782 semper
1535 2710 1811 2765 inferiora
1870 2726 1968 2780 pe-

319 2795 477 2863 tunt,
512 2810 614 2865 per
642 2811 789 2866 quas
820 2797 994 2852 etiam
1028 2799 1322 2869 quondam
1354 2799 1511 2855 venit
1538 2799 1830 2869 interitus,
1864 2800 1966 2854 ad-

317 2883 608 2939 versariae
665 2885 1002 2958 signiﬁcant
1059 2891 1394 2958 potestates,
1450 2893 1506 2943 et
1564 2888 1846 2960 procellas
1903 2905 1967 2941 ac

315 2971 587 3027 turbines
618 2974 843 3029 mundi.
876 2975 971 3029 Hae
1001 2992 1136 3047 ergo
1169 2994 1356 3047 aqum,
1388 2977 1651 3047 inquam,
1712 2995 1809 3031 eos
1862 2977 1966 3031 ho-

318 3059 513 3115 mines
545 3060 644 3131 q‘ui
676 3061 789 3117 sibi
822 3063 1124 3119 fortissimi
1160 3064 1649 3120 acsolidisuntde
1667 3082 1727 3120 se
1752 3083 1968 3136 pransu-

318 3154 569 3219 mentes,
601 3155 659 3205 et
705 3152 1062 3207 conﬁdentes
1120 3153 1180 3208 in
1237 3154 1447 3208 virtute
1507 3172 1633 3223 sua,
1695 3156 1849 3209 unde
1908 3158 1963 3208 et

316 3235 616 3307 lapidibus
646 3245 1083 3311 comparantur,
1117 3241 1471 3297 indesinenti
1494 3242 1662 3313 lapsu
1683 3247 1959 3297 atterunt.

2106 661 2451 717 immutabis
2478 662 2683 717 faciem
2715 664 2880 731 ejus:
2913 660 3021 716 hoc
3051 665 3160 725 est,
3194 677 3327 716 cum
3358 665 3515 717 totus
3570 660 3749 717 homo

2103 750 2160 805 in
2187 751 2367 807 Deum
2393 752 2622 807 transiit
2652 769 2664 805 :
2687 750 2848 807 salva
2868 755 3062 805 tamen
3079 749 3385 821 utriusque
3405 750 3745 806 substantiae

2102 840 2455 912 proprietate
2484 841 2542 895 in
2577 841 2801 895 unitate
2828 856 3109 911 personae.

2172 953 2198 979 ‹‹
2231 933 2500 985 Attamen
2534 947 2666 985 caro
2695 930 2822 1000 ejus
2842 930 2986 984 dum
3008 929 3181 993 vivet,
3206 926 3443 997 dolebit,
3466 930 3522 983 et
3550 925 3746 983 anima

2096 1019 2255 1074 illius
2289 1037 2466 1093 super
2491 1020 2805 1091 semetipso
2834 1017 3075 1091 lugebit.
3105 1040 3131 1066 »
3162 1020 3250 1073 Ita
3278 1032 3474 1072 veram
3506 1031 3741 1072 carnem

2096 1108 2360 1164 Salvator
2417 1113 2613 1164 noster
2665 1108 3007 1179 assumpsit,
3057 1110 3122 1162 ut
3175 1105 3426 1178 potuerit
3470 1104 3732 1161 dolorem

2095 1197 2333 1252 sentire.
2369 1197 2467 1252 Vel
2500 1198 2699 1253 anima
2726 1199 2855 1268 ejus
2883 1196 3092 1265 doluit,
3125 1214 3260 1252 cum
3292 1196 3411 1252 ait:
3445 1195 3620 1250 tristis
3657 1196 3737 1249 est

2094 1286 2283 1342 anima
2335 1303 2457 1341 mea
2513 1304 2683 1358 usque
2724 1287 2794 1341 ad
2850 1295 3078 1343 mortem
3133 1286 3338 1357 (Matth.
3395 1302 3552 1352 xxvx,
3621 1282 3737 1355 38).

2092 1374 2219 1429 Sive
2252 1375 2524 1443 Ecclesia,
2558 1392 2685 1446 quae
2718 1392 2852 1431 caro
2881 1377 3011 1446 ejus
3041 1379 3149 1445 est,
3198 1373 3355 1429 dolet
3400 1389 3535 1429 eum
3576 1388 3737 1442 pres-

2090 1464 2247 1519 suris
2278 1465 2565 1535 premitur
2584 1465 2820 1520 saeculi:
2856 1464 2995 1537 quia
3024 1464 3153 1536 ipsa
3183 1462 3441 1519 Ecclesia
3484 1461 3607 1517 tilia
3646 1463 3737 1518 est

2087 1552 2148 1607 in
2181 1569 2267 1623 eo,
2301 1553 2399 1624 qui
2428 1571 2529 1626 per
2546 1554 2720 1608 fidem
2759 1553 3040 1626 baptismi
3081 1552 3347 1608 initiatur
3378 1553 3438 1607 in
3476 1551 3728 1607 Christo.

2087 1642 2155 1696 Et
2188 1659 2423 1697 rursum
2458 1648 2645 1699 mater
2672 1647 2781 1710 est,
2814 1659 2949 1698 cum
2972 1642 3067 1699 ille
3089 1642 3190 1714 qui
3211 1640 3493 1697 membris
3515 1638 3732 1695 Christi

2088 1730 2493 1803 ineorporatus
2522 1737 2631 1803 est,
2666 1732 2913 1804 suscipit
2945 1731 3339 1787 ministerium
3369 1727 3730 1802 baptizandi.

2715 1820 2949 1877 CAPUT
2979 1820 3095 1876 XV.

2158 1933 2185 1959 (ι
2222 1910 2604 1981 Respondeas
2636 1914 2830 1965 autem
2864 1909 3101 1980 Elipbaz
3131 1906 3509 1964 Themanites
3540 1906 3688 1963 dixit
3717 1920 3731 1961 :

2085 1997 2382 2068 Numquid
2416 1999 2652 2070 sapiens
2709 1998 3104 2070 respondebit,
3164 1997 3334 2070 quasi
3382 1996 3443 2052 in
3486 1999 3727 2051 ventum

2080 2085 2397 2157 loquens.»
2432 2087 2549 2141 Hoc
2580 2104 2756 2143 sensu
2780 2086 3009 2141 videtur
3029 2086 3252 2158 cepisse
3279 2102 3292 2140 :
3326 2084 3642 2157 quisquam
3657 2098 3729 2138 ne

2080 2177 2337 2247 sapiens,
2372 2180 2428 2231 et
2454 2175 2775 2247 disciplina.
2799 2174 3213 2247 philosophica:
3267 2173 3591 2243 studiosus,
3642 2170 3727 2227 ita

2079 2265 2273 2320 furore
2302 2266 2549 2338 rapitur,
2583 2272 2759 2337 atque
2789 2264 3019 2320 insania
3075 2262 3425 2336 possidetur,
3475 2265 3542 2316 ut
3596 2259 3724 2317 sine

2079 2354 2196 2409 ullo
2226 2354 2456 2409 timoris
2505 2355 2602 2410 Dei
2652 2354 2739 2408 vel
2800 2353 3053 2424 regionis
3099 2351 3338 2420 intuitu,
3384 2351 3470 2407 sic
3518 2349 3720 2423 loqua-

2076 2450 2193 2509 tur,
2230 2448 2293 2498 ut
2323 2460 2476 2498 aura:
2511 2444 2672 2498 flatui
2724 2441 2917 2497 simile
2965 2441 3061 2507 sit,
3116 2444 3404 2511 ventoque
3446 2438 3603 2510 quod
3652 2436 3722 2492 li-

2079 2532 2297 2604 quitur.
2328 2533 2410 2587 Ob
2443 2532 2551 2587 hoc
2573 2532 2753 2605 igitur
2795 2529 3033 2601 Elipbaz
3062 2532 3332 2584 sanctum
3389 2526 3496 2582 Job
3547 2524 3725 2581 veluti

2080 2622 2290 2694 Spiritu
2345 2622 2631 2694 superbiae
2679 2625 2970 2691 ventoque
3018 2618 3316 2674 tumidum
3374 2616 3724 2689 redarguere

2079 2728 2260 2766 ausus
2292 2715 2401 2765 est.

2156 2820 2177 2846 α
2212 2804 2279 2853 Et
2300 2798 2565 2871 implebit
2584 2799 2789 2853 ardore
2809 2796 3184 2853 stomachum
3207 2810 3404 2851 suum.
3428 2816 3457 2843 »
3477 2793 3726 2849 Nomine

2078 2889 2323 2957 ardoris,
2374 2887 2816 2943 exanhelantem
2865 2885 2994 2941 felle
3074 2882 3388 2939 iracundias
3456 2882 3722 2937 animum

2076 2978 2205 3047 ejus
2234 2977 2419 3031 voluit
2448 2976 2725 3041 indicare,
2756 2974 2852 3045 qui
2888 2974 3198 3028 adversum
3234 2977 3414 3026 Deum
3438 2974 3720 3041 tanquam

2076 3065 2427 3135 corequalem
2461 3064 2571 3119 sibi
2594 3063 2767 3118 irasci
2798 3061 3257 3134 praesumpserit.
3289 3058 3416 3114 Alia
3437 3058 3719 3129 interpre-

2076 3154 2218 3208 tatio
2256 3154 2332 3207 ita
2363 3154 2569 3209 habet:
2606 3155 2668 3207 Et
2708 3153 2953 3223 implebit
2999 3150 3182 3205 dolore
3228 3153 3473 3205 ventrem
3530 3163 3716 3202 suum.

2076 3248 2348 3297 Ventrem
2382 3260 2655 3314 capacem
2679 3240 2993 3313 quemdam
3024 3238 3219 3294 sinum
3254 3238 3460 3294 animae
3492 3237 3715 3293 dictum

312 3324 552 3381 Terram
581 3344 715 3382 vero
742 3327 874 3384 illos
906 3346 1033 3384 esse
1081 3331 1370 3397 existimo,
1432 3331 1530 3401 qui
1590 3331 1959 3401 tentationes,
1993 3308 2035 3372 (ἶ
2074 3332 2509 3402 intelligamus:
2545 3332 2679 3395 quia
2731 3329 3231 3401 quemadmodum
3285 3325 3715 3399 receptaculum

315 3418 376 3467 et
408 3414 662 3485 pericula
683 3433 797 3471 non
813 3419 1164 3489 auferentes,
1190 3436 1251 3474 se
1277 3419 1584 3474 dimittunt
1604 3418 1960 3474 labefactari.

312 3500 591 3559 Homines
619 3521 756 3577 ergo
778 3505 1052 3561 similiter
1072 3508 1280 3578 perdes
1307 3524 1317 3562 :
1338 3508 1392 3562 id
1420 3515 1526 3577 est,
1553 3514 1787 3564 sanctos
1807 3513 1961 3574 tuos,

311 3590 415 3663 qui
448 3590 763 3665 imaginem
796 3598 959 3650 tuam
988 3596 1047 3650 in
1081 3612 1142 3651 se
1172 3596 1528 3652 custodiunt.

394 3700 416 3727 ι
458 3682 761 3739 Reborasti
809 3700 942 3739 eum
993 3684 1320 3756 paululum,
1382 3690 1446 3740 ut
1496 3686 1555 3740 in
1613 3698 1960 3758 perpetuum

312 3770 669 3826 transiret.»
704 3773 819 3827 Hoc
874 3777 981 3839 est,
1042 3774 1101 3828 in
1162 3774 1277 3828 vita
1333 3774 1447 3829 ista
1501 3792 1615 3830 non
1643 3776 1959 3846 permisisti

312 3864 551 3915 sanctos
571 3863 706 3915 tuos
736 3862 1159 3918 tentationibus
1189 3863 1472 3934 superari.

386 3970 415 3995 ‹‹
448 3949 796 4004 Immutabis
826 3951 1031 4006 faciem
1089 3951 1236 4021 ejus,
1270 3956 1327 4006 et
1373 3951 1604 4008 emittes
1653 3967 1807 4007 eum.
1837 3975 1863 4001 ››
1896 3953 1957 4007 ld

310 4041 426 4103 est,
459 4053 594 4092 cum
627 4038 872 4094 mortale
889 4039 997 4096 hoc
1028 4040 1531 4095 immortalitatem
1564 4040 1839 4108 induerit,
1902 4048 1960 4097 et

310 4126 811 4199 incorruptionem
846 4130 893 4195 (I
921 4130 1042 4184 Cor.
1075 4147 1165 4195 xv,
1198 4131 1267 4184 33
1294 4133 1314 4199 )
1344 4130 1473 4186 Sive
1513 4129 1699 4200 aliter,
1752 4130 1956 4186 faciem

304 4215 570 4271 animam
600 4216 1002 4290 intelligimus,
1028 4236 1153 4290 quae
1177 4235 1311 4274 cum
1336 4219 1659 4274 naturalem
1680 4221 1959 4291 receperit

302 4303 709 4377 serenitatem,
755 4306 1185 4379 contemplatur
1242 4308 1485 4380 gloriam
1519 4308 1723 4363 divinae
1782 4312 1957 4382 maje-

303 4392 506 4460 statis,
539 4410 665 4465 qua:
693 4411 825 4451 cum
858 4412 1098 4467 corpore
1156 4414 1263 4453 suo
1312 4398 1488 4453 simul
1547 4398 1719 4453 fuerit
1764 4406 1958 4471 gratu-

303 4482 468 4540 lata:
518 4482 680 4539 nulla
728 4484 1137 4556 pertubatione
1191 4486 1505 4557 cujuslibet
1560 4486 1681 4540 vitii
1735 4488 1957 4543 saucia-

303 4570 493 4627 bitur.

385 4682 415 4709 ‹‹
446 4659 575 4714 Sive
606 4660 831 4716 nobiles
874 4662 1091 4718 fuerint
1121 4662 1223 4717 filii
1283 4664 1432 4734 ejus,
1476 4664 1597 4718 sive
1652 4663 1957 4736 ignobiles,

304 4765 428 4804 non
461 4747 815 4821 intelliget,»
846 4750 963 4806 Hoc
994 4754 1101 4818 est,
1142 4768 1257 4807 non
1290 4751 1393 4806 filii
1441 4754 1654 4819 carnis,
1707 4754 1805 4807 sed
1854 4754 1957 4808 filii

306 4837 560 4893 mentis:
584 4838 639 4892 id
671 4843 780 4904 est,
813 4856 989 4910 opera
1009 4840 1449 4896 virtutum.Non
1477 4841 1956 4912 intelliguntergo

303 4928 497 4982 sancti
550 4928 607 4982 in
638 4927 748 4983 bac
774 4928 894 4982 vita
933 4934 1066 4984 ante
1102 4927 1310 4998 judicii
1369 4929 1547 4991 diem,
1598 4930 1802 5001 quales
1854 4948 1955 5002 pro

304 5019 475 5070 certo
508 5014 660 5095 filios
686 5016 970 5072 habeant:
1005 5022 1204 5073 utrum
1250 5023 1361 5074 Deo
1391 5019 1708 5090 placentes,
1734 5037 1805 5074 an
1840 5037 1955 5074 non

305 5101 626 5174 placentes.
663 5105 968 5161 Roborasti
1002 5124 1135 5162 eum
1169 5107 1495 5179 paululum,
1532 5114 1595 5163 ut
1643 5110 1697 5162 in
1760 5127 1957 5181 perpe~

306 5196 482 5245 tuum
511 5194 814 5260 transiret,
877 5197 1199 5251 secundum
1263 5198 1509 5251 formam
1571 5198 1717 5252 servi
1776 5215 1954 5269 quam

306 5280 637 5352 assumpsit
664 5282 932 5354 (Philipp.
978 5302 1039 5352 ιι,
1071 5286 1148 5352 7).
1207 5285 1336 5340 Hac
1394 5284 1621 5341 Christo
1679 5286 1793 5341 Deo
1840 5304 1954 5340 non

306 5367 499 5441 aptari
532 5385 703 5441 posse
735 5372 1002 5427 arbitror.
1039 5373 1181 5428 Nam
1216 5390 1350 5429 cum
1410 5391 1477 5429 ex
1507 5391 1575 5429 ea
1625 5379 1786 5444 parte
1840 5392 1957 5446 qua

302 5456 485 5513 homo
513 5464 621 5531 est,
655 5460 1055 5516 infirmaretur
1085 5462 1383 5533 proximus
1415 5463 1693 5535 passioni,
1719 5479 1957 5534 evange-

297 5545 444 5601 lista
473 5548 588 5603 ait:
633 5550 901 5621 Apparuit
939 5559 1118 5605 autem
1168 5554 1395 5623 angelus
1428 5556 1652 5608 Domini
1705 5554 1769 5607 de
1825 5554 1956 5607 ario

302 5638 622 5706 confortans
651 5655 775 5693 eum
806 5640 957 5710 (Luc.
991 5656 1130 5705 χχιι,
1161 5642 1271 5710 43).
1316 5641 1417 5697 llic
1474 5659 1612 5713 ergo
1665 5643 1733 5696 ad
1789 5642 1957 5705 breve

304 5729 547 5797 tempus
577 5727 987 5785 administrata
1016 5729 1410 5802 redemptione
1439 5736 1640 5788 nostra
1672 5731 1728 5786 in
1750 5748 1956 5803 perpe-

2076 3421 2310 3492 aliquod
2344 3426 2433 3474 est
2466 3419 2725 3490 corporis
2781 3436 2896 3489 quo
2946 3418 3235 3472 viscerum
3282 3414 3487 3471 vitalia
3531 3414 3717 3471 conti-

2074 3517 2307 3575 nentur,
2347 3513 2405 3564 et
2458 3509 2566 3563 hoc
2616 3506 2836 3563 ventris
2894 3505 3131 3560 nomine
3179 3504 3587 3576 appellamus:
3639 3504 3720 3559 ita

2071 3598 2344 3653 virtutem
2380 3597 2695 3668 quamdam
2719 3594 3234 3651 exercitationibus
3257 3592 3464 3647 anima:
3485 3591 3718 3665 capabi-

2071 3688 2186 3743 lem
2221 3688 2323 3742 illa
2371 3686 2754 3741 translatione
2802 3699 2905 3756 per
2955 3681 3414 3739 demutationem
3461 3680 3719 3738 nominis

2071 3777 2237 3847 dixit,
2271 3793 2396 3848 quae
2426 3793 2492 3831 eo
2524 3774 2695 3829 modo
2727 3772 3180 3844 cogitationibus
3229 3769 3542 3843 repleatur,
3602 3786 3718 3843 quo

2070 3872 2269 3921 venter
2298 3864 2555 3919 hominis
2581 3864 2728 3919 escis
2756 3861 3030 3933 repletur.
3065 3861 3404 3931 Increpatur
3439 3875 3576 3931 ergo
3606 3860 3715 3915 Job

2071 3956 2143 4011 ab
2178 3955 2433 4026 Elipbaz,
2469 3953 2623 4025 quod
2657 3950 2999 4022 bujusmodi
3030 3947 3505 4004 ventremdolore
3526 3947 3714 4019 reple-

2067 4044 2229 4111 verit,
2266 4044 2322 4097 id
2356 4047 2461 4113 est,
2496 4059 2561 4097 ea
2582 4040 2794 4113 cogitet
2825 4057 2950 4111 quae
3004 4037 3261 4093 animam
3308 4036 3437 4107 ejus
3485 4036 3716 4091 discru-

2068 4134 2240 4199 cient,
2275 4131 2363 4187 vel
2400 4132 2555 4186 unde
2586 4128 2816 4185 dolores
2847 4126 3105 4199 corporis
3129 4124 3335 4180 merito
3366 4124 3639 4196 patiatur.

2141 4244 2169 4269 ‹‹
2203 4220 2412 4292 Arguis
2442 4219 2635 4274 verbis
2668 4235 2801 4273 eum
2836 4216 2935 4287 qui
2968 4232 3082 4270 non
3113 4219 3202 4270 est
3230 4212 3473 4284 zequalis
3494 4213 3621 4284 tibi,
3653 4218 3712 4270 et

2067 4309 2325 4380 loqueris
2350 4308 2506 4379 quod
2528 4307 2632 4361 tibi
2659 4322 2773 4361 non
2795 4303 3045 4375 expedit.
3070 4324 3098 4353 »
3126 4304 3307 4368 Quem
3334 4301 3414 4357 ita
3441 4300 3711 4373 dicendo,

2066 4397 2224 4453 velut
2254 4396 2526 4453 rebellem
2561 4400 2790 4466 Deoque
2820 4392 3178 4449 contrarium
3229 4394 3411 4447 notat.
3463 4391 3548 4447 Οἱ)
3603 4390 3713 4447 hoc

2064 4486 2334 4554 forsitan,
2370 4485 2507 4557 quia
2530 4485 2588 4538 in
2614 4482 2960 4555 praecedenti
2984 4497 3254 4537 sermone
3275 4480 3486 4536 dixerit
3509 4479 3619 4536 Job
3641 4481 3712 4537 ad

2070 4576 2252 4631 Deum
2314 4575 2465 4629 inter
2521 4577 2761 4629 caetera:
2822 4573 2884 4626 Et
2930 4571 3230 4626 arbitraris
3284 4585 3373 4624 me
3420 4568 3715 4625 inimicum

1990 4672 2036 4738 1)
2069 4670 2223 4720 tuum
2254 4664 2390 4733 (Job.
2425 4680 2550 4727 xm,
2582 4663 2691 4728 2’1).

2140 4777 2166 4802 ‹‹
2203 4754 2494 4816 Quantum
2518 4752 2576 4806 in
2608 4755 2664 4805 te
2691 4755 2797 4817 est,
2817 4747 3109 4805 evacuasti
3130 4747 3431 4814 timorem;
3455 4750 3512 4802 et
3529 4745 3715 4802 tulisti

2069 4858 2269 4914 preces
2300 4858 2496 4896 coram
2536 4840 2671 4895 Deo.
2701 4861 2721 4889 ι
2780 4840 2921 4893 Tam
2952 4836 3164 4903 elatus,
3211 4835 3421 4908 inquit,
3472 4835 3713 4891 effectus

2067 4948 2149 4998 es,
2192 4935 2255 4985 ut
2282 4931 2489 4985 timore
2520 4929 2715 4984 divino
2747 4927 2985 4983 omnino
3018 4926 3100 4981 sis
3128 4942 3370 4993 vacuus,
3419 4929 3476 4980 et
3526 4924 3711 4981 Deum

2058 5020 2185 5090 jam
2223 5036 2340 5085 ,nec
2396 5017 2692 5089 deprecari
2742 5016 3037 5087 digneris:
3091 5019 3329 5087 propter
3376 5014 3531 5085 quod
3589 5013 3710 5071 ait:

2068 5132 2094 5158 ‹‹
2133 5110 2197 5163 Et
2225 5107 2411 5162 tulisti
2445 5124 2645 5179 preces
2674 5121 2866 5161 coram
2904 5110 3088 5169 Deo,»
3121 5103 3177 5158 id
3230 5107 3339 5171 est,
3392 5102 3560 5175 quasi
3604 5103 3711 5159 tibi

2068 5215 2181 5252 non
2216 5197 2574 5252 necessarias
2604 5213 2638 5249 a
2666 5200 2722 5249 te
2753 5193 3066 5250 abstulisti.

2138 5308 2165 5336 ‹‹
2200 5285 2407 5340 Docuit
2436 5286 2591 5340 enim
2624 5284 2903 5355 iniquitas
2925 5287 3027 5337 tua
3057 5299 3122 5338 os
3148 5286 3316 5338 tuum
3346 5298 3360 5337 :
3386 5281 3714 5338 etimitaris

2071 5374 2331 5446 linguam
2363 5372 2921 5443 blasphemantium.
2950 5394 2977 5419 ››
3009 5371 3229 5427 Malum
3270 5370 3452 5444 igitur
3497 5370 3714 5427 mentis

2067 5468 2199 5529 tua»,
2235 5481 2299 5518 os
2341 5468 2507 5517 tuum
2543 5461 2745 5515 didicit
2786 5460 2965 5533 loqui,
2998 5465 3054 5515 et
3084 5460 3299 5517 idcirco
3354 5459 3615 5516 imitator
3660 5463 3717 5515 et

2066 5553 2391 5623 discipulus
2422 5569 2483 5606 es
2517 5536 2746 5605 illorum
2782 5551 2880 5622 qui
2911 5550 3173 5616 linguam
3207 5550 3276 5605 ad
3296 5549 3713 5622 blaspheman-

2066 5644 2207 5697 dum
2242 5642 2422 5696 Deum
2456 5658 2687 5712 semper
2724 5641 2941 5697 habent
2972 5645 3257 5712 paratam.

2140 5756 2165 5779 ‹‹
2200 5731 2627 5786 Condemnabit
2647 5736 2702 5785 te
2733 5747 2798 5786 os
2828 5734 3019 5799 tuum,
3049 5734 3107 5786 et
3135 5746 3251 5785 non
3299 5745 3425 5800 ego,
3456 5730 3517 5783 et
3557 5723 3714 5782 labia
