4066 6190
394 410 505 473 691
1799 419 1805 424 ’
1886 414 2083 476 ΑΡΡΕ

2206 416 2312 478 ΙΧ.
3650 425 3753 487 692

398 548 501 601 tua
533 542 974 615 respondebunt
1005 542 1177 599 tibi.»
1220 546 1279 599 Id
1314 554 1422 613 est,
1458 546 1668 602 merita
1711 564 2049 604 sermonum
2080 553 2134 619 Α
2241 571 2261 600 ι
2299 549 2613 607 Ostendam
2644 551 2773 623 tibi,
2806 553 2942 609 audi
2997 569 3111 624 me,
3172 552 3323 626 quod
3371 553 3484 610 vidi
3526 560 3741 616 narrabo

406 639 646 690 tuorum
680 632 950 704 recipies.
2165 638 2355 694 tibi.»
2407 644 2713 712 Expertam
2774 658 2896 697 rem
2952 641 3181 714 loquor,
3241 658 3412 714 quam
3455 646 3754 717 cognovisse

486 744 513 771 α
548 721 847 792 Numquid
874 721 1100 794 primus
1130 723 1306 777 homo
1338 728 1400 779 tu
1450 729 1625 779 natus
1673 743 1758 788 es,
1817 730 1873 780 et
1923 730 2057 781 ante
2167 731 2223 783 et
2254 727 2468 784 vidisse
2503 746 2595 786 me
2625 730 2877 786 noveris.

418 826 623 867 omnes
644 809 817 865 colles
840 811 1125 867 formatus
1146 812 1173 866 ?
1196 837 1216 864 ι
1246 814 1393 883 Ergo
1420 818 1735 885 antequam
1767 816 2060 887 generatio

418 899 685 955 humana
712 899 1035 969 exsisteret,
1068 917 1196 957 esse
1226 903 1472 973 cmpisti,
1494 906 1720 959 donans
1743 905 1849 959 tibi
1878 903 2062 977 pluri-

422 1004 611 1056 mum,
636 990 789 1060 quod
806 1006 919 1061 pra:
943 990 1164 1045 caeteris
1188 991 1527 1047 hominibus
1551 993 1774 1064 sapias:
1811 995 1908 1049 ubi
1941 1010 2062 1049 ser-

424 1093 597 1133 mone
626 1078 1075 1134 subsannatorio
1111 1080 1297 1151 potuit
1328 1080 1582 1151 primum
1607 1084 1792 1137 Adam
1819 1082 2062 1138 dixisse:

425 1183 601 1239 quem
625 1168 825 1238 utique
848 1168 1345 1239 sapientissimum
1366 1188 1399 1225 a
1420 1171 1534 1225 Deo
1560 1172 1827 1227 novimus
1849 1173 2065 1227 factum

427 1256 629 1328 (Eccle.
665 1271 768 1322 vn,
801 1258 912 1327 30),
948 1258 1030 1311 Ita
1060 1273 1196 1330 ergo
1240 1258 1298 1312 in
1359 1266 1627 1315 sanetum
1685 1262 1795 1316 Job
1854 1260 2069 1316 invehi-

426 1349 541 1415 tur,
576 1350 641 1400 ut
672 1345 966 1401 dicerent:
997 1346 1292 1417 Numquid
1322 1352 1384 1402 tu
1417 1353 1548 1404 ante
1571 1354 1794 1421 patrem
1827 1350 2070 1407 humani

432 1434 683 1506 generis,
715 1438 773 1489 et
801 1439 936 1489 ante
965 1434 1354 1491 conditionem
1388 1437 1728 1509 angelorum
1777 1457 1903 1497 esse
1962 1459 2072 1496 cce-

433 1521 572 1593 pisti
594 1522 621 1577 γ

509 1633 538 1662 ‹‹
568 1611 865 1684 Numquid
892 1611 1204 1668 consilium
1237 1613 1332 1667 Dei
1362 1614 1597 1681 audisti,
1627 1621 1684 1670 ct
1740 1616 1976 1672 inferior
2024 1622 2079 1672 te

434 1700 545 1757 erit
572 1702 699 1772 ejus
731 1701 1062 1773 sapientia?
1096 1725 1115 1750 ι
1145 1702 1403 1757 Subinde
1426 1703 1673 1759 nimium
1690 1707 2080 1777 etjactantem

439 1790 635 1863 arguit
662 1806 796 1845 vero
828 1790 925 1845 Dei
960 1790 1307 1862 placentem,
1340 1797 1396 1846 et
1421 1792 2081 1866 vehementerinerepat,

442 1879 676 1935 dicens:
712 1880 867 1951 quod
899 1896 1014 1936 non
1046 1879 1236 1935 solum
1254 1897 1423 1936 nosse
1442 1882 1717 1953 putetDei
1741 1882 2080 1940 consilium:

442 1984 647 2023 verum
693 1968 891 2036 etiam,
923 1972 980 2023 et
1036 1968 1275 2024 inferior
1330 1969 1407 2024 sit
1458 1969 1555 2025 illo
1601 1972 1729 2042 ejus
1778 1973 2085 2043 sapientia.

448 2061 705 2130 Apparet
733 2075 867 2131 ergo
898 2058 1138 2130 plenum
1171 2058 1348 2114 livore
1375 2059 1659 2128 animum,
1692 2062 2092 2134 exprobratio-

449 2163 592 2202 num
616 2146 819 2218 jacula
839 2146 897 2201 in
912 2147 1450 2218 hominemjustum
1470 2149 1597 2204 sine
1622 2166 1798 2206 causa
1820 2151 2089 2223 dirigere,

450 2239 515 2292 ut
542 2235 818 2291 conviciis
848 2235 1119 2290 obrueret
1149 2236 1539 2291 innocentem.

520 2347 548 2375 (ι
564 2325 712 2389 Quid
727 2324 883 2380 nosti
902 2324 1053 2395 quod
1068 2324 1447 2397 ignoremus?
1468 2326 1611 2389 Quid
1634 2327 1912 2400 intelligis
1935 2330 2093 2400 quod

450 2413 830 2469 nesciamus?
860 2435 887 2463 ››
918 2413 1246 2468 Plurimum
1278 2432 1290 2470 :
1326 2413 1496 2485 plane
1530 2415 1589 2469 in
1644 2417 1847 2487 primis
1894 2416 2089 2490 ipsum

448 2503 633 2559 Deum
664 2502 854 2575 magis
884 2506 1143 2569 noverat,
1174 2503 1384 2559 deinde
1413 2503 1722 2559 revelanda
1770 2505 1827 2560 in
1861 2506 2092 2562 Christo

448 2590 729 2665 mysteria
758 2592 969 2664 spiritu
1002 2590 1358 2662 pervidebat.

519 2703 546 2731 ‹‹
582 2681 649 2736 Et
678 2697 848 2737 senes
879 2684 935 2736 et
976 2680 1202 2752 antiqui
1251 2685 1389 2736 sunt
1442 2680 1499 2734 in
1549 2683 1718 2737 nobis
1771 2682 1954 2739 multo
1998 2700 2090 2739 ve-

447 2768 724 2826 tustiores
756 2786 934 2841 quam
967 2774 1161 2841 patres
1191 2770 1297 2824 tui.
1336 2791 1363 2818 »
1398 2770 1597 2837 Senes,
1628 2776 1685 2826 et
1722 2771 1949 2843 antiqui
1982 2789 2092 2827 no-

447 2859 676 2915 biscum
703 2858 899 2930 positi,
932 2860 1030 2930 qui
1041 2860 1167 2930 jam
1199 2862 1329 2930 ipsa
1366 2858 1731 2931 longaevitate
1773 2861 2091 2933 plurimum

447 2947 797 3005 eruditionis
845 2951 1020 3019 atque
1074 2947 1329 3003 scientiae
1383 2948 1679 3004 cousecuti
1726 2954 1909 3005 sunt:
1946 2949 2091 3005 nihil

444 3040 664 3094 temere
694 3040 897 3092 contra
921 3036 1129 3102 Deum,
1161 3040 1226 3091 ut
1274 3040 1334 3092 tu
1371 3037 1535 3106 facis,
1569 3038 1758 3095 dicere
1810 3056 2091 3112 praesum-

446 3129 710 3199 pserunt.

519 3236 550 3266 «
576 3215 874 3286 Numquid
906 3215 1127 3286 grande
1158 3220 1268 3280 est,
1302 3220 1369 3270 ut
1398 3215 1732 3273 consoletur
1779 3220 1834 3271 te
1884 3218 2040 3273 Deus
2063 3219 2091 3273 ?

444 3304 553 3359 Sed
579 3303 755 3359 verba
782 3308 884 3359 tua
915 3320 1090 3375 parva
1119 3303 1227 3359 hoc
1279 3304 1608 3375 prohibent.
1634 3327 1660 3354 ι)
1714 3305 2089 3362 Manifestum
2120 3287 2163 3354 CI

445 3409 551 3448 nec
581 3392 802 3463 grande
830 3397 919 3448 est
949 3390 1357 3465 omnipotenti,
1382 3408 1487 3447 nec
1510 3393 1745 3447 difﬁcile
1769 3394 2091 3450 misericor-

445 3481 553 3537 dias
587 3482 706 3549 Dei,
738 3481 1036 3536 hominem
1065 3480 1353 3536 consolari
1382 3498 1393 3535 :
1431 3485 1493 3534 ut
1525 3480 1890 3537 invoeantem
1914 3500 2085 3539 exau-

444 3569 586 3640 diat,
636 3574 693 3624 et
730 3586 764 3625 a
811 3586 1085 3641 pressura
1130 3568 1528 3624 tribulationis
1575 3570 1819 3641 eripiat;
1872 3574 1972 3629 sed
2023 3579 2086 3630 tu

442 3656 843 3729 blasphemias
877 3658 1181 3728 ructando,
1216 3658 1525 3713 exacerbas
1558 3659 1746 3730 magis
1806 3665 1984 3717 Deum
2027 3664 2085 3717 in

444 3763 677 3820 poenam
710 3751 895 3813 tuam,
926 3763 1103 3818 quem
1135 3752 1365 3819 poteras
1395 3746 1727 3803 humilitate
1770 3754 1826 3805 et
1856 3753 2087 3808 satisfa-

443 3835 634 3893 ctione
656 3834 908 3908 placare.

516 3948 543 3975 ‹‹
568 3926 713 3989 Quid
746 3929 800 3981 te
831 3923 1016 3980 elevat
1049 3941 1145 3979 cor
1175 3929 1365 3991 tuum,
1395 3928 1450 3979 et
1482 3925 1654 3996 quasi
1685 3943 1900 3999 magna
1930 3930 2086 4001 cogi-

445 4019 600 4082 tans,
633 4014 912 4070 attonitos
942 4013 1122 4068 habes
1154 4012 1352 4068 oculos
1374 4014 1401 4068 ‘I
1448 4014 1595 4077 Quid
1646 4019 1834 4070 tumet
1889 4023 2092 4074 contra

442 4108 626 4158 Deum
657 4103 900 4175 spiritus
931 4107 1088 4169 tuus,
1124 4108 1187 4157 ut
1212 4103 1472 4173 proferas
1494 4103 1564 4157 de
1587 4107 1797 4158 oretuo
1822 4104 2088 4176 hujusce-

443 4192 603 4250 modi
632 4192 975 4249 sermones?
1004 4192 1153 4257 Quid
1186 4197 1273 4246 est
1294 4191 1490 4257 homo,
1522 4195 1655 4247 etut
1675 4191 2090 4252 immaculatus

444 4282 540 4353 sit,
575 4285 640 4336 ut
680 4282 882 4351 justus
940 4285 1217 4353 appareat
1266 4284 1440 4335 natus
1493 4282 1563 4335 de
1612 4281 1903 4337 muliere?
1948 4284 2088 4340 Ecce

443 4370 597 4427 inter
627 4375 863 4426 sanctos
894 4371 1022 4441 ejus
1052 4386 1223 4425 nemo
1258 4369 1666 4438 immutabilis,
1698 4376 1756 4425 et
1794 4372 1919 4427 ccnli
1973 4391 2087 4428 non

442 4464 583 4515 sunt
613 4459 816 4514 mundi
850 4460 909 4514 in
940 4464 1252 4530 conspectu
1284 4460 1412 4528 ejus
1447 4476 1459 4513 :
1494 4464 1714 4530 quanto
1745 4462 1934 4533 magis
1956 4463 2091 4518 abo-

443 4547 763 4613 minabilis,
790 4551 849 4604 et
876 4546 1101 4603 inutilis
1142 4547 1335 4613 homo,
1370 4548 1470 4619 qui
1504 4547 1651 4603 bibit
1680 4549 1849 4620 quasi
1873 4567 2087 4623 aquam

2244 836 2270 866 «
2294 817 2600 888 Sapientes
2622 820 2992 887 conﬁtentur,
3014 823 3073 877 et
3092 836 3205 876 non
3230 820 3580 878 abscondunt
3599 828 3762 895 patres

2172 921 2330 961 suos.
2357 928 2384 955 »
2408 908 2492 962 Ita
2510 906 2633 962 vult
2650 924 2784 964 eum
2823 909 3067 965 diversis
3088 909 3280 966 modis
3311 912 3477 981 atque
3495 914 3763 984 exemplis,

2173 994 2342 1064 quasi
2372 996 2443 1049 ad
2468 996 2868 1067 paenitentiam
2887 1002 3178 1053 coarctare
3199 1002 3372 1070 atque
3391 1000 3766 1073 constringere,

2174 1087 2240 1137 ut
2269 1084 2617 1139 conﬁteatur
2644 1084 2879 1157 plagam
2911 1085 3071 1141 illam
3104 1103 3407 1158 poenarum
3435 1104 3600 1159 quam
3627 1090 3770 1145 sueti»

2178 1173 2351 1226 nebat
2382 1172 2453 1227 ob
2482 1173 2689 1229 merita
2722 1175 3030 1230 sustinere.
3062 1174 3165 1231 Vel
3196 1175 3314 1230 ita:
3348 1192 3460 1231 non
3501 1176 3771 1232 defenden-

2178 1261 2252 1315 do
2284 1260 2528 1333 scipsos,
2562 1279 2817 1335 suosque
2867 1268 3061 1336 patres
3109 1263 3333 1320 similes
3381 1264 3490 1335 sui,
3535 1264 3615 1321 vel
3657 1282 3776 1338 quos

2180 1347 2468 1405 imitando
2500 1355 2768 1422 parentes
2800 1352 3011 1408 habere
3050 1356 3385 1424 cmperunt;
3439 1358 3655 1424 peccata
3693 1368 3778 1410 sua

2183 1437 2301 1493 sive
2345 1444 2652 1510 parentum
2685 1457 2800 1495 non
2857 1440 3219 1512 cooperiunt,
3280 1456 3386 1496 nec
3432 1441 3777 1498 abscondunt.

2184 1525 2311 1582 Sive
2342 1544 2456 1582 non
2489 1527 2679 1583 celant
2708 1534 2903 1601 patres
2932 1545 3093 1595 suos,
3124 1528 3184 1583 id
3242 1534 3355 1594 est,
3405 1530 3667 1600 seniores,
3712 1531 3778 1586 vel

2187 1616 2517 1671 sacerdotes
2534 1617 2916 1688 suos,quibus
2934 1621 3170 1689 peccata
3189 1617 3426 1674 salubre
3440 1622 3525 1674 est
3539 1618 3782 1675 conﬁteri.

2262 1726 2290 1752 «
2323 1704 2547 1768 Quibus
2578 1704 2717 1761 solis
2747 1706 2884 1760 data
2922 1713 3011 1762 est
3062 1712 3238 1775 terra,
3282 1712 3343 1762 et
3391 1723 3503 1763 non
3555 1707 3788 1764 transibit

2192 1790 2422 1848 alienus
2452 1809 2555 1865 per
2584 1810 2703 1850 eos.
2730 1816 2759 1844 ››
2791 1796 3143 1867 Frequenter
3171 1796 3328 1851 Deus
3350 1800 3577 1868 propter
3595 1800 3789 1867 peccata

2192 1881 2372 1936 tradit
2395 1883 3007 1940 terraminimicorum
3029 1883 3162 1940 aliis
3179 1884 3478 1957 gentibus.
3502 1885 3577 1942 De
3593 1901 3790 1941 conver-

2201 1969 2444 2025 sationis
2466 1970 2648 2043 igitur
2676 1972 2940 2041 introitu,
2975 1978 3032 2029 et
3061 1973 3336 2046 ingressu
3367 1972 3587 2045 Sophar
3611 1973 3675 2029 ad
3707 1973 3793 2029 Job

2201 2056 2462 2130 loquitur
2485 2076 2497 2114 :
2531 2059 2593 2114 In
2621 2060 3013 2116 amaritudine
3043 2077 3152 2117 sua
3178 2061 3395 2116 vadent
3414 2065 3471 2117 et
3488 2061 3702 2118 venient
3718 2078 3794 2116 su-

2204 2163 2304 2218 per
2332 2164 2466 2202 eum
2487 2147 2824 2215 horribiles,
2856 2148 2914 2203 id
2945 2154 3055 2221 est,
3088 2156 3260 2221 quasi
3293 2150 3590 2206 iracundia
3613 2149 3795 2205 fellium

2202 2236 2501 2307 commoti,
2533 2242 2589 2292 et
2618 2254 2838 2294 veneno
2862 2238 3091 2293 invidias
3122 2238 3182 2293 in
3214 2238 3653 2295 amaritudinem
3674 2239 3797 2294 furo-

2203 2341 2444 2397 remque
2474 2326 2761 2382 conversi:
2796 2326 2950 2382 circa
2980 2332 3055 2395 te,
3102 2327 3319 2399 inquit,
3366 2328 3592 2401 jugitur
3640 2342 3796 2382 mora-

2201 2415 2443 2470 buntur.
2490 2416 2619 2471 Sive
2650 2415 2965 2471 moraliter.
2999 2416 3309 2488 Sapientes
3368 2416 3453 2472 illi
3509 2417 3565 2472 in
3610 2414 3797 2473 Christo

2202 2509 2364 2573 sunt,
2399 2509 2456 2560 et
2486 2505 2546 2560 in
2578 2506 2789 2561 saeculo
2819 2504 3007 2572 stulti,
3054 2506 3157 2577 qui
3211 2506 3607 2562 satisfactione
3651 2504 3798 2577 pumi-

2200 2593 2416 2660 tentiae,
2442 2598 2678 2664 peccata
2708 2609 2816 2649 sua
2841 2592 2928 2649 vel
2963 2610 3188 2649 errores
3219 2593 3477 2651 haereses
3502 2596 3800 2650 converten-

2202 2682 2276 2738 do
2306 2698 2369 2737 se
2398 2682 2469 2736 ad
2506 2683 2684 2737 Deum
2716 2681 2967 2738 ﬁdeliter
2993 2683 3373 2751 conﬁtentur,
3404 2688 3461 2740 et
3480 2677 3800 2739 auctoresvel

2202 2769 2517 2825 criminum
2550 2786 2815 2837 suorum,
2845 2770 2936 2826 vel
2969 2771 3321 2843 dogmatum
3352 2772 3730 2835 manifestant,
3754 2769 3804 2823 ut

2200 2862 2417 2913 terram
2449 2858 2706 2930 corporis
2737 2860 2830 2915 sui
2860 2858 2969 2915 soli
2996 2858 3376 2931 possideant:
3410 2860 3468 2916 id
3498 2864 3601 2925 est,
3629 2874 3729 2913 non
3763 2854 3804 2911 ei

2200 2946 2357 3014 vitia,
2387 2946 2475 3002 vel
2506 2946 2746 3003 hostiles
2778 2947 3465 3020 nequitiadominentur.
3487 2948 3801 3018 Alienusque

2201 3052 2305 3108 per
2332 3052 2466 3091 eum
2492 3052 2609 3091 non
2645 3040 2925 3105 transeat,
2963 3037 3022 3092 id
3052 3040 3160 3104 est,
3189 3036 3465 3095 diabolus
3487 3038 3543 3093 in
3563 3052 3687 3093 eum
3715 3049 3803 3090 non

2201 3123 2414 3180 habeat
2440 3128 2808 3197 potestatem.
2842 3126 2950 3190 Qui
2979 3141 3112 3181 vere
3142 3124 3375 3182 alienus
3405 3127 3677 3183 dicendus
3713 3126 3801 3187 est,

2201 3214 2341 3284 quia
2370 3229 2431 3268 se
2449 3230 2484 3268 a
2503 3213 2699 3279 Deo,et
2722 3213 3062 3286 angelorum
3085 3216 3383 3272 consortio
3402 3215 3531 3271 fecit
3553 3214 3797 3271 alienum.

2274 3325 2300 3352 ‹‹
2334 3302 2574 3359 Cunctis
2598 3303 2807 3359 diebus
2834 3302 2959 3360 suis
2992 3302 3209 3376 impius
3243 3305 3531 3377 superbit,
3560 3309 3617 3359 et
3642 3314 3806 3357 nume-

2200 3409 2301 3447 rus
2330 3407 2617 3447 annorum
2641 3392 2898 3446 incertus
2929 3396 3020 3447 est
3042 3393 3376 3464 tyrannidis
3389 3395 3537 3465 ejus.
3560 3415 3587 3444 ››
3617 3392 3674 3448 In
3701 3405 3804 3462 per-

2198 3496 2404 3536 sonam
2437 3479 2673 3552 quidem
2702 3481 2807 3535 Job
2834 3480 2955 3536 hazc
2986 3480 3224 3553 Eliphaz
3263 3483 3497 3539 videtur
3549 3479 3801 3541 invehere,

2198 3585 2325 3640 qua:
2352 3584 2539 3640 usque
2559 3569 2632 3623 ad
2662 3568 2876 3624 calcem
2896 3570 3185 3626 sermonis
3214 3569 3399 3642 hujus
3411 3569 3688 3643 perduxit.
3707 3567 3801 3638 Ego

2198 3674 2331 3713 vero
2360 3656 2626 3713 existimo
2657 3658 2811 3728 quod
2844 3659 3079 3714 afflatus
3098 3659 3311 3730 spiritu
3335 3659 3661 3732 prephetias,
3691 3669 3803 3711 cun-

2198 3750 2290 3801 cta
2320 3746 2440 3801 haec
2472 3746 2530 3801 in
2562 3745 3175 3819 quemlibetimpium,
3199 3747 3400 3804 sivein
3427 3748 3615 3821 ipsum
3632 3743 3800 3801 diabo-

2196 3834 2320 3891 lum
2351 3835 2439 3891 vel
2470 3836 2597 3906 ejus
2628 3835 2817 3891 socios
2847 3836 3075 3891 dixerit.

2270 3947 2297 3975 ‹‹
2327 3924 2566 3981 Sonitus
2595 3924 2835 3981 terroris
2865 3940 3097 3997 semper
3116 3925 3177 3980 in
3199 3926 3449 3983 auribus
3477 3923 3691 3981 illius.»
3712 3919 3807 3977 Sic-

2201 4018 2263 4070 ut
2290 4014 2539 4087 r’Egyptii
2569 4014 2727 4086 passi
2757 4017 2918 4068 sunt.

2275 4127 2293 4152 α
2337 4105 2402 4158 Et
2432 4119 2567 4158 cum
2615 4119 2727 4174 pax
2757 4104 2853 4169 sit,
2888 4101 2982 4157 ille
3012 4118 3244 4174 semper
3284 4102 3531 4159 insidias
3583 4097 3804 4171 suspica-

2197 4196 2312 4247 tur.
2336 4215 2363 4239 »
2397 4192 2728 4247 Perseverat
2755 4191 2973 4263 impius
3002 4190 3060 4246 in
3095 4190 3315 4247 scelere
3345 4207 3575 4264 semper
3601 4190 3666 4244 de
3691 4200 3803 4242 con-

2199 4280 2450 4336 scientiae
2482 4278 2635 4335 malo
2660 4296 2673 4333 :
2708 4278 2867 4335 novit
2896 4280 3053 4335 enim
3083 4281 3409 4336 secundum
3424 4282 3650 4352 justum
3668 4271 3803 4348 judi~

2198 4370 2351 4425 cium
2382 4368 2505 4437 Dei,
2537 4386 2664 4440 quae
2694 4368 2894 4440 impiis
2926 4369 3229 4425 retributio
3262 4370 3340 4426 sit
3373 4373 3650 4442 separata.

2270 4482 2295 4506 ‹‹
2331 4459 2453 4513 Non
2486 4458 2669 4513 credit
2697 4458 2852 4529 quod
2887 4455 3096 4513 reverti
3142 4458 3331 4529 possit
3373 4459 3446 4514 de
3477 4454 3718 4515 tenebris
3742 4449 3801 4508 ed

2200 4548 2410 4603 lucem.
2434 4568 2462 4597 ››
2488 4548 2723 4601 Frustra
2738 4562 2931 4601 errore
2953 4546 3250 4618 deceptus,
3267 4547 3423 4619 quod
3442 4546 3633 4618 aliquo
3647 4540 3801 4615 pretio

443 4638 816 4710 iniquitatem
837 4636 864 4692 ?
891 4660 911 4685 π
947 4646 1074 4703 Uor,
1108 4636 1280 4693 oeuli.
1318 4637 1582 4707 spiritus,
1614 4640 1796 4693 totam
1830 4638 2087 4695 hominis
2119 4654 2165 4718 D
2198 4636 2575 4692 redimendus
2607 4636 2701 4689 sit.
2736 4635 2835 4689 Hic
2870 4634 3087 4707 impius
3118 4634 3175 4693 in
3195 4635 3554 4707 profundum
3576 4632 3801 4706 peccato-

441 4726 701 4782 animam
735 4726 1092 4798 signiﬁcant,
1126 4726 1225 4780 sed
1257 4726 1315 4779 in
1340 4726 1511 4780 corde
1543 4726 1799 4781 hominis
1851 4728 2087 4798 sapien-

440 4806 583 4871 tiam
615 4832 1063 4888 cognoscamus.
1098 4816 1158 4870 In
1191 4813 1893 4885 oculis,perspicuitatem
1918 4816 2088 4871 intel-

439 4904 714 4978 ligentiae.
749 4907 814 4961 In
846 4905 1054 4979 spiritu
1084 4921 1221 4961 vero
1252 4903 1411 4959 illius
1440 4904 1647 4958 anima:
1677 4910 1921 4975 motum,
1972 4921 2088 4977 quo

440 4994 893 5067 cogitationibus
925 4993 1356 5049 incessabiliter
1385 4991 1578 5065 agitur
1608 4993 1678 5047 ad
1720 5009 2086 5065 quaecunque

440 5082 731 5139 facienda.
776 5083 839 5137 In
897 5082 1216 5139 elevations
1260 5099 1395 5155 ergo
1448 5081 1663 5147 cordis,
1718 5086 1776 5137 et
1822 5083 2086 5139 attonitis

438 5172 643 5242 oculis,
692 5176 923 5227 tumore
971 5173 1147 5227 etiam
1205 5172 1488 5244 spiritus:
1550 5172 1870 5243 superbum
1919 5171 2086 5227 valde

438 5265 641 5316 contra
665 5266 864 5332 Deum,
896 5265 955 5316 et
977 5262 1245 5316 iullatum
1271 5261 1519 5315 nimium
1550 5265 1818 5316 sanctum
1840 5260 1947 5317 Job
1972 5262 2084 5316 Eli-

438 5348 583 5421 phaz
614 5348 837 5403 amicus
868 5351 996 5419 ejus
1024 5350 1353 5421 exprobrat.
1394 5348 1514 5403 illis
1547 5349 1760 5403 etenim
1792 5352 2081 5405 sermoni~

435 5438 546 5492 bus
578 5438 836 5493 oll'ensus
868 5439 1077 5510 fuerat,
1112 5455 1259 5508 quos
1292 5439 1498 5493 beatus
1520 5439 1628 5492 Job
1660 5439 1729 5493 ad
1764 5438 1945 5494 Deum
1981 5456 2081 5493 su-

430 5514 635 5598 perius
660 5528 944 5584 narravit:
979 5528 1037 5583 Si
1058 5527 1337 5600 judicatus
1364 5530 1542 5598 fuero,
1580 5529 1689 5582 scio
1712 5526 1851 5598 quod
1895 5528 2081 5598 justus

432 5618 696 5673 inveniar
715 5619 831 5686 (Job
854 5635 976 5684 xui,
1004 5620 1113 5685 18),
1136 5623 1191 5671 et
1214 5624 1412 5671 contra
1436 5617 1546 5672 isto
1570 5633 1840 5672 sermone
1890 5618 2078 5685 loqui-

431 5709 567 5762 tur:
612 5728 637 5759 α
668 5706 815 5771 Quid
846 5711 934 5762 est
965 5707 1138 5762 homo
1173 5711 1234 5761 ut
1261 5703 1675 5760 immaculatus
1700 5714 1975 5775 appareat
1999 5706 2077 5787 ‘2.»

2197 4742 2326 4780 rum
2360 4723 2689 4789 deveniens,
2711 4724 2889 4777 vitam
2923 4739 2987 4778 se
3016 4739 3187 4795 posse
3228 4718 3513 4794 consequi
3568 4720 3802 4790 despera-

2197 4815 2297 4871 vit.
2330 4815 2400 4870 Et
2427 4813 2641 4869 idcirco
2673 4828 2787 4867 non
2820 4811 3003 4866 credit
3059 4812 3212 4883 quod
3272 4810 3482 4868 reverti
3536 4805 3705 4882 possit
3742 4800 3800 4858 ad

2199 4904 2549 4977 poenitentiae
2579 4902 2767 4956 lucem
2801 4901 2872 4956 de
2900 4900 3158 4957 tenebris
3213 4905 3605 4973 peccatorum.
3642 4892 3800 4963 Hujus

2196 4998 2389 5049 autem
2422 5008 2657 5047 causam
2685 4994 2937 5059 enarrat,
2968 4989 3205 5045 dicens:

2267 5105 2295 5133 «
2326 5082 2833 5153 Circumspectans
2853 5079 3113 5150 undique
3133 5077 3419 5151 gladium.
3442 5096 3470 5129 ι
3505 5076 3563 5132 Id
3578 5069 3798 5140 est,hino

2196 5172 2330 5226 inde
2363 5190 2375 5227 :
2404 5171 2525 5225 sive
2555 5167 2895 5241 praestolans
2926 5171 3197 5223 mortem.
3217 5166 3505 5235 Diximus,
3533 5160 3796 5221 diabolum

2194 5261 2252 5315 in
2280 5276 2475 5315 escam
2512 5260 2710 5314 datum
2744 5256 3058 5329 spirituum
3081 5252 3676 5324 immundornm,quia
3691 5247 3797 5318 ejus

2194 5349 2418 5404 malitia
2446 5349 2647 5404 vivunt
2683 5364 2695 5404 :
2731 5346 2989 5402 vultures
3022 5344 3454 5407 veroJiomines
3502 5339 3794 5413 peccatores

2190 5443 2247 5495 et
2276 5438 2565 5493 immundi
2588 5436 3013 5508 intelliguntur.
3033 5432 3177 5489 Cum
3190 5448 3325 5505 ergo
3350 5431 3407 5488 hi
3423 5426 3670 5488 conversi
3688 5424 3789 5480 fue-

2191 5533 2325 5594 rint,
2358 5532 2501 5582 tune
2532 5526 2838 5581 inimicum
2862 5525 3236 5578 devorantem
3266 5537 3348 5591 se,
3387 5535 3550 5576 versa
3575 5517 3686 5571 vice
3709 5510 3789 5565 hl-

2190 5618 2410 5673 bebunt
2443 5617 2501 5671 in
2529 5632 2744 5681 escam,
2777 5614 2915 5686 quia
2945 5613 3069 5683 ipse
3097 5614 3188 5667 est
3214 5611 3386 5666 draco
3417 5607 3514 5680 qui
3543 5605 3699 5661 datus
3715 5596 3788 5686 est

2188 5723 2222 5762 a
2250 5706 2365 5762 Deo
2388 5706 2446 5760 in
2467 5721 2661 5761 escam
2676 5683 2908 5777 populis
2924 5699 3259 5773 IEthiopum
3287 5698 3459 5767 (Psal.
3481 5705 3663 5753 Luxu.
3692 5683 3784 5755 ll):
