4066 6190
1426 387 1940 450 CUMMEN'I‘AH.
1989 387 2062 446 ΙΝ
2110 385 2271 447 JOB.
2321 388 2488 448 CAP.
2537 388 2666 449 XV.

3619 382 3745 449 .694

334 521 436 595 qui
496 520 796 595 quondam
856 524 1090 594 propter
1146 521 1509 593 nigredinem
1571 524 1937 593 peccatorum
1967 561 1979 574 .
2012 521 2068 588 Α
2167 542 2194 569 ‹‹
2231 520 2297 574 Et
2328 520 2397 576 de
2421 519 2701 576 lateribus
2733 521 2858 590 ejus
2890 519 3090 575 arvina
3110 519 3412 590 dependet.
3440 540 3468 569 ››
3491 515 3746 576 Possunt

331 611 638 684 Ethiopes
673 613 804 682 (Isa.
861 627 899 676 1,
951 610 1040 682 48)
1091 627 1246 666 nunc
1295 615 1490 665 autem
1551 626 1653 682 per
1683 610 1857 664 ﬁdem
1890 608 1986 663 lux

331 702 469 759 facti
527 701 587 756 in
642 699 884 755 Domino
916 700 1129 771 (Ephes.
1171 717 1224 768 ν,
1255 701 1333 770 8).
1378 699 1544 754 Hune
1591 697 1837 770 impium
1870 697 1989 752 sive

333 792 656 848 draconem
689 792 1046 844 consumunt
1074 805 1139 843 ac
1171 788 1468 843 devorant:
1492 788 1634 842 dum
1668 802 1840 841 omne
1871 801 1990 841 cor-

331 897 444 953 pus
472 879 625 950 ejus,
679 877 779 949 qui
827 881 967 932 sunt
1008 877 1214 948 utique
1261 880 1613 949 peccatores,
1659 891 1761 947 per
1810 874 1982 928 fidem

329 966 735 1024 intromittunt
767 966 826 1020 in
859 981 1093 1037 corpus,
1127 965 1181 1019 id
1204 969 1294 1019 est
1315 965 1370 1019 in
1407 963 1755 1026 Ecclesiam;
1783 979 1985 1018 secun-

327 1057 472 1113 dum
508 1056 640 1121 hoc,
674 1054 828 1127 quod
863 1054 1083 1110 dictum
1117 1058 1206 1109 est
1237 1054 1443 1110 Petro:
1479 1053 1671 1124 Surge,
1701 1052 1897 1119 occide,
1932 1055 1983 1105 et

325 1146 602 1201 manduca—
661 1145 798 1215 (Act.
849 1161 926 1208 x1,
966 1144 1045 1214 7).
1098 1143 1243 1198 Hinc
1299 1142 1476 1198 etiam
1536 1143 1770 1214 Moysen
1830 1140 1981 1196 ﬁlios

327 1234 506 1291 Israel
537 1233 786 1288 vitulum
847 1232 1279 1288 comminutum
1329 1231 1529 1287 bibere
1559 1230 1865 1302 compulit,
1915 1234 1981 1284 ut

323 1323 481 1380 sicut
510 1323 584 1378 ab
615 1337 681 1377 eo
730 1322 963 1376 fuerant
1019 1319 1280 1391 absorpti
1338 1319 1397 1374 in
1429 1336 1657 1375 errore:
1691 1317 1773 1374 ita
1805 1319 1887 1374 illi
1918 1318 1976 1374 in

323 1427 567 1483 corpore
589 1409 785 1484 populi
811 1410 912 1465 Dei
940 1409 1139 1466 relicto
1169 1426 1361 1465 errore
1384 1408 1722 1464 transirent.

402 1522 430 1552 α
464 1499 608 1554 Cum
642 1515 703 1555 se
731 1498 978 1554 moverit
1021 1499 1091 1554 ad
1139 1498 1519 1570 quarendum
1552 1514 1782 1569 panem,
1818 1497 1976 1551 novit

325 1588 485 1660 quod
519 1591 752 1660 paratus
784 1586 861 1642 sit
889 1587 946 1642 in
975 1603 1155 1642 manu
1200 1588 1328 1658 ejus
1359 1586 1731 1642 tenebrarum
1763 1586 1907 1649 dies.
1944 1607 1971 1633 »

319 1677 520 1734 Motus
549 1676 878 1732 animorum
929 1682 1018 1731 est
1069 1676 1363 1731 inchoatio
1395 1675 1781 1747 cogitationis.
1825 1675 1970 1729 Cum

317 1780 460 1837 ergo
491 1765 585 1820 hic
627 1765 962 1820 recordatus
993 1765 1186 1832 fuerit,
1242 1781 1376 1820 reus
1410 1764 1522 1819 sibi
1555 1779 1788 1835 semper
1819 1762 1970 1818 male

313 1855 612 1921 conscius,
673 1855 1167 1926 quemadmodum
1230 1853 1414 1925 possit
1471 1853 1697 1908 vivere:
1741 1852 1885 1907 nihil
1918 1853 1968 1907 ei

311 1945 571 2001 occurrit
595 1943 754 2000 aliud
789 1960 967 2016 quam
1001 1949 1234 2014 tempus
1255 1943 1620 2014 illusjudicii
1652 1943 1746 1996 Dei
1779 1941 1966 1996 horri-

309 2033 451 2102 bile,
493 2049 611 2104 quo
644 2050 845 2104 pcenas
877 2038 1186 2105 perpetuas
1231 2033 1572 2104 irrogandas
1615 2031 1960 2104 expavescit.

391 2146 422 2174 «
453 2123 718 2179 Terrebit
763 2138 896 2178 eum
948 2122 1272 2190 tribulatio,
1304 2128 1360 2176 et
1409 2121 1684 2194 angustia
1728 2119 1965 2175 vallahit

309 2229 472 2278 eum,
507 2212 663 2268 sicut
712 2228 904 2284 regem
956 2211 1055 2282 qui
1092 2215 1450 2283 praiparatur
1496 2211 1568 2266 ad
1614 2211 1898 2282 praelium.
1937 2232 1962 2258 ››

307 2303 643 2372 Antequam
674 2300 803 2356 dies
853 2299 1165 2372 praedictus
1198 2300 1485 2370 adveniat,
1517 2299 1670 2354 malo
1697 2297 1964 2354 formidi-

310 2390 408 2445 nis
463 2389 863 2445 cruciabitur:
924 2389 1220 2460 pressuris
1276 2405 1527 2460 quoque,
1568 2392 1624 2443 et
1671 2387 1962 2459 angustiis

309 2483 513 2550 septus
547 2479 807 2550 undique
829 2477 1238 2548 coarctabitur,
1265 2478 1439 2533 veluti
1464 2493 1560 2532 rex
1593 2477 1960 2548 profecturus

305 2567 381 2624 ad
416 2566 698 2639 prmlium.
733 2567 852 2622 Sub
903 2567 1139 2622 nomine
1167 2566 1319 2639 regis
1353 2565 1600 2638 impium
1633 2566 1953 2635 hominem,

304 2655 430 2713 sive
450 2655 746 2712 diabolum
771 2656 1091 2727 significari
1111 2656 1401 2726 existimo,
1425 2656 1526 2726 qui
1550 2662 1755 2710 contra
1778 2659 1955 2709 Deum

304 2745 463 2802 bella
493 2745 776 2818 quotidie,
815 2744 1214 2812 blasphemias
1265 2745 1806 2815 contentionesque,
1840 2744 1960 2798 sive

308 2850 544 2907 pugnas
566 2838 729 2906 parat
750 2834 1045 2890 vitiorum.

387 2946 410 2972 ι
447 2923 719 2979 Tetendit
747 2922 903 2978 enim
949 2923 1231 2978 adversus
1262 2922 1444 2978 Deum
1493 2940 1733 2979 manum
1768 2940 1958 2989 suam,

305 3016 372 3068 et
392 3017 595 3067 contra
614 3012 1075 3084 omnipotentem
1109 3013 1416 3067 roboratus
1435 3017 1574 3067 est.»
1607 3013 1669 3066 In
1690 3011 1958 3079 elatione,

307 3101 436 3156 sive
467 3102 824 3172 expansione
853 3117 1086 3167 manus,
1121 3101 1492 3156 resistentem
1545 3101 1660 3156 Deo
1713 3102 1957 3156 demon-

305 3194 476 3261 strat,
513 3206 809 3262 quemque
852 3190 1066 3245 mentis
1098 3189 1275 3245 etiam
1307 3190 1543 3244 tumida:
1593 3190 1958 3246 contumacia

304 3279 614 3335 robustum
641 3279 800 3334 dicit.

379 3390 408 3416 ‹‹
446 3367 715 3423 Cucurrit
759 3369 1038 3424 adversus
1079 3383 1212 3422 eum
1261 3371 1451 3423 erecto
1506 3367 1674 3423 collo.
1713 3391 1739 3416 ››
1769 3367 1956 3424 Abru-

302 3462 464 3529 ptam
496 3473 562 3512 ac
597 3457 955 3529 praecipitem
988 3455 1225 3528 superbi
1258 3456 1477 3512 indicat
1509 3462 1793 3512 mentem:
1819 3456 1958 3528 quia

302 3549 510 3602 contra
538 3547 724 3602 Deum
765 3562 1074 3617 possessus
1129 3546 1376 3601 insanus
1407 3547 1465 3600 in
1509 3547 1752 3601 audacia
1782 3547 1953 3602 resis-

299 3636 501 3700 tendo,
535 3653 650 3691 non
693 3635 868 3690 lentis
893 3635 1193 3707 gressibus
1219 3635 1521 3706 processit.

382 3744 405 3772 ι
440 3725 508 3779 Et
533 3724 736 3796 pingui
768 3723 985 3780 cervice
1037 3728 1300 3780 armatus
1329 3727 1435 3779 est.
1473 3748 1500 3772 ››
1537 3724 1951 3796 Pinguedinem

303 3813 665 3869 nominando
687 3813 943 3884 cervicis,
978 3813 1577 3884 superabundantem,
1609 3818 1664 3868 et
1689 3814 1954 3884 quasini-

307 3902 494 3958 mium
522 3903 853 3958 efﬂuentem
878 3903 1214 3974 superbiam
1247 3902 1539 3956 indicavit.
1563 3903 1951 3966 Quemadmo-

302 3992 447 4047 dum
483 3991 770 4063 Propheta
790 3990 892 4057 ait,
925 4008 1057 4046 cum
1084 3991 1154 4046 de
1184 3991 1385 4046 eadem
1411 3990 1718 4067 hominum
1749 4007 1951 4062 super-

299 4080 401 4136 bia
425 4079 704 4151 loquitur,
739 4080 967 4136 dicens:
1003 4080 1260 4135 Prodivit
1279 4081 1437 4151 quasi
1465 4096 1533 4135 ea:
1551 4080 1712 4152 adipe
1741 4082 1950 4152 iniqui-

299 4173 387 4224 tas
415 4186 609 4225 eorum
642 4169 821 4239 (Psal.
879 4185 1049 4236 Lxxn,
1106 4171 1185 4240 7);
1234 4169 1341 4224 hoc
1370 4169 1770 4226 testimonium
1806 4188 1952 4226 nova

299 4259 479 4314 editio
511 4258 772 4330 apertius
803 4258 980 4314 dicit:
1029 4278 1050 4306 α
1085 4259 1500 4314 Processerunt
1531 4277 1563 4314 a
1597 4259 1950 4332 pinguedine

301 4347 456 4402 oculi
488 4363 729 4410 eorum;
767 4370 794 4397 »
825 4349 883 4402 id
917 4351 1026 4413 est,
1059 4364 1270 4404 sensus
1303 4348 1422 4403 sive
1452 4348 1832 4420 cogitationes
1865 4349 1950 4402 ni-

302 4437 491 4493 mium
523 4437 936 4509 superborum,
972 4437 1028 4492 in
1061 4436 1488 4509 blasphemiam
1539 4443 1946 4509 proruperunt.

376 4545 406 4572 (ι
439 4523 680 4595 Operuit
721 4523 926 4578 faciem
957 4525 1085 4594 ejus
1117 4525 1467 4579 crassitudo.
1507 4548 1533 4572 η
1594 4526 1785 4580 Facies
1835 4526 1950 4597 ple—

2098 607 2280 664 latera
2309 611 2460 681 ejus,
2497 610 2752 666 minlstri
2773 611 2893 665 sive
2924 609 3152 665 sodales
3182 607 3448 680 intelligi,
3479 609 3579 681 qui
3609 608 3739 681 ejus

2098 697 2320 753 similes
2352 699 2717 755 exstiterunt.
2753 700 2878 754 Non
2901 699 3154 754 absurde
3179 698 3354 752 etiam
3377 713 3546 755 aures
3574 695 3740 754 intel-

2095 784 2378 857 liguntur,
2430 806 2555 859 quae
2604 789 2804 860 utique
2845 788 2903 842 in
2936 786 3234 842 audientia
3263 785 3735 857 impinguantur:

2096 875 2250 930 unde
2300 876 2480 932 nimia
2511 878 2768 932 surditas
2801 875 3248 932 contumacibus
3278 879 3613 947 generatur,
3646 890 3735 930 se-

2093 964 2352 1020 cundum
2402 965 2576 1022 illud:
2636 969 3004 1022 Incrassatum
3058 973 3134 1021 est
3185 981 3278 1021 cor
3320 963 3521 1036 populi
3572 963 3737 1031 huius

2093 1052 2307 1122 (Matth.
2343 1073 2463 1126 xui,
2499 1057 2604 1127 15).
2655 1056 2783 1110 Alia
2813 1055 3025 1111 editio:
3064 1078 3092 1105 (ι
3125 1054 3283 1110 Fecit
3330 1051 3733 1124 capitapulum

2091 1159 2268 1215 super
2299 1146 2535 1200 femora.
2570 1168 2598 1194 ››
2630 1146 2874 1200 Videtur
2904 1143 3048 1199 mihi
3097 1144 3204 1200 iste
3233 1141 3558 1202 versiculus
3597 1158 3734 1198 sen-

2089 1248 2222 1288 sum
2267 1232 2674 1303 hujuscemodi
2723 1234 3038 1300 continere,
3082 1233 3239 1304 quod
3281 1232 3339 1286 in
3372 1231 3482 1287 hoc
3510 1230 3731 1303 impius

2087 1318 2438 1392 increpetur,
2466 1322 2603 1394 quia
2630 1325 2854 1378 frenum
2888 1322 3226 1394 disciplinae,
3255 1337 3368 1395 quo
3391 1321 3462 1378 ad
3485 1320 3731 1377 virtutes

2087 1410 2319 1465 retineri
2364 1417 2608 1481 poterat,
2642 1412 2854 1467 habere
2876 1411 3147 1480 noluerit,
3170 1411 3272 1466 sed
3304 1411 3376 1466 ad
3407 1409 3725 1481 quamdam

2085 1516 2148 1555 se
2193 1500 2387 1570 potius
2437 1500 2906 1568 dissolutionem,
2968 1501 3228 1572 deposito
3276 1499 3456 1555 animi
3515 1497 3724 1570 rigore.

2083 1589 2377 1660 dejecerit,
2442 1595 2506 1645 ut
2560 1591 2728 1662 quasi
2787 1591 2907 1646 loro
2939 1589 3126 1646 laxato
3182 1591 3256 1644 ad
3286 1587 3645 1660 voluptatem
3669 1589 3726 1642 et

2081 1677 2372 1733 luxuriam
2405 1679 2806 1736 deduceretur.

2153 1789 2180 1814 ‹‹
2216 1767 2504 1823 Habitavit
2532 1768 2587 1822 in
2611 1769 2945 1823 civitatibus
2969 1765 3268 1834 desolatis,
3290 1769 3347 1822 et
3367 1766 3426 1820 in
3449 1763 3724 1821 domibus

2079 1855 2348 1925 desertis,
2382 1873 2509 1928 quas
2540 1857 2598 1911 in
2628 1857 2856 1912 tumulo
2887 1861 3026 1912 sunt
3057 1857 3318 1911 redactae.
3354 1876 3382 1904 ››
3407 1851 3724 1910 Habitatio-

2078 1961 2210 1999 nem
2242 1961 2378 2016 ergo
2411 1946 2752 2014 bestiarum,
2779 1950 2835 2000 et
2863 1945 3054 2000 avium
3082 1944 3522 2000 immundarum
3549 1939 3725 2015 spiri-

2074 2039 2170 2088 tus
2211 2034 2548 2090 immundos
2598 2035 2769 2089 dicit:
2823 2035 2918 2104 qui
2970 2034 3236 2088 habitant
3265 2034 3320 2088 in
3354 2030 3716 2108 hominibus,

2075 2139 2222 2194 quos
2253 2124 2406 2179 Deus
2433 2123 2707 2178 deseruit.
2736 2123 2837 2178 Hic
2858 2123 3013 2178 enim
3046 2122 3272 2178 habitat
3298 2121 3358 2176 in
3380 2119 3721 2177 hominibus

2073 2211 2365 2267 derelictis
2423 2230 2456 2266 a
2514 2214 2660 2268 Deo:
2722 2217 2780 2268 et
2835 2213 2906 2266 ob
2961 2212 3070 2267 hoc
3117 2210 3386 2283 sepulcra
3415 2209 3549 2266 facti
3579 2212 3721 2266 sunt

2072 2308 2458 2356 mortuorum.
2489 2302 2558 2356 Et
2586 2302 2631 2357 si
2668 2305 2902 2372 peccata
2940 2300 2999 2356 in
3024 2299 3340 2372 Scripturis
3367 2298 3583 2356 mortui
3614 2297 3720 2354 ali-

2071 2391 2306 2462 quando
2359 2391 2655 2458 dicuntur,
2709 2389 3037 2446 necessario
3088 2393 3420 2460 peccatores
3467 2391 3526 2444 et
3552 2386 3721 2460 impii

2071 2479 2283 2534 tumuli
2307 2484 2446 2534 sunt
2464 2485 2850 2536 mortuorum.
2878 2479 3059 2551 Igitur
3075 2478 3132 2533 in
3155 2477 3508 2543 civitatibus,
3531 2479 3722 2549 potest

2071 2569 2337 2641 generale
2361 2586 2570 2625 nomen
2591 2586 2718 2625 esse
2740 2570 3004 2624 omnium
3025 2572 3419 2640 peccatorum,
3441 2565 3502 2622 in
3531 2565 3720 2623 domi-

2072 2660 2180 2714 bus
2216 2676 2347 2714 vero
2379 2658 2627 2731 speciale
2658 2658 3125 2729 uniuscujusque
3169 2655 3490 2728 peccatoris
3519 2659 3577 2712 et
3609 2654 3722 2712 im-

2071 2765 2170 2819 p11.

2142 2861 2168 2886 ‹‹
2222 2838 2346 2892 Non
2407 2836 2710 2902 ditabitur,
2776 2852 2879 2891 nec
2937 2832 3330 2907 perseverabit
3385 2831 3720 2888 substantia

2070 2927 2218 2998 ejus.
2247 2949 2273 2975 ››
2295 2925 2636 2980 Substantia
2657 2924 2749 2979 hic
2780 2941 2895 2979 non
2929 2939 3120 2979 rerum
3146 2922 3362 2977 divitia:
3384 2919 3716 2991 intelligen-

2069 3015 2154 3070 da:
2189 3018 2348 3080 sunt,
2383 3015 2483 3069 sed
2520 3017 2790 3084 peccata:
2824 3014 2895 3068 de
2927 3011 3141 3083 quibus
3171 3011 3251 3066 ait
3271 3013 3512 3064 sanctus
3539 3005 3718 3079 Spiri-

2068 3106 2166 3157 tus
2197 3101 2255 3156 in
2277 3101 2617 3173 Apocalypsi
2638 3099 2900 3156 Joannis.
2922 3123 2948 3149 ‹‹
2973 3099 3214 3166 Cecidit,
3232 3096 3442 3153 cecidit
3455 3093 3713 3168 Babylon

2071 3190 2272 3246 civitas
2305 3206 2536 3261 magna,
2565 3195 2623 3245 et
2654 3191 2802 3244 facta
2849 3193 2940 3244 est
2967 3185 3369 3243 habitaculum
3399 3183 3716 3242 daemonio-

1990 3253 2032 3318 (ἶ
2072 3296 2225 3344 rum,
2258 3283 2315 3333 ct
2361 3253 2627 3334 cdstodia
2675 3277 2867 3333 omnis
2915 3277 3158 3349 spiritus
3205 3273 3499 3330 immundi
3527 3273 3713 3346 (Apoc.

2067 3387 2179 3438 Xiv,
2210 3370 2289 3437 8).
2332 3389 2359 3417 »ν
2390 3369 2551 3433 Quod
2604 3371 2796 3423 autem
2839 3367 2937 3435 ait,
2980 3383 3094 3420 non
3145 3364 3451 3420 ditabitur:
3484 3362 3596 3419 hoc
3627 3361 3716 3417 di-

2065 3459 2219 3513 xisse
2251 3457 2396 3511 mihi
2438 3456 2686 3520 videtur,
2737 3472 2852 3510 non
2902 3461 3142 3525 longum
3175 3457 3409 3524 tempus
3434 3450 3566 3522 erit,
3596 3466 3716 3522 quo

2065 3546 2181 3601 vita
2234 3547 2358 3616 ejus
2407 3545 2465 3599 in
2516 3545 2732 3599 divitiis
2782 3543 3105 3598 facinorum
3155 3543 3546 3606 decressetur,
3577 3555 3712 3596 cum

2064 3636 2239 3691 etiam
2289 3634 2533 3690 collecta
2576 3633 2849 3689 vitiorum
2897 3633 3026 3704 ejus
3070 3629 3404 3686 substantia
3446 3645 3562 3685 non
3603 3627 3713 3684 erit

2064 3741 2462 3796 permansura.

2135 3839 2161 3864 ‹‹
2197 3814 2310 3869 Nec
2344 3814 2535 3868 mittet
2573 3813 2629 3866 in
2676 3817 2888 3867 terram
2924 3811 3178 3865 radicem
3211 3826 3404 3865 suam.
3438 3830 3466 3860 ››
3502 3808 3564 3864 Id
3595 3809 3706 3874 est,

2063 3903 2203 3975 quia
2247 3909 2528 3973 tanquam
2581 3901 2751 3956 arbor
2797 3899 2996 3955 evulsa
3047 3899 3126 3954 sit
3173 3898 3537 3954 moriturus:
3578 3895 3708 3953 ideo

2063 3993 2124 4048 in
2149 3997 2302 4047 terra
2326 3991 2641 4046 viventium
2664 3989 3041 4046 stabilitatem
3066 3991 3341 4042 aeternam
3363 3986 3484 4042 sive
3504 4000 3706 4044 eorum

2064 4081 2422 4137 consortium
2465 4097 2576 4135 non
2612 4080 2847 4135 habebit
2875 4096 2886 4132 ε
2920 4095 2986 4133 eo
3018 4077 3169 4148 quod
3203 4075 3298 4130 hic
3346 4074 3512 4148 prius
3541 4089 3707 4146 spem

2061 4171 2148 4227 vel
2174 4171 2428 4226 radicem
2450 4169 2581 4224 fidei
2606 4186 2719 4224 non
2743 4167 3051 4239 prmmisit:
3078 4182 3280 4221 auram
3301 4165 3478 4219 etiam
3500 4162 3708 4221 salutis

2062 4265 2128 4316 ut
2157 4261 2266 4315 sub
2297 4260 2508 4314 umbra
2537 4258 2690 4313 vivat
2719 4255 3021 4328 refrigerii,
3054 4272 3168 4310 non
3200 4253 3457 4310 habebit.

2140 4369 2162 4396 α
2192 4350 2316 4404 Non
2351 4347 2576 4402 recedet
2613 4347 2684 4401 de
2730 4345 3007 4401 tenebris.
3046 4368 3066 4393 ι»
3102 4343 3215 4400 Alii
3270 4343 3560 4400 dixerunt.
3590 4343 3709 4399 Non

2061 4440 2290 4510 effugiet
2319 4439 2608 4491 tenebras:
2646 4436 2702 4489 id
2735 4439 2845 4500 est,
2893 4451 3094 4506 pmnas
3123 4437 3370 4488 aeternas
3417 4432 3619 4500 subiit,
3651 4435 3710 4488 et

2062 4545 2175 4582 non
2207 4527 2428 4582 evadet.
2463 4525 2585 4580 Non
2619 4524 2847 4579 recedet
2867 4528 3060 4578 autem
3087 4523 3157 4577 de
3179 4521 3434 4577 tenebris
3459 4537 3472 4576 :
3493 4518 3708 4576 intelli-

307 4627 564 4682 rumque
593 4611 722 4684 ipsa
753 4629 919 4668 mens
949 4613 1157 4667 animae
1198 4613 1562 4684 intelligitur,
1595 4618 1660 4668 ut
1691 4614 1770 4669 ait
1801 4625 1950 4686 Apo-
1983 4623 2030 4686 D
2062 4617 2258 4690 gimus
2291 4617 2360 4670 de
2415 4613 2671 4669 tenebris
2715 4611 3094 4666 infidelitatis.
3126 4610 3311 4665 Homo
3343 4609 3438 4664 hic
3487 4607 3708 4681 impius

298 4699 536 4758 Itolus:
580 4703 686 4756 Nos
737 4710 918 4757 autem
960 4703 1198 4757 revelata
1240 4701 1386 4772 facie
1439 4703 1683 4770 gloriam
1735 4706 1959 4759 Domini

296 4790 656 4862 speculamur
679 4792 757 4862 (II
785 4791 906 4846 Cor.
930 4809 1014 4857 ιιι,
1050 4792 1156 4858 18).
1191 4791 1349 4846 Hanc
1382 4791 1650 4848 diabolus
1699 4793 1816 4848 sive
1843 4794 1950 4848 im-

299 4879 437 4950 pius
468 4878 641 4935 homo
668 4880 978 4936 sanctitate
1017 4895 1118 4934 seu
1151 4878 1502 4945 humilitate,
1536 4896 1802 4936 serenam
1836 4899 1949 4937 non

300 4966 502 5032 habet,
527 4967 649 5023 sive
675 4968 1068 5040 perspicuam,
1091 4969 1192 5024 sed
1216 4968 1665 5024 crassitudinem
1690 4975 1950 5041 opertam

301 5055 622 5127 superbiae,
656 5072 784 5128 qua:
816 5071 965 5112 caeco
996 5057 1168 5112 corde
1201 5056 1296 5127 sit,
1328 5062 1383 5112 et
1413 5057 1643 5113 obtuso.
1673 5058 1801 5112 Alia
1830 5057 1950 5113 edi-

301 5143 387 5199 tio
417 5160 430 5198 :
463 5167 491 5194 «ι
519 5145 761 5216 Operuit
788 5145 991 5202 faciem
1025 5147 1154 5216 ejus
1184 5151 1463 5218 tanquam
1494 5147 1552 5201 in
1585 5147 1754 5218 adipe
1787 5164 1947 5214 suo;»

294 5237 582 5304 tanquam
645 5233 904 5290 diceret:
952 5234 1229 5306 superbia
1257 5234 1524 5291 videlicet
1571 5240 1716 5307 atra,
1752 5241 1955 5291 auctor

301 5323 570 5378 omnium
601 5322 878 5379 vitiorum
905 5341 918 5379 :
953 5341 1068 5379 non
1101 5324 1284 5392 tenui,
1317 5330 1374 5380 et
1399 5323 1949 5396 pellucidahumili-

301 5411 442 5466 tatis
471 5411 689 5469 virtute
722 5412 880 5468 velut
908 5413 1161 5485 pretioso
1209 5414 1424 5468 amictu
1481 5431 1542 5470 se
1571 5415 1819 5480 vestivit,
1851 5415 1951 5470 sed

306 5499 379 5555 de
404 5501 534 5572 ipsa
563 5501 698 5558 fecit
719 5503 769 5558 ei
795 5502 1231 5575 quodammodo
1257 5503 1538 5569 derisum,
1563 5509 1618 5559 et
1647 5504 1955 5559 vestimen-

305 5592 438 5644 tum
469 5591 808 5659 obscurum,
829 5609 942 5664 quo
965 5591 1300 5663 superbiam
1323 5609 1522 5648 crassa
1552 5593 1806 5648 caecitate
1837 5610 1957 5646 cor-

307 5679 406 5736 dis
436 5675 806 5739 obtunderet.

2066 4707 2138 4762 ad
2169 4705 2366 4759 lumen
2404 4701 2754 4774 poenitentia:
2785 4700 2979 4755 venire
3017 4699 3315 4754 detrectat.

2139 4818 2159 4845 ι
2206 4795 2414 4849 Ramos
2445 4793 2572 4861 ejus
2603 4791 2876 4846 arefacict
2899 4791 3154 4844 flamma.
3189 4811 3217 4838 »
3252 4788 3310 4842 In
3335 4784 3536 4856 ramis,
3569 4799 3708 4857 ope-

2062 4900 2192 4940 rum
2226 4882 2514 4937 malorum
2547 4881 2769 4934 fructus
2801 4877 3217 4949 intelligamus,
3249 4875 3404 4931 sicut
3431 4873 3708 4931 Salomon

2062 4973 2176 5030 ait:
2229 4974 2460 5026 Fructus
2511 4971 2807 5041 impiorum
2867 4972 3085 5040 peccata
3141 4968 3321 5038 (Prov.
3362 4983 3418 5030 x,
3451 4965 3560 5037 16).
3592 4963 3709 5021 Hos

2061 5079 2195 5118 vero
2250 5059 2407 5115 velut
2445 5059 2626 5130 ligna,
2659 5059 2882 5122 fenum,
2915 5055 3195 5128 stipulam
3244 5053 3521 5126 gehennae
3552 5052 3710 5126 ignis

2063 5152 2356 5208 absumet.

2143 5257 2164 5283 ι
2201 5238 2267 5291 Et
2295 5237 2590 5292 auferetur
2619 5236 2828 5308 spiritu
2863 5236 2980 5291 oris
3010 5234 3103 5290 sui
3131 5234 3201 5288 ab
3232 5250 3318 5288 eo.
3348 5256 3376 5283 »
3399 5233 3547 5299 Quia
3575 5248 3712 5307 ergo

2065 5327 2224 5381 furor
2254 5330 2454 5382 contra
2487 5331 2665 5380 Deum
2715 5324 2950 5379 animus
2979 5325 3108 5395 ejus
3148 5328 3256 5389 est,
3288 5339 3402 5394 quo
3449 5323 3627 5380 etiam
3657 5325 3714 5378 et

2065 5415 2463 5487 blasphemias
2495 5415 2550 5468 in
2587 5430 2720 5469 eum
2767 5414 2989 5485 spirare
3020 5430 3135 5467 non
3167 5412 3414 5468 desinit:
3446 5410 3563 5468 oris
3596 5411 3711 5477 sui,

2068 5505 2175 5560 ait':
2199 5503 2422 5575 judicio
2445 5503 2883 5557 condemnatur.
2903 5503 3238 5558 Secundum
3252 5501 3556 5573 antiquam
3578 5516 3714 5572 ergo

2068 5593 2382 5647 editionem
2446 5592 2500 5646 in
2567 5593 2716 5662 stipe
2773 5592 2890 5646 sive
2950 5592 3172 5656 fronde,
3231 5591 3516 5662 originem
3585 5589 3714 5644 vita

2064 5681 2232 5753 impii
2252 5681 2567 5754 signiﬁcari
2587 5680 2876 5749 existimo,
2893 5696 3070 5753 quam
3094 5679 3345 5752 Spiritus
3365 5679 3710 5736 Deiseuten-
