4066 6190
425 366 541 432 695
1926 375 2346 437 APPENDIX.
2695 364 2706 374 ”
3677 385 3774 445 696

432 500 513 556 tia
533 498 766 572 judicii,
816 505 881 558 ut
923 503 1212 561 incubans
1254 511 1465 564 ventus
1515 508 1798 580 percutit:
1836 514 1898 564 ut
1922 509 2078 565 velut
2105 509 2161 574 Α
2191 507 2531 564 muneribus
2588 507 2942 582 loqueretur.
3002 509 3201 582 Ignem
3273 526 3403 567 vero
3447 511 3776 572 nominando.

430 591 606 647 arbor
635 592 925 649 arefactus
957 594 1177 667 impius
1198 595 1352 652 illico
1376 599 1674 670 moriatur,
1700 604 1756 654 et
1779 601 1855 654 ita
1885 599 2078 654 omnis
2186 597 2536 670 gehennam,
2593 605 2753 672 puto,
2787 598 3155 672 signiﬁcavit,
3191 599 3328 672 quia
3359 601 3703 659 tabernacula
3726 605 3773 660 id

432 681 540 736 ﬂos
566 680 806 737 honoris
837 684 964 754 ejus
995 687 1050 738 et
1079 684 1273 756 gloriae
1305 687 1544 742 defluat.

507 788 536 822 (ι
566 769 691 827 Non
721 772 946 828 recedet
978 774 1195 828 frustra
1229 792 1422 831 errore
1454 778 1753 848 deceptus,
1784 779 1939 848 quod
1973 777 2075 833 ali—

433 875 549 931 quo
580 859 765 931 pretio
797 861 1175 917 redimendus
1205 863 1298 918 sit.
1339 888 1364 914 »
1415 866 1531 921 Hoc
1563 866 1742 937 igitur
1781 867 1883 934 ait,
1915 871 2081 938 putat

433 947 699 1004 fortassis
729 949 1016 1022 diabolus,
1041 955 1096 1006 et
1114 951 1287 1008 homo
1312 954 1529 1025 impius
1551 956 1743 1010 cordis
1774 956 1989 1010 duritia
2020 955 2078 1008 in

432 1035 732 1109 impietate
765 1038 1101 1110 persistens,
1127 1042 1278 1111 quod
1309 1043 1461 1098 Deus
1492 1044 1540 1098 ei
1566 1061 1668 1115 pro
1701 1045 1823 1100 suis
1856 1044 2080 1100 meritis

435 1142 554 1182 non
585 1127 885 1183 retribuat:
919 1129 1056 1184 dum
1083 1135 1232 1186 Deus
1254 1148 1626 1203 nequaquam
1649 1134 1696 1189 ei
1728 1134 1931 1205 parcit,
1955 1139 2011 1188 et
2031 1134 2079 1188 si

436 1215 628 1272 verbis
660 1216 766 1273 hoc
795 1219 1132 1289 potentibus
1157 1225 1331 1291 atque
1359 1223 1704 1294 compositis
1735 1229 1799 1277 ut
1826 1224 2084 1279 obtineat

434 1305 799 1377 deprecetur,
841 1323 974 1362 cum
1007 1309 1133 1380 jam
1177 1311 1500 1366 secundum
1550 1312 1648 1367 Dei
1673 1313 1901 1383 justum
1928 1314 2082 1384 judi-

433 1392 614 1465 cium,
647 1396 1021 1468 sempiternis
1052 1398 1322 1454 addictus
1355 1400 1432 1454 sit
1462 1402 1837 1456 cruciatibus.

510 1506 533 1533 α
567 1488 898 1557 Antequam
919 1486 1046 1542 dies
1067 1487 1587 1559 ejusimpleantur,
1623 1491 1885 1563 peribit.»
1921 1494 2083 1548 Tunc

437 1573 566 1629 dies
605 1574 1070 1646 uniuscujusque
1100 1575 1329 1649 impleri
1362 1578 1594 1644 dicitur,
1629 1597 1761 1635 cum
1796 1583 2080 1638 bonorum

436 1661 746 1718 hominum
780 1681 845 1717 ac
877 1663 1165 1719 malorum
1211 1666 1514 1723 retributio
1544 1670 1782 1725 venerit.
1817 1671 1918 1727 Hic
1947 1689 2084 1745 ergo

435 1751 636 1819 homo,
657 1751 778 1807 sive
795 1751 1083 1822 diabolus,
1108 1759 1241 1810 ante
1259 1757 1576 1827 perspicua:
1599 1761 1898 1815 sententiae
1929 1762 2081 1817 diem

437 1856 618 1912 quam
647 1839 731 1896 eis
762 1840 1046 1897 Dominus
1077 1843 1134 1897 in
1155 1843 1374 1913 judicio
1406 1847 1650 1902 daturus
1682 1853 1805 1904 est:
1836 1851 2087 1922 przesciit

437 1927 500 1983 in
532 1929 1038 2000 praedestinatione
1067 1933 1173 1996 [Αἰ.
1209 1935 1509 2003 ριτωεοίῖυε
1540 1936 1787 2006 peribit:
1823 1939 1975 1995 sicut
2004 1939 2086 2010 in,

439 2019 586 2090 etc.].

509 2128 538 2157 ‹‹
571 2109 637 2162 Et
667 2124 881 2164 manus
910 2109 1038 2180 ejus
1067 2116 1352 2166 arescent.
1388 2134 1415 2162 »
1448 2113 1686 2193 Nullum
1719 2116 1918 2188 utique
1949 2119 2083 2174 boni

436 2193 630 2267 operis
661 2195 920 2250 fructum
951 2194 1008 2250 in
1044 2214 1105 2252 se
1135 2197 1380 2254 habens.

521 2302 544 2333 Ir
575 2284 839 2340 Laadetur
866 2285 1032 2356 quasi
1057 2286 1223 2341 vinea
1253 2287 1309 2340 in
1345 2288 1531 2359 primo
1557 2291 1694 2346 flore
1716 2293 1917 2348 botrus
1937 2294 2086 2363 ejus,

441 2376 498 2430 et
526 2374 697 2446 quasi
728 2373 876 2429 oliva
926 2375 1238 2446 projiciens
1289 2378 1489 2433 florem
1522 2397 1717 2435 suum.
1756 2404 1782 2429 »
1827 2383 1889 2437 In
1922 2384 2086 2438 botro

443 2461 588 2518 nulli
620 2462 888 2531 dubium,
920 2465 1073 2535 quod
1110 2465 1332 2520 fructus
1350 2467 1542 2538 operis
1572 2469 1932 2543 intelligatur
1953 2490 2089 2544 prte—

443 2551 656 2619 dictus,
689 2551 871 2624 igitur
899 2553 1099 2609 florem
1128 2554 1324 2626 gaudii
1359 2557 1718 2628 temporalis,
1744 2561 1812 2614 ad
1841 2562 2085 2616 maturi-

441 2644 624 2696 tatem
665 2640 890 2696 fructus
946 2642 1208 2714 perpetui
1259 2645 1574 2715 perducere
1604 2665 1718 2702 non
1752 2650 1987 2721 valebit,
2020 2668 2086 2705 co

443 2729 600 2802 quod
658 2728 716 2784 in
777 2745 879 2802 spe
910 2729 1038 2800 ipsa
1096 2732 1394 2789 mendacis
1449 2734 1664 2807 gloriae,
1698 2737 1884 2792 calido
1916 2744 2086 2796 vento

440 2817 726 2889 superbia
777 2817 1180 2890 dissipabitur.
1213 2821 1340 2877 Sive
1380 2822 1592 2895 frigore
1633 2825 1931 2882 charitatis
1967 2828 2082 2897 Dei,

437 2906 598 2963 velut
627 2925 659 2963 a
689 2906 898 2978 pruina
947 2907 1208 2975 lazdetur,
1239 2909 1392 2966 sicut
1437 2913 1637 2968 eodem
1673 2931 1848 2970 sensu
1899 2917 1958 2971 in
1992 2935 2086 2973 se-

441 2995 762 3069 quentibus
783 2996 1034 3052 arbitror
1063 2999 1381 3056 dictum.Et
1411 3002 1578 3073 quasi
1610 3003 1756 3059 oliva
1773 3005 2086 3076 projiciens

441 3086 643 3141 florem
692 3102 890 3141 suum.
924 3085 1087 3142 Oliva
1125 3088 1280 3143 enim
1318 3090 1373 3144 in
1406 3091 1722 3163 Scripturis
1766 3095 1997 3164 divinis,
2031 3101 2088 3151 et

438 3173 626 3244 vinea,
673 3173 986 3246 aliquando
1034 3176 1208 3233 homo
1254 3183 1481 3234 tantum
1532 3181 1942 3253 signiﬁcatur:
1979 3185 2084 3240 ali-

439 3263 675 3335 quando
707 3264 958 3335 populus
977 3283 1078 3321 seu
1110 3266 1440 3332 bonus,seu
1475 3245 1852 3336 mal‘us.Quod
1889 3280 2084 3329 autem
2118 3245 2160 3311 ί)

441 3351 607 3423 dixit,
637 3353 980 3424 vastabitur,
1015 3355 1136 3410 sive
1164 3361 1471 3423 evertetur,
1506 3359 1585 3413 ita
1617 3360 2084 3434 intelligendum,

440 3441 596 3498 sicut
622 3441 681 3497 in
710 3442 1055 3514 Apocalypsi
1087 3443 1368 3500 habetur:
1395 3447 1547 3510 «Qui
1581 3448 1778 3502 fecerit
1812 3452 2088 3507 mandata

438 3531 693 3598 Domini,
725 3549 842 3587 non
875 3531 1116 3588 laedetur
1144 3538 1328 3589 morte
1359 3537 1632 3592 secunda.
1667 3560 1693 3585 ››
1715 3537 1899 3594 Vinea
1927 3556 2084 3612 ergo,

439 3623 498 3677 et
525 3619 694 3691 oliva,
728 3620 891 3692 plebs
920 3621 1255 3678 Judaeorum
1291 3628 1479 3695 potest
1523 3625 1784 3694 intelligi.
1820 3627 1947 3682 Haec
1978 3630 2086 3702 igi-

439 3713 535 3766 tur
565 3709 735 3766 vinea
782 3710 1001 3780 perdet,
1035 3709 1155 3766 sive
1205 3713 1433 3767 amittet
1458 3713 1710 3769 fructum
1758 3719 2087 3775 sanctitatis

440 3804 618 3872 atque
656 3798 921 3870 justitite,
965 3799 1065 3870 qui
1113 3800 1407 3855 Christum
1462 3802 1718 3873 primum
1772 3805 1996 3875 ﬂorem,
2031 3815 2087 3864 et

439 3888 728 3961 optimum
761 3891 1098 3943 sanctorum
1130 3889 1393 3944 omnium
1429 3891 1485 3944 in
1519 3909 1658 3963 agro
1689 3893 1834 3967 legis
1875 3897 2086 3954 habere

440 3976 647 4033 noluit.
684 3977 812 4048 Ipse
844 3978 1000 4030 enim
1032 3977 1172 4032 dicit
1205 4019 1216 4031 .
1253 3981 1370 4046 Ego
1398 3979 1507 4050 ﬂos
1537 3984 1719 4052 campi
1744 3985 1923 4052 (Cant.
1945 3989 2083 4057 11,1).

440 4067 552 4123 Sed
586 4069 651 4120 ut
678 4064 930 4120 inﬁdelis
952 4068 1126 4136 atque
1158 4067 1482 4133 incredula,
1507 4086 1578 4124 ne
1601 4069 1683 4125 illi
1708 4073 1851 4128 fides
1873 4074 2085 4131 Christi

441 4155 731 4227 ﬂagraret,
763 4153 1004 4224 projecit
1033 4171 1165 4209 enm
1199 4174 1230 4210 a
1289 4158 1638 4229 semetipsa:
1672 4166 1728 4214 et
1783 4161 1922 4216 dum
1959 4182 2088 4234 pro-

431 4241 564 4313 jicit
595 4247 758 4296 extra
787 4241 1034 4309 vineam,
1061 4247 1168 4300 eta
1199 4262 1259 4299 se
1290 4246 1506 4301 excutit
1529 4247 1685 4302 velut
1716 4250 1937 4319 ﬂorem,
1963 4253 2089 4324 ipsa

440 4346 476 4386 a
505 4329 969 4401 patriarcharum
992 4333 1183 4389 radice
1204 4335 1402 4390 evulsa
1422 4339 1531 4402 est,
1555 4341 1612 4392 et
1642 4337 1869 4395 Christo
1896 4341 2084 4396 fructu

446 4422 659 4476 nostrae
690 4419 900 4476 salutis
929 4437 1194 4478 excussa.

520 4529 542 4557 α
575 4508 958 4582 Congregatio
989 4510 1143 4566 enim
1177 4511 1489 4584 hypocritae
1538 4515 1774 4571 sterilis.
1811 4541 1837 4566 ››
1871 4519 2088 4591 Rapto-

2189 691 2278 741 est
2306 704 2568 759 corpora,
2605 688 2940 760 iniquorum
2975 693 3114 743 sunt
3161 691 3570 746 consumenda.
3607 691 3676 748 De
3695 692 3778 750 hoc

2189 775 2322 846 igne
2379 780 2434 830 et
2491 778 2719 848 Sophar
2775 779 2832 832 in
2894 777 3386 849 consequentibus
3415 779 3535 833 ait:
3572 780 3778 836 Devora-

2190 864 2275 918 bit
2305 881 2438 920 eum
2473 867 2609 937 (Job,
2659 885 2752 935 xx,
2812 868 2901 938 25)
2935 866 2991 921 id
3049 872 3136 922 est
3193 867 3462 938 impium,
3516 867 3654 940 ignis
3701 872 3780 942 qui

2189 970 2303 1008 non
2335 955 2733 1011 succenditur.

2261 1067 2287 1092 ‹‹
2322 1044 2599 1114 Concepit
2630 1044 2910 1112 dolorem,
2964 1049 3020 1100 et
3079 1045 3303 1116 peperit
3358 1045 3716 1117 iniquitatem,
3741 1053 3782 1103 et

2191 1135 2394 1187 uterus
2451 1133 2580 1203 ejus
2637 1139 2923 1205 praeparat
2999 1133 3184 1189 dolos.
3250 1158 3277 1182 n
3339 1135 3515 1189 David
3597 1152 3783 1206 quoque

2193 1219 2567 1288 postmodum
2601 1221 2672 1274 de
2707 1221 3046 1291 bujusmodi
3078 1221 3157 1276 ita
3192 1221 3338 1276 dixit
3372 1238 3383 1276 :
3419 1223 3543 1278 Ecce
3567 1226 3785 1294 periurii!

2191 1308 2551 1377 iniustitiam,
2611 1312 2861 1382 concepit
2909 1311 3157 1366 dolorem
3226 1312 3438 1382 peperit
3492 1313 3781 1382 iniquitatem

2191 1397 2360 1465 (Psal.
2392 1415 2492 1466 xu,
2529 1399 2636 1468 15).
2672 1398 2843 1454 Dolor
2871 1415 3007 1471 ergo
3039 1403 3128 1454 est
3157 1398 3470 1470 injustitia,
3502 1405 3556 1454 et
3599 1398 3775 1471 iniqui.-

2193 1489 2302 1540 tas.
2338 1487 2453 1541 Hoc
2483 1503 2618 1558 ergo
2648 1487 2868 1560 impius
2900 1487 3123 1560 peperit
3181 1489 3337 1560 quod
3389 1493 3722 1559 conceperat,
3744 1491 3784 1542 et

2191 1577 2389 1630 tamen
2427 1580 2631 1632 uterus
2688 1576 2879 1632 cordis
2937 1578 3066 1648 ejus
3125 1577 3291 1632 dolos
3341 1593 3651 1649 praeparare
3701 1592 3784 1631 non

2193 1662 2426 1718 desinit.
2474 1665 2629 1728 Quos
2660 1670 2800 1720 tunc
2831 1666 2969 1733 edit,
3029 1666 3266 1738 quando
3325 1683 3499 1737 opera
3530 1666 3584 1720 in
3615 1666 3786 1720 factum

2195 1753 2536 1820 procedunt.
2596 1755 2657 1808 In
2719 1757 3004 1827 conceptu
3056 1754 3254 1826 itaque
3312 1754 3513 1826 iniqua
3565 1753 3787 1827 cogitatio

2195 1839 2560 1912 intelligitur,
2596 1842 2747 1896 sicut
2778 1843 2836 1897 in
2886 1847 3056 1914 partu
3109 1843 3352 1900 effectus
3413 1843 3572 1899 mala
3623 1840 3790 1914 cogita-

2198 1928 2375 1984 tionis
2422 1931 2778 2002 agnoscitur.
2841 1932 3165 1988 Adversum
3223 1933 3337 1988 Job
3397 1933 3516 1987 haec
3569 1932 3789 1986 universa

2198 2017 2436 2090 Eliphaz
2478 2019 2709 2075 locutus
2739 2024 2828 2075 est
2875 2037 2886 2074 :
2923 2022 3021 2076 scd
3057 2022 3184 2092 jam
3245 2023 3516 2093 superius
3562 2019 3788 2084 diximus,

2199 2107 2354 2177 quod
2399 2108 2947 2164 subministratione
3003 2110 3328 2182 prophetia:
3384 2127 3481 2182 per
3535 2123 3787 2181 personam

2195 2193 2324 2264 Job,
2359 2196 2593 2251 diabolo
2619 2196 2706 2252 vel
2737 2197 2978 2253 cuilibet
3012 2198 3240 2254 homini
3299 2199 3481 2271 impio
3537 2198 3676 2253 dicta
3699 2197 3787 2251 hac

2196 2283 2375 2338 videri
2412 2291 2678 2356 possunt,
2712 2285 2864 2341 sicut
2893 2291 2948 2341 et
2978 2286 3091 2342 alia
3121 2304 3250 2358 quae
3285 2286 3458 2343 amici
3509 2288 3628 2357 ejus
3653 2283 3788 2340 locuti

2198 2378 2355 2428 sunt.

2812 2464 3044 2518 CAPUT
3074 2464 3218 2519 XVI.

2270 2575 2296 2600 ‹‹
2361 2553 2741 2623 Respondens
2804 2557 3000 2609 autem
3057 2554 3190 2621 Job,
3245 2551 3658 2610 dixitzAudivi
3709 2551 3788 2605 fro-

2200 2645 2446 2711 quenter
2502 2641 2661 2696 talia.
2722 2642 3131 2699 Consolatores
3191 2643 3429 2699 onerosi
3483 2658 3668 2699 omnes
3714 2655 3790 2694 vos

2197 2729 2359 2784 estis.
2397 2730 2693 2800 Numquid
2756 2731 3059 2787 habebunt
3115 2734 3295 2788 ﬁnem
3357 2732 3530 2788 verba
3580 2733 3789 2791 ventosa,

2199 2822 2298 2873 aut
2329 2817 2549 2889 aliquid
2583 2819 2688 2874 tibi
2723 2819 3035 2876 molestum
3070 2823 3175 2890 jest
3233 2822 3284 2878 si
3340 2820 3638 2893 loquaris?
3666 2820 3790 2872 Pote-

2197 2923 2320 2960 ram
2371 2914 2428 2962 et
2486 2925 2590 2980 ego
2646 2908 2864 2964 similia
2921 2909 3097 2965 vestri
3136 2910 3322 2983 loqui.
3381 2913 3562 2982 Atque
3614 2907 3790 2962 utinam

2199 3001 2354 3051 esset
2379 2996 2577 3052 anima
2634 3002 2827 3054 vestra
2856 3015 2958 3070 pro
3013 2999 3212 3054 anima
3272 3016 3422 3056 mea.
3459 3020 3480 3049 ι
3516 2998 3572 3054 Si
3598 3012 3702 3063 vos,
3731 2993 3791 3046 in-

2197 3085 2342 3156 quit,
2376 3086 2495 3141 haac
2527 3104 2653 3158 quae
2687 3086 2948 3142 sustineo
3007 3089 3357 3160 pateremini
3391 3106 3404 3143 :
3439 3105 3550 3144 non
3578 3087 3649 3141 ita
3674 3082 3787 3139 circa

2197 3191 2296 3230 vos
2329 3177 2584 3248 agerem)
2616 3181 2680 3231 ut
2709 3193 2809 3232 vos
2839 3193 2975 3249 erga
3005 3194 3099 3232 me
3129 3194 3306 3250 agere
3337 3195 3450 3234 non
3479 3173 3712 3233 cessatis.

2273 3263 2674 3319 «Consolarer
2719 3269 2775 3320 et
2823 3281 2928 3337 ego
2983 3282 3083 3320 vos
3144 3267 3537 3331 sermonibus,
3567 3268 3620 3319 et
3645 3273 3790 3316 move-

2199 3369 2320 3408 rem
2355 3358 2531 3423 caput
2562 3370 2761 3408 meum
2822 3370 3000 3425 super
3055 3371 3178 3409 vos.
3241 3357 3583 3411 Raborarem
3611 3367 3697 3405 vos
3720 3361 3790 3402 ore

2199 3457 2350 3508 meo,
2383 3446 2440 3496 et
2474 3458 2759 3497 moverem
2821 3442 2978 3497 labia
3009 3460 3160 3511 mea,
3219 3446 3390 3515 quasi
3453 3456 3677 3514 parcens
3719 3451 3790 3490 vo-

2198 3529 2306 3584 bis.
2361 3552 2389 3579 »
2450 3529 2860 3586 Blandimento
2922 3532 3126 3601 utique
3183 3549 3520 3588 sermonum
3575 3538 3788 3584 meorum

2195 3635 2297 3673 vos
2330 3619 2524 3690 potius
2571 3619 2907 3675 cohortarer
2951 3637 2963 3675 :
3003 3625 3229 3676 mentes
3261 3622 3436 3677 etiam
3467 3623 3669 3676 vestras
3712 3611 3789 3668 tri-

2199 3707 2602 3764 bulationibus
2661 3709 2884 3764 acerbis
2933 3716 3333 3782 exasperatas,
3385 3727 3454 3765 ne
3495 3710 3549 3763 in
3602 3706 3788 3776 lapsum

2197 3795 2576 3868 blasphemiae
2636 3799 2930 3865 caderent,
2992 3798 3098 3854 levi
3181 3815 3451 3855 sermone
3506 3801 3561 3853 et
3609 3787 3788 3866 placido

2197 3887 2572 3942 sustinerem.

2272 3997 2298 4023 ‹‹
2331 3977 2442 4030 Sed
2475 3975 2613 4046 quid
2648 3993 2817 4049 agam
2849 3977 2877 4030 ?
2909 3977 2964 4032 Si
3015 3976 3245 4032 locutus
3307 3977 3484 4043 fuero,
3518 3989 3621 4028 non
3664 3964 3787 4040 quie-

2198 4069 2322 4119 scet
2379 4064 2543 4120 dolor
2599 4082 2766 4121 meus
2825 4069 2882 4120 et
2941 4065 2988 4120 si
3049 4071 3305 4136 tacuere,
3365 4082 3475 4119 non
3537 4058 3789 4117 recedeta

2199 4170 2310 4208 me.
2365 4177 2391 4202 ‹‹
2448 4154 2506 4207 Id
2555 4159 2643 4208 est
2702 4154 2821 4208 sive
2875 4154 3078 4226 loquar
3116 4153 3229 4210 ista
3285 4170 3437 4209 nunc
3491 4149 3661 4214 vobis,
3697 4142 3787 4198 sive

2197 4243 2375 4298 etiam
2409 4249 2631 4298 taceam
2695 4260 2706 4297 :
2756 4243 2866 4298 hoc
2922 4243 3113 4298 solum
3173 4260 3268 4298 me
3324 4256 3493 4298 nosse
3539 4235 3784 4293 conﬁteor,

2201 4331 2353 4402 quod
2390 4331 2720 4387 incessabili
2755 4331 2955 4388 dolore
2979 4331 3320 4388 discrucior.
3743 4403 3751 4414 ί

2272 4443 2296 4467 ‹‹
2335 4420 2499 4474 Nunc
2534 4425 2729 4475 autem
2788 4421 3100 4491 oppressit
3139 4437 3232 4475 me
3289 4419 3450 4476 dolor
3477 4430 3646 4482 meus,
3674 4415 3784 4464 el!!!

2200 4508 2450 4563 nil'ilum
2503 4508 2720 4563 redacti
2778 4515 2917 4564 sunt
2975 4526 3177 4566 omnes
3237 4514 3396 4565 artus
3452 4504 3578 4562 mei.
3630 4523 3655 4550 λ
3696 4495 3784 4551 Ηοο

440 4615 587 4666 rem,
617 4605 676 4654 et
721 4599 1038 4655 violentum
1089 4600 1491 4658 simulatorem
1543 4610 1810 4661 sanctum
1859 4608 1968 4663 Job
2002 4609 2094 4666 his
2124 4616 2170 4680 Ι)
2203 4597 2378 4652 etiam
2412 4599 2482 4652 d0
2513 4598 2742 4653 Christo
2779 4597 3221 4669 intelligendum
3254 4603 3359 4655 Bst-

438 4688 813 4745 sermonibus
842 4688 1099 4753 denotat,
1131 4694 1184 4744 et
1216 4690 1355 4745 dicit
1385 4692 1561 4763 quod,
1595 4698 1651 4748 ct
1680 4694 1729 4750 ei
1754 4713 1865 4750 non
1891 4699 2090 4768 prode-

438 4781 578 4833 runt
626 4777 843 4834 divitiae
893 4794 963 4834 ex
995 4779 1254 4851 iniquate
1303 4781 1614 4836 collectataa
1651 4801 1663 4838 :
1694 4782 1774 4838 ita
1803 4785 1958 4840 enim
1989 4788 2088 4842 ad-

438 4882 671 4922 versum
704 4867 836 4937 Job,
869 4871 925 4922 et
957 4867 1014 4922 in
1047 4867 1237 4940 primo
1267 4885 1534 4925 sermone
1581 4871 1812 4927 locutus
1847 4879 1957 4944 est,
1993 4878 2088 4931 ubi

440 4954 616 5010 etiam
642 4955 796 5010 leoni
819 4960 876 5011 et
893 4956 1466 5028 leaenae,leonumque
1489 4959 1679 5015 catulo
1702 4967 1758 5015 et
1779 4961 1911 5033 tigri
1935 4981 2092 5020 com-

441 5042 801 5113 paravit.Sed
834 5045 949 5100 Deo
973 5047 1161 5118 magis
1193 5048 1547 5102 credendum
1573 5051 1788 5121 est,qui
1813 5068 1946 5106 eum
1971 5052 2092 5108 lau-

440 5131 588 5187 dans
620 5147 736 5186 non
763 5131 1163 5191 simulatorem
1196 5137 1463 5192 effectum
1499 5137 1784 5204 dixit,sed
1821 5139 2092 5196 innocen-

439 5223 556 5275 tem
571 5223 629 5275 et
650 5219 977 5292 simplicem
996 5223 1510 5295 praedicavit.Quod
1526 5232 1720 5282 autem
1737 5228 2090 5298 aitEliphaz.

511 5331 540 5358 «
584 5312 650 5362 Et
711 5309 864 5382 ignis
913 5310 1212 5368 devorabit
1267 5315 1637 5370 tabernacula
1697 5333 1926 5387 eorum,
1989 5321 2090 5391 qui

439 5412 685 5452 munera
717 5397 965 5454 libenter
995 5399 1311 5471 accipiunt.
1359 5425 1386 5452 »
1431 5404 1488 5457 ln
1523 5410 1788 5460 sanctum
1839 5406 1946 5462 Job
1994 5425 2087 5464 ca-

438 5485 575 5542 dere
633 5504 746 5542 non
783 5493 994 5560 potest.
1054 5491 1201 5554 Quia
1253 5491 1391 5561 ipse,
1429 5498 1491 5546 ut
1541 5495 1664 5562 jam
1699 5496 1835 5565 dixi,
1880 5514 2084 5551 secun-

436 5575 579 5631 dum
629 5575 729 5633 Dei
777 5577 1176 5634 testimonium
1227 5580 1296 5633 de
1347 5580 1536 5651 seipse
1585 5583 1662 5637 ita
1696 5583 1922 5639 locutus
1955 5591 2081 5641 est:

436 5661 585 5718 Etsi
644 5662 700 5719 in
736 5665 1009 5722 manibus
1071 5667 1216 5722 meis
1273 5667 1518 5724 adhaesit
1558 5672 1806 5740 macula,
1842 5690 1974 5728 cum
2010 5674 2082 5730 de

2276 4709 2302 4736 ‹‹
2337 4689 2511 4760 Rugee
2543 4704 2683 4743 meae
2733 4688 3134 4744 testimonium
3195 4689 3396 4743 dicunt
3433 4686 3618 4739 contra
3645 4689 3737 4769 me:
3762 4689 3782 4716 »

2200 4775 2526 4831 Contractio
2557 4776 2708 4832 cutis
2759 4794 2956 4846 quam,
3017 4777 3340 4832 exsiccante
3395 4774 3582 4830 eadem
3635 4773 3780 4823 same.

2201 4865 2391 4935 patior
2424 4865 2857 4935 quodammodo
2886 4865 3355 4922 manifestatione
3393 4861 3480 4918 sui
3509 4859 3600 4913 dat
3625 4851 3780 4908 advel“

2202 4972 2331 5009 sum
2368 4971 2459 5010 me
2510 4954 2936 5025 testimonium,
2969 4961 3024 5010 et
3058 4955 3226 5026 quasi
3277 4951 3544 5025 loquitur,
3575 4939 3779 5016 quantos

2202 5043 2428 5099 dolores
2459 5043 2577 5098 sive
2609 5045 2901 5100 cruciatus
2934 5044 3276 5099 sustineam.
3617 5120 3632 5123 _
3691 5114 3700 5123 .

2278 5156 2297 5182 α
2359 5135 2425 5188 Et
2487 5133 2808 5189 suscitatur
2859 5132 3207 5204 falsiloquus
3283 5132 3545 5187 adversus
3611 5120 3773 5174 faciem

2205 5238 2418 5286 meam,
2448 5221 2852 5277 contradicens
2886 5221 3052 5287 mihi,
3087 5219 3327 5294 Collegit
3358 5219 3592 5273 furorem
3635 5211 3772 5301 SB“?

2200 5311 2256 5364 in
2295 5327 2405 5365 me.
2438 5330 2464 5361 ι)
2502 5312 2607 5364 Hic
2638 5318 2738 5366 aut
2768 5311 2964 5383 ipsum
2995 5310 3230 5382 Eliphaz
3247 5288 3619 5375 vfalsiloquum
3646 5288 3770 5383 divit,

2200 5400 2343 5473 quia
2371 5400 2680 5471 exprobrat
2708 5380 2909 5455 sancto
2959 5380 3100 5466 Job,
3123 5399 3272 5471 quod
3301 5397 3416 5451 haec
3460 5392 3527 5448 ob
3555 5380 3769 5483 peccat:-

2199 5507 2327 5544 rum
2366 5489 2574 5544 merita
2634 5489 2969 5558 sustineret,
3021 5492 3122 5542 aut
3182 5483 3488 5547 diabolum,
3531 5475 3620 5548 qui
3663 5474 3769 5558 συπξ

2196 5580 2420 5634 dixerat
2452 5582 2834 5650 peccatorem.
2867 5544 3070 5642 Aliter,
3112 5544 3483 5646 falsiloquus,
3516 5544 3675 5622 Judas
3698 5544 3767 5650 vel

2195 5644 2826 5743 populus-Judaeorum
2879 5665 3235 5737 intelligendi
3283 5644 3432 5726 sunt,
3483 5653 3572 5727 qui
3599 5644 3764 5704 contra
