4066 6190
295 425 418 492 897

1368 431 1881 494 commeans.
1929 431 2006 492 1N
2048 429 2210 493 JOB.
2258 431 2429 493 CAP.
2475 398 2651 493 XVII

3589 434 3710 497 698

299 560 596 618 Christum
656 560 873 619 falsum
941 563 1224 620 dederunt
1283 564 1690 620 testimonium
1755 565 1938 634 (Marc.
1970 563 2244 632 Atenuit
2311 564 2590 618 cervicem
2665 578 2856 618 meam
2923 562 3043 618 sive
3113 567 3176 619 ut
3239 563 3337 621 alii
3403 565 3702 635 dixerunt,

301 669 417 718 xw,
447 650 563 721 58).

381 765 400 789 ι
437 740 506 795 Et
570 741 939 797 comminans
1006 742 1148 797 mihi
1216 743 1521 799 infremuit
1589 747 1793 800 contra
1857 757 1951 797 me

302 829 579 886 dentibus
634 829 842 886 suis.»
897 830 1004 886 Ore
1053 831 1375 887 amicorum
1419 837 1622 888 contra
1678 834 1946 887 sanctum

302 918 410 974 Job
475 918 940 990 disputantium,
1007 919 1272 976 diabolos
1338 922 1676 977 minabatur
1735 937 1747 974 :
1832 918 1951 974 sive

303 1007 485 1062 Judaei
536 1007 966 1064 infremuerunt
1011 1019 1214 1065 contra
1264 1009 1638 1067 Salvatorem.
1671 1010 1801 1066 Alia
1830 1008 1948 1065 edi-

301 1096 380 1151 tio
415 1114 427 1151 :
481 1119 508 1146 «
542 1097 776 1167 Sagittae
826 1092 1147 1169 piratarum
1197 1117 1377 1172 super
1408 1117 1498 1155 me
1530 1100 1884 1155 ceciderunt.
1922 1118 1950 1145 »

305 1185 504 1241 Pirata
557 1186 649 1240 isti
701 1187 916 1242 diaboli
965 1192 1106 1242 sunt
1156 1188 1434 1257 ministri,
1483 1189 1603 1244 sive
1654 1188 1950 1252 homines,

303 1275 421 1331 sive
473 1275 770 1331 daemones
825 1293 837 1331 :
908 1275 1009 1346 qui
1067 1281 1206 1332 tunc
1264 1278 1460 1349 pirata
1518 1279 1576 1333 in
1637 1277 1952 1350 Scripturis

303 1370 604 1429 vocantur,
637 1365 872 1436 quando
905 1366 1185 1421 saculum
1222 1367 1376 1422 istud
1409 1384 1569 1423 mare
1599 1367 1946 1440 appellatur.

305 1453 540 1525 Sagitta
594 1471 726 1508 vero
787 1453 1017 1510 dolores
1071 1456 1159 1511 vel
1219 1455 1510 1512 cruciatus
1569 1456 1950 1530 intelligendi,

307 1557 457 1614 quos
503 1542 848 1613 patiebatur,
896 1548 960 1597 ut
1007 1544 1078 1599 ab
1127 1545 1212 1600 eis
1260 1545 1623 1600 transfossus
1672 1545 1954 1618 blasphe-

308 1631 430 1686 mia
459 1636 798 1686 moreretur.
828 1633 894 1687 Et
923 1631 1004 1688 ita
1033 1634 1272 1689 demum
1307 1651 1516 1689 aurum
1548 1639 1723 1706 atque
1751 1651 1952 1707 argen-

306 1723 432 1774 tum
487 1720 783 1792 sapientia
839 1721 987 1792 ejus,
1045 1727 1102 1777 et
1149 1722 1424 1790 scientia,
1475 1727 1664 1780 vestes
1719 1740 1952 1796 quoque

305 1808 592 1880 pretiosas
620 1808 929 1874 virtutum,
953 1811 1078 1882 spei
1111 1815 1288 1883 atque
1321 1812 1450 1867 fidei
1483 1813 1542 1867 in
1566 1813 1773 1880 Deum,
1797 1813 1951 1868 aufe-

299 1899 430 1952 rent
480 1896 552 1952 ab
607 1913 697 1962 eo,
727 1902 784 1952 et
835 1899 1041 1970 grandi
1097 1900 1279 1970 pretio
1319 1907 1656 1972 comparata
1687 1901 1946 1956 monilia.

382 2008 402 2031 -
439 1985 638 2041 Hostis
678 2001 846 2042 meus
889 1987 1252 2044 terribilibus
1296 1989 1482 2045 oculis
1545 2007 1637 2044 me
1696 1990 1950 2045 intuitus

298 2078 406 2131 est.
439 2094 467 2126 ι
523 2075 586 2131 In
632 2075 818 2132 oculis
847 2077 1209 2134 terribilibus
1241 2077 1505 2134 animum
1538 2079 1858 2135 sauciantis
1890 2079 1950 2134 in

295 2180 358 2220 se
407 2164 686 2220 describit
739 2165 1050 2222 invisibilis
1083 2167 1329 2235 inimici,
1364 2167 1463 2239 qui
1496 2168 1614 2224 sive
1644 2185 1746 2240 per
1773 2168 1948 2224 visio-

298 2269 402 2308 nes
433 2257 768 2325 nocturnas,
803 2255 922 2311 sive
965 2273 1068 2327 per
1096 2257 1420 2312 amicorum
1452 2257 1679 2313 vultum
1712 2257 1945 2314 terribi-

299 2341 439 2410 lem,
465 2342 656 2399 minas
685 2344 1046 2400 intenderet:
1081 2345 1284 2416 sicque
1313 2346 1453 2401 dum
1474 2346 1583 2402 Job
1615 2346 1788 2403 amici
1822 2348 1950 2418 ejus

303 2435 506 2486 sancto
560 2431 813 2487 nefanda
866 2433 1312 2504 responderunt,
1361 2436 1723 2508 nutibusque
1773 2438 1948 2492 etiam

303 2536 437 2575 cum
461 2519 728 2576 irrisione
748 2521 1125 2590 deterrerent,
1141 2525 1211 2578 de
1229 2523 1458 2580 Christo
1482 2524 1947 2598 intelligendum.

379 2630 407 2658 ι(
440 2614 813 2681 Aperuerunt
833 2627 1011 2682 super
1039 2628 1134 2666 me
1163 2629 1266 2668 ora
1297 2629 1426 2681 sua,
1448 2618 1505 2668 et
1535 2615 1951 2686 exprobrantes

302 2703 720 2770 percusserunt
767 2699 1064 2756 maxillam
1114 2717 1327 2771 meam,
1362 2702 1556 2758 satiati
1597 2708 1734 2760 sunt
1765 2704 1950 2776 poenis

306 2787 472 2842 meis.
507 2809 535 2837 »
589 2788 772 2860 Igitur
824 2789 884 2843 in
937 2788 1192 2856 maxilla,
1233 2791 1463 2862 generis
1513 2796 1601 2847 est
1651 2792 1948 2863 nobilitas,

299 2875 420 2931 sive
450 2877 640 2932 honor
685 2878 936 2949 quidam
980 2878 1348 2936 manifestus.
1385 2881 1452 2936 Et
1480 2880 1634 2936 sicut
1663 2881 1760 2936 alii
1792 2882 1950 2938 dixe-

307 2969 465 3032 runt,
499 2966 712 3022 acriter
756 2971 845 3022 est
890 2983 1206 3038 percussus
1251 2969 1309 3024 in
1341 2971 1528 3041 genis,
1560 2971 1854 3026 intantum
1889 2976 1953 3026 ut

307 3055 380 3109 ab
429 3055 670 3122 honore,
701 3061 757 3112 et
805 3056 1126 3125 nobilitate,
1159 3062 1216 3112 et
1257 3057 1474 3114 divitiis
1509 3060 1671 3115 ﬁeret
1701 3061 1949 3129 alienus,

299 3145 538 3214 quando
585 3144 880 3200 maxillam
931 3146 1065 3202 fidei
1117 3163 1235 3202 sua
1284 3147 1670 3204 collidendam
1720 3149 1950 3206 diabolo

304 3231 532 3288 fortiter
578 3234 847 3306 prabuit,
899 3251 1077 3306 quam
1137 3235 1234 3291 ille
1289 3238 1628 3308 perturbare
1678 3239 1950 3294 cadendo

303 3327 548 3378 conatus
596 3328 703 3393 est,
737 3323 905 3394 quasi
939 3325 1256 3395 quamdam
1287 3326 1535 3396 januam
1569 3326 1778 3382 divina
1809 3344 1948 3383 con-
1981 3313 2024 3380 C

303 3407 576 3466 fessionis
623 3409 940 3482 eﬂ‘ringens
979 3412 1156 3483 (Joan.
1189 3430 1350 3477 xvm,
1383 3415 1494 3483 22),
1531 3415 1649 3470 sive
1679 3432 1812 3470 cum
1846 3415 1948 3470 fal-

301 3513 436 3553 sum
469 3498 870 3554 testimonium
904 3505 1105 3555 contra
1135 3501 1428 3557 Christum
1459 3503 1731 3559 dixerunt
1759 3505 1946 3573 (Marc.

299 3605 419 3652 xlv,
446 3588 563 3658 58),
593 3588 713 3644 sive
741 3588 911 3660 illud,
945 3588 1216 3661 Cruci/Ege
1242 3607 1366 3646 eum
1396 3595 1580 3661 (Joan.
1614 3610 1729 3660 xxx,
1761 3595 1838 3661 6).

376 3698 398 3725 ι
433 3676 728 3732 Conclusit
756 3693 849 3733 me
882 3684 1030 3734 Deus
1063 3680 1216 3751 apud
1260 3680 1552 3752 iniquum,
1585 3686 1642 3737 et
1673 3683 1948 3738 manibus

297 3765 620 3837 impiorum
651 3783 744 3822 me
774 3767 1034 3823 tradidit.
1071 3790 1098 3816 »
1156 3767 1215 3823 Id
1256 3773 1345 3824 est
1377 3769 1608 3825 diabolo
1639 3775 1695 3826 et
1725 3771 1950 3845 angelis

301 3855 451 3925 ejus.
489 3855 617 3912 Sive
664 3857 735 3911 de
774 3855 998 3912 Christo
1046 3856 1514 3929 intelligendum,
1548 3861 1782 3930 quando
1833 3865 1949 3917 tra-

301 3945 466 4001 ditus
495 3948 582 4000 est
610 3945 670 4000 in
703 3945 978 4002 manibus
1016 3946 1378 4002 Judaorum.

378 4056 408 4083 ‹‹
435 4038 551 4106 Ego
580 4033 678 4089 ille
707 4035 1004 4108 quondam
1033 4034 1348 4107 opulentus
1395 4041 1630 4108 repente
1663 4039 1950 4096 contritus

299 4140 459 4179 sum.
507 4124 719 4179 Tenuit
771 4124 1054 4180 cervicem
1113 4141 1328 4193 meam,
1385 4126 1668 4198 confregit
1724 4145 1838 4193 me,
1895 4134 1953 4185 et

290 4212 502 4284 posuit
530 4229 624 4269 me
654 4212 766 4268 sibi
797 4212 967 4284 quasi
997 4212 1056 4267 in
1089 4213 1347 4286 signum.
1388 4238 1414 4264 ››
1472 4216 1531 4270 Id
1563 4220 1670 4284 est,
1704 4217 1774 4272 de
1805 4218 1948 4272 divi-

299 4306 360 4357 te
381 4302 576 4357 factus
603 4317 826 4374 pauper
855 4320 867 4358 :
898 4302 986 4358 vel
1007 4303 1294 4369 Christus,
1323 4305 1392 4359 de
1415 4309 1529 4360 Deo
1550 4304 1725 4362 homo
1753 4312 1946 4363 natus.

375 4413 405 4440 «
436 4391 830 4447 Circumdedit
877 4408 969 4446 me
1022 4391 1239 4448 lanceis
1294 4393 1468 4449 suis:
1517 4394 1950 4453 convulneravit

299 4478 538 4536 lumbos
590 4495 770 4536 meos.
803 4480 928 4535 Non
979 4480 1253 4553 pepercit,
1285 4485 1340 4536 et
1369 4481 1574 4537 eﬂ‘udit
1602 4483 1661 4538 in
1695 4487 1846 4541 terra
1873 4486 1950 4540 vi-

299 4585 469 4625 scera
525 4585 674 4626 mea.
709 4592 737 4619 ››
789 4571 1024 4625 Lancea
1073 4569 1183 4626 hoc
1231 4570 1355 4626 loco
1407 4573 1740 4642 nominata,
1789 4574 1948 4631 dolo-

303 4674 438 4712 rum
493 4659 992 4747 compunctiones,
1028 4676 1177 4731 quas
1205 4659 1313 4716 Job
1344 4661 1700 4732 patiebatur,
1732 4663 1951 4734 signiﬁ-
1980 4681 2029 4747 D

300 4751 505 4802 canter
534 4746 948 4820 intelliguntur
982 4765 993 4802 :
1043 4748 1161 4804 sive
1191 4749 1264 4804 de
1294 4749 1520 4805 Christo
1550 4749 1949 4823 blasphemia,

299 4852 454 4907 quas
483 4852 697 4908 passus
738 4840 828 4892 est
875 4854 909 4891 a
955 4836 1198 4903 Judais,
1231 4836 1620 4910 intelligenda
1651 4843 1809 4895 sunt.
1839 4841 1950 4897 Job

295 4941 437 4980 vero
487 4941 600 4980 non
651 4924 843 4981 solum
893 4925 1110 4980 deforis
1155 4928 1274 4982 toto
1305 4943 1545 4999 corpore
1577 4933 1948 5000 computrue-

295 5018 415 5081 rat,
445 5029 649 5069 verum
704 5013 882 5069 etiam
929 5015 1156 5087 putoris
1203 5015 1364 5071 sanie
1413 5016 1818 5089 liquescebat:
1871 5019 1952 5075 ita

295 5108 368 5158 ut
401 5103 524 5175 ipse
551 5103 662 5159 Job
693 5103 930 5172 diceret,
963 5105 1209 5160 Halitum
1237 5121 1420 5161 meum
1472 5106 1764 5164 exhorruit
1804 5125 1948 5165 uxor

291 5208 427 5248 mea
476 5191 614 5263 (Job,
646 5209 762 5259 xix,
798 5193 905 5264 17).
939 5192 1148 5248 Omnia
1195 5193 1347 5250 circa
1396 5194 1631 5252 lumbos
1673 5196 1801 5266 ejus
1841 5215 1946 5270 pu-

291 5285 590 5336 truerunt.
637 5281 767 5336 Sive
821 5281 893 5336 de
939 5280 1166 5338 Christo
1223 5281 1690 5356 intelligendum,
1751 5307 1778 5335 «
1809 5302 1945 5341 con-

290 5370 627 5426 vulneravit
655 5369 890 5426 lumbos
921 5387 1101 5427 meos.
1141 5394 1160 5421 ιι
1216 5372 1363 5438 Quia
1410 5372 1595 5428 Judai
1649 5391 1833 5445 usque
1874 5375 1944 5430 ad

289 5459 406 5515 hoc
435 5459 724 5532 persecuti
756 5464 896 5516 sunt
927 5461 1244 5532 apostolos,
1278 5461 1378 5534 qui
1423 5463 1593 5533 quasi
1625 5464 1697 5518 de
1727 5462 1946 5520 lumbis

286 5549 572 5604 doctrina:
626 5567 744 5604 sua
802 5549 923 5604 nati
976 5549 1251 5607 fuerant:
1307 5555 1372 5606 ut
1417 5567 1516 5608 eos
1547 5551 1783 5607 vulnere
1813 5553 1943 5607 inﬁ-

285 5635 557 5696 delitatis
585 5637 881 5695 Christum
916 5639 1181 5710 negando
1219 5640 1552 5696 sauciarent
1584 5658 1596 5696 z
1649 5641 1792 5708 dum
1840 5645 1943 5697 Pe-

286 5735 427 5784 trus
484 5725 653 5795 dicit,
713 5730 891 5784 nescio
949 5728 1221 5784 hominem
1281 5729 1467 5800 (Marc.
1528 5746 1650 5797 xxv,
1704 5729 1815 5802 71).
1876 5734 1944 5787 Et

2059 655 2246 707 tenens
2291 669 2506 708 comam
2557 669 2730 708 meam
2775 652 3006 708 divellit.
3041 652 3288 709 Proinde
3332 672 3490 711 nunc
3541 656 3708 713 intel-

2056 739 2310 814 ligamus
2333 758 2449 814 quo
2476 742 2668 797 furore
2690 741 2961 797 diabolus
2990 757 3054 796 ac
3074 741 3287 797 virtute
3309 741 3488 798 istum
3515 745 3704 801 virum

2059 831 2438 887 commoverit
2485 836 2661 902 atque
2717 830 3099 898 concusserit,
3160 830 3279 885 sive
3337 833 3702 904 confregerit,

2061 924 2125 974 ut
2153 919 2326 975 etiam
2361 936 2587 976 comam
2619 919 2962 991 capillorum
2994 921 3122 990 ejus
3154 919 3333 974 simul
3378 921 3700 991 apprehen-

2061 1026 2208 1074 sam,
2270 1009 2348 1064 sit
2403 1013 2646 1065 conatus
2701 1007 2961 1064 evellere.
3020 1008 3150 1063 Sive
3207 1009 3279 1064 de
3334 1007 3564 1065 Christo
3624 1011 3705 1066 ita

2061 1098 2505 1171 intelligendum
2536 1116 2548 1154 :
2585 1102 2844 1169 tempore
2867 1097 3159 1169 passionis
3181 1114 3248 1152 ex
3278 1115 3385 1153 suo
3412 1098 3704 1170 permissu

2061 1187 2252 1242 tenuit
2299 1187 2688 1257 adversarius,
2720 1192 2776 1242 et
2826 1203 3015 1258 usque
3067 1187 3138 1241 ad
3186 1187 3392 1242 mortis
3423 1187 3702 1243 dormita-

2061 1277 2279 1332 tionem
2333 1276 2651 1344 inclinavit,
2688 1292 2862 1347 quem
2908 1276 3034 1346 jam
3084 1275 3442 1343 verberibus,
3475 1281 3533 1332 et
3578 1277 3705 1332 affi-

2059 1365 2229 1421 xionc
2257 1364 2551 1422 clavorum
2585 1367 2968 1437 confregerat,
2999 1369 3056 1420 et
3107 1364 3341 1436 signum
3391 1363 3600 1420 salutis
3645 1365 3705 1420 in

2061 1454 2418 1510 contrarium
2460 1459 2683 1526 partem
2718 1457 3059 1525 posuerunt.

2131 1583 2159 1610 ‹‹
2193 1559 2490 1616 Conscidit
2546 1577 2639 1615 me
2689 1559 2927 1615 vulnere
2987 1575 3164 1631 super
3217 1560 3478 1616 vulnus:
3536 1561 3707 1616 irruit

2059 1649 2118 1703 in
2151 1667 2242 1704 me
2272 1649 2441 1720 quasi
2471 1650 2655 1722 gigas.
2690 1670 2717 1698 ››
2759 1648 2908 1703 Dum
2940 1647 3321 1720 languoribus
3353 1649 3498 1704 meis
3530 1654 3704 1721 atque

2058 1738 2399 1794 vulneribus
2430 1739 2730 1794 adduntur
2758 1738 2943 1810 plaga
2975 1736 3456 1804 innumerabiles,
3479 1737 3707 1793 dividor

2059 1832 2219 1883 totus
2250 1828 2543 1884 resolutus
2565 1833 2739 1899 atque
2764 1825 3151 1896 comminuor,
3177 1827 3258 1881 ita
3288 1831 3352 1881 ut
3382 1827 3612 1882 nullum
3645 1826 3707 1881 in

2060 1934 2153 1973 me
2184 1918 2584 1973 membrorum
2629 1917 2931 1972 residuum
2965 1915 3063 1981 sit,
3095 1917 3245 1985 quod
3278 1915 3475 1987 aliqua
3505 1915 3704 1971 solidi-

2061 2010 2177 2062 tate
2208 2007 2512 2062 subsistat.
2540 2011 2616 2060 De
2639 2005 2867 2061 Christo
2895 2004 3069 2060 etiam
3104 2003 3186 2058 sic
3218 2003 3662 2075 intelligendum
3691 2021 3705 2059 :

2059 2100 2200 2150 Cum
2251 2097 2434 2151 Judas
2484 2094 2682 2151 lethali
2731 2092 3037 2166 apostasia
3087 2091 3326 2147 vulnere
3365 2096 3706 2164 peremptus

2058 2191 2168 2250 est,
2201 2201 2316 2240 non
2351 2184 2644 2257 pepercit:
2676 2184 2735 2237 in
2764 2187 2928 2237 tanta
2958 2197 3217 2252 namque
3249 2179 3470 2236 savitia
3500 2181 3708 2235 debac-

2059 2274 2270 2329 chatus
2326 2279 2443 2334 est.
2503 2277 2567 2327 ut
2623 2271 2815 2328 scelus
2873 2270 3029 2342 quod
3089 2274 3282 2324 mente
3340 2272 3704 2340 conceperat,

2059 2363 2236 2418 etiam
2294 2379 2392 2418 ore
2448 2361 2771 2434 publicaret
2827 2361 3040 2431 (Matth.
3099 2375 3271 2426 xxvu,
3334 2359 3391 2424 4,
3446 2358 3558 2428 5);
3617 2357 3706 2413 vel

2061 2469 2238 2524 super
2264 2451 2506 2507 vulnera
2526 2451 2715 2507 crucis
2737 2448 3033 2504 clavorum
3068 2447 3310 2503 vulnera
3333 2445 3704 2502 addiderunt.

2131 2592 2159 2618 ‹‹
2193 2570 2438 2624 Saccum
2487 2566 2692 2623 consui
2738 2580 2914 2638 super
2947 2567 3138 2620 cutem
3173 2579 3389 2628 meam,
3421 2567 3478 2618 et
3507 2562 3707 2635 operui

2061 2659 2254 2714 cinere
2303 2673 2538 2713 carnem
2592 2673 2806 2712 meam.
2845 2677 2872 2704 »
2924 2654 3084 2718 Quod
3136 2651 3411 2708 similiter
3463 2652 3706 2722 dictum,

2059 2748 2130 2804 ad
2165 2746 2633 2802 humiliationem
2668 2744 2829 2816 regni
2873 2743 3002 2813 ejus
3033 2743 3321 2814 pertinere
3369 2739 3512 2794 mihi
3545 2740 3708 2795 vide-

2059 2840 2174 2892 tur.
2208 2837 2398 2892 Cornu
2432 2840 2648 2899 autem,
2684 2849 2930 2905 regnum
2973 2831 3033 2885 in
3067 2829 3384 2901 Scripturis
3415 2833 3656 2883 vocatur
3692 2844 3706 2883 :

2051 2926 2222 2996 juxta
2278 2925 2453 2993 illud,
2515 2922 2797 2978 Exallabit
2860 2937 3030 2976 cornu
3097 2917 3302 2973 Christi
3364 2918 3455 2971 sui
3519 2917 3705 2987 (Psat.

2059 3030 2284 3083 CXLVIII,
2317 3014 2424 3084 14).
2459 3012 2730 3068 Christus
2778 3026 2912 3065 vero
2952 3009 3140 3080 ipsam
3186 3010 3419 3079 gentem
3475 3005 3545 3060 de
3592 3021 3711 3076 qua

2060 3103 2347 3159 oriundus
2402 3107 2543 3167 erat,
2602 3116 2838 3156 saccum
2907 3095 3236 3170 appellavit.
3307 3095 3508 3150 Cinere
3575 3110 3705 3149 vero

2059 3191 2289 3264 operuit
2321 3191 2613 3263 principes
2644 3189 3005 3254 Judaorum,
3039 3202 3173 3241 cum
3206 3186 3277 3240 ab
3329 3185 3412 3240 eis
3460 3200 3706 3257 regnum

2062 3297 2165 3354 pro
2197 3279 2526 3353 negationis
2555 3277 2857 3350 sacrilegio
2900 3275 3205 3332 transtulit
3234 3273 3305 3330 ad
3338 3277 3563 3346 gentes.

2134 3419 2162 3448 «
2192 3396 2388 3452 Facies
2421 3413 2551 3452 mea
2576 3393 2859 3450 intumuit
2888 3411 2922 3448 a
2951 3393 3114 3462 ﬂetu,
3146 3394 3203 3447 et
3232 3389 3520 3462 palpebra
3566 3406 3707 3446 mea

2061 3487 2479 3560 caligaverunt.
2513 3505 2539 3536 ι»
2599 3485 2794 3540 Fletus
2827 3484 2946 3538 sive
2977 3482 3246 3554 lacryma
3277 3481 3338 3535 in
3370 3479 3608 3536 homine
3637 3479 3708 3536 de

2060 3575 2382 3644 doloribus,
2417 3575 2537 3630 sive
2567 3575 2638 3630 de
2669 3573 2910 3630 tristitia
2941 3574 3334 3643 generantur;
3387 3570 3489 3624 sed
3521 3569 3705 3642 lacry-

2059 3681 2168 3720 ma
2200 3663 2515 3736 aliquando
2559 3681 2661 3736 per
2705 3679 2886 3736 genas
2932 3676 3067 3716 cum
3112 3657 3346 3715 silentio
3396 3658 3704 3726 deﬂuunt;

2060 3754 2232 3810 ﬂetus
2277 3770 2412 3809 vero
2463 3771 2596 3809 cum
2643 3753 2894 3807 habeant
2923 3750 3232 3821 lacrymas,
3268 3764 3382 3803 non
3415 3746 3542 3803 sine
3573 3763 3708 3802 voce

2059 3847 2114 3898 et
2147 3841 2534 3899 commotione
2565 3841 2824 3913 corporis
2855 3840 3072 3895 dantur
3109 3854 3121 3893 :
3157 3853 3333 3909 quem
3367 3835 3568 3892 ﬂetum
3597 3836 3707 3892 Job

2060 3949 2122 3988 se
2154 3932 2431 3987 habuisse
2474 3936 2743 3997 testatur,
2776 3930 2876 4001 qui
2926 3929 2976 3984 ei
3028 3929 3100 3982 de
3145 3926 3424 3981 arumnis
3474 3925 3704 3993 anima,

2060 4038 2363 4093 panarum
2421 4037 2650 4092 quoque
2707 4017 3062 4074 cruciatibus
3128 4015 3498 4070 nascebatur.
3561 4015 3706 4069 Item

2059 4109 2230 4166 aliter
2262 4127 2274 4165 :
2327 4110 2643 4182 Propheta,
2679 4109 2854 4164 facies
2885 4107 2982 4162 Dei
3015 4104 3423 4176 intelliguntur
3453 4119 3518 4157 co
3549 4103 3705 4173 quod

2059 4199 2249 4256 sciant
2299 4199 2540 4254 futura:
2592 4197 2691 4270 qui
2751 4212 2885 4253 cum
2945 4193 3329 4267 perditionem
3389 4190 3708 4262 impiorum

2060 4287 2590 4360 contemplarentur
2647 4286 2704 4340 in
2762 4285 2994 4356 spiritu,
3043 4281 3360 4355 gemitibus
3410 4279 3707 4335 continuis

2060 4393 2160 4433 eos
2216 4377 2444 4433 ﬂevisse
2492 4375 2911 4448 intelligamus.
2961 4371 3126 4428 Oculi
3183 4371 3364 4427 etiam
3422 4369 3704 4442 caligave-

2061 4469 2200 4521 runt
2246 4464 2482 4530 Christi,
2513 4465 2656 4518 dum
2707 4468 2991 4534 martyres
3041 4460 3162 4516 sive
3210 4459 3393 4516 sancti
3427 4459 3485 4514 in
3517 4462 3704 4514 tenta-

2058 4553 2318 4610 tionibus
2347 4553 2665 4608 titubantes
2695 4550 3027 4607 conturbati
3059 4554 3198 4606 sunt
3223 4567 3236 4604 :
3271 4549 3370 4605 sed
3398 4549 3585 4620 gratia
3606 4547 3704 4602 Dei

2061 4643 2287 4700 liberati
2322 4643 2380 4697 in
2411 4641 2634 4697 lumine
2665 4643 3138 4714 permanserunt.

2133 4772 2161 4800 ‹‹
2198 4751 2323 4806 Haec
2347 4765 2558 4821 passus
2579 4766 2711 4804 sum
2734 4749 2956 4819 absque
2976 4745 3283 4818 iniquitate
3306 4759 3518 4799 manus
3542 4760 3705 4810 mea,

2061 4857 2195 4896 cum
2229 4840 2503 4895 haberem
2537 4839 2789 4894 mundas
2829 4838 2898 4893 ad
2931 4837 3113 4892 Deum
3160 4849 3380 4906 preces.
3420 4855 3440 4881 ι
3496 4831 3708 4887 Nullus

2061 4933 2397 4985 sanctorum
2430 4928 2512 4983 ita
2543 4927 2795 4983 mundas
2825 4932 3000 4997 atque
3028 4921 3461 4989 immaculatas,
3485 4920 3706 4993 absque

2059 5019 2216 5074 omni
2250 5017 2336 5075 vel
2369 5018 2616 5073 minima
2643 5016 2772 5072 labe
2795 5013 3164 5088 cogitationis
3195 5027 3394 5085 preces
3425 5010 3496 5066 ad
3519 5011 3703 5066 Deum

2058 5107 2251 5174 habet,
2286 5111 2350 5162 ut
2398 5105 2684 5162 mediator
2717 5104 2833 5174 Dei,
2864 5109 2918 5159 et
2966 5102 3272 5159 hominum
3319 5100 3492 5156 homo
3531 5099 3704 5156 Jesus

2057 5196 2323 5253 Christus
2371 5197 2418 5265 (Ι
2462 5197 2594 5250 Tim.
2643 5210 2703 5259 ιι,
2745 5195 2824 5265 5),
2875 5193 2973 5266 qui
3022 5196 3325 5266 peccatum
3381 5205 3496 5244 non
3546 5188 3700 5260 fecit,

2058 5303 2161 5342 nec
2210 5285 2379 5342 dolus
2423 5285 2694 5340 inventus
2734 5290 2825 5340 est
2863 5283 2924 5338 in
2953 5301 3049 5339 ore
3082 5284 3208 5352 ejus
3240 5282 3288 5352 (Ι
3312 5281 3459 5335 Petr.
3493 5295 3557 5344 Ii,
3587 5275 3704 5344 22).

2055 5377 2211 5441 Quas
2240 5375 2445 5446 utique
2473 5390 2672 5445 preces
2703 5376 2878 5445 atque
2907 5373 3201 5428 orationes
3229 5368 3552 5426 secundum
3599 5366 3703 5422 ho-

2056 5466 2296 5531 minem,
2331 5479 2506 5535 quem
2539 5461 2882 5533 assumpsit,
2911 5463 2980 5516 ad
3019 5467 3195 5516 Deum
3226 5459 3440 5514 habere
3470 5455 3702 5512 creden-

2054 5553 2194 5608 dum
2245 5557 2333 5608 est
2364 5568 2376 5606 :
2429 5567 2563 5607 cum
2610 5551 2932 5606 secundum
2966 5549 3329 5606 divinitatem
3363 5561 3530 5602 suam
3565 5560 3701 5601 cum

2054 5643 2219 5699 Patre
2269 5643 2391 5714 ipse
2440 5641 2730 5696 exaudiat.
2765 5640 2894 5696 Sive
2927 5639 3132 5707 sancti,
3166 5639 3266 5709 qui
3308 5653 3411 5710 pro
3463 5632 3702 5690 nomine

2051 5733 2179 5804 ejus
2230 5731 2387 5804 passi
2431 5736 2568 5789 sunt
2606 5730 2734 5786 sine
2763 5729 3071 5801 iniquitate
3107 5725 3435 5785 rebellionis
3466 5721 3551 5777 vel
3584 5720 3696 5778 cri-
