3980 6184
392 392 516 460 699
1135 411 1268 462 '.
1891 410 1964 469 Al

2158 407 2309 469 DlX.
3629 415 3723 480 ’ἴω

397 530 578 588 minis
612 531 860 608 alicujus
903 508 938 592 a
982 542 1454 612 persecutoribus
1484 542 1658 600 occisi
1693 561 1706 600 :
1758 546 2045 616 quantum
2079 543 2126 609 Α
2161 537 2480 614 loquimur,
2512 558 2628 613 qua
2675 539 2929 615 elongati
2969 543 3128 611 sunt,
3161 543 3225 596 ut
3253 556 3361 596 non
3387 544 3729 616 apprehende-

400 621 472 677 ad
503 621 635 678 illos
679 631 1098 699 persecutores,
1130 631 1313 703 gratis
1346 633 1517 688 morti
1547 632 1744 689 traditi
1777 637 1932 688 sunt.
2156 635 2283 686 rent
2309 630 2875 703 disciplinam,.quia
2905 630 3311 686 exaltationem
3360 631 3507 687 bonis
3549 640 3727 694 natura

475 730 504 762 α
533 711 730 779 Terra,
780 731 853 771 ne
896 718 1126 789 operias
1175 721 1523 793 sanguinem
1585 738 1804 786 meum,
1856 736 2046 792 neque
2154 736 2272 776 suae
2303 720 2580 790 debitam,
2612 719 2908 775 voluntate
2953 719 3188 791 propria
3217 719 3581 790 perdiderunt.

397 799 656 857 inveniat
683 802 740 857 in
773 807 829 859 te
860 804 1052 862 locum
1082 808 1299 865 latendi
1321 809 1542 866 clamor
1562 827 1799 866 meus.»
1831 811 2042 865 Totum
2229 830 2249 856 ι
2286 810 2548 864 Ρτωάειω
2609 808 2920 881 pollicetur
2973 808 3169 874 sociis,
3220 812 3277 863 et
3329 809 3468 863 oculi
3518 810 3726 869 ﬁliorum

397 887 506 944 hoc
560 895 649 946 est
703 895 854 964 quod
911 895 1070 962 dicit,
1111 915 1183 954 ne
1231 899 1580 967 innocentis,
1627 905 1684 954 et
1734 900 1880 955 bene
1931 898 2040 953 sibi
2151 898 2280 969 ejus
2327 899 2618 953 deﬁcient.
2669 897 2872 953 Posuit
2928 913 3021 952 me
3077 897 3246 968 quasi
3303 897 3360 952 in
3415 899 3728 968 proverbium

395 978 612 1034 conscii
656 982 930 1039 meritum
989 985 1205 1042 lateat:
1237 989 1559 1059 praesertim
1589 1005 1723 1044 cum
1751 989 2039 1044 insontem
2151 987 2328 1059 vulgi,
2362 992 2420 1042 et
2465 987 2799 1060 exemplum
2849 1003 2982 1042 sum
3033 1003 3230 1042 coram
3274 986 3433 1042 eis.»
3479 987 3612 1043 Socii
3635 990 3729 1045 sive

395 1082 457 1121 se
488 1067 643 1124 mala
672 1074 833 1126 tanta
863 1091 1101 1145 passum
1134 1079 1364 1133 referat.
1399 1078 1716 1150 Sanguinis
1754 1093 1885 1134 vero
1934 1094 2040 1132 no-
2151 1075 2254 1130 ﬁlii
2286 1076 2524 1145 diaboli,
2556 1076 2732 1132 iidem
2781 1080 2920 1131 sunt
2971 1075 3223 1130 ministri
3273 1075 3396 1146 ejus
3428 1092 3440 1129 :
3489 1076 3577 1130 sed
3619 1077 3729 1131 socii

394 1154 572 1223 mine,
606 1158 729 1214 vitea
779 1161 953 1218 istius
1002 1166 1304 1235 praesentis
1354 1171 1573 1221 statum
1615 1167 1805 1221 dicere
1834 1165 2037 1221 voluit.
2148 1165 2427 1220 dicuntur
2456 1169 2692 1237 propter
2720 1163 3170 1220 contubernium
3210 1163 3627 1234 conspirationis
3650 1165 3729 1219 ad-

391 1243 510 1300 Hoc
559 1252 756 1304 autem
806 1250 931 1307 loco
979 1253 1291 1310 clamorem
1345 1255 1620 1328 positum,
1663 1255 1854 1327 ipsam
1904 1272 2040 1310 san-
2147 1270 2348 1308 versus
2379 1259 2580 1310 Deum.
2612 1253 2733 1308 Filii
2764 1259 3001 1325 propter
3031 1252 3412 1308 imitationem
3440 1252 3606 1323 ipsius
3630 1253 3729 1306 dia-

394 1333 656 1391 ctitatem
687 1340 816 1408 ejus
867 1346 1071 1398 contra
1116 1361 1315 1416 poenas
1364 1344 1524 1400 illius
1572 1344 1988 1400 reclamantem
2022 1357 2036 1396 :
2149 1328 2286 1398 boli.
2311 1343 2412 1397 His
2444 1343 2622 1415 igitur
2647 1341 3013 1397 daemonibus
3043 1342 3284 1396 beatum
3304 1340 3408 1396 Job
3439 1339 3495 1394 in
3523 1340 3728 1412 praedam

393 1439 519 1493 quas
550 1425 769 1495 iniquis
803 1430 1010 1487 merito
1039 1432 1373 1488 inferuntur
1402 1434 1472 1489 ad
1505 1430 2039 1503 vindictam,justis
2147 1432 2429 1499 dandum,
2456 1436 2619 1503 pater
2647 1447 2850 1486 eorum
2879 1437 2935 1486 et
2965 1429 3298 1486 rebellionis
3327 1433 3494 1500 caput
3511 1427 3730 1484 diabolus

393 1515 588 1578 autem
637 1517 710 1571 ad
761 1519 1188 1589 probationem.
1218 1522 1548 1594 Aliquando
1587 1521 1762 1577 etiam
1795 1521 1852 1576 in
1885 1520 2037 1576 Scri-
2148 1521 2544 1593 promittebat,
2575 1523 2717 1575 dum
2750 1537 2884 1576 eum
2915 1537 3018 1592 per
3045 1524 3244 1574 tantos
3275 1517 3494 1574 dolores
3519 1517 3584 1573 ad
3611 1516 3728 1572 blas-

393 1601 585 1672 pturis
632 1604 855 1662 clamor
899 1609 1142 1666 affectus
1191 1611 1372 1666 animi
1425 1611 1687 1666 intentus
1736 1610 1806 1665 ad
1859 1611 2036 1665 Deum
2147 1608 2442 1681 phemiam
2473 1609 2920 1681 impellendum,
2943 1613 3000 1664 et
3027 1608 3197 1664 aDeo
3227 1609 3298 1664 ob
3329 1607 3434 1663 hoc
3456 1605 3732 1676 relinquen-

390 1692 744 1760 ontenditur,
770 1694 857 1751 vel
887 1697 1063 1752 etiam
1085 1698 1305 1755 clamor
1328 1699 1659 1771 iniquitatis
1691 1698 1913 1771 p0puli,
1938 1698 2036 1769 qui
2147 1698 2288 1753 dum
2318 1714 2448 1753 esse
2479 1698 2751 1754 credebat
2784 1715 2796 1753 :
2833 1697 2952 1754 sive
2985 1698 3220 1769 quando
3250 1713 3382 1753 eum
3413 1695 3561 1751 omni
3588 1692 3736 1765 gloria

393 1781 840 1849 exspectabatur
879 1789 943 1841 ut
979 1787 1192 1844 faceret
1223 1805 1384 1856 uvas,
1418 1793 1475 1844 et
1506 1789 1643 1844 fecit
1669 1789 1870 1860 spinas
1898 1791 2034 1855 (Isa.
2147 1787 2381 1853 domus,
2412 1792 2468 1842 et
2496 1785 2753 1842 filiorum
2789 1785 3078 1858 spoliavit.

392 1882 449 1934 ν,
478 1869 555 1939 2).
590 1869 713 1982 Ngo.
735 1874 928 1930 omnis
974 1875 1254 1948 iniquitas
1285 1877 1508 1934 clamor
1538 1878 1774 1948 dicitur,
1806 1877 1907 1932 sed
1939 1874 2038 1932 illa
2068 1918 2114 1982 Β
2217 1898 2244 1925 ‹‹
2278 1875 2556 1948 Caligavit
2607 1876 2678 1931 ad
2727 1874 3194 1946 indignationem
3247 1872 3447 1930 oculus
3492 1887 3655 1936 meus,
3693 1873 3736 1924 et

393 1970 520 2026 Quae
551 1959 784 2029 Ρυωίοθ
815 1962 896 2017 ﬁt-
2068 1959 2114 1982 ”
2144 1965 2410 2020 membra
2432 1981 2560 2020 mea
2580 1964 2748 2035 quasi
2772 1964 2831 2019 in
2855 1964 3106 2019 nihilum
3129 1963 3365 2019 redacta
3384 1964 3532 2018 sunt.
3553 1983 3572 2012 ι
3595 1962 3733 2013 Juxta

464 2069 492 2096 «
529 2047 667 2103 Ecce
689 2049 845 2106 enim
871 2052 926 2108 in
952 2054 1096 2110 caelo
1118 2055 1288 2112 testis
1310 2073 1476 2114 meus
1499 2061 1557 2113 et
1577 2055 1847 2112 conscius
1870 2071 2035 2110 meus
2143 2053 2287 2109 illud
2343 2053 2634 2124 Evangelii
2669 2071 2684 2108 :
2732 2055 2977 2110 Lucerna
3025 2055 3272 2125 corporis
3327 2053 3418 2107 lui
3468 2054 3542 2105 est
3587 2047 3734 2103 oculus

391 2134 452 2190 in
475 2137 777 2196 excelsis.»
799 2142 1108 2206 QuiaDeus
1127 2145 1196 2201 de
1212 2162 1278 2201 eo
1297 2146 1699 2202 testimonium
1717 2144 2032 2217 perhibuit.
2145 2147 2270 2198 tuus
2298 2144 2508 2212 (Matth.
2543 2160 2620 2207 v1,
2649 2143 2764 2214 22.)
2803 2144 2964 2198 Hunc
3013 2142 3196 2214 igitur
3245 2139 3474 2198 oculum
3513 2138 3611 2194 Job
3649 2132 3736 2190 sibi

463 2247 492 2275 «
523 2225 765 2285 Verbosi
796 2232 971 2287 amici
1003 2235 1137 2288 mei.
1175 2257 1196 2283 ι
1251 2234 1358 2300 Qui
1395 2235 1570 2291 verba
1600 2251 1715 2290 non
1747 2235 1818 2291 ad
1850 2234 2034 2290 Deum
2145 2232 2429 2306 caligasse
2478 2231 2857 2304 conqueritur
2886 2231 2990 2287 illa
3019 2230 3420 2302 indignatione
3449 2244 3558 2301 qua
3582 2239 3734 2297 ipsum

391 2315 742 2386 pertinentia
778 2318 1060 2393 loquitur,
1091 2325 1371 2381 verbosus
1421 2328 1701 2381 vocatur:
1755 2322 1856 2394 qui
1904 2339 2035 2378 vero
2145 2322 2477 2377 sanctitatis
2537 2338 2656 2377 sua:
2724 2320 2933 2375 merita
2992 2319 3457 2375 conscrvabsnt:
3503 2332 3563 2370 eo
3619 2311 3735 2383 quod

389 2405 564 2460 .verba
598 2405 693 2462 Dei
723 2405 1002 2480 loquitur,
1035 2413 1314 2469 verbosus
1362 2430 1477 2469 non
1527 2416 1719 2484 potest
1756 2411 2033 2482 judicari.
2145 2411 2299 2466 bona
2344 2411 2703 2466 conscientia
2754 2426 2957 2480 pcenas
3003 2412 3308 2480 pateretur
3343 2404 3630 2462 indebitae.

463 2515 490 2540 ‹‹
525 2494 613 2548 Ad
644 2494 829 2551 Deum
855 2497 1040 2556 stillat
1067 2500 1273 2558 oculus
1305 2518 1492 2558 meus.
1527 2522 1554 2550 »
1587 2501 1732 2556 Cum
1761 2499 2036 2572 lacrymis
2217 2522 2245 2549 «
2277 2499 2608 2570 Stupebant
2646 2498 2796 2571 justi
2844 2515 3022 2570 super
3067 2497 3201 2553 hoc.
3236 2520 3265 2548 »
3316 2493 3656 2551 Admirantes
3686 2487 3739 2544 de

391 2576 724 2654 interpellat
760 2585 968 2642 Deum.
2136 2588 2319 2659 justis
2362 2588 2464 2644 Dei
2508 2588 2770 2660 judiciis,
2803 2587 3096 2659 quomodo
3135 2587 3362 2658 justus,
3394 2588 3452 2640 et
3494 2581 3609 2639 sine
3653 2576 3737 2632 cri-

463 2692 490 2719 ‹‹
525 2675 719 2745 Atque
758 2676 981 2732 utinam
1016 2676 1098 2733 sic
1139 2678 1507 2749 judicaretur
1552 2678 1638 2733 vir
1685 2694 1820 2733 cum
1871 2676 1985 2732 Deo
2019 2694 2032 2732 :
2145 2677 2303 2733 mine
2333 2677 2520 2748 poenis
2553 2676 2869 2750 afﬂigatur.

389 2760 1176 2834 quomodojudicaturﬁlius
1192 2767 1448 2824 hominis
1467 2783 1600 2823 cum
1623 2766 1845 2838 collega
1861 2782 1988 2820 suo.
2005 2785 2034 2814 »
2221 2789 2242 2815 ι
2279 2767 2346 2822 Et
2375 2767 2654 2821 innocens
2685 2770 2889 2822 contra
2917 2763 3284 2838 hypocritam
3327 2758 3692 2819 suscitabitur.
3719 2773 3739 2802 »

393 2845 508 2911 Hoc
556 2849 698 2906 dicit
730 2869 743 2908 ε
797 2852 1029 2911 Utinam
1073 2857 1216 2912 mihi
1256 2862 1410 2914 esset
1438 2857 1606 2929 copia
1635 2873 1767 2912 cum
1799 2854 2036 2910 homine
2144 2855 2455 2929 Hypocrita
2495 2860 2585 2911 est
2622 2855 2748 2927 ipse
2776 2855 3067 2922 diabolus,
3100 2855 3226 2926 qui,
3260 2869 3394 2910 cum
3422 2851 3496 2908 sit
3523 2847 3738 2904 tenebra~

391 2934 752 3010 disputandi,
806 2947 868 2998 ut
924 2960 1017 3000 me
1067 2944 1438 3003 innocentem
1483 2947 1730 3017 probare
1779 2959 2032 3015 possem.
2146 2945 2383 3013 rum,id
2417 2948 2507 3000 est
2535 2943 2753 3014 delicti,
2776 2943 3064 3010 inventor,
3092 2944 3222 3015 ipse
3252 2939 3741 2999 recedendoavero

390 3028 572 3081 Deum
626 3033 823 3086 autem
872 3047 1068 3089 meum
1109 3034 1243 3091 nolo
1276 3035 1495 3092 intrare
1527 3050 1756 3090 mecum
1789 3031 2032 3104 injudi-
2145 3033 2390 3102 lumine,
2450 3037 2540 3088 est
2597 3034 2943 3090 tenebrosus
3001 3033 3267 3089 effectus.
3327 3028 3497 3097 Quasi
3559 3019 3742 3081 Lucifer

388 3113 569 3186 Cium,
611 3117 712 3188 qui
767 3123 824 3174 et
875 3127 1147 3181 scrutans
1193 3124 1370 3180 corda
1420 3128 1479 3180 et
1526 3139 1694 3179 renes
1742 3121 1898 3177 Deus
1947 3123 2038 3175 est
2143 3121 2343 3195 posuit
2374 3123 2433 3176 in
2463 3122 2606 3178 cmlo
2638 3123 2833 3178 sedem
2865 3139 3038 3178 suam
3069 3123 3198 3189 (Im.
3233 3137 3354 3188 xxv,
3386 3118 3491 3189 13),
3519 3119 3572 3171 et
3597 3117 3744 3167 trans.

387 3201 570 3274 (Apoc.
604 3222 662 3274 ιι,
693 3207 785 3278 23)
813 3226 826 3264 :
855 3210 1025 3281 cujus
1046 3212 1340 3283 judicium
1374 3212 1494 3268 falli
1527 3211 1767 3268 omnino
1798 3227 1912 3266 non
1945 3225 2038 3282 po-
2144 3211 2418 3285 ﬁguravit
2465 3227 2528 3266 se
2573 3210 2634 3266 in
2675 3210 2950 3283 angelum
2981 3210 3131 3267 lucis
3160 3211 3245 3282 (II
3276 3210 3400 3266 Cor.
3431 3223 3506 3273 x1,
3538 3201 3635 3272 13).
3657 3197 3746 3252 Aut

389 3295 504 3348 test
537 3310 550 3351 :
603 3311 793 3369 neque
840 3298 965 3372 ipse
1015 3301 1314 3357 consuevit
1365 3302 1579 3357 discuti
1628 3318 1662 3355 a
1715 3315 2033 3370 quoquam.
2069 3287 2112 3355 C
2150 3305 2304 3357 certe
2333 3316 2816 3372 unumquemque
2847 3300 3173 3356 amicorum
3207 3312 3448 3356 suorum
3475 3293 3575 3349 Job
3602 3288 3743 3360 hypo-

458 3405 486 3431 ‹‹
521 3383 665 3440 Ecce
694 3386 852 3442 enim
884 3387 1086 3445 breves
1119 3390 1255 3446 anni
1297 3394 1629 3454 transeunt,
1661 3393 1717 3443 et
1764 3387 2036 3442 semitam
2144 3390 2349 3444 critam
2402 3389 2594 3444 dixit:
2651 3390 2752 3461 qui
2803 3389 2914 3444 sub
2959 3388 3152 3444 verbis
3197 3380 3594 3444 consolatoriis
3620 3373 3746 3432 dolos

388 3486 493 3542 per
537 3488 715 3546 quam
770 3492 885 3531 non
934 3481 1206 3549 revertar,
1251 3477 1510 3534 ambulo.
1545 3502 1567 3529 ι
1629 3477 1716 3532 Ita
1766 3475 2038 3531 credebat
2144 3478 2229 3533 eis
2260 3477 2459 3533 dolose
2489 3477 2901 3548 loquebantur.

391 3561 547 3630 quod
601 3577 705 3617 nec
754 3565 826 3620 ad
875 3566 1119 3623 mortale
1168 3584 1380 3640 corpus
1429 3583 1626 3633 suum,
1658 3581 1764 3621 nec
1807 3565 1878 3620 ad
1911 3566 2035 3618 tor-
2224 3586 2250 3618 α
2280 3566 2348 3621 Et
2377 3565 2600 3621 tenebit
2637 3567 2841 3637 justus
2891 3565 3042 3621 viam
3081 3581 3280 3631 suam,
3312 3568 3370 3619 et
3397 3556 3620 3617 mundis
3646 3566 3744 3608 ms-

389 3652 588 3705 menta
617 3653 876 3723 corporis
905 3654 996 3709 sui
1026 3662 1181 3712 esset
1208 3656 1422 3713 iterum
1455 3671 1817 3712 reversurus.
2146 3654 2322 3710 nibus
2387 3655 2562 3710 addet
2627 3654 3122 3711 fortitudinem.»
3190 3654 3255 3709 In
3326 3666 3472 3724 quas
3534 3641 3746 3719 profecto

996 3744 1229 3801 CAPUT
1260 3745 1430 3802 XVII.
2144 3742 2387 3798 virtutes
2435 3759 2498 3798 se
2545 3743 2735 3815 magis
2783 3757 3044 3799 crescere
3099 3741 3454 3798 manifestat.

465 3827 779 3900 «Spiritus
847 3847 1014 3888 meus
1089 3835 1526 3903 attenuabitur,
1592 3838 1651 3889 et
1721 3833 1846 3889 dies
1920 3832 2036 3886 mei
2219 3853 2247 3881 ‹‹
2281 3832 2464 3904 Igitur
2511 3848 2718 3888 omnes
2754 3848 2857 3887 vos
2896 3831 3325 3902 convertimini,
3357 3833 3414 3884 et
3456 3822 3665 3881 venite:
3703 3817 3746 3871 ei

388 3915 832 3975 breviabuntur.
866 3943 894 3970 »
943 3921 1060 3978 Hoc
1090 3923 1250 3990 dicit,
1284 3923 1439 3994 quod
1489 3922 1549 3977 in
1600 3921 1880 3977 brevitate
1909 3921 2036 3975 vitae
2147 3937 2263 3976 non
2293 3920 2582 3977 inveniam
2640 3921 2699 3975 in
2750 3920 2914 3975 vobis
2963 3919 3151 3976 ullum
3185 3919 3582 3992 sapientem.»
3631 3908 3745 3964 Con-

389 4021 529 4073 sum,
589 4007 833 4081 spiritus
887 4011 1017 4084 ejus
1069 4011 1289 4067 sensim
1349 4015 1686 4067 attenuatus
1742 4008 2033 4066 defecerit.
2147 4009 2474 4077 vertimini,
2535 4010 2636 4076 ait,
2693 4027 2728 4064 a
2783 4009 3067 4080 pravitate
3133 4007 3455 4070 sententiae,
3517 4015 3621 4073 qua
3660 4005 3747 4084 me

467 4118 494 4146 «
527 4097 596 4153 Et
643 4098 836 4154 solum
892 4098 1038 4156 mihi
1097 4107 1366 4173 superest
1421 4100 1778 4171 sepulcrum.
1815 4121 1842 4148 »
1891 4099 2038 4165 Quia
2147 4100 2540 4155 condemnare
2571 4115 2806 4154 summo
2837 4098 3034 4154 studio
3065 4115 3181 4154 non
3222 4093 3517 4154 desistitis.
3547 4083 3746 4144 Venitet

396 4202 555 4243 mors
601 4192 692 4244 est
733 4188 868 4246 ﬁnis
899 4190 1164 4246 omnium
1193 4194 1642 4246 tormentorum.
2147 4204 2342 4244 sermo
2372 4188 2676 4243 invitantis
2710 4193 2801 4243 est
2829 4189 2902 4242 ad
2943 4186 3204 4243 melioris
3245 4185 3376 4241 vitae
3423 4179 3744 4255 profectum:

468 4275 654 4331 «Non
703 4278 955 4349 peccavi,
1006 4283 1064 4335 et
1111 4279 1170 4334 in
1226 4278 1720 4334 amaritudinibus
1777 4280 2041 4333 moratur
2143 4277 2304 4349 quod
2353 4279 2462 4343 est,
2493 4292 2525 4331 o
2574 4293 2676 4332 vos
2719 4275 3051 4349 hypocrita,
3083 4279 3141 4332 et
3169 4293 3288 4332 non
3314 4271 3434 4330 veri
3461 4284 3560 4326 nec
3585 4259 3748 4321 fidele!

392 4361 598 4420 oculus
628 4381 817 4422 meus.
853 4389 881 4416 »
924 4367 1132 4422 Verum
1164 4373 1275 4439 est,
1307 4367 1462 4439 quod
1494 4367 1610 4422 Deo
1638 4366 1892 4438 placitus
1921 4382 2037 4421 non
2148 4365 2343 4435 amici,
2374 4367 2445 4421 ad
2478 4365 2837 4437 agnitionem
2867 4365 3130 4421 veritatis
3159 4363 3438 4428 accedite,
3471 4369 3635 4430 quam
3672 4360 3748 4402 V09

388 4451 644 4525 peccavi.
676 4454 745 4509 Et
771 4454 906 4511 licet
935 4457 1121 4529 possit
1150 4457 1246 4513 hic
1274 4456 1438 4513 locus
1469 4456 1551 4512 ita
1579 4455 1847 4527 intelligi,
1881 4455 2037 4526 quod
2148 4455 2362 4511 habere
2393 4455 2636 4511 minime
2667 4453 2965 4510 noveritis.

391 4543 451 4598 in
485 4547 597 4598 Deo
628 4544 867 4616 quidem
899 4527 1013 4601 non
1045 4546 1382 4619 peccaverit,
1415 4551 1472 4602 et
1519 4550 1714 4602 tamen
1758 4545 1928 4616 quasi
1975 4544 2034 4598 in
2220 4568 2247 4595 «
2284 4545 2414 4600 Dies
2472 4544 2585 4599 mei
2647 4543 3033 4600 transierunt.
3087 4565 3116 4592 »
3185 4541 3322 4598 Dies
3378 4539 3439 4595 hi
3496 4527 3748 4619 prateriin

393 4632 520 4704 ipso
552 4615 897 4705 peccaverit,
930 4615 1132 4706 poenas
1170 4615 1704 4707 blasphemantium
1757 4615 2032 4706 patiatur.
2063 4653 2119 4719 Β
2151 4633 2445 4689 felicitatis
2492 4636 2740 4704 possunt
2786 4631 3056 4704 intelligi,
3088 4632 3148 4686 in
3180 4630 3397 4719 quibus
3425 4623 3635 4719 pollens
3659 4615 3748 4719 vir:

387 4721 636 4779 Et-forte
667 4723 945 4795 quoniam
987 4741 1020 4780 a
1060 4722 1174 4780 Deo
1206 4725 1264 4780 in
1297 4723 1566 4795 praesenti
1596 4723 1890 4790 laudatur,
1923 4738 2039 4778 non
2071 4712 2110 4719 ’
2150 4723 2378 4779 tutibus
2427 4722 2651 4778 vivebat
2691 4722 2897 4777 beatus
2934 4720 3063 4776 Job.
3092 4720 3211 4776 Hos
3258 4718 3440 4792 igitur
3480 4712 3596 4769 dies
3635 4715 3747 4800 αξθ

393 4792 777 4883 peccaverat:
829 4815 930 4869 sed
985 4813 1043 4869 in
1095 4792 1403 4887 praeteritis
1449 4812 1848 4870 adolescentiae
1890 4816 2040 4868 tem-
2151 4829 2267 4868 non
2291 4812 2416 4868 sine
2438 4811 2660 4882 gemitu
2682 4809 2943 4882 loquitur
2968 4809 3317 4882 praterisse,
3334 4803 3562 4878 quando
3578 4792 3748 4887 multis

381 4880 638 4972 poribus
659 4917 934 4976 peccasse
955 4920 1072 4960 non
1096 4880 1289 4976 negat.
2153 4899 2407 4957 miseriis
2428 4880 2826 4955 circumdatus
2849 4903 2957 4967 est,
2969 4880 3041 4954 vet
3070 4888 3605 4970 plagaintolerabili
3628 4880 3748 4939 dolo-

472 5010 500 5041 α
532 4990 737 5047 Libera
782 5008 896 5061 me,
928 4997 987 5048 et
1027 5008 1174 5063 pone
1208 5008 1300 5047 me
1323 4992 1496 5062 juxta
1521 4995 1597 5058 te,
1631 4996 1689 5046 et
1736 4990 1906 5062 cujus
1955 4990 2040 5045 vis
2150 5006 2274 5046 rem
2306 4989 2654 5062 patiebatur.

397 5093 610 5135 manus
639 5084 862 5152 pugnet
896 5062 1098 5137 contra
1127 5096 1242 5137 me.
1278 5102 1306 5130 ››
1354 5080 1471 5136 Sub
1503 5083 1667 5136 scuto
1700 5079 1876 5149 igitur
1909 5097 2037 5152 pro-
2223 5101 2252 5129 «
2287 5078 2680 5150 Cogitationes
2731 5092 2871 5133 meae
2920 5074 3215 5148 dissipatae
3269 5075 3429 5137 sunt,
3458 5062 3750 5137 torquentes

393 5167 664 5224 tectionis
694 5168 792 5224 Dei
826 5167 1004 5226 latere
1033 5174 1198 5241 optat
1228 5187 1241 5225 :
1289 5186 1405 5241 quo
1436 5168 1702 5225 munitus
1731 5175 1906 5242 atque
1936 5169 2039 5224 de-
2151 5184 2250 5224 cor
2298 5184 2518 5223 meum.
2553 5166 2797 5225 Noctem
2829 5168 3127 5222 verterunt
3162 5164 3221 5219 in
3270 5161 3445 5226 diem,
3475 5162 3529 5213 et
3554 5158 3748 5245 rursm}!

381 5255 617 5327 feneus,
651 5257 984 5313 saavientem
1015 5257 1244 5314 hostem
1276 5275 1392 5313 non
1423 5258 1648 5313 timeat.
2145 5262 2286 5330 post
2315 5257 2587 5313 tenebras
2618 5272 2788 5328 spero
2817 5255 3030 5312 lucem.
3067 5276 3097 5306 ››
3144 5253 3290 5309 Cum
3337 5251 3398 5306 in
3437 5246 3601 5303 unius
3619 5242 3749 5330 ,ἰθείξ

467 5368 497 5396 ‹‹
530 5325 641 5402 Cor
684 5363 887 5402 eorum
941 5346 1112 5418 longe
1169 5346 1354 5403 fecisti
1401 5364 1436 5402 a
1489 5346 1848 5420 disciplina:
1903 5365 2040 5419 pro-
2149 5325 2240 5402 ter
2290 5325 2803 5418 contemplationis
2854 5343 3176 5401 intentione
3225 5339 3451 5412 positus
3493 5325 3749 5420 essemJ.t

392 5438 592 5506 pterea
642 5451 759 5489 non
809 5410 1244 5490 exaltabuntur.
1278 5456 1307 5484 »
1358 5436 1505 5500 Quia
1551 5410 1860 5494 ad.Deum
1903 5410 2039 5492 .hazc
2153 5410 2546 5508 cogitationes.
2589 5452 2751 5492 meas
2799 5434 3078 5490 haberem
3129 5410 3360 5502 semper
3413 5410 3743 5513 intentas}d

391 5522 657 5596 loquitur
677 5524 786 5580 Job
811 5541 825 5581 :
851 5525 923 5580 de
949 5523 1182 5580 diabolo
1205 5523 1429 5597 utique,
1455 5530 1514 5581 et
1544 5525 1894 5582 satellitibus
1913 5527 2041 5595 ejus
2152 5525 2336 5582 Deum
2374 5542 2386 5581 :
2434 5523 2616 5597 plaga:
2646 5525 2826 5595 huius
2857 5517 3314 5596 supervenientis
3345 5514 3483 5572 mihi
3509 5510 3739 5605 minati?

387 5592 821 5687 priscesserunt
849 5617 1130 5686 peccata:
1184 5592 1397 5686 quip—pe
1429 5631 1531 5684 pro
1557 5615 1774 5686 quibus
1809 5592 2040 5684 pcenam
2151 5615 2388 5672 easdem
2435 5592 2823 5686 cogitationes
2880 5592 3041 5669 m'eas
3099 5628 3134 5667 a
3195 5625 3305 5664 sua
3360 5605 3523 5662 unica

388 5686 802 5776 ubdurationis
831 5707 1214 5776 acceperunt.
1245 5705 1430 5760 Causa
1475 5703 1656 5774 igitur
1701 5705 1772 5760 de
1824 5704 2042 5777 quibus
2150 5707 2269 5761 tate
2297 5703 2358 5758 in
2388 5719 2484 5762 me
2511 5702 2674 5760 video
2705 5701 3043 5774 dissipatas,
3072 5705 3133 5758 et
3172 5698 3243 5755 ob
3286 5696 3393 5754 hoc
3419 5686 3735 5753 excruciat"
