3980 6184
242 431 360 494 ’101

1286 427 1803 491 COMMENTAR.
1850 428 1927 489 ΙΝ
1968 426 2133 490 JOB.
2178 426 2348 487 CAP.
2395 422 2610 486 XVIII.

3530 412 3650 499 τω

244 580 348 621 cor
376 578 574 619 meum
607 580 625 617 :
657 578 724 618 eo
755 561 905 633 quod
949 576 1149 618 earum
1202 559 1613 617 dilaceratione
1662 563 1895 631 torque-
1925 562 1981 628 Α
2009 557 2332 615 animantia
2360 574 2459 613 eos
2489 558 2729 612 sanctus
2757 552 2868 609 Job
2900 546 3309 622 despexerit,et
3333 545 3651 604 vilissimos

246 657 370 723 tur,
398 651 603 707 videns
634 667 727 707 me
758 650 911 707 mala
932 650 1297 721 simplicitati
1323 665 1463 705 mete
1489 648 1899 705 inconvenien~

246 744 331 798 tia
358 741 672 798 sustinere.

324 853 352 881 ‹‹
386 830 447 886 Si
476 829 789 896 sustinero,
825 828 1091 884 infernus
1120 829 1332 885 domus
1382 845 1514 885 mea
1570 832 1679 895 est,
1739 832 1795 883 et
1841 826 1901 881 in

246 919 505 976 tenebris
560 918 740 973 stravi
789 917 1068 973 lectulum
1136 934 1357 974 meum.
1394 940 1422 967 ››
1470 917 1659 973 Poenis
1700 932 1902 989 corpo-

252 1010 338 1065 ris
368 1007 907 1080 cogitationumque
938 1006 1381 1073 stimulis,sicut
1412 1007 1514 1078 ait,
1546 1005 1902 1062 indesinenti

252 1103 515 1170 tempore
545 1098 830 1168 agebatur
860 1100 917 1151 et
945 1096 1159 1151 idcirco
1194 1113 1395 1168 pmnas
1419 1096 1761 1163 inferorum,
1780 1096 1905 1166 jam

253 1203 319 1243 se
349 1186 468 1258 pati
496 1185 808 1241 clamabat.
840 1186 950 1240 Aut
988 1185 1131 1240 forte
1163 1184 1453 1257 separatio
1513 1183 1614 1239 illa
1667 1200 1783 1255 qua
1834 1183 1904 1238 ab

254 1275 592 1331 hominibus
622 1274 812 1329 factus
840 1278 929 1329 est
958 1273 1187 1329 alienus
1213 1277 1375 1329 extra
1428 1272 1743 1341 civitatem,
1805 1288 1904 1327 se-

252 1364 402 1420 dens
451 1364 509 1418 in
559 1361 954 1433 sterquilinio,
1005 1363 1255 1418 tenebrae
1318 1363 1485 1419 dicta:
1542 1365 1699 1429 sunt,
1765 1360 1907 1432 quia

258 1452 453 1508 lucem
485 1452 729 1508 humani
761 1451 953 1508 solatii
982 1469 1098 1508 non
1121 1452 1420 1508 haberent.

340 1565 368 1590 «
400 1540 699 1596 Putredini
730 1540 871 1611 dixi,
905 1544 1067 1612 pater
1096 1556 1262 1596 meus
1318 1556 1379 1595 es
1414 1558 1426 1595 :
1461 1542 1645 1595 mater
1694 1555 1825 1594 mea
1854 1541 1912 1593 et

268 1646 438 1687 soror
466 1645 591 1685 mea
618 1629 933 1685 vermibus.
968 1652 995 1680 ‹‹
1030 1631 1175 1685 Tam
1232 1628 1426 1701 longo,
1488 1628 1707 1700 inquit,
1760 1632 1907 1683 tem-

267 1736 410 1791 pore
433 1722 852 1789 computresco,
885 1722 947 1774 ut
1002 1718 1193 1789 ipsam
1245 1718 1640 1789 putredinem,
1700 1722 1757 1773 et
1784 1733 1909 1772 ver-

265 1825 396 1865 mes
429 1811 731 1863 nascentes
760 1807 818 1862 in
863 1808 991 1878 ejus
1022 1808 1184 1863 sanie
1242 1812 1513 1879 parentes
1572 1806 1858 1879 appellem
1896 1824 1908 1861 :

262 1914 334 1953 ac
366 1912 468 1967 per
514 1896 621 1951 hoc
656 1897 1171 1995 quemadmodum
1221 1895 1515 1968 quispiam
1570 1896 1911 1951 mortalium
1943 1934 1992 1998 B

263 1986 394 2042 sine
444 1985 786 2057 parentibus
829 2002 945 2041 non
1007 1990 1197 2057 potest
1271 1986 1514 2041 existere
1547 2002 1559 2040 :
1592 1986 1673 2039 ita
1722 1988 1779 2040 et
1809 2001 1913 2057 ego

264 2075 457 2130 factus
489 2090 642 2139 sum,
677 2073 845 2145 quasi
877 2075 1001 2129 sine
1034 2074 1360 2145 putredine,
1382 2078 1438 2129 et
1460 2074 1757 2129 vermibus
1786 2086 1915 2130 esse

262 2180 383 2219 non
415 2179 670 2234 possem.
708 2162 813 2227 Qui
848 2162 927 2217 ita
956 2163 1015 2217 in
1047 2179 1219 2218 carne
1247 2180 1378 2219 mea
1406 2162 1567 2218 velut
1614 2163 1671 2217 in
1706 2166 1917 2219 natura

264 2268 377 2308 sua
407 2254 586 2318 sunt;
619 2256 899 2323 tanquam
950 2252 999 2306 si
1050 2268 1116 2307 ex
1173 2252 1258 2307 eis
1318 2252 1444 2324 ipse
1506 2251 1912 2308 subsisterem.

264 2340 413 2396 Cum
446 2340 529 2396 illi
584 2356 676 2396 me
730 2341 802 2396 de
851 2340 1042 2396 carnis
1101 2357 1240 2396 meae
1281 2340 1440 2397 sanie
1492 2341 1687 2413 potius
1743 2356 1916 2412 gene-

266 2433 488 2499 rentur,
523 2445 637 2484 non
668 2444 773 2501 ego
804 2444 873 2484 ex
902 2428 1041 2484 illis.
1090 2430 1196 2485 Ubi
1254 2430 1443 2501 magis
1503 2428 1916 2485 mortalitatem

267 2531 376 2589 per
403 2521 707 2589 peccatum
739 2518 953 2572 factam
986 2518 1339 2590 signiﬁcavit
1372 2536 1385 2573 :
1419 2518 1513 2573 cui
1545 2518 1699 2574 inest
1718 2534 1916 2574 corru-

269 2605 414 2677 ptio.
447 2610 502 2661 et
534 2606 894 2677 corruptioni
924 2608 1190 2677 putredo.
1223 2607 1449 2662 Patrem
1504 2623 1633 2662 vero
1665 2606 1919 2679 appella-

269 2693 357 2747 vit
385 2693 581 2765 ipsum
613 2697 811 2749 ortum
866 2693 1112 2750 humani
1170 2696 1401 2766 generis
1461 2695 1519 2749 ir.
1578 2696 1784 2763 Adam,
1818 2694 1915 2767 qui

268 2783 645 2854 corruptione
678 2783 865 2838 factus
898 2788 988 2839 est
1038 2784 1456 2855 putrescibilis.
1512 2785 1754 2840 Matrem
1788 2800 1918 2839 vero

272 2875 547 2926 naturam
601 2871 924 2927 humanam
984 2871 1149 2939 dixit,
1207 2874 1580 2945 corruptione
1635 2873 1914 2932 vitiatam.

264 2959 535 3015 Sororem
558 2976 689 3015 vero
719 2976 952 3015 omnem
985 2961 1383 3031 posteritatem
1406 2962 1543 3015 Adae
1592 2960 1757 3031 dixit,
1790 2978 1919 3032 qum

266 3048 343 3104 de
372 3047 741 3119 corruptione
772 3047 1163 3117 mortalitatis,
1198 3048 1355 3104 velut
1413 3050 1481 3104 de
1513 3049 1675 3105 sanie
1723 3054 1922 3121 putre-

270 3137 428 3192 dinis
459 3138 721 3192 nascitur
754 3155 766 3192 :
804 3138 958 3209 quod
994 3142 1051 3193 et
1084 3136 1302 3193 Baldad
1365 3137 1509 3193 dixit
1545 3155 1556 3193 :
1593 3140 1761 3194 Homo
1814 3154 1918 3210 pu-

273 3225 465 3293 thedo,
495 3228 545 3281 et
575 3227 725 3296 ﬁlius
753 3226 992 3282 hominis
1021 3230 1235 3282 vermis
1269 3226 1404 3296 (Job.
1436 3244 1565 3298 xxv,
1595 3228 1674 3298 6).

2009 654 2066 706 et
2094 647 2539 721 indignissimos
2585 642 2872 715 colloquio
2930 638 3348 696 existimaverit
3398 653 3411 692 :
3461 641 3518 693 et
3574 636 3657 691 ita

2009 738 2310 795 irrcundia
2340 751 2667 809 possessos,
2690 737 2755 788 ut
2788 729 3121 804 phrenesim
3153 726 3271 799 pati
3301 725 3654 782 viderentur.

2083 850 2110 877 ‹‹
2145 827 2292 891 Quid
2324 825 2521 898 perdis
2551 824 2810 879 animam
2859 836 3050 875 meam
3107 817 3167 871 in
3218 816 3411 871 furore
3440 819 3540 869 tuo
3570 813 3597 867 ‘2
3628 835 3655 863 n

2016 917 2329 989 Loquendo
2355 917 2559 970 contra
2579 912 2834 967 divinam
2846 903 3383 981 justitiam,furoris
3408 901 3664 958 amentia

2015 1006 2359 1070 concitatus,
2392 1003 2601 1059 animae
2629 1005 2742 1056 tua:
2774 1014 3010 1055 necesse
3038 1000 3130 1052 est
3149 995 3367 1050 inferas
3390 996 3660 1048 mortem.

2090 1092 2447 1165 «Numquid
2481 1095 2716 1163 propter
2766 1096 2819 1144 le
2877 1086 3321 1157 derelinquetur
3376 1086 3551 1147 terra,
3609 1084 3668 1134 et

2017 1184 2448 1241 transferentur
2480 1196 2655 1252 rupes
2703 1180 2773 1234 de
2802 1177 2929 1233 loco
2983 1192 3089 1231 suo
3119 1175 3146 1228 ?
3182 1196 3202 1223 ι»
3238 1174 3548 1243 Tanquam
3610 1168 3660 1223 si

2017 1276 2234 1331 diceret
2271 1290 2285 1328 :
2315 1270 2603 1343 numquid
2634 1272 2873 1340 propter
2900 1270 2955 1321 te
2987 1263 3246 1320 mundus
3274 1262 3346 1317 ad
3380 1263 3662 1315 rectorem

2018 1381 2192 1421 suum
2221 1380 2334 1418 non
2372 1358 2720 1433 pertinebit:
2756 1360 2819 1412 ut
2841 1355 2891 1411 si
2917 1371 3065 1427 quos
3118 1355 3448 1424 peccatores
3504 1348 3662 1403 inve-

2018 1453 2189 1521 nerit,
2222 1452 2376 1507 sicut
2404 1454 2461 1505 et
2518 1448 2796 1519 teipsum,
2856 1462 2969 1500 non
3030 1442 3256 1515 puniat,
3314 1440 3502 1495 Terrae
3530 1451 3664 1492 vero

2019 1546 2076 1598 et
2105 1541 2339 1613 rupium
2363 1538 2601 1595 nomine
2644 1533 3087 1607 metaphoricibs
3146 1529 3415 1585 universa
3463 1526 3663 1581 multi-

2018 1632 2161 1686 tudo
2193 1628 2566 1702 populorum,
2617 1630 2674 1680 et
2729 1622 2936 1680 excelsi
2986 1621 3203 1693 quique
3245 1616 3449 1673 mundi
3480 1619 3538 1671 et
3566 1630 3665 1669 su-

2022 1720 2207 1793 perbi,
2275 1735 2341 1773 ac
2406 1719 2689 1790 potentes,
2767 1715 3016 1786 possunt
3076 1706 3347 1779 intelligi.
3417 1706 3668 1760 Possunt

2021 1825 2220 1880 rupes,
2242 1811 2299 1863 et
2326 1807 2535 1862 animae
2567 1804 2895 1871 hominum,
2930 1807 2995 1857 ut
3022 1804 3197 1864 terra,
3231 1813 3363 1853 caro
3394 1795 3656 1850 humana

2022 1896 2406 1968 intelligi.Sed
2440 1899 2497 1950 et
2517 1893 2707 1964 angeli
2743 1896 2977 1964 propter
3004 1887 3410 1945 celsitudinem
3444 1888 3666 1939 naturae

2024 2004 2141 2043 suae
2173 1985 2642 2054 eminentemque
2672 1982 2974 2041 honorem.
3018 1993 3192 2049 rupes
3249 1974 3362 2029 dici
3394 1974 3664 2043 possunt.

2099 2097 2126 2124 «
2157 2079 2357 2130 Nonne
2386 2072 2485 2127 lux
2514 2070 2680 2143 impii
2712 2068 3117 2139 exstinguetur
3143 2081 3156 2119 :
3191 2079 3297 2119 nec
3337 2057 3670 2133 splendebit

2026 2164 2265 2218 ﬂamma
2294 2161 2447 2234 ignis
2461 2160 2590 2232 ejus
2620 2159 2647 2212 ‘?
2681 2180 2707 2207 ››
2739 2157 2894 2213 Duce
2928 2154 3259 2209 felicitatem
3318 2151 3666 2223 praesentem

2026 2267 2204 2323 quam
2229 2254 2465 2306 sanctus
2496 2248 2605 2304 Job
2662 2246 2954 2319 gloriosus
3013 2244 3239 2315 agebat,
3299 2236 3671 2312 signiﬁcavit,

2025 2341 2179 2396 sicut
2208 2343 2264 2395 et
2294 2338 2569 2395 Salomon
2625 2336 2751 2392 ait:
2788 2339 2993 2391 Lumen
3047 2348 3173 2388 vero
3229 2330 3531 2401 impiorum
3584 2341 3675 2381 ex-

2024 2431 2337 2499 stinguetur
2366 2429 2550 2499 (Prov.
2584 2441 2708 2491 xm,
2735 2426 2812 2495 9).
2873 2427 3034 2478 Hanc
3088 2420 3269 2493 igitur
3324 2416 3671 2473 exstinctam

2026 2516 2215 2572 dixit:
2251 2516 2485 2589 quando
2514 2516 2623 2571 Job
2674 2514 2989 2569 destitutus
3049 2514 3139 2566 est
3193 2507 3352 2564 omni
3400 2504 3674 2562 felicitate

2026 2606 2371 2671 senti.Quod
2405 2609 2601 2661 autem
2633 2606 2734 2659 ait:
2761 2602 2875 2658 Nec
2907 2598 3237 2674 splendebit
3260 2598 3499 2653 ﬂamma
3516 2591 3673 2665 ignis

2027 2696 2157 2766 ejus
2191 2712 2203 2751 :
2236 2695 2290 2750 id
2326 2698 2415 2750 est
2446 2710 2560 2748 non
2595 2692 2807 2747 redibit
2840 2692 2911 2747 ad
2945 2688 3254 2761 pristinam
3314 2683 3669 2740 felicitatem.

2101 2808 2127 2835 ‹‹
2196 2789 2313 2839 Lux
2370 2783 2810 2839 obtenebrescet
2864 2779 2925 2833 in
2977 2774 3353 2833 tabernaculo
3407 2772 3589 2839 illius,
3618 2774 3675 2825 et

2028 2874 2268 2931 lucerna
2298 2889 2423 2944 qum
2456 2888 2633 2943 super
2662 2886 2796 2925 eum
2840 2873 2948 2932 est,
3000 2865 3423 2935 exstinguetur.
3486 2882 3514 2908 »
3546 2859 3669 2914 Non

2028 2962 2223 3018 solum
2255 2960 2468 3033 inquit,
2501 2963 2845 3031 praesentem
2897 2954 3231 3011 felicitatem
3289 2949 3537 3015 amittet,
3570 2947 3668 3002 sed

2029 3050 2204 3107 etiam
2236 3051 2333 3105 lux
2366 3046 2786 3105 recordationis
2829 3044 2950 3101 Dei.
2984 3060 3113 3115 quae
3163 3040 3375 3096 erat'in
3404 3038 3649 3094 taberna

2029 3140 2161 3196 culo
2195 3139 2385 3195 cordis
2416 3139 2543 3210 ejus
2576 3133 3072 3202 obtenebrabitur,
3097 3134 3163 3186 ut
3192 3129 3243 3185 ei
3273 3130 3423 3185 Deus
3456 3126 3675 3183 scilicet

2028 3228 2088 3283 in
2122 3227 2466 3284 memoriam
2497 3243 2609 3281 non
2643 3223 2939 3293 ascendat,
2970 3226 3027 3277 et
3074 3236 3177 3291 pro
3208 3218 3416 3274 merito
3440 3216 3677 3271 lucerna

350 3336 379 3364 «
410 3314 516 3369 Ubi
548 3318 637 3371 est
666 3332 802 3387 ergo
834 3332 990 3371 nunc
1022 3315 1377 3387 praestolatio
1410 3331 1559 3383 mea,
1609 3320 1667 3372 et
1694 3316 1921 3389 patien-
1952 3299 1996 3366 α
2034 3317 2407 3390 protectionis
2436 3316 2668 3379 divinae,
2700 3329 2827 3384 quae
2858 3326 3037 3382 super
3064 3325 3199 3364 eum
3228 3308 3436 3373 fuerat,
3467 3303 3678 3362 exstin-

272 3402 423 3457 tiam
456 3419 645 3459 meam
676 3404 810 3475 quis
842 3404 1175 3459 considerat
1205 3405 1233 3458 ‘I
1270 3426 1291 3453 ι
1314 3406 1476 3468 Quod
1509 3406 1676 3471 ait,et
1706 3406 1926 3476 patien-

274 3491 420 3547 tiam
444 3508 633 3548 meam
668 3493 799 3564 quis
832 3493 1164 3548 considerat
1193 3494 1220 3548 ‘I
1272 3497 1471 3565 aperte
1533 3494 1738 3567 fortem
1772 3511 1835 3549 se
1865 3494 1924 3549 in

274 3580 397 3636 illis
449 3580 804 3637 cruciatibus
854 3580 1196 3637 manifestat
1250 3600 1263 3637 :
1315 3600 1419 3655 pro
1480 3582 1697 3655 quibus
1755 3585 1924 3655 quasi

271 3669 562 3741 queritur,
595 3671 748 3742 quod
781 3670 852 3725 ad
886 3670 1328 3726 retributionem
1360 3672 1504 3727 tanti
1569 3672 1785 3729 laboris
1832 3672 1923 3728 sui

272 3775 397 3814 non
418 3758 630 3830 poterit
660 3758 976 3831 pervenire.

344 3869 377 3896 ‹‹
400 3848 464 3902 In
495 3847 1026 3920 profundissimum
1068 3848 1363 3904 infernum
1422 3850 1775 3905 descendent
1804 3866 1924 3906 om-

270 3936 391 3990 nia.
430 3957 459 3983 »
491 3936 603 3991 Alii
636 3937 930 4005 dixerunt,
977 3940 1166 3993 omnia
1215 3939 1361 3994 bona
1406 3955 1551 3993 mea.
1606 3943 1767 3993 Bona
1814 3956 1924 3995 sua

267 4023 413 4080 dicit
440 4025 513 4080 ad
540 4025 755 4081 inferos
787 4028 1162 4093 descensura,
1195 4028 1350 4098 quod
1382 4032 1472 4084 est
1502 4028 1698 4083 anima
1743 4044 1873 4083 mea
1905 4047 1917 4084 :

266 4113 359 4170 vel
390 4113 516 4186 ipse
548 4132 650 4186 pro
674 4113 789 4171 illis
821 4132 954 4171 sum
999 4116 1413 4173 descensurus.
1459 4117 1603 4173 Vere
1650 4134 1766 4173 non
1797 4133 1920 4174 cre-

268 4201 473 4258 dimus
495 4202 989 4275 dejustitia,quod
1003 4208 1202 4260 tantus
1224 4221 1292 4260 ac
1313 4205 1447 4261 talis
1458 4206 1548 4261 vir
1567 4222 1670 4277 pro
1694 4207 1920 4262 sanctis

267 4290 547 4363 aperihus
584 4291 707 4347 suis
739 4293 951 4348 rustari
1009 4294 1285 4365 potuerit.
1318 4294 1479 4358 Quod
1536 4299 1731 4350 autem
1791 4295 1872 4350 ait
1904 4311 1916 4351 :

341 4402 374 4427 «
405 4379 659 4437 Putasue
692 4380 900 4437 saltem
927 4381 1005 4436 ibi
1064 4382 1175 4437 erit
1203 4384 1434 4454 requies
1467 4383 1611 4438 mihi
1642 4383 1669 4438 ?
1696 4406 1725 4433 ››
1757 4384 1919 4439 Istud

264 4473 361 4525 est
392 4487 405 4524 :
439 4469 487 4525 si
518 4469 579 4525 in
611 4470 718 4525 hac
749 4470 865 4525 vita
896 4488 1099 4542 poenas
1140 4472 1334 4542 patior
1390 4471 1774 4539 infernorum,
1809 4490 1917 4545 pu-

262 4562 436 4615 tasne
465 4559 523 4613 in
556 4558 699 4615 locis
730 4576 1034 4631 pcanarum
1067 4560 1176 4615 erit
1204 4560 1404 4633 aliqua
1451 4561 1683 4633 requies
1715 4562 1859 4617 mihi
1891 4562 1918 4616 ?

2077 3413 2267 3463 uetur.

2033 3423 2562 3553 guftzimtabuntur
2591 3507 2829 3566 gressus
2858 3487 3097 3543 virtutis
3118 3486 3331 3557 ejus,et
3355 3482 3679 3557 praecipita-

2040 3585 2127 3640 bit
2154 3601 2287 3640 eum
2320 3583 2633 3640 consilium
2665 3596 2862 3637 suum.
2902 3600 2928 3625 η
2956 3576 3028 3632 Ut
3057 3574 3347 3647 superbus
3378 3572 3679 3628 confidens

2034 3674 2094 3729 in
2121 3674 2331 3729 virtute
2361 3690 2471 3728 sua
2500 3676 2653 3728 recte
2683 3669 2953 3724 incedere
3001 3665 3320 3720 arbitratur
3366 3660 3677 3718 conclude-

2059 3780 2130 3817 ur
2158 3761 2607 3818 tribulationum
2652 3756 2945 3831 angustiis
2990 3759 3047 3813 et
3085 3752 3398 3826 pressuris,
3450 3754 3516 3807 ut
3542 3750 3680 3806 inde

2031 3852 2271 3907 omnino
2302 3851 2455 3908 exire
2485 3866 2599 3906 non
2633 3848 2837 3922 possit.

2104 3962 2133 3990 «
2172 3940 2425 3997 Immisit
2457 3939 2610 3996 enim
2640 3939 2698 3993 in
2730 3941 2849 3992 rete
2868 3934 3045 4007 pedes
3066 3949 3225 4000 suos,
3250 3936 3309 3987 et
3336 3932 3396 3986 in
3429 3930 3677 3987 maculis

2029 4030 2157 4101 ejus
2186 4029 2468 4086 ambulat.
2500 4052 2527 4078 »
2563 4029 2721 4085 Retis
2776 4031 3013 4084 nomine
3068 4029 3241 4095 atque
3300 4022 3667 4077 macularum

2029 4119 2177 4189 ejus,
2207 4118 2538 4175 inevitabile
2573 4119 2793 4174 malum
2823 4119 3191 4191 significatur
3222 4134 3234 4171 :
3269 4115 3423 4187 quod
3472 4112 3672 4169 volens

2028 4208 2278 4280 quisque
2306 4224 2535 4271 exuere,
2588 4209 2713 4279 ipso
2760 4207 3065 4264 conamine
3114 4205 3449 4279 impeditur.
3498 4208 3671 4275 atque

2028 4295 2365 4368 implicatur
2386 4300 2451 4351 ut
2481 4302 2738 4351 corruat.

2097 4406 2127 4433 ‹‹
2160 4384 2477 4440 Tenebitur
2524 4385 2721 4449 planta
2760 4384 2920 4441 illius
2963 4384 3197 4457 laqueo,
3242 4388 3298 4440 et
3346 4382 3671 4440 exardescit

2027 4475 2230 4527 contra
2260 4488 2391 4527 eum
2428 4472 2578 4527 sitis.
2612 4496 2639 4523 »
2676 4475 2949 4545 Laqueus
2980 4474 3074 4530 hic
3106 4476 3229 4547 ipse
3259 4472 3527 4529 diabolus
3558 4489 3670 4527 non

2026 4561 2279 4617 absurde
2309 4562 2577 4630 sentitur,
2611 4562 2750 4633 quia
2806 4564 2876 4619 ad
2934 4563 3437 4636 supplantandum
3486 4560 3673 4617 calca—

259 4648 384 4703 Hoc
408 4652 605 4703 autem
637 4656 911 4719 gravatus
933 4649 1192 4705 miseriis
1222 4649 1707 4722 loquitur,potius
1738 4667 1917 4722 quam
1947 4671 1994 4736 D
2027 4666 2227 4719 neum,
2265 4657 2595 4722 peccatores
2625 4652 2915 4720 observat,
2948 4656 3005 4708 et
3033 4654 3157 4725 ipse
3176 4651 3561 4707 nihilominus
3593 4649 3670 4704 si-

259 4734 454 4791 victus
482 4736 811 4793 diffidentia
845 4754 857 4791 :
894 4739 1036 4810 quia
1091 4738 1224 4795 aliis
1281 4738 1427 4795 locis
1484 4740 1569 4794 ait
1615 4740 1687 4795 ad
1716 4739 1913 4795 Domi-

262 4840 409 4879 num
445 4842 458 4879 :
492 4824 617 4881 Scio
648 4830 778 4897 quia
807 4828 869 4881 in
898 4827 1122 4897 inferno
1150 4832 1409 4899 protegas
1455 4844 1546 4884 me
1573 4828 1740 4884 donec
1787 4845 1914 4899 per-

261 4918 516 4969 transeat
543 4916 708 4985 furor
736 4920 867 4971 tuus
897 4916 1037 4988 (Job:
1068 4933 1183 4981 xw,
1216 4917 1325 4988 13).

853 5005 1086 5062 CAPUT
1116 5005 1315 5061 XVIII.

345 5114 366 5140 α
405 5092 785 5165 Respondeas
810 5098 1005 5151 autem
1036 5094 1256 5152 Baldad
1283 5096 1477 5152 Suites
1506 5095 1650 5153 dixit
1684 5114 1697 5165 ;
1724 5097 1919 5169 Usque

260 5181 343 5238 ad
378 5198 552 5252 quem
584 5183 761 5239 ﬁnem
791 5185 967 5240 verba
995 5184 1247 5256 jactabis
1276 5186 1304 5241 ?
1333 5184 1589 5258 intelligo
1647 5185 1831 5258 prius,
1863 5191 1920 5242 et

261 5269 356 5326 sic
386 5268 719 5342 loquamur.
752 5291 779 5323 ι»
822 5272 883 5327 Id
915 5277 1023 5340 est,
1052 5275 1184 5347 quis
1218 5275 1353 5331 ﬁnis
1382 5274 1492 5330 erit
1547 5274 1727 5348 hujus
1785 5293 1918 5331 ver—

260 5358 561 5425 bositatis,
595 5360 764 5431 quasi
796 5378 911 5417 non
944 5362 1021 5418 sit
1049 5363 1315 5419 sincerus
1348 5382 1361 5419 :
1394 5363 1481 5419 vel
1540 5364 1701 5420 solus
1746 5366 1853 5420 Job
1886 5384 1920 5420 a

262 5445 480 5502 Baldad
514 5449 797 5506 verbosus
826 5451 1128 5523 arguitur:
1160 5452 1248 5508 vel
1306 5453 1475 5524 quasi
1533 5453 1776 5526 spiritus
1816 5470 1912 5510 ne-

260 5535 387 5593 scio
415 5553 529 5608 quo
561 5538 876 5612 instigatus
906 5538 1066 5611 loqui
1089 5557 1204 5597 non
1237 5542 1487 5598 desinat.

284 5630 307 5641 ‘
342 5646 371 5675 ‹‹
401 5626 589 5690 Quare
618 5628 867 5700 reputati
901 5644 1109 5686 sumus
1143 5635 1205 5685 ut
1228 5632 1518 5702 jumenta,
1578 5637 1634 5689 et
1685 5632 1914 5688 sordui-

261 5730 403 5773 mus
432 5732 627 5775 coram
655 5721 711 5774 te
740 5717 767 5771 ?
800 5740 821 5768 ι
859 5718 980 5775 Ηοο
1008 5718 1168 5789 dicit,
1203 5722 1359 5792 quod
1414 5727 1699 5795 tanquam
1744 5723 1917 5780 bruta

2024 4738 2100 4794 tis
2132 4740 2367 4796 nomine
2398 4740 2724 4812 appellatur
2754 4759 2866 4797 :-eo
2897 4743 3053 4814 quod
3085 4741 3241 4798 velut
3262 4741 3318 4795 in
3351 4739 3547 4811 aliquo
3576 4738 3673 4794 bo-

2025 4845 2099 4884 no
2130 4835 2387 4885 aastuans
2420 4830 2582 4885 sitiat
2612 4830 2871 4887 hominis
2904 4836 3171 4887 mortem.

2098 4940 2126 4967 ‹‹
2160 4918 2519 4975 Abscondita
2549 4924 2641 4975 est
2669 4919 2727 4974 in
2754 4924 2911 4975 terra
2941 4921 3144 4993 pedica
3172 4920 3385 4991 ejus,et
3412 4919 3674 4992 dicipula

2028 5004 2189 5063 illius
2221 5024 2398 5081 super
2425 5007 2713 5065 semitam.
2741 5031 2769 5059 »
2805 5010 2967 5065 Latet
2998 5008 3163 5066 illum
3196 5010 3412 5082 quibus
3440 5009 3672 5065 insidiis

2027 5097 2290 5168 perditus
2321 5098 2442 5154 sive
2468 5097 2528 5153 in
2560 5099 2874 5170 semetipso
2905 5098 3189 5171 pedicam,
3250 5116 3367 5172 qua
3397 5098 3674 5171 praepedit

2026 5186 2203 5257 pedes
2233 5187 2574 5256 suos,habet
2600 5188 3024 5245 absconditam:
3058 5189 3115 5244 id
3137 5188 3671 5261 est,obligationem

2028 5276 2266 5345 peccati,
2300 5281 2357 5331 et
2386 5277 2443 5331 in
2475 5278 2695 5332 saevitia
2725 5278 3189 5333 conversationis
3249 5294 3389 5345 suaa,
3448 5294 3562 5348 qua
3608 5292 3671 5333 sc

2026 5369 2181 5419 recte
2213 5369 2381 5437 putat
2410 5366 2697 5432 incedere,
2728 5368 2942 5422 erroris
2974 5366 3144 5421 istius
3189 5365 3331 5422 latet
3376 5366 3665 5439 decipula.

2101 5476 2129 5505 «
2168 5453 2435 5525 Undique
2464 5455 2768 5510 terrebunt
2816 5472 2947 5511 cum
2983 5456 3345 5522 formidines,
3374 5460 3431 5511 et
3480 5455 3667 5511 invol-

2023 5548 2158 5599 vent
2187 5544 2363 5616 pedes
2393 5544 2541 5615 ejus.
2573 5566 2599 5591 ››
2632 5544 2761 5599 Sive
2794 5545 3040 5601 dolores.
3093 5546 3393 5617 Superbus
3447 5545 3670 5601 scilicet

2023 5638 2241 5689 terrore
2259 5637 2511 5687 venturae
2541 5633 2889 5689 calamitatis
2920 5650 3153 5707 semper
3174 5634 3496 5690 terrebitur.
3533 5634 3668 5689 Pas-

2024 5728 2162 5779 sunt
2193 5723 2369 5780 etiam
2410 5722 2774 5795 formidines,
2837 5723 2944 5779 hoc
2988 5723 3113 5780 loco
3171 5740 3287 5779 non
3335 5722 3665 5787 affectiones
