3980 6184
410 371 524 434 703

1908 379 2320 443 APPENDIX.

3655 387 3748 450 701

407 510 600 566 cordis
629 507 877 586 intelligi
909 527 921 566 :
957 511 1056 566 sed
1090 509 1202 584 ipsi
1253 512 1448 585 potius
1507 512 1760 570 ministri
1813 513 2048 568 diaboli.
2081 516 2136 582 Α
2237 515 2357 570 Non
2391 517 2498 572 erit
2528 534 2731 576 semen
2788 519 2936 591 ejus,
2985 533 3172 589 neque
3221 515 3517 590 progenies
3571 517 3621 572 in
3671 536 3748 591 po-

405 600 474 654 Hi
508 599 687 672 igitur
718 600 920 656 multis
952 601 1140 656 modis
1171 606 1388 658 terrere
1418 608 1683 658 sanctum
1713 604 1842 670 Job,
1878 608 1942 657 ut
1972 603 2055 658 eis

406 689 655 756 cederet,
691 690 1049 747 institerunt.

478 803 505 828 υ
538 781 882 835 Attenuetur
912 780 1065 836 fame
1096 782 1274 836 robur
1302 784 1450 854 ejus,
1511 787 1566 838 et
1599 783 1790 838 inedia
1821 781 2056 836 invadat

406 871 598 923 costas
628 869 806 924 illius.
838 870 1031 925 Potest
1062 873 1248 927 fames
1280 877 1336 926 et
1367 872 1492 943 ipse
1549 872 1819 927 diabolus
1882 870 2052 925 intel-

403 955 543 1029 ligi:
580 959 676 1030 qui
711 958 1049 1028 bujusmodi
1081 961 1290 1016 famem
1326 963 1566 1033 patitur,
1602 980 1716 1034 qua
1748 980 2049 1034 nunquam

404 1046 476 1101 de
507 1046 745 1102 necibus
774 1047 1076 1102 hominum
1101 1054 1413 1105 saturetur.
1448 1051 1575 1106 Sive
1595 1057 1650 1107 et
1681 1052 1804 1124 ipse
1836 1053 2048 1106 famem

407 1136 664 1206 patitur;
718 1136 856 1207 quia
897 1139 1139 1192 verbum
1191 1140 1343 1210 quod
1398 1141 1656 1210 procedit
1696 1141 1768 1195 de
1815 1158 1912 1196 ore
1949 1141 2043 1195 Dei

402 1225 578 1292 (Deut.
615 1243 734 1292 vm,
767 1227 843 1293 3),
905 1228 1167 1298 accipere
1226 1246 1338 1283 non
1401 1234 1678 1284 meretur.
1736 1231 1803 1285 Et
1832 1231 2048 1285 idcirco

407 1313 517 1368 sub
550 1314 784 1368 nomine
817 1319 1137 1381 costarum,
1168 1317 1427 1372 thoracis
1459 1317 1829 1374 munimenta
1861 1320 2049 1390 signi-

403 1402 671 1457 ﬁcantur:
707 1403 922 1474 quibus
955 1421 1016 1459 se
1045 1405 1204 1460 velut
1227 1407 1478 1477 quadam
1513 1407 1896 1463 obduratione
1917 1426 2050 1464 con-

403 1489 614 1557 strixit,
647 1495 710 1545 ut
739 1508 872 1546 eum
900 1492 1066 1547 cibus
1097 1493 1274 1548 divini
1308 1494 1522 1566 eloquii
1556 1513 1670 1549 non
1704 1496 1890 1551 adeat.
1924 1495 2046 1550 Sive

403 1577 580 1634 etiam
612 1580 927 1651 impiorum
960 1581 1190 1654 plagam
1223 1583 1520 1638 describit.

478 1690 504 1715 «
545 1670 784 1724 Devoret
812 1669 1304 1742 pulchritudinem
1329 1674 1479 1730 cutis
1509 1675 1721 1744 ejus,et
1738 1679 2048 1729 consumat

405 1754 646 1811 brachia
675 1756 832 1813 illius
863 1758 1250 1832 primogenita
1281 1778 1497 1818 mors.»
1540 1762 2044 1828 Pulchritudinem

2163 604 2298 676 pulo
2331 622 2454 661 suo.
2488 629 2515 657 »
2542 608 2658 663 Hoc
2686 608 2843 674 dicit,
2877 608 3033 679 quod
3075 605 3467 677 posteritatem
3495 605 3749 677 indignam

2168 695 2447 750 memoria
2475 697 2663 768 gentis
2695 715 2811 752 sua:
2873 696 2958 752 vel
3019 696 3214 767 patriae
3267 693 3616 766 derelinquat
3644 713 3655 760 ;
3681 713 3749 751 se-

2161 785 2418 838 cundum
2443 785 2588 840 illud
2619 786 2936 857 psalmistaa
2971 804 2983 840 :
3019 785 3310 840 Generatio
3340 791 3599 839 rectorum
3626 785 3752 839 bene-

2160 873 2373 928 dicetur
2400 875 2570 945 (Psal.
2610 893 2722 943 cxx,
2762 877 2838 945 2).
2879 875 3076 930 Talem
3133 873 3314 945 igitur
3371 875 3751 945 generationem

2161 962 2219 1015 in
2253 963 2467 1034 populo
2490 981 2595 1018 suo
2630 964 2816 1019 noluit
2849 979 3183 1036 procreare;
3219 962 3377 1016 unde
3406 962 3462 1015 in
3493 961 3587 1016 hac
3618 968 3752 1032 gente

2161 1051 2449 1122 Spirituali
2481 1053 2850 1124 gloriaretur,
2885 1058 2941 1107 et
2963 1052 3168 1124 patria.

2232 1163 2257 1187 ‹‹
2293 1141 2406 1194 Nec
2438 1139 2568 1195 ulla:
2593 1141 2848 1212 reliquiae
2873 1141 2929 1195 in
2980 1139 3320 1212 regionibus
3381 1141 3520 1208 ejus.
3553 1163 3577 1188 »
3607 1141 3750 1194 Mani-

2160 1227 2372 1283 festum
2405 1234 2492 1284 est
2523 1232 2676 1300 quod
2711 1235 2912 1285 sancto
2941 1230 3048 1284 Job
3092 1228 3242 1283 nihil
3283 1229 3634 1284 remanserit.
3662 1227 3752 1299 Spi-

2158 1317 2448 1374 ritualiter
2479 1325 2674 1375 autem
2707 1320 2790 1374 sic
2815 1319 3262 1390 intelligendum
3282 1336 3294 1372 :
3314 1317 3502 1373 nullas
3523 1317 3748 1387 reliquias

2157 1407 2548 1477 generationis
2571 1425 2690 1463 sua;
2720 1408 2960 1462 habebit
2987 1407 3205 1478 impius
3237 1408 3299 1461 in
3333 1407 3541 1461 futuro.

2230 1519 2256 1544 «
2293 1501 2356 1550 In
2387 1496 2479 1551 die
2507 1498 2636 1568 ejus
2669 1498 2993 1569 stupebunt
3049 1495 3382 1552 novissimi.
3457 1520 3476 1544 ι»
3509 1496 3562 1550 Id
3592 1501 3681 1565 est,
3706 1495 3747 1548 in

2153 1587 2414 1655 tempore
2439 1585 2832 1640 damnationis
2865 1587 3014 1655 ejus.

2227 1696 2252 1721 ‹‹
2289 1678 2355 1728 Et
2381 1675 2603 1744 primos
2633 1674 2867 1729 invadet
2924 1674 3146 1729 horror.
3184 1693 3211 1722 »
3250 1674 3312 1728 Id
3358 1677 3467 1742 est,
3525 1671 3687 1726 intimi
3709 1677 3748 1724 et

2155 1779 2422 1834 proceres
2449 1767 2825 1818 terrebuntur
2853 1782 2864 1831 ;
2900 1763 3052 1834 quod
3102 1766 3210 1828 est,
3259 1777 3426 1834 reges
3457 1765 3687 1832 potentes
3710 1765 3748 1813 et

405 1844 581 1912 cutis,
612 1845 668 1900 id
701 1851 788 1901 est
820 1854 1163 1904 ornamenta
1194 1850 1499 1921 virtutum,
1551 1856 1607 1906 et
1638 1852 1894 1919 brachia,
1932 1853 2043 1907 for-
2077 1887 2123 1950 Β
2158 1852 2375 1923 magni.
2409 1852 2534 1907 Sive
2565 1852 2864 1908 novissimi
2923 1856 2979 1906 et
3027 1850 3228 1922 primi,
3262 1850 3527 1906 homines
3578 1853 3627 1903 et
3673 1865 3747 1901 an-

402 1933 712 1990 titudinem
748 1937 908 2008 regni
939 1938 1089 2008 ejus,
1121 1940 1369 1996 confecit
1417 1940 1685 1996 diabolus
1728 1959 1740 1996 :
1775 1942 1874 2013 qui
1915 1942 2044 1996 ideo

403 2023 792 2095 primogenita
823 2043 980 2082 mors
1013 2028 1339 2100 appellatus
1367 2033 1456 2084 est
1489 2047 1500 2084 :
1536 2031 1673 2102 quia
1716 2047 1817 2102 per
1847 2031 2040 2102 ipsum

361 2110 368 2121 “
401 2111 658 2182 primum
693 2116 928 2170 intravit
967 2134 1124 2172 mors
1183 2119 1242 2172 in
1305 2121 1505 2174 orbem
1565 2125 1852 2176 terrarum
1886 2123 2040 2193 (inp.

404 2218 464 2271 ιι,
495 2203 606 2272 24),
641 2208 696 2258 et
727 2204 852 2275 ipse
882 2209 970 2260 est
999 2223 1116 2260 suae
1149 2208 1353 2263 mortis
1379 2207 1665 2264 inventor.

478 2312 500 2340 α
533 2291 827 2348 Avellatur
858 2295 929 2348 de
957 2295 1331 2351 tabernaculo
1392 2315 1496 2352 suo
1557 2298 1771 2353 ﬁducia
1809 2300 1957 2370 ejus,
1990 2305 2045 2354 et

401 2377 584 2433 calcet
613 2397 790 2450 super
818 2398 951 2436 eum
987 2383 1152 2452 quasi
1187 2400 1284 2439 rex
1308 2383 1630 2440 interitus.»
1671 2386 1834 2441 Hunc
1866 2389 2046 2460 igitur

400 2465 701 2522 interitum
734 2469 1032 2524 diabolum
1065 2487 1192 2527 esse
1220 2473 1384 2541 dixit,
1417 2474 1514 2545 qui
1573 2479 1665 2530 est
1723 2492 1820 2530 rex
1869 2493 2046 2548 super

401 2571 606 2611 omnes
665 2556 814 2612 filios
866 2560 1151 2630 superbiae
1185 2561 1302 2632 (Job
1360 2579 1470 2634 xu,
1521 2565 1658 2631 25):
1705 2565 1804 2619 sed
1868 2581 2044 2636 super

403 2647 672 2700 sanctum
702 2645 832 2712 Job,
886 2651 948 2702 ut
1004 2664 1138 2703 eum
1197 2654 1590 2721 prosterneret
1649 2652 1870 2708 calcare
1929 2670 2040 2708 non

401 2731 610 2803 potuit.

479 2843 506 2874 ι
533 2822 802 2879 Habitent
832 2825 889 2880 in
924 2827 1294 2883 tabernaculo
1342 2828 1501 2884 illius
1562 2830 1702 2886 socii
1761 2832 1908 2901 ejus,
1943 2831 2041 2902 qui

401 2927 515 2966 non
549 2919 687 2968 est.»
722 2915 892 2985 Socii,
925 2915 1099 2984 sales,
1131 2917 1248 2972 sive
1279 2917 1402 2988 ﬁlii,
1463 2923 1527 2973 ut
1584 2937 1766 2991 supra
1823 2919 2042 2974 dictum

402 3005 510 3067 est,
546 3002 797 3058 ministri
830 3004 1046 3061 diaboli
1080 3010 1220 3062 sunt
1251 3025 1263 3061 :
1298 3007 1398 3079 qui
1429 3008 1537 3063 hoc
1595 3008 1718 3064 loco
1771 3026 1880 3064 non
1915 3026 2043 3064 esse

401 3089 614 3146 dicitur
642 3098 698 3148 et
729 3109 861 3149 cum
895 3095 972 3150 sit
1000 3099 1219 3151 natura:
1261 3113 1379 3151 sua;
1434 3098 1785 3169 proprietate
1844 3098 2040 3154 subsi-

403 3183 587 3246 stens,
619 3186 814 3238 tamen
848 3201 961 3238 non
1020 3191 1130 3250 est,
1190 3190 1256 3241 ut
1311 3187 1428 3240 dixi
1465 3187 1643 3257 :quia
1701 3204 2038 3258 praevarica-

399 3265 556 3324 tione
587 3270 777 3326 factus
808 3276 897 3328 est
925 3272 1152 3330 alienus
1183 3291 1216 3328 a
1246 3274 1382 3330 Deo.

473 3380 500 3407 «
528 3360 888 3433 Aspergatur
918 3363 974 3417 in
999 3362 1376 3419 tabernaculo
1407 3365 1536 3435 ejus
1595 3363 1867 3434 sulphur.
1911 3387 1938 3413 »
1974 3366 2045 3420 Ut

411 3446 640 3503 fumum
672 3448 764 3504 hic
793 3451 1010 3506 sentiat
1039 3452 1461 3523 gehennarum.

477 3559 505 3584 ‹‹
539 3541 824 3593 Deorsum
857 3540 1082 3596 radices
1114 3542 1242 3610 ejus
1273 3542 1567 3596 siccentur
1600 3559 1612 3597 :
1643 3558 1879 3597 sursum
1935 3560 2042 3598 au-

404 3627 520 3679 tem
553 3629 836 3682 atteratur
867 3629 1077 3685 messis
1111 3631 1258 3700 ejus.
1293 3652 1320 3680 »
1355 3630 1562 3685 Messis
1592 3647 1767 3702 opera
1799 3636 2047 3703 possunt

402 3709 672 3785 intelligi,
706 3730 832 3786 qum
860 3718 1014 3772 foras
1045 3723 1219 3788 atque
1251 3721 1308 3772 in
1341 3716 1644 3790 publicum
1691 3735 1759 3774 ex
1807 3719 2045 3775 interio-

403 3800 568 3856 ribus
601 3805 986 3875 erumpentia,
1021 3807 1090 3861 de
1124 3807 1253 3862 fidei
1289 3808 1481 3863 radice
1511 3813 1893 3880 consurgunt.
1927 3807 2044 3862 Ali-

403 3893 528 3946 ter:
560 3892 846 3948 Deorsum
878 3894 1102 3950 radices
1132 3896 1260 3965 ejus
1291 3897 1602 3962 siccentur,
1644 3897 1698 3951 id
1733 3902 1821 3952 est
1849 3914 2060 3969 opera,

403 3997 529 4052 qua:
567 3981 625 4036 in
661 3982 769 4038 hoc
799 3983 1010 4040 saeculo
1042 3986 1410 4057 perpetravit,
1469 3987 1839 4040 inveniantur
1888 4003 2047 4040 mur-

402 4073 524 4140 tua,
559 4072 923 4145 mortuisque
953 4074 1228 4129 ariditate
1258 4074 1497 4129 similia.
1551 4075 1798 4130 Sursum
1853 4079 2046 4131 autem

405 4164 690 4217 atteratur
720 4163 930 4218 messis
962 4165 1090 4235 ejus
1126 4181 1139 4231 ;
1168 4163 1227 4218 in
1255 4164 1450 4219 futuro
1484 4163 1688 4234 utique
1721 4165 2046 4220 mercedem

407 4246 627 4306 laboris
657 4252 744 4306 sui
784 4253 1027 4310 minime
1057 4259 1470 4326 consequatur.

485 4356 506 4384 α
541 4338 820 4396 Memoria
850 4341 1011 4398 illius
1043 4346 1240 4414 pereat
1270 4343 1341 4398 de
1370 4346 1541 4398 terra.
1581 4363 1606 4389 ››
1639 4343 1701 4397 Id
1762 4347 1870 4411 est,
1904 4341 2051 4396 nihil

407 4427 692 4484 memoria
717 4447 825 4486 sua
849 4430 1093 4503 dignum
1120 4436 1389 4503 operetur
1424 4448 1438 4487 :
1471 4430 1557 4487 vel
1597 4431 1794 4497 etiam,
1831 4447 2050 4488 memo-

407 4516 494 4572 ria
522 4517 650 4589 ejus
682 4524 878 4591 pereat
905 4521 977 4576 de
1005 4525 1159 4577 terra
1186 4520 1526 4576 viventium.

480 4631 506 4656 ‹‹
533 4609 603 4663 Et
633 4625 746 4664 non
774 4608 1101 4666 celebretur
1131 4626 1344 4666 nomen
1395 4610 1523 4679 ejus
1579 4609 1636 4663 in
1671 4607 1897 4680 plateis.
1931 4631 1956 4656 ››
1992 4613 2050 4664 1η
2083 4621 2130 4685 D

2153 1940 2266 2010 geli
2301 1958 2313 2007 ;
2349 1941 2534 1995 Sancti
2565 1958 2796 2012 quoque
2828 1945 2884 1996 et
2916 1945 3248 2012 peccatores
3280 1956 3394 1994 non
3430 1937 3659 1993 absunie
3683 1936 3746 1989 in-

2153 2028 2520 2102 telliguntur.

2230 2141 2256 2168 ‹‹
2279 2119 2407 2174 Haec
2439 2124 2578 2174 sunt
2608 2135 2742 2191 ergo
2774 2117 3149 2174 tabernacula
3181 2116 3393 2188 iniqui,
3426 2120 3482 2171 et
3507 2115 3605 2169 iste
3623 2113 3746 2168 locus

2153 2209 2280 2278 ejus
2312 2207 2411 2278 qui
2443 2208 2671 2279 ignorat
2697 2207 2901 2264 Deum.
2946 2230 2973 2257 ››
3005 2205 3349 2261 Enarrantis
3377 2201 3745 2260 maledictionis

2153 2297 2502 2353 sententiam
2531 2298 2763 2352 videtur
2814 2297 2973 2362 dare,
3004 2304 3059 2350 et
3105 2296 3271 2365 dicit,
3318 2294 3415 2349 ubi
3463 2287 3744 2362 hujusmodi

2148 2386 2463 2456 superbus,
2499 2384 2738 2451 scilicet,
2774 2384 3109 2455 impiusque
3139 2383 3511 2439 habitaturus
3541 2381 3644 2436 sit:
3671 2377 3742 2433 sed

2151 2475 2256 2529 Job
2288 2475 2528 2546 iniquus
2561 2491 2675 2530 non
2708 2479 2815 2545 est,
2849 2490 3022 2544 quem
3082 2479 3310 2528 rectum
3349 2477 3401 2527 et
3435 2472 3744 2526 innocentem

2154 2563 2306 2619 Deus
2333 2563 2604 2635 appellat.

2774 2651 3006 2707 CAPUT
3037 2651 3178 2705 XIX.

2229 2762 2248 2789 α
2305 2742 2684 2812 Respondens
2758 2744 2956 2795 autem
3036 2739 3167 2807 Job,
3224 2739 3425 2794 dixit:
3485 2737 3742 2806 Usquequo

2153 2830 2414 2901 affligitis
2445 2830 2698 2884 animam
2735 2845 2946 2893 meam,
2981 2833 3037 2883 et
3094 2828 3348 2883 atteritis
3392 2843 3481 2881 me
3509 2820 3744 2880 sermoni-

2151 2919 2262 2974 bus
2291 2918 2320 2973 ?
2349 2942 2376 2968 »
2408 2918 2777 2974 Manifestum
2807 2923 2896 2973 est
2934 2917 3071 2988 quia
3117 2914 3603 2988 responsionibus,
3633 2907 3742 2965 ami-

2151 3025 2349 3063 corum
2386 3026 2625 3063 suorum
2659 3007 2912 3063 attribus
2943 3006 3037 3076 sit,
3073 3010 3129 3060 et
3179 3006 3434 3061 afﬂictus
3489 3004 3596 3059 sive
3645 2997 3742 3052 fati-

2150 3103 2323 3169 gatus
2355 3097 2451 3165 sit,
2485 3102 2541 3153 et
2573 3097 2927 3152 destructus.

2225 3209 2253 3236 «
2284 3189 2366 3243 En
2397 3187 2590 3243 decies
2622 3184 2982 3242 confunditis
3010 3200 3123 3250 me,
3175 3188 3236 3239 et
3267 3201 3380 3240 non
3430 3174 3741 3237 erubescitis,

2071 3252 2114 3318 C
2150 3275 2545 3347 opprimentes
2576 3291 2687 3330 me.
2719 3297 2749 3325 δ)
2784 3274 2916 3328 Dies
2946 3275 3169 3339 decem,
3233 3290 3337 3345 pro
3395 3275 3508 3326 toto
3537 3273 3744 3336 tempore

2153 3364 2497 3434 nominavit,
2531 3365 2640 3419 Sed
2673 3363 2968 3434 quomodo
3001 3363 3058 3416 in
3094 3362 3254 3418 brevi
3288 3359 3602 3416 numero.in
3630 3361 3742 3421 Apo-

2153 3453 2372 3525 calypsi
2404 3454 2592 3522 major
2617 3468 2896 3508 numerus
2926 3451 3210 3523 temporis
3243 3444 3734 3520 intelligitur(.4poc.

2153 3559 2231 3606 vr,
2267 3543 2355 3610 10)
2389 3558 2401 3596 :
2439 3542 2517 3595 ita
2547 3546 2604 3595 et
2635 3541 2694 3596 in
2729 3541 2837 3595 hac
2868 3542 3070 3595 eadem
3090 3556 3330 3595 summa
3344 3534 3559 3593 numeri
3588 3530 3741 3586 minus

2153 3630 2540 3702 signiﬁcatur,
2577 3634 2639 3683 ut
2690 3629 2801 3684 hoc
2856 3628 3044 3684 solido
3105 3643 3375 3697 numero,
3435 3630 3490 3680 et
3540 3618 3741 3711 perfecto

2155 3723 2426 3774 manente
2482 3735 2586 3790 pro
2640 3717 2974 3773 diversitate
3037 3716 3300 3771 locorum
3373 3715 3430 3768 in
3486 3709 3744 3779 ScriptllriS

2155 3807 2388 3878 divinis,
2425 3823 2581 3862 nunc
2611 3808 2896 3878 majorem
2958 3820 3298 3871 numerum,
3331 3817 3481 3858 nunc
3515 3799 3747 3854 minorem

2155 3897 2472 3969 significari
2507 3897 2859 3952 noverimus.
3694 3964 3719 3974 Α

2227 4009 2256 4035 ‹‹
2287 3986 2506 4058 Nempe
2537 3990 2594 4040 et
2622 3986 2671 4040 si
2709 3983 2991 4056 ignoravi,
3045 3997 3280 4037 mecum
3333 3979 3439 4036 erit
3473 3971 3748 4048 ignorant-ia

2157 4091 2306 4131 mea.
2337 4076 2403 4129 At
2430 4091 2532 4129 vos
2564 4078 2764 4129 contra
2804 4089 2897 4128 me
2946 4070 3268 4142 erigimini,
3316 4073 3371 4124 et
3416 4061 3637 4138 arguitis
3677 4067 3744 4108 m8

2158 4163 2488 4236 opprobriis
2538 4163 2718 4218 meis.
2769 4186 2792 4214 ι
2858 4160 3079 4216 Putatis
3111 4175 3225 4229 me,
3277 4156 3481 4229 inquit,
3529 4153 3744 4242 ignoritre

2158 4257 2363 4319 Deum,
2396 4251 2549 4306 sicut
2578 4257 2634 4306 et
2663 4250 2877 4321 dicitis,
2912 4248 3211 4319 Numquid
3263 4245 3478 4302 amicos
3516 4241 3656 4295 decet
3676 4241 3742 4286 in-

2159 4341 2380 4396 sultare
2405 4340 2723 4412 oppressis,
2760 4357 2791 4393 a
2821 4339 3037 4410 quibus
3081 4337 3272 4409 magis
3325 4330 3643 4390 tribulantes
3680 4335 3745 4374 80-

2163 4429 2304 4485 latia
2334 4428 2747 4501 praestolantur
2773 4428 2801 4482 ?
2832 4429 2958 4483 Non
3002 4431 3091 4482 est
3121 4426 3228 4481 hoc
3284 4439 3428 4495 opus
3479 4415 3741 4474 amicorum

2163 4519 2448 4583 ﬁdelium,
2473 4519 2572 4574 sed
2605 4521 2695 4573 est
2724 4517 2919 4588 potius
2971 4512 3354 4570 subsannatio
3408 4501 3742 4564 irridentium.

2235 4631 2263 4658 «
2294 4607 2508 4663 Saltem
2544 4623 2699 4662 nunc
2729 4604 3036 4676 intelligite
3069 4603 3250 4674 :quia
3287 4604 3430 4658 Deus
3487 4609 3590 4650 non
3616 4596 3744 4676 wa‘to

407 4694 600 4769 platea
632 4698 914 4754 sedebant
944 4698 1290 4771 reges,inter
1320 4671 1466 4770 quds
1489 4701 1650 4769 optat
1671 4671 1802 4752 eum
1837 4698 2053 4752 famam
2083 4671 2127 4685 υ
2158 4697 2383 4768 judicio
2416 4695 2684 4752 afflixerit
2715 4711 2827 4762 me,
2858 4671 3189 4766 et'flagellis
3227 4690 3348 4747 suis
3393 4701 3479 4743 me
3529 4671 3741 4771 cimiterii-

403 4786 647 4864 justitiae
680 4804 794 4843 non
824 4788 1052 4844 mereri.
1085 4788 1294 4843 Plateze
1324 4787 1567 4842 virtutes
1599 4785 2006 4858 intelliguntur
2038 4803 2050 4841 :

411 4874 466 4929 in
502 4877 718 4948 quibus
751 4877 1038 4950 sapientia
1095 4875 1445 4932 ﬁducialiter
1501 4875 1623 4947 agit
1679 4880 1734 4931 et
1791 4875 2062 4931 circumit

413 4964 702 5022 civitatem
736 4967 837 5023 Dei
868 4967 1216 5031 Jerusalem,
1243 4965 1328 5034 lin
1362 4982 1479 5036 qua
1535 4964 1914 5020 sacramentis
1969 4965 2055 5019 di-

411 5054 562 5110 vinis
621 5061 796 5127 atque
852 5057 1146 5128 mysteriis
1205 5055 1390 5111 latum
1467 5058 1558 5109 est
1625 5054 2057 5126 Scripturarum

412 5143 777 5200 mandatum.
816 5146 1206 5201 Vehementer
1232 5145 1414 5218 igitur
1466 5145 1525 5198 in
1575 5143 1668 5198 his
1725 5142 1930 5215 plateis
1969 5143 2056 5198 lu-

415 5233 556 5289 dent
585 5250 775 5305 senes,
809 5240 868 5290 et
900 5251 1069 5302 anus,
1101 5238 1158 5289 et
1186 5234 1458 5289 infantes.

484 5347 512 5375 ‹‹
545 5323 805 5396 Expellet
833 5341 966 5380 eum
1011 5324 1081 5379 de
1108 5321 1235 5378 luce
1291 5323 1347 5376 in
1407 5323 1698 5390 tenebras,
1730 5326 1786 5378 et
1817 5323 1886 5377 de
1917 5323 2058 5378 urbe

417 5415 726 5471 transferet
755 5431 910 5468 eum.
948 5436 973 5461 ››
1006 5413 1085 5467 De
1115 5412 1224 5467 hac
1273 5411 1476 5482 utique
1523 5411 1650 5466 luce
1708 5411 2060 5483 temporaria

415 5506 683 5562 mittetur
740 5504 793 5558 in
860 5509 1103 5558 aeternas
1162 5501 1431 5557 tenebras
1487 5501 1805 5557 inferorum
1865 5517 1878 5554 :
1940 5501 2059 5556 sive

411 5595 587 5651 etiam
619 5595 690 5650 de
736 5598 896 5666 parte
944 5592 1119 5648 sortis
1177 5595 1511 5648 sanctorum
1576 5590 1966 5646 retrudendus
1998 5591 2057 5645 in

411 5685 684 5742 tenebras
717 5688 1161 5740 tormentorum.

2165 4765 2308 4843 Ecce
2338 4785 2623 4850 clamabo,
2656 4785 2772 4839 vim
2806 4765 3054 4854 patiens,
3087 4786 3144 4837 et
3176 4796 3342 4836 nemo
3385 4772 3581 4831 audiet.
3612 4765 3743 4818 Voci-

2170 4876 2419 4945 ferabor,
2448 4879 2502 4930 et
2537 4891 2653 4929 non
2701 4877 2792 4929 est
2849 4872 2948 4944 qui
3000 4871 3244 4943 judicet.
3282 4891 3308 4918 »
3360 4864 3456 4920 Ille
3483 4855 3742 4954 dicebat?

2167 4965 2370 5036 inique
2402 4963 2689 5020 sustinere
2716 4960 3016 5018 molestias
3043 4962 3455 5015 tormentorum
3487 4968 3500 5005 :
3532 4945 3601 5000 illi
3642 4948 3740 5038 vei?

2169 5024 2367 5126 utpote
2397 5052 2667 5124 iniquum
2712 5051 2833 5124 pati
2881 5067 2986 5105 suo
3037 5049 3243 5104 merito
3298 5024 3742 5126 loquebantur.

2167 5110 2378 5214 pu‘tant
2409 5143 2562 5214 quod
2594 5141 2655 5196 in
2687 5141 2796 5196 hoc
2827 5137 3070 5196 articulo
3095 5136 3267 5193 istius
3295 5144 3492 5221 sensus
3518 5110 3740 5221 erravit-1f

2166 5204 2223 5287 et
2252 5231 2382 5287 ideo
2415 5204 2788 5302 postmodum
2839 5228 2995 5284 dicat
3052 5227 3122 5282 ad
3182 5225 3359 5281 Deum
3406 5237 3424 5272 :
3467 5204 3738 5302 Ιηδίρίεξιίεν

2169 5322 2383 5376 locutus
2412 5337 2535 5376 sum
2557 5324 2608 5376 et
2639 5336 2758 5392 qua
2796 5319 2946 5374 ultra
2995 5317 3222 5372 modum
3269 5306 3563 5367 excederent
3595 5303 3732 5350 smcn‘

2167 5413 2304 5467 tiam
2335 5427 2516 5465 meam
2545 5411 2681 5480 (Job.
2712 5425 2849 5479 XLII,
2877 5407 2952 5478 3).
3535 5477 3543 5486 '

2240 5522 2267 5548 ‹‹
2301 5474 2579 5556 Semitam
2614 5515 2803 5554 meam
2835 5474 3262 5565 circumsepsit,
3293 5491 3345 5544 et
3381 5477 3601 5539 transire
3645 5474 3730 5565 n2“

2169 5606 2430 5662 possum.
2469 5611 2490 5638 ι
2528 5589 2650 5652 Qua
2674 5592 2867 5642 rectus
2900 5584 3103 5656 utique
3134 5587 3300 5653 atque
3330 5572 3564 5662 illibatus
3589 5567 3727 5662 Ρτῗξξ

2169 5651 2428 5740 ciscebar
2457 5679 2528 5734 ad
2557 5677 2800 5750 gloriam
2826 5674 3169 5732 meritorum
3200 5677 3463 5728 meorum.
3491 5658 3627 5710 Hanc
3653 5651 3729 5708 IS"
