3980 6184
216 424 338 485 705

1301 421 1816 483 COMMENTAR.
1862 423 1942 482 IN
1985 421 2147 483 JOB.
2196 417 2363 482 CAP.
2413 421 2576 482 XIX.

3515 431 3632 490 706

219 556 340 612 turi
362 553 727 627 gnominiam
750 553 1042 627 passionis
1066 553 1244 625 hujus
1262 554 1672 627 circumsepsit
1703 559 1878 625 atque
1905 567 1959 622 Α
1992 573 2162 626 quem
2197 555 2449 610 maxime
2480 553 2815 625 diligebam,
2849 559 3149 612 aversatus
3186 564 3277 614 est
3305 576 3418 617 me.
3453 584 3480 610 »
3514 562 3630 618 Hoc

217 643 572 711 interclusit,
588 643 735 697 utad
755 642 912 697 illam
926 641 1171 714 gloriam
1186 644 1486 713 pervenire
1501 661 1614 698 non
1632 645 1870 715 possim.

295 758 323 784 (‹
349 734 419 787 Et
448 732 504 786 in
567 731 712 786 calle
771 748 898 786 meo
957 731 1228 786 tenebras
1288 731 1476 804 posui.
1512 755 1540 781 »
1599 733 1660 786 ld
1703 732 1872 788 estin

221 822 495 878 tramite:
520 821 628 875 hoc
660 824 748 875 est
778 820 1069 891 castigatae
1101 821 1203 874 viae
1234 837 1396 886 meae,
1429 838 1545 891 qua
1591 820 1747 876 velut
1776 837 1878 892 per

224 916 456 968 arctum
488 915 545 964 et
575 913 893 980 angustum
921 913 1076 964 certa
1097 925 1199 981 spe
1222 911 1291 964 ad
1307 910 1539 981 justum
1564 910 1874 966 retributo~

225 1017 354 1056 rem
389 999 722 1072 pergebam,
755 998 1030 1053 tenebras
1060 997 1117 1052 in
1176 1014 1243 1053 eo
1302 999 1550 1054 miseria:
1611 999 1790 1069 hujus
1821 1003 1878 1053 et

220 1087 581 1146 calamitatis
612 1087 828 1142 inveni.

297 1203 323 1227 ‹‹
359 1176 640 1249 Spoliavit
671 1193 763 1230 me
791 1175 977 1247 gloria
1009 1192 1157 1243 mea,
1195 1182 1252 1231 et
1301 1177 1551 1233 abstulit
1603 1194 1876 1232 coronam

225 1269 299 1322 de
331 1267 519 1339 capite
551 1282 700 1320 meo.
737 1288 764 1313 »
796 1264 992 1320 Gloria
1019 1283 1110 1320 me
1170 1267 1338 1338 regni
1406 1267 1688 1338 privavit:
1746 1268 1875 1322 fidei

225 1373 462 1429 quoque
495 1354 770 1410 fiduciam
828 1354 1115 1409 abstulit:
1179 1373 1356 1426 quam
1415 1357 1484 1410 de
1543 1357 1668 1427 ipso
1717 1356 1878 1428 apice

229 1446 446 1500 mentis
505 1460 667 1508 meae,
728 1443 828 1514 qui
888 1448 977 1498 est
1034 1447 1253 1498 natura:
1322 1444 1626 1501 rationalis
1682 1451 1876 1517 caput,

227 1533 390 1589 velut
421 1533 659 1587 honoris
690 1548 965 1587 coronam
999 1533 1270 1588 detraxit.

305 1646 332 1670 ‹‹
364 1621 654 1676 Dextruxit
682 1637 775 1676 me
806 1621 1085 1692 undique,
1110 1625 1166 1676 et
1188 1639 1380 1692 pereo,
1405 1628 1461 1678 et
1480 1623 1647 1694 quasi
1671 1623 1878 1678 evulsa:

232 1711 430 1767 arbori
463 1708 703 1765 abstulit
734 1726 898 1782 spem
934 1725 1147 1764 meam.
1184 1733 1211 1759 »
1251 1713 1448 1777 Domo,
1482 1729 1681 1783 regno,
1717 1714 1881 1768 fami-

223 1800 336 1864 lia,
367 1799 523 1864 ﬁliis,
557 1799 786 1869 amicis,
819 1799 1067 1854 sanitate
1112 1803 1370 1872 corporis
1401 1802 1514 1854 mei
1564 1802 1882 1856 destitutus

233 1887 516 1944 sum:ita
569 1888 661 1942 his
719 1889 992 1943 omnibus
1053 1888 1282 1955 ablatis,
1343 1889 1530 1958 perire
1587 1907 1678 1945 me
1715 1891 1960 1988 videoB

233 1979 409 2049 cujus
435 1977 612 2031 etiam
646 1993 780 2048 spes
809 1977 938 2030 vita:
970 1994 1110 2032 mea:
1140 1977 1296 2032 velut
1327 1979 1499 2033 arbor
1553 1979 1746 2034 ablata
1774 1985 1879 2034 est.

316 2089 336 2114 ι
365 2067 552 2120 Iratus
573 2070 661 2120 est
684 2070 884 2120 contra
911 2082 1002 2120 me
1025 2067 1345 2137 furorejus,
1369 2073 1426 2122 et
1452 2068 1535 2122 sic
1569 2085 1660 2123 me
1680 2068 1888 2123 habuit

236 2153 410 2226 quasi
441 2154 670 2208 hostem
695 2171 890 2208 suum.
927 2177 953 2202 »
989 2178 1016 2203 ››
1049 2155 1228 2210 Furor
1255 2155 1353 2210 Dei
1386 2155 1489 2210 hoc
1522 2156 1647 2212 loco
1697 2162 1888 2229 potest

238 2242 511 2299 diabolus
539 2241 666 2314 ipse
705 2240 970 2314 intelligi,
1031 2243 1130 2314 qui
1184 2245 1420 2299 beatum
1476 2246 1584 2300 Job
1641 2245 1887 2301 diversis

242 2332 455 2398 modis,
489 2332 544 2386 id
579 2336 669 2386 est
699 2330 1082 2403 blasphemiis
1108 2337 1165 2388 et
1195 2335 1388 2389 carnis
1435 2335 1561 2404 ejus
1615 2335 1887 2390 cruciati-

244 2423 380 2487 bus,
413 2421 830 2476 insectabatur.

318 2533 345 2558 ‹‹
379 2508 562 2563 Simul
593 2514 875 2563 venerunt
907 2508 1162 2566 latrones
1193 2512 1340 2580 ejus,
1375 2516 1430 2565 et
1481 2512 1739 2568 fecerunt
1777 2514 1889 2569 sibi

246 2601 408 2654 viam
435 2614 533 2670 per
555 2615 666 2652 mc.
691 2598 870 2652 Furor
889 2598 1008 2665 Dei,
1043 2599 1310 2655 diabolus
1325 2606 1412 2656 est
1436 2619 1449 2668 ;
1470 2601 1725 2657 latrones
1758 2621 1890 2659 vero

245 2686 504 2742 ministri
522 2687 650 2758 ejus
672 2691 807 2742 sunt
832 2705 844 2755 ;
870 2687 978 2742 hoc
995 2694 1084 2744 est
1107 2691 1261 2760 quod
1287 2689 1385 2760 ait,
1410 2695 1465 2744 et
1486 2690 1745 2758 fecerunt
1777 2692 1889 2747 sibi

242 2775 403 2830 viam
435 2792 536 2846 per
557 2791 649 2830 me
675 2793 689 2843 ;
711 2775 946 2847 quando
969 2793 1123 2846 eum,
1151 2777 1238 2832 vel
1263 2778 1637 2834 facultatibus
1663 2782 1889 2845 mundi,

246 2865 335 2920 vel
368 2863 620 2920 sanitate
678 2864 936 2936 corporis
992 2865 1412 2936 spoliaverunt.
1457 2867 1618 2923 Unde
1651 2869 1892 2940 pulchre

245 2954 471 3008 dictum
503 2958 592 3008 est
617 2971 630 3010 :

322 3066 352 3092 (ι
385 3043 452 3098 Et
483 3043 835 3098 obsederunt
874 3043 932 3097 in
994 3061 1134 3116 gyro
1195 3046 1637 3102 tabernaculum
1673 3064 1890 3102 meum.

253 3134 481 3188 Fratres
512 3149 672 3188 meos
703 3131 872 3203 longe
905 3132 1039 3188 fecit
1071 3151 1105 3188 a
1135 3151 1246 3204 me,
1293 3140 1348 3189 et
1401 3139 1521 3190 noti
1572 3137 1684 3190 mei
1725 3138 1890 3208 quasi

252 3220 429 3277 alieni
461 3227 876 3276 recesserunta
915 3238 1028 3277 me.
1075 3223 1520 3293 Dereliquerunt
1548 3242 1639 3279 me
1665 3226 1894 3296 propin-

259 3312 363 3382 qui
395 3311 526 3381 mei,
559 3314 616 3365 et
646 3311 743 3380 qui
777 3327 868 3365 me
899 3316 1180 3366 noverant
1229 3289 1393 3366 obliti
1445 3318 1585 3367 sunt
1634 3289 1893 3370 mei.-In-
1928 3289 1969 3354 (δ

255 3397 466 3470 quilini
500 3399 711 3454 domus
743 3415 903 3464 meae,
937 3404 993 3453 et
1023 3399 1246 3454 ancilla:
1279 3415 1420 3454 mea:
1451 3401 1605 3455 sicut
1635 3402 1892 3458 alienum

249 3487 590 3542 habuerunt
621 3503 732 3553 me,
767 3492 822 3541 et
869 3487 1037 3557 quasi
1089 3489 1428 3560 peregrinus
1490 3490 1570 3543 fui
1622 3490 1679 3545 in
1712 3490 1896 3546 oculis

252 3593 480 3632 eorum.
511 3580 749 3630 Servum
784 3592 978 3630 meum
1033 3577 1247 3643 vocavi,
1302 3582 1358 3632 et
1406 3596 1520 3633 non
1561 3579 1894 3650 respondit:

255 3681 354 3720 ore
387 3665 616 3735 proprio
649 3665 1002 3736 deprecabar
1029 3665 1215 3719 illum.
1254 3688 1280 3713 υ
1315 3667 1376 3721 Id
1426 3673 1534 3735 est,
1589 3669 1727 3724 foris
1756 3669 1898 3724 insi-

256 3753 400 3807 diati
434 3758 591 3807 sunt.
626 3753 754 3808 Sive
785 3753 1298 3809 circumdederunt
1352 3758 1408 3810 in
1459 3773 1598 3829 gyro
1629 3759 1900 3814 taberna-

256 3841 459 3896 culum
491 3843 654 3911 ejus:
690 3843 796 3897 hoc
853 3848 962 3907 est,
1021 3843 1078 3896 in
1134 3861 1372 3916 corpore
1430 3847 1558 3916 ejus
1611 3851 1903 3902 tormenta

259 3936 602 4002 posuerunt.
624 3933 892 3986 Animam
919 3949 1050 3986 vero
1075 3931 1355 3988 inclinare
1369 3935 1438 3989 ad
1464 3940 1763 4006 peccatum
1787 3954 1901 3991 non

261 4023 595 4090 potuerunt.

332 4132 358 4157 ‹‹
396 4108 645 4162 llalitum
672 4126 863 4164 meum
896 4110 1195 4165 exhorruit
1229 4129 1370 4166 uxor
1396 4129 1542 4168 mea.
1581 4136 1607 4161 ››
1633 4115 1716 4168 Ita
1747 4118 1904 4170 totus

261 4197 620 4253 intrinsecus
651 4201 867 4269 putrui,
903 4200 1114 4270 inquit,
1155 4205 1216 4254 ut
1276 4201 1494 4257 halitus
1529 4203 1764 4259 fetorem
1801 4221 1904 4259 nec

263 4304 411 4342 uxor
442 4304 570 4341 mea
599 4289 887 4343 sustinere
920 4295 1207 4358 potuerit:
1244 4291 1342 4343 ubi
1375 4291 1562 4362 potuit
1593 4293 1717 4348 fieri
1749 4294 1901 4364 quod

263 4379 564 4447 apostema
580 4376 844 4430 habuerit
867 4377 923 4432 in
942 4378 1281 4444 visceribus,
1303 4381 1455 4450 quod
1474 4385 1661 4435 totum
1686 4383 1904 4438 ventris

263 4467 395 4535 ejus
433 4465 624 4519 sinum
686 4467 956 4532 tenuerit,
1019 4471 1075 4521 et
1131 4466 1266 4521 inde
1321 4467 1611 4538 loquendo
1667 4473 1905 4526 odorem

265 4553 510 4608 fetidum
543 4555 613 4608 de
645 4555 978 4625 purulentia
1009 4555 1280 4626 profundi
1313 4555 1566 4612 vulneris
1589 4560 1902 4628 exspuerit.

1988 645 2132 699 forte
2160 643 2567 714 vultintelligi,
2602 659 2665 697 se
2698 642 2756 697 in
2784 660 2981 699 eorum
3007 647 3356 703 oblivionem
3379 652 3628 722 venisse,

1985 749 2040 788 e'.
2073 733 2144 788 ab
2177 750 2377 788 eorum
2410 731 2714 786 affectibus
2744 736 2800 786 et
2829 734 3104 790 cordibus
3134 738 3464 795 recessisse.

2057 846 2082 870 ‹‹
2118 821 2258 876 Pelli
2292 837 2453 888 meae,
2487 821 2856 892 consumptis
2918 825 3214 892 carnibus,
3276 825 3519 884 adhaesit
3567 847 3632 886 os

1987 927 2204 966 meum.
2236 933 2262 958 ››
2285 911 2366 965 Ad
2390 915 2613 965 tantam
2639 909 2973 966 ariditatem
2996 929 3129 968 caro
3151 915 3280 984 ejus
3301 915 3630 984 devenerat,

1986 1005 2051 1054 ut
2079 998 2222 1054 nihil
2254 999 2313 1054 in
2345 1017 2410 1055 eo
2441 1000 2704 1057 humoris
2747 1003 3114 1065 remanserit,
3166 1008 3223 1058 et
3267 1005 3340 1059 ob
3389 1004 3498 1060 hoc
3529 1023 3628 1078 ag-

1987 1088 2275 1162 glutinata
2304 1091 2736 1160 quodammodo
2788 1091 2964 1145 fuerit
3014 1091 3183 1162 pellis
3214 1094 3342 1164 ejus
3393 1095 3629 1152 ossibus

1988 1177 2114 1232 suis
2145 1194 2156 1231 :
2192 1178 2341 1232 hanc
2369 1179 2768 1232 infirmitatem
2803 1195 3140 1234 marasmon
3171 1181 3377 1236 dicunt
3398 1185 3630 1240 medici.

2061 1288 2086 1312 ‹‹
2150 1267 2218 1319 Et
2274 1265 2548 1321 derelicta
2600 1271 2739 1321 sunt
2802 1269 3212 1323 tantummodo
3271 1269 3424 1326 labia
3479 1273 3632 1330 circa

1989 1355 2194 1408 dentes
2226 1370 2406 1409 meos.
2443 1376 2469 1403 ››
2508 1355 2590 1407 Ad
2625 1354 2732 1408 hoc
2764 1354 2919 1408 enim
2943 1356 3234 1425 diabolus,
3261 1363 3629 1433 consumptis

1989 1443 2265 1498 carnibus
2295 1443 2480 1497 sancti
2510 1443 2642 1509 Job,
2673 1442 2830 1497 labia
2859 1444 2986 1513 ejus
3033 1443 3261 1517 integra
3291 1448 3621 1523 dereliquit,

1991 1532 2317 1586 uthaberet
2376 1531 2599 1602 positus
2652 1532 2709 1585 in
2769 1533 3095 1598 tormentis,
3166 1537 3380 1606 quibus
3438 1544 3636 1611 posset

1991 1620 2156 1676 facile
2189 1619 2634 1691 blasphemare;
2669 1621 2833 1691 quasi
2867 1622 3058 1676 cordis
3109 1622 3477 1696 blasphemia
3516 1645 3632 1684 non

1991 1710 2100 1765 sit:
2137 1725 2240 1780 pro
2270 1725 2385 1779 qua
2416 1709 2540 1779 ipse
2569 1709 2677 1762 Job
2730 1709 2883 1764 sicut
2939 1726 3041 1781 pro
3099 1715 3320 1768 caeteris
3380 1719 3634 1785 peccatis

1990 1798 2328 1853 holocausta
2357 1802 2468 1852 Deo
2497 1814 2598 1868 pro
2633 1797 2768 1851 filiis
2799 1798 2922 1852 suis
2948 1800 3040 1854 die
3068 1802 3318 1872 septimo
3357 1805 3636 1862 offerebat

1992 1888 2130 1957 (Job.
2164 1905 2199 1952 ι,
2231 1887 2308 1955 5).
2358 1887 2465 1941 Sed
2507 1887 2634 1942 ideo
2679 1887 2948 1942 diabolus
2997 1888 3258 1960 linguam
3300 1896 3634 1964 reservavit,

1995 1981 2057 2030 ut
2085 1974 2407 2046 intelligere
2437 1981 2651 2046 posset,
2686 1975 2734 2029 si
2765 1975 2894 2043 Job,
2928 1975 3000 2029 ob
3053 1979 3244 2033 cordis
3289 1980 3637 2053 simplicita-

1992 2070 2132 2130 tem,
2165 2063 2592 2135 blasphemiam
2626 2063 2908 2134 proferret
2941 2064 2996 2118 in
3031 2064 3224 2120 labiis.

2066 2178 2092 2201 ‹‹
2126 2151 2477 2208 Miseremini
2512 2151 2645 2220 mei,
2679 2152 3034 2207 miseremini
3087 2156 3224 2220 mei,
3280 2158 3490 2213 saltem
3534 2177 3638 2217 vos

1996 2243 2168 2297 amici
2201 2241 2348 2295 mei:
2382 2241 2517 2312 quia
2549 2257 2758 2296 manus
2793 2241 3018 2296 Domini
3065 2244 3255 2314 tetigit
3303 2263 3416 2302 me.
3455 2271 3483 2297 »
3519 2249 3638 2305 Ma-

2000 2348 2139 2386 num
2171 2347 2305 2401 erg;
2340 2329 2572 2384 Domini
2604 2329 2916 2402 appellavit
2947 2331 3134 2402 ipsam
3191 2333 3424 2407 plagam
3456 2354 3634 2408 quam

2001 2420 2348 2492 patiebatur,
2382 2435 2508 2490 qua:
2541 2420 2691 2474 facta
2723 2424 2812 2474 est
2833 2420 3041 2474 Domni
3067 2427 3371 2492 potestate.
3404 2426 3641 2499 Tetigit,

1999 2527 2100 2580 pro
2133 2507 2357 2577 afﬂixit,
2393 2507 2840 2579 intelligendum
2870 2513 2977 2564 est.

2077 2623 2095 2646 α
2134 2598 2319 2662 Quare
2347 2598 2762 2669 persequimini
2794 2615 2885 2653 me
2906 2599 3057 2654 sicut
3079 2600 3253 2668 Deus,
3281 2607 3336 2657 et
3365 2605 3643 2662 carnibus

2002 2688 2146 2743 meis
2177 2686 2525 2742 saturamini
2549 2692 2571 2723 ν
2603 2709 2629 2735 r-
2664 2687 2818 2741 Fecit
2846 2687 3000 2744 Dcus
3031 2688 3183 2744 circa
3206 2708 3298 2746 me
3325 2693 3644 2763 injudicio,

2002 2777 2091 2832 cui
2127 2776 2231 2831 soli
2263 2775 2396 2830 licet
2427 2775 2624 2830 omnia
2657 2777 2712 2829 in
2745 2793 2916 2847 opere
2949 2794 3091 2832 suo:
3129 2796 3228 2834 vos
3277 2797 3456 2852 quare
3497 2801 3641 2854 prae-

2001 2866 2236 2921 sumitis
2267 2866 2420 2920 sicut
2453 2871 2623 2925 Deus,
2655 2869 2720 2918 ut
2773 2865 3044 2936 at‘fligatis
3102 2866 3442 2924 innoxium:
3489 2870 3643 2939 quod
3705 2915 3710 2918 .

2006 2955 2112 3026 ipsi
2130 2959 2291 3009 tantu
2305 2972 2356 3007 m
2376 2970 2476 3024 pro
2491 2953 2924 3024 dispensatione
2938 2971 3182 3010 suacom
3196 2957 3646 3029 petit,autquasi

2004 3043 2440 3115 dispensatione
2469 3048 2659 3096 vestra
2689 3041 2944 3118 indigeat
2973 3047 3124 3099 Deus
3148 3044 3175 3098 ?

2084 3155 2107 3184 ιι
2129 3132 2269 3194 Quis
2292 3129 2435 3185 mihi
2462 3130 2681 3184 tribuat
2703 3135 2767 3184 ut
2789 3130 3140 3197 scribantur,
3169 3149 3470 3191 sermones
3494 3136 3650 3192 mei?

2007 3219 2150 3286 Quis
2182 3219 2326 3273 mihi
2357 3219 2453 3273 det
2488 3223 2549 3272 ut
2581 3223 2892 3274 exarentur
2932 3219 2991 3273 in
3052 3220 3198 3276 libro
3257 3223 3408 3295 stylo
3443 3225 3648 3296 ferreo,

2009 3314 2064 3364 et
2097 3308 2321 3380 plumbi
2351 3307 2592 3376 lamina,
2626 3307 2712 3362 vel
2746 3307 2887 3362 celte
2911 3309 3256 3380 sculpantur
3277 3311 3334 3365 in
3388 3312 3548 3368 silice
3569 3313 3646 3368 ?»

2007 3399 2290 3463 Quoniam
2323 3415 2356 3451 a
2387 3397 2548 3452 nullo
2582 3397 2817 3452 homine
2848 3397 3037 3468 potuit
3060 3397 3320 3455 invenire
3347 3401 3648 3469 solatium,

2008 3487 2288 3542 convertit
2320 3474 2392 3540 se.
2411 3485 2481 3540 ad
2517 3490 2718 3551 Deum,
2753 3489 2811 3540 et
2860 3488 3345 3544 resurrectionem
3393 3489 3651 3546 futuram

2009 3575 2314 3648 prophetat
2345 3574 2402 3628 in
2436 3574 2668 3645 spiritu,
2699 3574 2796 3627 ubi
2827 3591 2930 3646 pro
2984 3575 3076 3629 his
3135 3575 3306 3631 malis
3345 3579 3652 3648 praemium

2011 3665 2088 3720 sit
2119 3670 2475 3735 recepturus,
2509 3670 2565 3718 et
2609 3663 2729 3717 haec
2779 3663 2943 3717 duris
3005 3664 3297 3736 insculpta
3361 3666 3654 3738 lapidibus

2013 3759 2176 3825 optat
2205 3752 2466 3816 inscribi,
2523 3756 2586 3806 ut
2637 3768 2938 3806 sermones
2996 3753 3312 3825 prophetiae
3370 3755 3429 3810 in
3458 3760 3657 3812 aetates

2013 3842 2357 3899 saeculorum
2392 3840 2731 3914 prolixiores
2763 3849 3164 3912 permaneant.

2084 3956 2110 3981 ‹‹
2145 3931 2272 3986 Scio
2303 3915 2458 3986 enim
2490 3930 2642 4001 quod
2695 3930 3047 4001 Redemptor
3074 3949 3239 3987 meus
3297 3934 3453 4000 vivit,
3503 3937 3560 3987 et
3596 3932 3655 3986 in

2014 4020 2329 4076 novissimo
2362 4020 2454 4074 die
2480 4020 2549 4073 de
2578 4024 2732 4073 terra
2761 4025 3131 4075 surrecturus
3155 4038 3309 4088 sum,
3336 4021 3400 4075 Et
3421 4037 3657 4076 rursum

2015 4110 2394 4164 cirumdabor
2423 4107 2572 4180 pelle
2601 4125 2748 4173 mea,
2807 4114 2863 4162 et
2921 4109 2978 4161 in
3039 4126 3212 4164 carne
3272 4126 3399 4164 mea
3455 4109 3661 4164 videbo

2015 4200 2220 4253 Deum.
2250 4221 2277 4246 ››
2329 4197 2445 4252 Hoc
2478 4197 2657 4267 igitur
2688 4197 2887 4267 clypeo
2919 4196 3194 4263 Ecclesia,
3230 4214 3356 4268 quae
3390 4199 3661 4253 Incarna-

2016 4289 2233 4342 tionem
2266 4285 2562 4356 Unigeniti
2598 4284 2699 4338 Dei
2748 4300 2944 4338 veram
2999 4286 3329 4350 confitetur,
3377 4291 3432 4341 et
3464 4303 3657 4342 resur-

2018 4376 2330 4431 rectionem
2367 4378 2728 4428 mortuorum
2751 4373 3056 4429 verissime
3084 4375 3268 4430 credit
3293 4376 3574 4442 futuram,
3598 4391 3661 4431 se

2020 4465 2212 4519 munit
2268 4468 2324 4517 et
2381 4462 2653 4532 protegit,
2713 4466 2768 4515 et
2843 4461 3112 4518 inimicos
3171 4481 3311 4519 suos
3368 4464 3662 4520 convincit

2020 4559 2195 4624 atque
2213 4549 2484 4605 debellat.
2520 4549 2624 4604 Ubi
2657 4554 2795 4604 sunt
2826 4548 2909 4604 illi
2943 4551 3044 4622 qui
3071 4551 3271 4607 dicunt
3302 4570 3409 4608 nos
3458 4554 3514 4607 in
3568 4568 3662 4607 re-

338 4665 366 4691 ι(
404 4642 470 4696 Et
501 4643 739 4698 orabam
788 4643 940 4698 filios
974 4644 1120 4698 uteri
1156 4644 1288 4698 mei.
1323 4643 1497 4700 Stulti
1547 4663 1780 4718 quoque
1811 4648 1910 4703 de-
1944 4659 1988 4722 D
2020 4641 2375 4698 surrectione
2407 4638 2520 4693 alia
2549 4655 2791 4710 corpora
2819 4638 3170 4696 habituros?
3199 4642 3443 4697 audiant
3479 4641 3661 4696 istum

265 4731 594 4803 spiciebant
623 4749 736 4787 me.
771 4756 797 4782 »
833 4733 896 4786 In
929 4733 1248 4804 Scripturis
1276 4733 1507 4800 divinis,
1570 4734 1670 4788 ﬁlii
1713 4737 1907 4808 appel-

266 4819 469 4874 lantur
518 4821 690 4876 etiam
725 4826 1095 4894 pronepotes,
1129 4826 1184 4876 et
1215 4820 1297 4875 illi
1332 4822 1429 4892 qui
1461 4821 1721 4894 longiore
1764 4825 1912 4880 serie

265 4909 390 4964 nati
423 4915 580 4963 sunt.
615 4910 858 4966 Proinde
890 4911 1122 4982 quando
1151 4910 1300 4965 filios
1332 4911 1479 4965 uteri
1513 4913 1602 4966 sui
1653 4913 1817 4976 dixit,
1853 4913 1909 4967 in

264 5015 328 5053 se
343 4999 529 5068 .quasi
562 4999 632 5052 ad
667 4999 880 5055 fontem
913 5005 970 5055 et
1001 5001 1072 5054 ad
1094 4999 1374 5070 originem
1405 5001 1765 5071 posteritatis
1796 5019 1911 5056 suae

263 5087 559 5158 respexit:
586 5089 739 5144 unde
761 5091 810 5144 ei
835 5090 1248 5159 cognationum
1274 5089 1508 5144 familia:
1536 5089 1710 5145 veluti
1745 5091 1911 5145 rivuli

262 5182 670 5232 manaverunt.
709 5179 900 5234 Potuit
933 5184 988 5234 et
1018 5179 1148 5233 illos
1180 5178 1326 5233 uteri
1387 5177 1476 5233 sui
1505 5179 1654 5234 filios
1698 5180 1910 5248 dicere,

264 5282 422 5336 quos
453 5267 716 5322 doctrina
750 5267 1045 5339 sapientim
1076 5284 1216 5334 sum,
1251 5272 1531 5337 tanquam
1582 5270 1803 5324 semine
1843 5269 1912 5324 de

265 5361 437 5411 utero
467 5358 658 5412 cordis
688 5357 778 5412 sui
813 5358 1178 5424 formaverat,
1213 5356 1436 5411 habens
1468 5356 1525 5410 in
1561 5374 1620 5411 se
1653 5375 1755 5428 per
1783 5375 1913 5430 gru-

267 5447 418 5500 tiam
451 5448 548 5502 Dei
570 5447 817 5502 formam
850 5446 1068 5518 gratiae,
1111 5444 1556 5517 etdisciplinam
1589 5447 1805 5502 naralis
1836 5447 1915 5502 le-

264 5536 362 5607 gis
397 5535 454 5589 in
489 5537 747 5592 veritate.

343 5645 371 5673 u
411 5625 476 5678 Et
505 5641 636 5680 cum
669 5627 740 5682 ab
771 5627 854 5682 eis
887 5625 1284 5694 recessissem,
1319 5624 1701 5680 detrahebant
1749 5627 1916 5683 mihi.

262 5713 605 5774 Abominati
640 5721 779 5775 sunt
817 5733 910 5775 me
966 5715 1263 5790 quondam
1311 5711 1632 5772 consiliarii
1690 5716 1823 5789 mei,
1861 5720 1918 5774 et

2020 4731 2232 4796 virum,
2265 4744 2362 4784 ore
2396 4728 2490 4782 Dei
2525 4726 2849 4794 laudatum,
2881 4729 3167 4784 dicentem
3195 4748 3207 4784 :

2097 4843 2123 4868 «
2158 4818 2339 4881 Quem
2371 4817 2604 4872 visurus
2630 4833 2761 4871 sum
2793 4833 2898 4888 ego
2949 4817 3094 4888 ipse.
3129 4841 3156 4867 ››
3207 4820 3324 4890 Ego
3378 4818 3502 4891 ipse
3529 4817 3662 4886 Job,

2023 4909 2120 4980 qui
2155 4909 2211 4962 in
2271 4912 2522 4962 stercore
2572 4906 2758 4976 jaceo,
2821 4912 2879 4961 et
2936 4910 3092 4961 totus
3145 4907 3454 4963 vulnerum
3503 4907 3666 4963 sanie

2021 4999 2426 5068 computresco
2457 5011 2468 5049 :
2503 5011 2629 5066 ego,
2684 4995 2921 5066 inquam
2978 4995 3112 5060 Job,
3165 4997 3290 5066 jam
3332 5001 3664 5068 corruptus,

2023 5091 2198 5156 atque
2230 5084 2568 5138 vulneribus
2602 5083 2947 5151 dissolutus,
2981 5083 3038 5138 in
3071 5083 3180 5139 hac
3211 5101 3383 5139 carne
3412 5083 3666 5151 mortali,

2022 5174 2358 5243 incorrupta
2390 5172 2813 5227 resurrectione
2845 5175 3040 5227 futura
3069 5172 3430 5244 gloriﬁcatus
3461 5173 3666 5229 videbo

2026 5269 2245 5326 Deum;
2278 5266 2333 5314 et
2380 5265 2443 5314 ut
2491 5262 2839 5331 exprimeret
2897 5262 3083 5333 ipsius
3139 5263 3230 5317 sui
3284 5261 3546 5334 corporis
3575 5262 3667 5316 in-

2025 5350 2468 5411 staurationem,
2505 5349 2714 5404 idcirco
2741 5351 2860 5404 ait:

2096 5465 2120 5489 ‹‹
2160 5440 2228 5494 Et
2257 5436 2407 5491 oculi
2442 5436 2552 5492 mei
2585 5439 2952 5508 conspecturi
3013 5444 3170 5506 sunt,
3223 5444 3281 5494 et
3337 5455 3451 5494 non
3496 5438 3667 5494 alius.

2028 5527 2299 5599 Reposita
2326 5529 2413 5579 est
2444 5523 2562 5578 haec
2598 5541 2730 5596 spes
2765 5543 2892 5582 mea
2914 5528 2971 5582 in
2997 5529 3128 5584 sinu
3155 5544 3302 5583 meo.
3329 5550 3356 5578 η
3383 5527 3672 5582 Consum-

2028 5623 2186 5674 mata
2215 5617 2352 5670 sunt
2381 5613 2577 5668 omnia
2609 5614 2667 5668 in
2700 5614 2830 5671 sinu
2865 5633 3012 5673 meo.

2101 5731 2128 5758 «
2163 5707 2350 5774 Quare
2380 5719 2516 5777 ergo
2548 5719 2702 5764 nunc
2728 5705 2960 5763 dicitis:
2998 5721 3420 5781 persequamur
3439 5702 3616 5762 eum?
3636 5721 3670 5757 η
