3980 6184
449 399 565 459 707

1944 390 2359 451 APPENDIX.

3657 405 3748 466 708

445 531 520 587 Ut
544 529 684 602 quid
717 545 875 584 nunc
905 525 1100 600 agitis,
1134 526 1218 581 ita
1248 527 1314 580 ut
1341 528 1620 596 tanquam
1651 538 1888 591 vanum,
1910 520 2089 576 nihil-
2122 524 2173 588 Α
2206 522 2441 579 nomine
2470 521 2861 595 appellantur,
2889 523 3008 580 sive
3030 523 3111 580 illi
3144 525 3241 598 qui
3268 541 3394 582 eum
3421 530 3658 600 tanquam
3674 549 3748 603 pa-

444 637 558 692 que
589 619 922 673 credentem
953 614 1112 670 velut
1140 615 1325 669 Deum
1359 629 1472 668 non
1504 611 1744 667 timeam
1770 627 1782 665 :
1809 609 1927 666 sive
1957 610 2096 682 quia
2205 616 2353 667 trem
2386 612 2604 667 fuerint
2634 611 2869 683 imitati,
2903 630 3006 685 per
3034 613 3136 669 Dei
3166 617 3490 672 sententiam
3540 619 3599 673 ad
3641 620 3748 677 nihil

446 708 726 780 religione
759 705 956 761 divina
984 703 1094 760 sim
1129 702 1376 768 alienus,
1410 701 1678 773 persequi
1711 699 1920 765 velitis,
1955 715 2091 754 acu-

445 797 612 854 leatis
645 811 738 850 me
768 793 976 850 vestris
1005 791 1380 864 perfodiendo
1411 789 1801 846 sermonibus.

517 909 546 937 ‹‹
581 885 648 940 Et
681 883 935 939 radicem
992 881 1151 937 verbi
1204 879 1571 935 inveniamus
1626 882 1828 934 contra
1867 893 2022 933 eum.
2058 899 2085 926 ››

442 974 666 1030 Videtis
695 987 855 1044 ergo,
887 969 1024 1042 quia
1054 985 1282 1024 mecum
1315 985 1428 1023 non
1462 972 1527 1023 ut
1571 967 1690 1022 veri
1741 966 1912 1022 amici
1943 965 2086 1021 iide-

441 1063 577 1118 liter
604 1061 816 1134 agitis:
865 1060 966 1115 sed
1016 1061 1080 1113 ut
1137 1056 1321 1112 dolosi
1381 1057 1451 1112 de
1514 1055 1660 1111 meis
1713 1054 2084 1110 sermonibus

441 1151 587 1207 mihi
617 1151 856 1221 laqueos
887 1145 1253 1203 concinnatis
1281 1163 1293 1200 :
1328 1144 1805 1217 quandoquidem
1838 1144 1908 1199 de
1936 1142 2084 1214 ipsis

437 1240 626 1298 verbis
656 1239 801 1295 meis
831 1237 1218 1307 occasionem,
1248 1233 1408 1290 velut
1453 1234 1774 1305 quamdam
1827 1232 2080 1288 radicem

442 1326 910 1402 reprehensionis
940 1324 1200 1380 invenire
1231 1323 1466 1395 cupitis.
1998 1336 2000 1340 τ

512 1442 540 1469 ‹‹
574 1417 777 1489 Fugite
807 1431 944 1487 ergo
975 1430 1010 1469 a
1034 1412 1180 1469 facie
1211 1411 1426 1484 gladii:
1461 1409 1740 1481 quoniam
1788 1408 1942 1466 ultor
1971 1410 2079 1466 ini-

436 1507 728 1580 quitatum
759 1503 1135 1576 gladiusest.
1179 1523 1206 1550 ››
1241 1501 1355 1555 Hoc
1385 1499 1555 1554 dicit:
1622 1497 1671 1553 si
1725 1498 2080 1555 recesseritis

435 1597 508 1652 ab
539 1593 925 1668 impressione
956 1606 1106 1656 mea,
1139 1588 1401 1662 gladium
1427 1589 1602 1659 justas
1649 1587 1949 1642 sententia
1982 1588 2078 1643 Dei

437 1683 704 1759 poteritis
732 1681 992 1736 evadere.
1025 1678 1268 1734 Gladius
1299 1681 1387 1733 est
1416 1677 1571 1732 enim
1593 1675 1794 1749 lingua
1817 1676 1989 1748 regis,
2023 1681 2081 1733 et

435 1791 550 1829 non
583 1770 856 1834 carnalis,
916 1773 980 1822 ut
1038 1766 1310 1822 Salomon
1367 1765 1507 1819 dicit
1562 1765 1746 1837 (Prov.
1807 1767 2070 1838 xv1,14).

505 1886 533 1912 ‹‹
566 1861 636 1916 Et
665 1859 874 1916 scitote
900 1873 1026 1914 esse
1077 1854 1391 1926 judicium.
1429 1876 1457 1903 »
1505 1854 1628 1917 Quo
1677 1853 1902 1925 judicio
1926 1855 2075 1924 justi

425 1950 650 2024 judicis
681 1947 778 2004 Dei
808 1950 1006 2019 potero
1039 1945 1110 2000 de
1141 1943 1673 1999 subsannatoribus
1695 1943 1971 2013 judicari.

1051 2031 1288 2088 CAPUT
1327 2031 1438 2087 XX.

508 2149 530 2179 ι
565 2126 944 2200 Respondens
973 2127 1168 2180 autem
1188 2120 1415 2194 SOphar
1437 2119 1860 2189 Naamathites,
1885 2121 2031 2176 dixit
2057 2138 2069 2177 :

431 2220 650 2276 Idcirco
681 2215 1062 2288 cogitationes
1093 2227 1236 2266 meae
1284 2211 1454 2266 variae
1501 2209 1823 2265 succedunt
1851 2211 1984 2277 sibi,
2015 2215 2072 2266 et

431 2325 600 2366 mens
628 2307 690 2362 in
721 2305 945 2361 diversa
980 2302 1226 2373 rapitur.
1263 2321 1290 2350 »
1322 2299 1478 2364 Ideo,
1512 2298 1723 2369 inquit,
1778 2305 1983 2364 aestuo,
2015 2304 2073 2356 et

425 2397 775 2472 cogitatione
805 2391 1154 2449 conturbor:
1190 2388 1328 2460 quia
1356 2388 1504 2443 dicis
1537 2393 1592 2442 te
1618 2388 1741 2442 haec
1765 2387 1918 2443 mala
1943 2389 2070 2445 sine

427 2504 606 2546 causa
635 2503 670 2541 a
699 2484 814 2539 Deo
838 2481 1038 2552 judice
1085 2478 1398 2543 sustinere,
1449 2493 1583 2532 cum
1645 2477 1716 2532 de
1757 2477 1874 2533 Deo
1921 2478 2069 2533 nihil

424 2577 736 2634 sinistrum
767 2571 975 2626 debeat
1003 2565 1312 2638 suspicari.

498 2688 527 2717 «
558 2662 895 2720 Doctrinam
927 2673 1043 2729 qua
1074 2671 1167 2711 me
1192 2654 1393 2726 arguis
1423 2653 1680 2720 audiam,
1727 2659 1784 2710 et
1822 2656 2068 2727 spiritus

420 2749 818 2826 intelligentiae
876 2763 1016 2802 mea;
1075 2742 1450 2816 respondebit
1507 2741 1674 2796 mihi.
1740 2766 1766 2792 ››
1815 2744 2065 2800 Audiam

424 2845 664 2918 quidem
697 2846 750 2895 te
782 2839 1179 2906 increpantem
1213 2849 1279 2887 ac
1303 2832 1748 2902 redarguentem
1774 2848 1864 2888 me
1891 2851 1903 2888 :
1928 2833 2067 2904 quia

425 2935 569 2990 forte
591 2932 649 2986 in
676 2925 977 2985 doloribus
1001 2921 1254 2996 positum
1295 2921 1604 2992 objurgare
1636 2937 1748 2976 non
1780 2921 2021 2976 debeam
2047 2939 2060 2978 ε

422 3021 569 3077 mihi
600 3019 671 3074 de
701 3017 838 3082 Deo,
900 3013 1055 3086 quod
1115 3015 1205 3066 est
1251 3009 1658 3081 justissimum
1718 3010 2066 3080 respondere

426 3107 733 3166 convenit:
766 3103 905 3177 quia
936 3118 1050 3158 non
1083 3114 1286 3174 posses
1324 3097 1395 3153 ab
1445 3113 1511 3152 eo
1569 3098 1649 3152 ita
1706 3098 1920 3169 puniri,
1949 3099 2062 3154 nisi

422 3213 585 3255 esses
614 3194 904 3251 malorum
936 3188 1228 3258 conscius,
1284 3192 1342 3242 et
1394 3185 1712 3242 multorum
1745 3187 2062 3244 criminum

421 3303 577 3346 1⁵0118.

492 3401 520 3428 ‹‹
557 3377 674 3432 Hoc
706 3374 826 3430 scio
858 3387 892 3427 a
919 3367 1232 3442 principio,
1265 3383 1332 3422 ex
1363 3382 1477 3437 quo
1508 3365 1732 3436 positus
1761 3370 1850 3421 est
1887 3366 2059 3422 homo

421 3483 600 3540 super
644 3471 901 3519 terram:
936 3457 1091 3529 quod
1123 3456 1252 3510 laus
1283 3453 1596 3526 impiorum
1630 3446 1822 3510 brevis
1877 3455 1973 3521 sit,
2005 3460 2062 3511 et

420 3553 700 3627 gaudium
726 3546 1036 3622 hypocrita:
1064 3545 1134 3600 ad
1190 3543 1378 3599 instar
1425 3543 1646 3614 puncti.
1684 3567 1705 3596 ι
1739 3543 1870 3598 Jam
1904 3561 2058 3601 nunc

423 3641 597 3714 cmpit
640 3640 698 3694 in
730 3641 997 3692 sanctum
1030 3633 1137 3688 Job
1170 3632 1496 3688 maledictis
1543 3631 1772 3686 invehi:
1799 3649 1972 3703 quem
2003 3640 2060 3690 et

419 3729 672 3802 impium
704 3730 897 3798 aperte
955 3722 1184 3790 asserit,
1243 3725 1300 3776 et
1354 3719 1737 3792 hypocritam,
1788 3737 1854 3776 eo
1902 3724 2054 3794 quod

418 3815 786 3875 simulaverit
817 3829 878 3870 se
901 3813 1154 3883 justum,
1187 3815 1244 3864 et
1273 3824 1427 3864 nunc
1481 3809 1538 3863 in
1596 3808 1777 3864 Deum
1827 3811 2058 3868 rebellis

415 3905 721 3966 exstiterit.

495 4020 516 4048 ι
553 3996 611 4052 Si
645 3989 972 4050 ascenderit
1002 4003 1189 4060 usque
1218 3986 1288 4041 ad
1319 3983 1530 4042 ccelum
1590 3987 1866 4058 superbia
1906 3988 2056 4058 ejus,

415 4092 473 4144 et
502 4089 678 4158 caput
716 4083 845 4154 ejus
877 4079 1064 4136 nubes
1090 4075 1366 4148 tetigerit.
1405 4098 1432 4125 »
1463 4074 1771 4130 Manifesta
1817 4080 1874 4131 et
1901 4081 2058 4134 certa

411 4173 751 4249 hyperbole,
802 4169 1100 4226 hominem
1149 4164 1364 4221 elatum
1417 4164 1614 4230 nimis,
1659 4169 1716 4220 et
1763 4165 2056 4222 tumidum

413 4265 576 4320 dicit.
807 4272 810 4275 ’

487 4374 515 4403 ‹‹
538 4351 712 4417 Quasi
736 4347 1168 4421 sterquilinium
1189 4345 1246 4400 in
1273 4344 1386 4399 ﬁne
1404 4343 1700 4416 perdetur,
1723 4348 1779 4400 et
1802 4344 1900 4416 qui
1921 4362 2056 4402 eum

413 4443 699 4507 videranl,
721 4438 914 4494 dicent
937 4456 949 4492 :
978 4435 1079 4494 Ubi
1101 4438 1191 4491 est
1210 4434 1237 4489 ?
1258 4457 1284 4484 »
1303 4433 1410 4497 Qui
1428 4432 1793 4504 sterquilinio
1823 4434 2055 4490 assimi-

410 4531 570 4588 latus
603 4547 664 4587 es
697 4545 800 4602 per
827 4526 1044 4593 omnia,
1077 4532 1131 4580 et
1161 4523 1285 4596 ipse
1315 4528 1370 4579 te
1401 4539 1556 4577 nunc
1604 4522 1896 4595 conspicis
1945 4541 2058 4596 pu-

2203 700 2565 772 redigentur,
2602 703 2757 772 quod
2781 703 2909 772 jam
2942 702 3001 757 in
3036 702 3171 758 ﬁliis
3189 703 3320 771 tuis,
3353 705 3639 764 carnalibus
3656 725 3751 781 ope-

2202 789 2365 844 ribus
2397 806 2630 861 quoque
2664 789 2782 845 tuis
2834 807 2902 846 ex
2932 796 3094 863 parte
3122 792 3280 848 vides
3309 808 3426 849 esse
3447 795 3748 867 completum.

2275 901 2296 928 α
2335 878 2401 934 Et
2431 894 2644 934 manus
2674 877 2832 934 illius
2871 880 3114 936 reddent
3161 880 3212 936 ei
3266 881 3505 938 dolorem
3547 900 3744 942 suum.»

2198 968 2314 1022 [loc
2343 967 2500 1022 enim
2530 972 2804 1039 operatus
2835 974 2924 1024 est
2953 970 3107 1024 unde
3138 969 3355 1026 malum
3381 971 3630 1040 vindictae,
3655 991 3752 1048 ope-

2197 1060 2365 1111 rante
2394 1055 2496 1111 Dei
2520 1056 2776 1126 justitia,
2809 1056 3062 1128 recipere
3092 1064 3422 1114 mereretur.

2273 1164 2294 1193 α
2311 1144 2458 1200 Ossa
2477 1146 2604 1216 ejus
2627 1144 3032 1217 implebuntur
3049 1145 3204 1202 vitiis
3217 1147 3711 1221 adolescentieejus.
3729 1175 3750 1202 ι»

2195 1234 2314 1290 Hoc
2344 1233 2444 1302 ait,
2477 1234 2629 1304 quod
2680 1251 2714 1289 a
2757 1235 3068 1306 juventute
3115 1253 3244 1305 sua,
3302 1253 3368 1292 ex
3410 1253 3518 1309 qua
3550 1240 3751 1310 graviora

2193 1327 2429 1396 peccata
2485 1323 2851 1380 committere
2907 1325 3116 1396 caspit:
3179 1325 3239 1380 in
3297 1326 3505 1382 eisdem
3556 1330 3748 1399 peccatis

2193 1413 2317 1468 suis
2340 1427 2526 1483 usque
2556 1412 2614 1467 in
2649 1417 2942 1468 senectam
2991 1415 3412 1485 permanserit:
3465 1432 3556 1487 pro
3590 1417 3750 1488 quibus

2190 1517 2494 1572 nunquam
2524 1500 2771 1556 voluerit
2801 1501 3094 1573 paenitere.
3145 1503 3216 1558 Et
3263 1503 3467 1559 idcirco
3509 1507 3748 1577 sequitur:

2260 1613 2288 1640 «
2321 1590 2390 1644 Et
2418 1605 2551 1644 cum
2580 1605 2646 1645 eo
2677 1589 2735 1644 in
2768 1589 3001 1661 pulvere
3031 1591 3341 1648 dormient.
3378 1614 3404 1642 »
3433 1593 3490 1648 Id
3534 1599 3626 1663 est,
3659 1600 3749 1666 post

2188 1683 2434 1735 mortem
2465 1678 2734 1734 vitiorum
2761 1695 2887 1750 quae
2913 1683 3002 1735 est
3029 1679 3087 1735 in
3107 1681 3304 1737 anima
3328 1698 3340 1736 :
3367 1683 3480 1738 sive
3522 1699 3678 1754 usque
3700 1684 3750 1738 ad

2187 1773 2434 1824 mortem
2503 1784 2629 1838 quae
2689 1768 2754 1822 fit
2814 1769 3229 1824 resolutionem
3302 1771 3546 1842 corporis
3601 1771 3750 1843 hujus.

2185 1857 2332 1913 Ossa
2358 1873 2492 1928 ergo
2526 1857 2635 1912 hoc
2663 1855 2788 1912 loco
2817 1856 3006 1929 ipsam
3039 1863 3398 1914 senectutem
3439 1877 3544 1916 non
3585 1865 3657 1916 est
3680 1861 3749 1916 ab-

2185 1947 2430 2002 surdum
2447 1945 2804 2002 intellexisse
2825 1964 2837 2001 :
2863 1947 3080 2018 quibus
3101 1948 3479 2004 veternositas
3503 1965 3748 2013 annorum,

2183 2040 2243 2092 et
2269 2034 2512 2091 durities
2544 2034 2688 2090 senii
2713 2035 2838 2105 jam
2871 2040 3223 2106 praematura
3272 2037 3624 2110 signiﬁcetur.
3659 2038 3751 2093 Sive

2182 2142 2317 2182 ossa
2346 2125 2476 2196 ejus
2508 2122 2911 2196 implebuntur
2951 2124 3109 2180 vitiis
3153 2125 3556 2192 adolescentia,
3598 2131 3684 2182 etc.
3709 2127 3750 2181 Si

2183 2231 2309 2288 qua:
2340 2214 2520 2286 igitur
2556 2211 2797 2268 virtutes
2847 2217 2986 2268 sunt
3032 2215 3216 2270 animi
3267 2215 3324 2270 in
3371 2215 3539 2288 impio
3573 2216 3752 2272 homine

2183 2303 2498 2368 naturales,
2532 2301 2608 2358 ab
2661 2301 3056 2358 adolescentia
3103 2303 3235 2373 ejus
3279 2304 3432 2360 vitiis
3477 2305 3590 2376 ejus
3616 2303 3748 2359 inole~

2181 2398 2375 2460 scunt,
2406 2397 2462 2447 et
2494 2391 2884 2456 resolvuntur,
2917 2395 3018 2445 aut
3048 2391 3336 2461 defluunt,
3379 2398 3441 2448 ut
3468 2392 3599 2448 nihil
3625 2393 3670 2448 in
3693 2392 3750 2448 eis

2181 2484 2433 2542 solidum
2464 2485 2522 2536 et
2550 2481 2694 2535 forte
2745 2483 3018 2535 maneat:
3064 2481 3206 2551 quia
3245 2483 3370 2553 jam
3409 2482 3610 2538 eisdem
3635 2481 3748 2536 vitiis

2177 2577 2460 2644 tanquam
2475 2569 2753 2626 carnibus
2778 2568 2976 2623 ﬂuidis
3000 2567 3270 2626 videlicet
3290 2570 3458 2627 rebus
3473 2571 3750 2644 operiuntur

2178 2665 2236 2717 et
2266 2661 2657 2731 obteguntur:
2692 2656 2792 2712 ubi
2825 2657 3015 2728 magis
3047 2657 3328 2716 deberent
3365 2659 3607 2723 virtutes,
3633 2657 3749 2713 velut

2177 2767 2312 2806 ossa
2343 2747 2529 2804 solida
2559 2751 2616 2802 et
2649 2745 3012 2811 ﬁrmissima,
3044 2752 3326 2819 tanquam
3359 2765 3551 2805 carnes
3591 2747 3750 2802 ﬂuidas

2175 2844 2231 2895 et
2261 2837 2503 2902 solutas,
2537 2834 2676 2888 vitia
2706 2833 3074 2906 restringere,
3109 2837 3406 2893 continere
3434 2842 3487 2893 et
3506 2851 3689 2909 regere,
3710 2837 3752 2888 et

2176 2929 2304 2983 ideo
2337 2928 2396 2980 in
2427 2924 2620 2978 carnis
2651 2923 2779 2993 ejus
2811 2923 3046 2994 pulvere
3072 2925 3402 2982 dormiant:
3437 2927 3580 2998 quia,
3622 2939 3750 2996 repu-

2175 3015 2494 3090 gnantibus
2524 3012 2681 3068 vitiis
2712 3016 2888 3083 atque
2919 3011 3312 3082 vincentibus,
3361 3016 3592 3087 rigorem
3629 3014 3748 3068 bone

2174 3123 2292 3162 suae
2324 3107 2544 3159 natura:
2576 3101 2866 3156 amittent.

2245 3218 2272 3244 ‹‹
2298 3195 2441 3250 Cum
2470 3189 2627 3247 enim
2659 3189 2827 3245 dulce
2857 3189 3028 3245 fuerit
3057 3190 3115 3245 in
3147 3207 3250 3247 ore
3278 3193 3404 3264 ejus
3424 3191 3750 3258 malum,abs-

2091 3259 2134 3326 C
2174 3284 2382 3340 condet
2411 3281 2556 3336 illud
2588 3279 2698 3334 sub
2729 3278 2930 3350 lingua
2980 3295 3106 3334 sua.
3141 3302 3170 3330 ››
3234 3259 3430 3337 Dulcia
3474 3280 3611 3337 mala
3648 3281 3750 3334 sunt

2170 3373 2368 3446 impie,
2404 3367 2773 3442 blasphemia
2801 3373 2860 3422 et
2888 3372 3094 3424 caetera
3123 3369 3247 3426 oris
3278 3375 3523 3443 peccata.
3553 3370 3748 3426 Abscon-

2168 3464 2264 3519 det
2295 3460 2406 3517 sub
2440 3459 2642 3531 lingua
2672 3473 2797 3523 sua,
2821 3456 3059 3512 dicens:
3094 3457 3195 3512 ubi
3229 3464 3318 3514 est
3345 3460 3394 3515 ei
3426 3459 3576 3516 labor
3599 3462 3647 3513 et
3669 3456 3746 3509 do-

2167 3551 2273 3622 lor,
2308 3554 2364 3604 et
2391 3547 2662 3603 defendet
2709 3549 2885 3616 atque
2933 3544 3167 3611 celabit,
3220 3551 3287 3602 ut
3340 3547 3419 3603 ait
3459 3547 3744 3616 Scriptura:

2168 3641 2276 3708 Qui
2305 3635 2541 3704 conlegit
2598 3634 2945 3703 iniquitatem
3001 3648 3182 3703 suam,
3242 3650 3353 3690 non
3394 3633 3747 3707 prosperantur

2165 3731 2356 3801 (Prov.
2385 3741 2524 3791 xvu,
2554 3725 2631 3795 9).

2237 3840 2265 3868 ‹‹
2302 3816 2503 3870 Parcet
2531 3811 2639 3874 illi,
2671 3815 2729 3866 et
2759 3827 2875 3866 non
2929 3811 3294 3886 derelinquet
3342 3813 3502 3882 illud,
3531 3836 3549 3860 ι
3585 3811 3634 3866 Id
3661 3811 3740 3872 est,

2164 3905 2380 3978 palpat,
2414 3903 2584 3967 fovet,
2617 3905 2675 3956 et
2706 3899 2887 3954 nutrit
2916 3899 3137 3957 malum
3179 3919 3378 3972 suum,
3427 3907 3481 3958 et
3505 3899 3747 3956 delectans

2164 4012 2227 4052 se
2255 3995 2315 4050 in
2347 3992 2468 4059 illo,
2502 4005 2804 4061 nunquam
2838 3990 3102 4061 poenitet,
3137 3996 3202 4046 ut
3233 3994 3304 4047 ab
3335 4009 3400 4048 eo
3431 3988 3678 4046 discedat.

2237 4084 2342 4139 «Et
2369 4080 2581 4138 celabit
2612 4079 2688 4134 in
2721 4082 2956 4150 gutture
3004 4095 3132 4134 suo.
3166 4103 3194 4130 »
3245 4081 3390 4136 Illud
3441 4080 3612 4136 dicere
3637 4068 3746 4128 mihi

2163 4173 2416 4234 videtur,
2439 4169 2592 4242 quod
2618 4183 2848 4239 semper
2877 4168 2954 4222 sit
2983 4168 3055 4224 ad
3079 4167 3594 4242 blasphemandum
3622 4174 3748 4235 para-

2163 4265 2281 4329 tus,
2308 4266 2365 4317 et
2396 4276 2510 4315 non
2542 4257 2705 4330 prius
2735 4257 2947 4312 saltem
2981 4272 3082 4328 per
3128 4256 3388 4330 aliquam
3444 4269 3644 4313 moram
3671 4263 3746 4304 co-

2163 4350 2308 4422 gitat
2336 4349 2476 4420 quid
2508 4347 2773 4403 dicturus
2805 4350 2928 4400 est:
2981 4345 3119 4416 quia
3157 4347 3287 4417 jam
3335 4351 3582 4420 paratam
3611 4337 3748 4396 habet

2162 4437 2613 4511 blasphemiam,
2635 4451 2810 4508 quam
2833 4450 2966 4490 cum
2988 4433 3392 4492 maledictione
3406 4433 3587 4492 cordis
3599 4428 3749 4486 edun-

2164 4529 2282 4584 dat.
2667 4547 2675 4559 ’

408 4621 746 4677 trefactum.
779 4617 849 4673 Et
877 4615 977 4688 qui
1007 4613 1301 4685 quondam
1333 4610 1598 4666 viderant
1625 4617 1682 4666 te
1714 4617 2054 4684 regnantem
2085 4629 2132 4694 Ι)
2243 4638 2264 4666 ε
2298 4617 2472 4674 Panis
2499 4617 2628 4688 ejus
2658 4615 2716 4670 in
2749 4619 2912 4672 utero
2935 4615 3091 4671 illius
3132 4620 3388 4673 vertetur
3427 4615 3484 4671 in
3537 4609 3600 4667 fel
3626 4602 3746 4677 aspi-

412 4711 470 4766 in
506 4709 712 4784 gloria,
745 4722 900 4762 nunc
950 4703 1228 4776 inquiunt
1275 4699 1584 4755 insultanti
1629 4716 1798 4756 voce:
1833 4700 1937 4756 Ubi
1968 4705 2060 4757 est
2165 4707 2306 4763 dum
2340 4705 2713 4761 intrinsecus.
2754 4725 2779 4753 u
2813 4703 2986 4759 Panis
3032 4704 3254 4762 scilicet
3295 4709 3413 4760 tota
3446 4703 3556 4757 vita
3582 4695 3745 4784 hujus-

410 4799 510 4856 ille
537 4795 1016 4872 sapientissimus
1045 4789 1376 4860 hominum,
1408 4793 1464 4844 et
1495 4789 1936 4860 potentissimus
1969 4807 2056 4846 re-

412 4905 550 4960 gum
572 4889 600 4943 ‘?

487 4998 514 5025 ‹‹
543 4975 715 5031 Velut.
735 4975 1030 5031 somnium
1065 4969 1301 5026 avolans
1332 4984 1446 5024 non
1479 4967 1808 5023 invenietur
1833 4984 1844 5023 :
1868 4971 2055 5024 trans-

414 5065 496 5120 iet
517 5063 669 5120 sicut
688 5063 834 5120 visio
865 5068 1168 5119 nocturna.
1203 5083 1231 5109 ››
1255 5057 1622 5113 Manifestum
1646 5061 1734 5112 est
1753 5057 1905 5112 sicut
1925 5057 2007 5113 ait
2034 5074 2048 5112 :

417 5152 618 5224 Deiecit
647 5153 794 5208 velut
852 5152 1128 5207 somnium
1185 5148 1461 5219 surgentis
1509 5145 1689 5218 (Ρδὰι.
1759 5163 1928 5214 Lxxu,
1962 5148 2048 5214 19,

410 5242 524 5313 20).

485 5353 512 5382 «
544 5329 762 5386 Oculus
790 5329 891 5402 qui
923 5345 1057 5384 eum
1089 5328 1328 5395 viderat,
1390 5343 1504 5382 non
1565 5325 1782 5382 videbit
1814 5343 1827 5382 :
1861 5342 2050 5398 neque

414 5419 568 5476 ultra
595 5419 918 5475 intuebitur
945 5433 1078 5473 eum
1113 5416 1274 5472 locus
1320 5432 1486 5472 suus.
1520 5437 1548 5465 »
1603 5415 1661 5470 ld
1725 5419 1833 5484 est,
1867 5415 2053 5471 honor

411 5509 598 5583 impiii
630 5525 746 5565 non
777 5506 992 5581 poterit
1019 5504 1296 5578 reparari.

481 5624 508 5651 ‹‹
540 5599 668 5657 Filii
699 5599 826 5670 ejus
856 5599 1182 5652 atterentur
1221 5597 1496 5667 egestate.
1531 5615 1558 5642 »
1588 5593 1714 5648 Sive
1761 5609 1897 5667 ergo
1927 5609 2050 5650 car-

413 5688 578 5752 nales
607 5687 716 5749 fllii
745 5687 894 5762 ejus,
928 5684 1047 5744 sive
1075 5698 1250 5760 opera
1278 5698 1404 5762 quae
1435 5681 1753 5755 aliquando
1796 5681 2052 5742 ﬁliorum

2167 4795 2326 4852 modi
2356 4794 2633 4860 hominis,
2667 4797 2754 4848 est
2785 4792 3087 4850 delectatio
3129 4798 3511 4866 peccatorum,
3550 4779 3748 4842 dulcedo

2167 4885 2592 4950 illecebrarum,
2627 4887 2684 4938 et
2721 4881 2998 4950 suavitas,
3025 4899 3153 4954 quas
3184 4899 3382 4938 amara
3431 4879 3508 4934 illi
3553 4881 3604 4932 et
3627 4883 3746 4928 mor-

2167 4975 2336 5030 tifera
2362 4971 2737 5046 postmodum
2771 4970 2899 5026 erit.
2934 4971 3097 5036 Quod
3127 4976 3320 5026 autem
3351 4969 3490 5025 dixit
3517 4965 3569 5020 in
3588 4962 3746 5046 ventre

2165 5065 2315 5134 ejus,
2347 5043 2456 5118 hoc
2488 5061 2590 5129 ait,
2623 5060 2780 5131 quod
2811 5059 2986 5116 etiam
3018 5059 3078 5114 in
3110 5060 3278 5116 corde
3309 5074 3414 5115 suo
3443 5071 3537 5128 pro
3565 5043 3745 5134 iniqui'

2164 5133 2386 5208 tatibus
2415 5150 2561 5216 suis,
2609 5164 2842 5204 amaros
2889 5147 3140 5220 dolores,
3192 5149 3427 5204 acerbos
3481 5147 3532 5198 et
3574 5133 3746 5194 nimio!

2165 5239 2523 5297 conscientia
2541 5242 2848 5310 torquente
2879 5238 3154 5309 patiatur.

2240 5352 2260 5378 α
2297 5327 2538 5384 Divitias
2565 5343 2713 5400 quas
2760 5326 3055 5382 devoravit
3105 5328 3348 5391 evomet,
3395 5325 3450 5378 et
3493 5319 3558 5374 de
3584 5312 3744 5400 ventu:

2163 5416 2322 5474 illius
2353 5393 2615 5474 extrahet
2643 5433 2742 5472 eas
2768 5416 2946 5472 Deus.
2986 5414 3174 5488 Caput
3193 5412 3455 5485 aspidum
3487 5393 3746 5495 surget.et

2162 5508 2386 5563 occidet
2414 5523 2548 5563 eum
2583 5505 2784 5578 lingua
2814 5505 3040 5576 viperae.
3076 5526 3104 5552 »
3154 5503 3312 5570 Quod
3365 5499 3551 5569 inique
3578 5496 3626 5546 et
3649 5495 3742 5580 vio-

2159 5595 2345 5652 lenter
2367 5594 2587 5668 rapuit,
2617 5599 2674 5650 et
2705 5593 2935 5664 invasit,
2961 5592 3164 5650 merito
3194 5591 3244 5647 ei
3294 5590 3443 5647 Deus
3486 5568 3741 5668 pmnas‘il'

2159 5683 2296 5745 latis
2327 5662 2673 5744 criminibus
2693 5683 2820 5757 ejus
2846 5662 3099 5742 reddidit
3128 5699 3140 5742 :
3172 5685 3227 5739 et
3255 5679 3336 5737 ita
3359 5662 3742 5747 extorquebitm‘
