3980 6184
238 409 358 468 709

1322 403 1840 466 COMMENTAR.
1885 403 1964 463 IN
2009 403 2174 466 JOB.
2221 406 2389 467 CAP.
2435 406 2562 468 XX.

3534 413 3665 475 ἨΟ

241 541 316 597 ab
337 539 540 610 iniquo
563 537 720 610 quod
741 535 961 608 injuste
982 535 1322 593 abstulerat.
1351 537 1608 609 Angelus
1637 537 1890 594 veroille
1922 538 1973 603 Α
2006 542 2240 594 sanctos
2286 540 2413 610 ejus
2457 544 2819 612 oppugnant.
2878 541 3036 606 Quod
3086 548 3282 601 autem
3323 547 3439 604 ait:
3485 548 3655 606 Pluat

241 627 344 702 qui
393 630 630 682 centum
677 623 974 696 octoginta
1021 623 1280 695 quinque
1331 623 1518 678 millia
1566 625 1777 680 occidit
1805 624 1894 694 (IV

243 717 374 787 Reg.
405 731 521 780 xIx,
554 713 670 784 35),
717 712 945 766 videtur
985 712 1176 767 bonus
1225 712 1468 784 angelus
1500 713 1718 768 fuisse:
1753 711 1893 782 quia

241 804 436 878 angeli
467 817 760 859 messores
792 807 949 865 sunt,
986 800 1206 856 zizania
1235 801 1471 874 ignibus
1494 802 1724 857 (sternis
1755 818 1891 856 exu-

243 893 445 950 renda.
478 890 680 964 (Matth.
714 906 841 960 xm,
873 889 964 957 39,
995 890 1109 960 40).

316 1006 343 1033 ‹‹
378 982 503 1038 Non
549 981 743 1036 videat
793 977 1013 1034 rivulos
1063 978 1346 1047 ﬂuminis,
1392 979 1670 1034 torrentis
1702 978 1893 1034 mellis

239 1077 302 1129 et
317 1070 530 1144 butyri.
550 1067 957 1125 Amosnitatem
975 1066 1092 1123 sive
1109 1067 1346 1123 delicias
1359 1068 1636 1141 paradisi,
1655 1067 1898 1123 afﬂuen-

239 1161 386 1217 tiam
418 1173 651 1232 quoque
682 1157 810 1227 eius
840 1156 934 1210 his
982 1155 1324 1212 nominibus
1371 1156 1689 1229 significari
1720 1173 1890 1211 nove-

243 1252 433 1307 rimus
458 1267 471 1305 :
504 1253 563 1304 et
585 1262 750 1318 reges
772 1244 831 1300 hi
857 1244 956 1317 qui
978 1262 1093 1300 non
1115 1246 1432 1302 adversarii
1455 1250 1621 1301 erant
1640 1245 1892 1314 veritati,

243 1339 402 1412 quod
432 1336 544 1410 ipsi
577 1335 697 1391 sint
725 1332 808 1388 illi
840 1333 1096 1405 impetus
1145 1333 1426 1403 ﬂuminis,
1469 1335 1568 1406 qui
1601 1333 1897 1390 lmtificant

243 1429 538 1484 civitatem
572 1425 589 1496 (
619 1423 769 1480 Psal.
809 1439 934 1490 XLV,
965 1423 1043 1493 5),
1078 1439 1193 1478 non
1244 1424 1496 1479 absurde
1526 1421 1894 1494 intelligitur,

245 1520 526 1573 manante
555 1513 774 1569 scilicet
803 1512 874 1569 de
904 1512 1084 1576 fonte,
1116 1511 1235 1567 sive
1266 1512 1336 1567 de
1366 1511 1606 1567 ﬂumine
1633 1511 1894 1583 Scriptu-

244 1620 489 1661 rarum:
522 1602 640 1657 sive
681 1600 917 1656 eosdem
966 1599 1259 1672 apostolos
1313 1600 1420 1656 hos
1458 1601 1712 1672 impetus
1743 1605 1896 1656 recte

246 1693 561 1758 sentimus,
594 1694 869 1746 exeuntes
895 1689 966 1744 de
1009 1688 1165 1744 fonte
1214 1688 1506 1761 Evangelii
1542 1690 1611 1744 ad
1647 1689 1892 1762 irrigan-

243 1783 356 1838 das
385 1786 567 1837 terras
597 1778 826 1834 steriles
859 1777 1207 1850 populorum
1235 1796 1248 1834 :
1282 1794 1429 1849 quos
1461 1778 1636 1833 etiam
1669 1782 1892 1833 torren-

241 1877 335 1928 tes
386 1872 625 1942 pr0pter
672 1866 946 1925 velociter
987 1867 1234 1922 effusam
1283 1883 1459 1938 super
1506 1883 1740 1922 omnem
1784 1867 1890 1922 do-
1924 1908 1972 1974 Β

238 1959 462 2016 trinam
476 1973 702 2022 eorum,
717 1954 1038 2027 intelligere
1053 1957 1363 2011 debemus:
1389 1973 1516 2028 quae
1531 1956 1894 2012 doctrinadi-

237 2049 400 2120 vina,
431 2047 591 2103 melli
625 2049 863 2118 propter
891 2044 1254 2116 eloquiorum
1289 2045 1389 2100 Dei
1412 2045 1804 2114 dulcedinem,
1837 2050 1892 2101 et

239 2139 454 2210 butyro
486 2139 722 2208 propter
750 2133 1076 2206 sinplicein,
1106 2138 1164 2189 et
1194 2135 1563 2191 innocentem
1594 2137 1892 2204 eumdem,

241 2228 446 2282 cibum
469 2224 739 2281 doctrinae
754 2224 1057 2279 verissime
1083 2228 1458 2295 comparatur
1482 2241 1496 2279 :
1521 2224 1621 2295 qui
1644 2225 1816 2279 etiam
1835 2225 1894 2278 in

241 2314 475 2388 psalmo
495 2313 648 2368 hanc
673 2310 1044 2368 dulcedinem
1067 2311 1316 2384 impium
1340 2329 1457 2368 non
1492 2311 1630 2367 dicit
1661 2312 1893 2368 habitu-

242 2420 379 2460 rum
391 2446 404 2460 .

321 2515 350 2542 ‹‹
387 2492 533 2547 Luet
552 2507 679 2562 qua
702 2489 835 2546 fecit
854 2489 1071 2559 omnia,
1098 2506 1202 2546 nec
1225 2494 1419 2545 tamen
1442 2494 1841 2547 consumetur.
1871 2513 1892 2540 ι

241 2581 399 2637 Illud
431 2585 540 2647 est,
592 2580 735 2651 quia
783 2579 1052 2651 gehenna
1098 2580 1365 2651 quaedam
1396 2584 1679 2653 perpetua
1709 2580 1898 2635 incor-

245 2675 468 2743 ruptio,
501 2673 558 2725 et
597 2672 812 2724 aeterna
854 2669 1284 2740 perseverantia
1329 2673 1755 2725 tormentorum
1787 2672 1896 2724 est.

327 2784 350 2810 ι
384 2759 560 2815 Juxta
608 2756 1047 2812 multitudinem
1098 2758 1575 2813 adinventionum
1631 2775 1900 2825 suarum,

245 2850 336 2906 sic
361 2852 420 2905 et
441 2844 755 2904 sustinebit
777 2864 790 2902 :
811 2846 1087 2918 quoniam
1115 2845 1485 2918 confringens
1504 2847 1747 2902 nudavit
1765 2864 1904 2918 pau-

244 2937 408 3012 peris
466 2937 746 2992 domum:
808 2934 1024 3006 rapuit,
1085 2939 1138 2990 et
1171 2952 1284 2990 non
1345 2935 1651 2990 adificavit
1685 2953 1834 2991 eam.
1868 2955 1895 2987 ι

241 3028 427 3084 Juxta
442 3023 585 3080 illud
602 3024 756 3098 quod
772 3024 1054 3097 propheta
1070 3023 1212 3078 dicit
1226 3024 1296 3079 ad
1316 3023 1498 3079 Deum
1517 3040 1528 3079 :
1547 3025 1825 3096 quoniam
1840 3029 1900 3079 tu

246 3115 462 3170 reddes
479 3114 795 3185 unicuique
813 3113 1133 3169 secundum
1151 3129 1325 3185 opera
1342 3130 1449 3168 sua
1465 3114 1638 3181 (Psal.
1657 3130 1769 3179 LXI,
1794 3114 1902 3186 13).

326 3226 356 3254 ‹‹
390 3203 503 3259 Nec
533 3208 623 3258 est
668 3202 913 3258 satiatus
963 3206 1163 3257 venter
1208 3203 1357 3273 ejus.
1411 3225 1439 3252 ››
1491 3201 1764 3258 Ventrem
1811 3201 1904 3257 hic

2001 644 2177 698 super
2205 643 2336 682 eum
2390 628 2622 683 abunde
2671 630 2728 683 in
2773 646 2907 685 enm
2959 631 3309 692 calamitatis
3353 638 3650 694 miseriam

2000 721 2272 787 precatur
2314 717 2573 773 effundi:
2625 718 2745 774 sive
2795 719 2968 775 homo
3019 720 3238 792 impius
3286 725 3385 794 qui
3431 727 3651 784 bellum

1999 804 2378 876 blasphemiae
2410 806 2586 863 infert
2617 807 2752 879 Deo,
2787 807 3023 880 recipiet
3051 825 3203 881 opus
3238 827 3434 869 suum.

2077 916 2106 943 ‹‹
2135 894 2336 966 Fugiet
2360 912 2523 950 arma
2546 896 2748 964 ferrea,
2775 902 2832 952 et
2853 897 3036 954 irruet
3059 898 3118 953 in
3141 916 3342 956 arcum
3367 919 3602 960 aereum.
3621 926 3650 956 ιι

2002 982 2308 1054 Tanquam
2367 984 2416 1037 si
2473 985 2724 1041 diceret:
2791 987 3026 1058 quando
3085 990 3310 1060 putavit
3367 1007 3429 1048 se
3479 991 3653 1048 levio.

2003 1087 2096 1127 res
2127 1071 2491 1127 calamitates
2522 1089 2693 1144 posse
2740 1075 2960 1146 fugere,
3012 1077 3069 1131 in
3111 1078 3428 1136 atrociores
3457 1081 3655 1137 incur-

2003 1165 2106 1214 ret.
2145 1160 2273 1216 Sive
2306 1161 2507 1216 aliter:
2544 1162 2604 1217 Si
2655 1163 2842 1219 socios
2880 1169 2937 1218 et
2987 1165 3289 1224 ministros
3320 1169 3536 1226 diaboli
3563 1171 3654 1226 fu-

2003 1248 2148 1318 giat,
2183 1249 2439 1304 incurret
2465 1250 2524 1304 in
2573 1250 2768 1322 ipsum
2819 1253 3139 1326 principem
3170 1258 3567 1325 tenebrarum,
3599 1265 3657 1316 et

2005 1353 2136 1391 cum
2170 1337 2287 1392 sint
2316 1337 2398 1392 illi
2431 1338 2676 1394 rebelles
2709 1341 2762 1394 in
2806 1341 3053 1407 malitia,
3100 1345 3278 1400 fortes
3306 1351 3362 1400 et
3390 1347 3652 1404 duricor-

2004 1426 2106 1479 des
2138 1431 2416 1498 tanquam
2455 1444 2619 1483 arma
2662 1429 2866 1498 ferrea,
2917 1431 2974 1486 in
3024 1433 3278 1503 pejorem
3323 1439 3516 1492 tamen
3549 1455 3654 1493 θυι

2004 1517 2218 1569 ctorem
2253 1515 2432 1570 totius
2464 1515 2624 1584 mali,
2656 1519 2812 1572 velut
2840 1519 2896 1573 in
2929 1536 3131 1576 arcum
3177 1539 3400 1578 aeneum
3434 1525 3654 1597 impin-

2003 1607 2138 1674 get:
2176 1620 2348 1675 quem
2381 1609 2522 1676 puto
2552 1605 2680 1661 ideo
2708 1606 2816 1661 hec
2846 1606 2971 1663 loco
3011 1625 3209 1664 arcum
3242 1612 3650 1670 nominatum:

2003 1691 2142 1763 quia
2171 1692 2256 1747 vel
2289 1694 2540 1749 maxime
2565 1694 2620 1749 in
2671 1694 2901 1751 insidiis
2941 1701 2998 1751 et
3021 1696 3154 1752 dolo
3204 1698 3471 1756 homines
3527 1701 3652 1758 ino-

2002 1780 2274 1851 pinantes
2299 1780 2644 1838 interemere
2677 1800 2790 1838 non
2823 1784 3056 1840 desinit.
3094 1792 3244 1842 Arcu
3270 1789 3425 1844 enim
3465 1789 3651 1862 inopi-

2004 1869 2279 1924 nantibus
2311 1869 2655 1943 plerumque
2685 1871 2800 1927 tela
2835 1873 3159 1943 jaciuntur.
3194 1876 3263 1930 Et
3294 1893 3408 1933 non
3438 1877 3650 1935 libera—

2003 1958 2158 2012 bitur
2191 1958 2261 2013 de
2311 1976 2486 2014 manu
2538 1959 2737 2032 gladii.
2762 1961 2888 2017 Hoc
2917 1961 3094 2019 dicit:
3126 1963 3266 2035 quia
3305 1982 3420 2020 non
3453 1967 3657 2024 evadet

2003 2046 2271 2102 diabolus
2305 2053 2551 2102 mortem
2585 2053 2943 2120 perpetuam.

2075 2159 2103 2186 «
2132 2133 2372 2191 Gladius
2397 2136 2704 2207 deductus,
2737 2142 2794 2193 et
2835 2139 3137 2210 egrediens
3169 2141 3240 2196 de
3280 2143 3489 2215 vagina
3519 2160 3654 2213 sua,

2005 2228 2062 2279 et
2096 2224 2404 2296 fulgurans
2449 2225 2507 2279 in
2561 2225 2951 2283 amaritudine
2997 2245 3124 2284 sua.
3156 2252 3184 2278 ››
3215 2229 3361 2294 Quia
3396 2233 3654 2289 diximus

2007 2329 2233 2378 arcum,
2259 2312 2542 2370 translato
2566 2315 2821 2386 nomine,
2846 2315 3144 2373 diabolum
3176 2335 3348 2390 posse
3371 2319 3652 2394 intelligi:

2006 2402 2107 2474 qui
2139 2402 2276 2457 dum
2311 2403 2708 2458 inobedientia
2727 2405 3158 2477 transgreditur
3187 2409 3490 2481 terminos,
3519 2415 3574 2465 et
3595 2410 3655 2465 in

2008 2491 2282 2562 superbia
2306 2491 2496 2547 elatus
2529 2496 2712 2548 metas
2743 2499 2959 2549 sanctae
2981 2495 3334 2558 humilitatis
3363 2502 3658 2554 transcen-

2009 2580 2131 2634 dit:
2167 2580 2335 2652 quasi
2367 2582 2438 2636 de
2485 2582 2697 2653 vagina
2741 2582 2920 2638 beatae
2972 2583 3539 2657 habitationisjusto
3563 2587 3657 2658 ju-

2007 2667 2157 2723 dicio
2189 2668 2288 2725 Dei
2337 2670 2582 2726 eductus
2631 2675 2807 2742 atque
2855 2671 3135 2743 expulsus
3182 2679 3290 2730 est.
3340 2676 3470 2730 Sive
3515 2677 3658 2732 edu-

2009 2762 2166 2812 ctum
2200 2759 2270 2813 de
2291 2759 2521 2831 vagina,
2552 2764 2820 2830 paratum
2853 2777 3085 2832 semper
3105 2763 3176 2816 ad
3201 2763 3657 2819 interimendum

2011 2847 2330 2919 fugientem
2362 2865 2443 2918 se,
2477 2848 2872 2918 significatum
2904 2864 3032 2904 esse
3055 2851 3410 2906 noverimus.
3445 2851 3658 2907 Vulne-

2011 2936 2163 2990 rabit
2193 2953 2327 2993 eum
2385 2937 2599 3008 sagitta
2654 2953 2814 2992 anes
2862 2942 3022 2992 Prov.
3075 2954 3202 3004 xxv,
3261 2939 3370 3008 18).
3401 2939 3496 2993 Es
3528 2939 3657 2994 diu-

2009 3024 2199 3078 tinum
2233 3029 2355 3079 est:
2391 3024 2526 3078 huic
2569 3023 2802 3079 metallo
2847 3024 3120 3081 diabolus
3165 3032 3557 3098 comparatur,
3591 3043 3660 3084 eo

2013 3114 2167 3184 quod
2201 3113 2270 3166 ad
2305 3112 2764 3167 interimendum
2797 3129 3098 3184 nunquam
3132 3115 3386 3185 deficiat,
3421 3132 3526 3171 nec
3561 3133 3656 3172 se-

2015 3205 2245 3256 nectute
2267 3199 2464 3271 aliqua
2488 3205 2894 3272 consumatur,
2920 3200 3020 3273 qui
3043 3203 3222 3259 etiam
3248 3203 3527 3275 fulgurat,
3549 3205 3658 3261 hoc

249 3290 615 3364 appellatum
665 3296 805 3362 puto
854 3290 1148 3362 quoddam
1200 3289 1630 3362 receptaculum
1671 3290 1900 3360 animae,
1933 3283 1976 3349 C
2015 3294 2104 3344 est
2131 3288 2513 3360 transfigurat
2541 3304 2603 3344 se
2632 3289 2691 3344 in
2723 3289 2996 3362 angelum
3027 3289 3195 3347 lucis.

251 3379 361 3435 ubi
393 3379 771 3452 cogitationes
800 3381 928 3450 ejus
973 3378 1143 3451 quasi
1173 3396 1315 3435 escae
1347 3379 1611 3435 ciborum
1643 3380 1906 3436 recondi-

253 3474 332 3525 ta:
365 3469 754 3540 continentur,
784 3485 958 3541 quem
987 3468 1452 3540 inexplicabilem
1490 3469 1653 3525 dicit.

330 3581 361 3609 «
391 3558 463 3613 Et
503 3574 637 3613 cum
686 3557 956 3613 habuerit
1002 3574 1128 3629 qum
1177 3558 1567 3630 concupierat,
1609 3559 1908 3630 possidere

253 3663 377 3702 non
410 3647 639 3719 poterit.
673 3646 1202 3712 Quemadmodum,
1241 3651 1298 3702 et
1343 3651 1407 3702 tu
1441 3647 1584 3719 ipse,
1617 3648 1716 3720 qui
1741 3649 1906 3720 justo

255 3737 358 3793 Dei
386 3737 608 3806 judicio
639 3752 812 3792 omne
842 3737 1260 3808 patrimonium
1293 3738 1616 3809 perdidisti.

329 3849 357 3876 ‹‹
394 3826 517 3882 Non
549 3826 834 3883 remansit
884 3827 954 3882 de
986 3827 1114 3882 cibo
1159 3828 1307 3896 ejus,
1336 3832 1393 3882 et
1425 3833 1730 3898 propterea
1760 3827 1905 3884 nihil

249 3915 624 3988 permanebit
653 3915 722 3971 de
753 3915 923 3970 bonis
971 3917 1119 3986 ejus.
1174 3938 1194 3963 ιι
1235 3913 1688 3971 lnhumanitatis
1715 3917 1764 3972 ei
1800 3933 1907 3971 no-

246 4008 377 4058 tam
401 4003 603 4070 inurit,
629 4020 693 4058 eo
715 4005 869 4076 quod
902 4004 972 4060 de
994 4004 1354 4059 abundantia
1377 4021 1592 4060 mensae
1617 4021 1734 4060 suae
1756 4004 1906 4060 nulli

250 4092 558 4164 peregrino
590 4091 676 4147 vel
726 4093 941 4164 hospiti
991 4093 1364 4149 refectionem
1421 4086 1768 4166 praebuerit:
1802 4094 1903 4149 sed

247 4181 478 4236 fallitur
505 4180 764 4253 Sophar:
817 4182 955 4251 quia
984 4187 1225 4237 sanctus
1266 4181 1374 4237 Job
1416 4181 1578 4251 dicit,
1611 4181 1672 4238 Si
1698 4183 1908 4240 comedi

257 4271 558 4326 buccellam
585 4287 766 4325 meam
792 4271 938 4325 solus
978 4270 1093 4341 (Job
1122 4288 1272 4342 xxxx,
1318 4273 1425 4343 17).
1482 4272 1605 4327 Non
1637 4288 1902 4328 remane-

256 4360 348 4415 bit
380 4360 452 4414 de
481 4358 627 4415 cibis
655 4361 805 4430 ejus,
840 4360 978 4431 quia
1007 4377 1123 4414 non
1155 4359 1444 4416 ﬂorebunt
1476 4361 1628 4416 bona
1670 4378 1796 4416 sua.

333 4471 362 4498 α
396 4451 536 4502 Cum
557 4449 803 4503 satiatus
826 4448 1018 4518 fuerit,
1040 4449 1375 4516 arctabitur,
1397 4450 1687 4515 estuabit,
1709 4454 1766 4505 et
1786 4467 1906 4505 om-

256 4537 352 4593 nis
386 4536 552 4592 dolor
580 4537 764 4593 irruet
793 4553 972 4610 super
997 4554 1152 4592 eum.
1185 4560 1212 4587 ››
1238 4539 1381 4594 Cum
1414 4538 1630 4594 divitiis
1659 4539 1901 4605 scilicet,

2089 3401 2116 3428 «
2148 3377 2392 3445 Vadent,
2423 3381 2478 3432 et
2517 3378 2750 3434 venient
2793 3395 2970 3451 super
3013 3395 3149 3436 eum
3205 3380 3565 3438 horribiles.»
3595 3382 3658 3438 Id

2017 3471 2124 3534 est,
2159 3467 2300 3522 socii
2331 3469 2479 3536 ejus.

2089 3580 2116 3606 ‹‹
2148 3560 2363 3612 Omnes
2380 3556 2634 3612 tenebrae
2650 3557 3004 3613 abscondita:
3024 3563 3164 3615 sunt
3180 3559 3240 3614 in
3258 3559 3444 3616 oculis
3460 3562 3609 3632 ejus.
3632 3583 3661 3611 ››

2015 3647 2284 3702 Tenebrae
2318 3646 2376 3700 in
2399 3645 2508 3700 hoc
2528 3644 2654 3702 loco
2677 3645 3067 3720 intelligenda:
3097 3653 3235 3704 sunt
3255 3653 3510 3721 peccata,
3543 3650 3663 3706 sive

2017 3752 2084 3791 ea
2113 3753 2237 3807 quae
2269 3735 2585 3791 commissa
2616 3736 2688 3790 ab
2717 3735 2898 3808 impio
2929 3737 3214 3803 sunt,sive
3239 3739 3663 3794 committenda

2016 3828 2157 3879 sunt
2184 3824 2244 3878 in
2276 3824 2447 3879 corde
2476 3825 2626 3895 ejus.
2659 3829 2716 3880 et
2745 3825 2977 3893 aﬂ'ectu,
3009 3831 3067 3882 et
3095 3826 3549 3900 cogitationibus
3579 3827 3663 3883 1a-

2015 3917 2173 3969 tent:
2209 3929 2335 3984 quas
2365 3912 2494 3968 ideo
2526 3912 2584 3967 in
2633 3918 2871 3969 secretis
2919 3916 3133 3971 mentis
3163 3917 3291 3986 ejus
3321 3917 3666 3972 abscondita

2017 4003 2293 4058 dicuntur
2340 4018 2488 4068 esse,
2537 4002 2678 4074 quia
2724 4002 2842 4059 illis
2891 4004 3058 4073 favet,
3109 4005 3312 4076 eisque
3340 4005 3663 4076 plurimum

2015 4090 2355 4148 delectatur.

2087 4207 2113 4232 «ς
2150 4180 2453 4237 Devorabit
2501 4197 2634 4236 eum
2681 4181 2835 4252 ignis
2883 4181 2984 4252 qui
3037 4197 3150 4235 non
3205 4181 3599 4237 succenditur.
3633 4203 3663 4233 »

2014 4270 2180 4326 Hunc
2215 4270 2410 4342 ignem
2445 4285 2560 4324 non
2593 4270 2844 4326 absurde
2874 4268 3260 4341 intelligimus
3291 4285 3420 4326 esse
3449 4270 3666 4343 gehen-

2016 4377 2174 4424 nam,
2209 4359 2307 4431 qui
2342 4376 2455 4414 non
2502 4358 2764 4414 materiis
2802 4359 3181 4429 quibusdam,
3230 4362 3286 4414 et
3317 4358 3552 4431 pabulis
3579 4359 3665 4415 vi~

2013 4449 2113 4519 vit,
2147 4452 2212 4502 ut
2239 4448 2478 4515 ardeat;
2508 4447 2606 4502 sed
2639 4463 2742 4518 per
2784 4446 3043 4518 seipsum
3096 4450 3162 4502 ut
3198 4452 3429 4504 creatus
3458 4452 3548 4504 est
3576 4447 3668 4504 vi-

2014 4554 2178 4609 gens,
2214 4540 2427 4592 cuncta
2457 4552 2584 4607 quas
2616 4535 2668 4591 ei
2701 4535 2916 4606 injecta
2945 4535 3160 4591 fuerint
3187 4540 3538 4592 concremet.
3571 4537 3669 4591 Er-

251 4636 309 4679 ει
340 4639 535 4678 rerum
571 4623 834 4679 omnium
866 4625 1226 4680 abundantia
1251 4626 1500 4682 refertus
1521 4626 1714 4697 fuerit,
1747 4629 1904 4684 subi-
1935 4653 1981 4718 Β
2012 4642 2084 4698 go
2119 4626 2227 4681 iste
2255 4625 2411 4697 ignis
2439 4624 2740 4710 devorabit
2769 4624 3017 4696 impium
3049 4625 3148 4696 qui
3181 4629 3462 4718 tanquam
3494 4624 3668 4718 ratio-

247 4717 351 4767 tus
382 4712 433 4766 ei
464 4711 736 4768 interitus
764 4713 990 4769 veniet:
1027 4716 1357 4769 coarctatus
1379 4715 1616 4770 miseria
1645 4715 1903 4773 irruente

250 4805 430 4873 atque
478 4799 811 4872 conclusus,
863 4800 1265 4858 calamitatum
1314 4801 1580 4858 cladibus
1610 4806 1900 4861 aestuabit.

332 4911 362 4942 ι
392 4888 625 4945 Utinam
674 4891 987 4963 impleatur
1027 4896 1227 4947 venter
1273 4893 1423 4962 ejus,
1473 4897 1538 4947 ut
1584 4895 1812 4949 emittat
1843 4896 1901 4952 in

249 4980 450 5034 sinum
483 4981 810 5052 spatiosum
842 4986 1103 5037 ventrem
1136 4981 1344 5036 animae
1378 4983 1650 5054 superius
1682 4983 1904 5040 intelle-

247 5069 471 5124 ximus.
501 5072 620 5123 Hoc
650 5085 786 5141 ergo
818 5069 976 5140 dicit,
1010 5073 1108 5141 qui
1130 5072 1256 5142 jam
1309 5072 1762 5143 cogitationibus
1792 5073 1903 5129 ini-

249 5157 560 5232 quissimis
593 5159 802 5230 plenus
846 5164 958 5227 est,
998 5175 1185 5231 usque
1223 5161 1294 5215 ad
1329 5177 1631 5216 summum
1662 5163 1780 5218 oris
1809 5165 1902 5219 sui

246 5245 622 5318 blasphemia
669 5248 1036 5304 cumuletur:
1086 5248 1206 5304 sive
1255 5249 1400 5304 iram
1452 5250 1666 5306 furoris
1715 5252 1903 5324 ipsius

247 5334 468 5391 diaboli
503 5336 770 5391 animum
803 5351 918 5392 non
951 5337 1204 5393 absurde
1248 5337 1558 5409 sentimus,
1593 5356 1695 5410 per
1726 5357 1901 5413 quem

251 5422 579 5497 probantur
609 5425 816 5481 sancti.

326 5535 356 5562 ‹‹
391 5513 459 5568 Et
488 5512 655 5587 pluat
683 5531 859 5586 super
895 5513 1063 5570 illum
1112 5514 1331 5572 bellum
1382 5533 1578 5573 suum.
1616 5541 1644 5566 »
1675 5516 1900 5591 Bellum

253 5618 371 5674 prae
403 5601 783 5659 multitudine
805 5621 931 5671 sua,
983 5609 1232 5676 possunt
1279 5605 1527 5679 intelligi
1559 5607 1903 5663 adversariae

254 5695 600 5770 potestates.
629 5693 758 5750 Istis
777 5692 958 5767 igitur
977 5691 1195 5750 bellum
1228 5693 1342 5754 Deo
1363 5695 1643 5772 inferunt,
1668 5697 1904 5772 quando

2014 4713 2224 4770 nabilis
2256 4715 2337 4770 ita
2365 4730 2500 4769 eum
2551 4705 2761 4785 gl'utiet
2807 4719 2983 4784 atque
3026 4712 3379 4784 absorbebit,
3410 4717 3474 4767 ut
3504 4712 3565 4768 in
3595 4726 3663 4768 eo

2012 4804 2244 4860 aeternis
2274 4802 2612 4858 criciatibus
2644 4806 3002 4872 torqueatur.

2088 4916 2114 4943 α
2145 4892 2438 4964 Afﬂigitur
2469 4891 2704 4947 relictus
2738 4891 2797 4946 in
2825 4890 3221 4947 tabernaculo.
3250 4907 3356 4945 suo
3390 4913 3410 4938 υ
3439 4889 3522 4944 Ob
3556 4889 3663 4945 im-

2012 4981 2285 5053 pietatem
2340 4979 2607 5036 videlicet
2655 4997 2822 5035 suam
2875 4980 3116 5050 iniquus
3161 4977 3664 5051 derelinquetura

2012 5070 2149 5140 Deo,
2183 5075 2250 5125 ut
2277 5069 2336 5124 in
2383 5068 2758 5124 tabernaculo
2809 5069 3068 5141 corporis
3119 5069 3208 5124 sui
3242 5069 3428 5140 poenis
3458 5083 3661 5142 perpe-

2011 5159 2130 5214 tuis
2161 5160 2471 5214 crucietur.

2084 5270 2112 5297 ‹‹
2150 5246 2513 5302 Revelabunt
2533 5245 2660 5302 coeli
2682 5246 3055 5318 iniquitatem
3077 5247 3226 5318 ejus,
3261 5251 3318 5302 et
3338 5252 3492 5303 terra
3521 5264 3660 5304 con-

2013 5342 2214 5408 surget
2259 5337 2568 5392 adversum
2614 5352 2770 5391 eum.
2809 5357 2838 5385 ››
2871 5336 2932 5390 In
2995 5336 3398 5392 testimonium
3456 5337 3662 5409 utique

2012 5433 2184 5481 erunt
2209 5423 2422 5497 angeli,
2456 5430 2513 5479 et
2543 5425 2728 5479 sancti
2775 5424 3066 5492 homines,
3099 5430 3163 5480 ut
3209 5424 3475 5482 noverint
3504 5423 3660 5497 quod

2013 5531 2213 5588 pcenas
2237 5513 2572 5584 justissima
2601 5513 2876 5585 patiatur.

2089 5629 2110 5654 α
2145 5606 2422 5676 Apertum
2452 5601 2562 5657 erit
2586 5617 2822 5675 germen
2852 5603 3065 5659 domus
3086 5603 3266 5660 illius.
3295 5625 3317 5654 ι
3355 5601 3659 5675 lnjudicio

2010 5694 2132 5772 Dei,
2165 5693 2399 5768 quando
2428 5691 2647 5767 impius
2676 5692 3156 5750 condemnandus
3188 5697 3296 5769 est,
3328 5709 3444 5750 non
3465 5691 3657 5752 solum
