3980 6184
307 412 418 470 "Ill

304 632 454 703 cipia
502 632 940 686 interfectarum
989 630 1433 702 cogitationum.
1489 631 1600 684 Deo
1649 626 1958 700 pandenda

309 727 466 789 sunt,
502 727 675 792 atque
706 719 924 774 clarius
945 718 1074 775 luce
1105 719 1553 775 manifestanda.

383 834 409 859 ‹‹
449 808 795 865 Detrahetur
824 809 881 862 in
935 807 1028 862 die
1060 808 1272 863 furoris
1302 808 1423 863 Dei.
1453 828 1481 857 »
1516 807 1576 862 In
1611 805 1703 860 die
1745 803 1956 875 judicii

308 900 574 954 mittetur
622 898 680 952 in
733 899 1002 953 tenebras
1050 897 1360 953 exteriores
1408 897 1629 966 (Matth.
1675 911 1810 963 χχιι,
1847 893 1954 964 15).

307 986 496 1044 Potuit
525 992 582 1042 et
611 987 735 1042 dies
767 986 950 1058 impia
980 986 1162 1041 fuisse
1193 985 1324 1052 Job,
1360 985 1593 1057 quando
1626 982 1798 1056 plaga
1828 998 1955 1054 per-

305 1093 515 1132 cussus
544 1081 651 1141 est,
703 1079 760 1129 et
805 1073 1094 1130 conclusit
1136 1073 1521 1130 elocutionem
1555 1089 1745 1139 suam,
1783 1075 1846 1126 ut
1875 1070 1956 1124 di-

308 1169 501 1220 ceret:

379 1276 407 1303 ‹‹
445 1255 570 1308 Ηωο
601 1257 690 1307 est
715 1269 848 1323 pars
873 1251 1128 1307 hominis
1179 1249 1344 1322 impii
1376 1267 1410 1305 a
1456 1250 1570 1305 Deo
1593 1249 1621 1304 ‘?
1653 1249 1756 1303 Hic
1788 1245 1956 1320 quasi

307 1359 374 1397 ex
405 1344 654 1412 abrupto
685 1340 962 1406 ostendit,
986 1340 1139 1410 quod
1176 1340 1234 1394 in
1256 1342 1523 1393 sanctum
1544 1338 1655 1392 Job
1685 1336 1958 1392 universa

312 1431 432 1486 haec
463 1429 690 1484 dixerit.
725 1429 888 1495 Quod
921 1433 1114 1484 autem
1155 1426 1458 1499 sequitur:

384 1543 410 1570 ‹‹
447 1520 516 1573 Et
576 1519 883 1574 hereditas
931 1518 1236 1572 verborum
1297 1517 1423 1586 ejus
1458 1533 1491 1570 a
1538 1515 1800 1570 Domino.
1838 1536 1857 1561 ι
1895 1513 1956 1569 Id

308 1614 415 1680 est,
449 1625 689 1680 operum
724 1605 1027 1661 retributio
1067 1604 1182 1660 :alii
1215 1605 1298 1679 ita
1327 1609 1643 1660 verterunt.
1682 1626 1708 1652 ‹‹
1739 1603 1808 1658 Et
1839 1601 1957 1656 hae-

309 1697 525 1753 reditas
556 1695 863 1750 verborum
909 1695 1036 1764 ejus
1086 1694 1157 1748 ab
1191 1694 1483 1766 episcopo,
1519 1716 1546 1742 »
1582 1693 1720 1764 quia
1751 1707 1958 1762 quem-

307 1785 624 1840 admodum
656 1781 940 1838 Dominus
970 1800 1003 1837 a
1034 1782 1431 1838 dominatione
1463 1799 1657 1838 rerum
1691 1779 1956 1836 omnium

306 1875 526 1929 scitur:
561 1873 641 1927 ita
671 1871 981 1943 episcopus
1009 1889 1075 1927 eo
1098 1872 1248 1943 quod
1276 1871 1719 1942 superintendat
1748 1870 1806 1924 in
1839 1885 1962 1924 om-

307 1979 439 2018 nem
471 1967 817 2024 creaturam,
851 1960 1152 2016 verissime
1187 1960 1418 2014 dicitur.
1461 1960 1584 2014 Non
1615 1958 1770 2013 enim
1803 1958 1958 2013 Deus

306 2051 644 2123 perturbata
674 2054 866 2105 mente
887 2053 1338 2120 commotusque
1365 2049 1680 2120 puniturus
1713 2051 1802 2102 est
1835 2063 1962 2118 pec-

307 2146 552 2210 catores,
581 2155 716 2194 cum
749 2138 826 2194 sit
856 2137 1381 2206 incommutabilis,
1412 2137 1564 2193 sicut
1594 2137 1674 2191 ait
1704 2137 1776 2191 ad
1809 2136 1962 2207 Moy-

307 2245 449 2285 sen:
484 2230 590 2299 Ego
617 2245 741 2282 sum
779 2229 875 2298 qui
901 2244 1025 2282 sum
1070 2226 1266 2298 (Exod.
1312 2243 1397 2296 In,
1450 2226 1584 2295 14)‘,
1621 2241 1735 2279 non
1770 2223 1961 2279 solum

309 2319 723 2389 sempiternus,
774 2333 974 2371 verum
1009 2316 1185 2371 etiam
1237 2314 1587 2370 zeternaliter
1636 2313 1818 2368 mitis.
1853 2313 1962 2368 De-

313 2407 447 2461 inde
477 2405 589 2460 ista
619 2406 690 2460 de
722 2410 830 2459 Deo
857 2403 1358 2475 anthropopathos
1388 2404 1500 2456 dici
1542 2401 1960 2473 intelligamus,

311 2511 424 2548 non
449 2493 677 2564 proprie
697 2494 1023 2547 secundum
1046 2491 1547 2546 inconvertibilem
1570 2489 1962 2545 substantiam

310 2582 458 2652 ejus,
493 2583 594 2635 sed
628 2579 929 2636 translatis
973 2579 1315 2634 nominibus
1359 2578 1659 2651 passibilis
1688 2583 1964 2633 creaturae

311 2672 382 2726 ad
414 2674 740 2725 creaturam
777 2685 890 2723 non
927 2667 1246 2731 conditam,
1281 2684 1385 2723 nec
1418 2672 1697 2736 creatam,
1730 2667 1829 2721 sed
1865 2683 1964 2738 po-

313 2759 431 2815 tius
459 2757 724 2814 omnium
756 2757 1154 2813 conditricem.

927 2846 1159 2901 CAPUT
1202 2847 1342 2902 XXI.

381 2960 410 2988 «
443 2936 823 3008 Respondens
855 2939 1049 2990 autem
1094 2934 1223 3004 Job,
1256 2934 1439 2990 dixit:
1474 2934 1961 3004 Audite,.quaeso,

308 3042 609 3082 sermones
632 3042 812 3092 meos,
836 3029 892 3079 et
912 3025 1066 3096 agite
1091 3024 1510 3096 paenitentiam.
1539 3023 1829 3078 Sustinete
1854 3038 1966 3092 me,

310 3121 376 3171 ut
405 3131 510 3187 ego
568 3114 794 3185 loquar,
850 3118 908 3169 et
961 3117 1091 3185 post
1142 3131 1290 3182 mea,
1342 3113 1388 3167 si
1443 3113 1752 3179 videbitur,
1796 3112 1970 3166 verba

311 3205 513 3259 ridete.
567 3227 594 3253 ‹‹
652 3205 784 3258 Post
831 3207 995 3258 tanta
1043 3203 1299 3257 convicia
1347 3219 1458 3257 non
1506 3206 1595 3256 est
1634 3205 1965 3256 commotus

1803 401 2224 464 APPENDIX.

304 560 508 598 omnes
540 541 924 614 cogitationes
956 542 1148 596 cordis
1178 542 1326 611 ejus,
1359 557 1559 596 verum
1592 539 1766 594 etiam
1797 538 1954 609 prin-
1987 539 2037 602 Α

3599 401 3710 462 712

2143 561 2168 584 ‹‹
2204 539 2389 600 Quare
2421 552 2555 608 ergo
2586 536 2751 608 impii
2801 535 3020 600 vivunt,
3073 533 3357 591 sublevati
3385 539 3549 603 sunt,
3581 551 3715 590 con-

2069 625 2382 697 fortatique
2413 625 2631 680 divitiis
2653 625 2680 679 ?
2710 627 2920 680 Semen
2950 641 3151 680 eorum
3188 628 3490 696 permanet
3519 641 3711 680 coram

2068 714 2151 768 eis
2177 731 2189 768 :
2226 715 2690 786 propinquorum
2721 715 2896 769 turba
2929 719 2984 768 et
3013 719 3288 785 nepotum
3315 713 3376 768 in
3399 719 3712 786 conspectu

2066 819 2287 858 eorum.
2323 805 2537 858 Domus
2582 820 2782 859 eorum
2834 819 3048 858 securae
3097 805 3256 867 sunt,
3287 808 3342 857 et
3374 809 3629 874 pacatae:
3662 808 3716 858 et

2068 909 2180 946 non
2213 897 2302 947 est
2331 893 2492 964 virga
2521 893 2620 948 Dei
2653 908 2830 964 super
2859 891 3010 947 illos.
3046 892 3156 948 Bos
3194 907 3394 947 eorum
3427 892 3713 964 concepit,

2066 986 2121 1035 et
2152 997 2265 1036 non
2296 981 2603 1036 abortivit:
2649 998 2820 1036 vacca
2851 983 3092 1053 peperit,
3142 984 3198 1036 et
3228 998 3344 1036 non
3373 986 3459 1036 est
3492 981 3715 1052 privata

2066 1069 2183 1124 fetu
2217 1085 2344 1124 suo.
2375 1069 2765 1142 Egrediuntur
2793 1069 2962 1140 quasi
2994 1085 3199 1141 greges
3229 1067 3452 1141 parvuli
3488 1085 3713 1138 eorum,

2063 1163 2122 1213 et
2147 1157 2400 1213 infantes
2433 1175 2633 1213 eorum
2683 1157 2976 1214 exsultant
3019 1157 3269 1213 lusibus.
3311 1159 3534 1214 Tenent
3562 1162 3713 1230 tymo

2066 1263 2285 1318 panum
2317 1250 2373 1302 et
2402 1246 2708 1311 citharam,
2737 1251 2794 1302 et
2821 1247 3079 1320 gaudent
3107 1247 3180 1302 ad
3203 1246 3460 1302 sonitum
3489 1246 3715 1319 organi.

2066 1335 2298 1390 Ducunt
2328 1337 2385 1390 in
2417 1336 2584 1391 bonis
2611 1335 2734 1392 dies
2764 1352 2904 1391 suos
2929 1354 2942 1391 :
2967 1339 3026 1391 et
3054 1335 3113 1390 in
3147 1340 3360 1407 puncto
3384 1335 3455 1390 ad
3490 1335 3719 1390 inferna

2068 1425 2447 1480 descendunt.
2483 1425 2590 1489 Qui
2631 1425 2896 1480 dixerant
2942 1425 3098 1481 Deo:
3136 1425 3335 1480 recede
3381 1442 3416 1480 a
3445 1424 3636 1490 nobis,
3663 1429 3720 1480 et

2067 1513 2371 1570 scientiam
2404 1514 2628 1569 viarum
2655 1520 2887 1569 tuarum
2923 1513 3221 1570 nolumus.
3247 1513 3388 1579 Quis
3417 1518 3508 1570 est
3539 1515 3721 1568 omni-

2069 1606 2295 1674 potens,
2329 1607 2392 1657 ut
2423 1604 2744 1658 serviamus
2774 1603 2874 1658 ei?
2907 1604 2973 1658 Et
3005 1602 3145 1674 quid
3180 1602 3348 1658 nobis
3380 1602 3640 1675 prodest,
3673 1602 3716 1657 si

2068 1691 2430 1747 oraverimus
2462 1691 2624 1746 illum
2645 1693 2673 1746 ?
2707 1715 2733 1758 η
2764 1693 2834 1747 Et
2880 1693 3032 1748 alius
3062 1692 3142 1747 ita
3188 1691 3366 1747 dixit:
3402 1694 3580 1761 Quare
3610 1695 3722 1747 im-

2062 1783 2284 1851 piorum
2313 1789 2667 1852 prosperatur
2718 1783 2831 1836 vita
2860 1783 3079 1849 (Jerem.
3140 1799 3242 1851 xu,
3304 1781 3402 1851 1)?
3463 1781 3529 1836 Et
3569 1780 3724 1838 alius

2069 1869 2214 1924 dixit
2239 1887 2251 1924 :
2287 1871 2465 1938 Quare
2489 1887 2594 1926 non
2617 1873 2848 1942 respicis
2876 1871 2945 1926 ad
2968 1872 3160 1941 iniqua
3180 1879 3398 1942 agentes
3427 1873 3650 1938 (Habuc.
3680 1888 3720 1926 ι.

2076 1959 2212 2028 13)?
2245 1959 2611 2030 Respondete
2644 1959 2810 2030 mihi,
2855 1960 3131 2015 obsecro:
3165 1960 3223 2014 Si
3255 1977 3360 2032 ego
3392 1960 3636 2032 impius,
3666 1966 3723 2015 et

2071 2047 2383 2102 immemor
2403 2047 2686 2103 bonorum
2711 2063 2952 2119 operum
2971 2048 3623 2120 secundumjustitiam,
3650 2050 3725 2104 si-

2073 2139 2173 2190 cut
2202 2152 2303 2190 vos
2337 2135 2643 2191 afﬁrmatis
2670 2155 2683 2204 ;
2717 2136 2837 2192 hmc
2868 2137 3279 2209 patiorzquare
3300 2137 3465 2208 impii
3495 2138 3720 2206 vivunt,

2072 2229 2131 2278 et
2160 2223 2443 2279 sublevati
2471 2229 2630 2294 sunt,
2664 2225 3090 2296 confortatique
3120 2225 3340 2280 divitiis
3362 2225 3390 2280 ?
3420 2226 3537 2282 Hoc
3563 2243 3720 2299 ergo,

2074 2311 2337 2384 inquam,
2371 2314 2630 2383 obsecro,
2684 2315 3069 2384 respondete:
3121 2314 3420 2386 Numquid
3467 2331 3590 2380 vos,
3627 2316 3725 2387 qui

2075 2402 2259 2456 lleum
2291 2407 2491 2457 contra
2522 2419 2614 2457 me
2639 2403 2871 2473 justum
2900 2403 3214 2458 defenditis
3243 2403 3300 2457 in
3325 2403 3432 2458 hoc
3465 2405 3610 2471 loco,
3645 2404 3729 2457 in-

2067 2489 2298 2559 justum
2335 2491 2589 2546 notatis:
2625 2495 2689 2546 ut
2741 2491 2800 2545 in
2835 2508 2925 2546 me
2975 2492 3215 2563 iniquus
3246 2491 3400 2547 ultor
3447 2493 3544 2560 sit,
3579 2498 3636 2548 et
3667 2493 3722 2548 in

2076 2579 2187 2633 mei
2220 2579 2515 2634 similibus
2562 2579 2837 2635 clemens.
2890 2580 3107 2636 Horum
3159 2581 3340 2652 igitur
3389 2581 3459 2636 de
3508 2582 3725 2653 quibus

2075 2683 2230 2722 nunc
2263 2666 2543 2738 loquitur,
2575 2669 2708 2724 ﬁnis
2751 2672 2808 2723 et
2839 2669 3113 2724 interitus
3160 2668 3270 2725 erit
3302 2685 3458 2726 mors
3488 2674 3728 2735 aeterna,

2075 2762 2131 2812 et
2163 2756 2410 2828 perditio
2460 2756 2803 2812 inferorum.
3392 2752 3399 2758 ’

2147 2868 2174 2894 ‹‹
2211 2844 2625 2901 Verumtamen
2676 2847 2816 2918 quia
2864 2864 2980 2902 non
3029 2852 3169 2902 sunt
3206 2847 3265 2902 in
3311 2865 3489 2903 manu
3522 2865 3724 2904 eorum

2077 2935 2229 2989 bona
2258 2949 2396 2989 sua:
2436 2933 2746 2990 consilium
2799 2936 3112 3006 impiorum
3163 2936 3334 3008 longe
3383 2937 3459 2992 sit
3489 2955 3523 2992 a
3552 2954 3666 2993 me.
3700 2961 3729 2986 ιο

2078 3021 2224 3089 Quia
2253 3037 2356 3094 pro
2387 3021 2494 3076 hac
2525 3021 2710 3094 gloria
2752 3041 2883 3086 sua,
2915 3028 2972 3078 et
3015 3025 3366 3096 temporario
3409 3027 3568 3096 flore,
3605 3043 3729 3099 per-

2080 3116 2251 3184 petua
2281 3111 2605 3181 ignominia
2637 3129 2831 3167 coram
2863 3112 3086 3183 angelis
3119 3114 3456 3169 induentur.

2155 3199 2447 3262 «Quoties
2525 3200 2762 3256 lucerna
2833 3201 3148 3272 impiorum
3208 3202 3635 3274 exstinguetur,
3677 3208 3733 3258 et

312 3299 376 3348 ut
406 3294 612 3349 acerbe
657 3292 1069 3364 responderet:
1104 3291 1242 3362 quin
1293 3289 1488 3362 potius
1519 3290 1838 3359 deprecans
1866 3305 1966 3343 eos
1998 3274 2040 3340 C
2080 3288 2448 3359 superveniet
2506 3289 2590 3343 eis
2620 3289 2944 3354 inundatio,
2979 3295 3036 3344 et
3071 3289 3302 3346 dolores
3333 3291 3552 3346 dividet
3581 3292 3738 3346 furo-

312 3381 647 3454 alloquitur,
679 3386 736 3436 et
783 3381 864 3435 ait
911 3384 976 3434 ut
1016 3379 1373 3435 audientiam
1421 3379 1712 3449 praebeant
1742 3393 1964 3432 sermo-

314 3472 485 3526 nibus
519 3471 667 3540 ejus,
700 3469 915 3540 quibus
966 3468 1255 3539 perceptis
1304 3472 1361 3521 et
1401 3465 1666 3538 cognitis,
1701 3465 1966 3520 noverint

314 3577 374 3614 se
397 3574 574 3630 super
596 3563 757 3612 tanta
778 3558 894 3610 oris
913 3557 1002 3610 sui
1020 3555 1410 3610 amaritudine
1430 3553 1710 3626 poenitere
1731 3554 1960 3608 debere.

385 3671 411 3696 ‹‹
444 3646 740 3717 Numquid
772 3650 972 3700 contra
1008 3645 1301 3700 hominem
1350 3644 1669 3713 disputatio
1704 3659 1831 3697 mea
1852 3647 1964 3711 est,

315 3740 379 3789 ut
408 3734 616 3788 merito
648 3749 760 3788 non
804 3733 1048 3788 debeam
1098 3732 1478 3788 contristari?
1527 3731 1787 3786 Primum
1821 3731 1962 3785 mihi

315 3823 458 3878 illud
482 3828 571 3877 est
591 3821 771 3888 oneri,
804 3827 862 3876 et
885 3821 1052 3876 valde
1079 3822 1414 3888 molestum,
1438 3827 1611 3892 atque
1643 3819 1920 3875 horribile
1946 3837 1957 3873 :

210 3899 216 3915 1
316 3913 455 3984 quia
484 3928 598 3966 non
632 3928 765 3966 cum
815 3910 1072 3977 homine,
1105 3911 1204 3965 sed
1254 3927 1388 3964 cum
1449 3916 1557 3964 Deo
1605 3909 1745 3964 mihi
1789 3926 1966 3964 causa

315 4001 591 4073 loquendi
616 4005 739 4056 est:
765 4000 855 4055 cui
881 4000 1261 4054 castiticatam
1279 3998 1572 4068 justitiam
1597 3998 1964 4064 exhibebam,

317 4096 381 4146 ut
412 4090 736 4146 mercedem
780 4089 959 4152 huius
989 4088 1182 4160 operis
1225 4092 1598 4159 repensaret:
1638 4088 1779 4141 Ecce
1812 4104 1966 4141 nunc

319 4186 598 4250 tanquam
634 4195 768 4233 reus
790 4177 1103 4233 criminum
1137 4176 1411 4230 omnibus
1443 4175 1671 4246 at'fligor
1691 4175 1962 4230 miseriis.

327 4268 430 4324 Hic
460 4268 601 4321 dicit
629 4284 691 4322 se
723 4265 964 4335 tristari,
1014 4266 1153 4336 quia
1182 4265 1292 4320 scit
1339 4265 1520 4320 Deum
1566 4262 1711 4318 nihil
1754 4264 1970 4334 injuste

325 4355 572 4426 operari.

401 4466 427 4494 ι(
462 4444 754 4498 Attendite
787 4459 900 4511 me,
932 4448 988 4498 et
1036 4443 1452 4514 obstupescite,
1503 4448 1558 4496 et
1599 4442 1971 4513 superponite

326 4531 574 4605 digitum
607 4531 691 4586 ori
730 4536 939 4587 vestro.
975 4553 1002 4580 ››
1049 4532 1210 4596 Quod
1263 4531 1339 4586 sit
1369 4532 1524 4586 istud
1566 4535 1875 4596 secretum,
1912 4535 1975 4585 ut

2075 3379 2154 3431 ris
2189 3378 2301 3432 sui.
2337 3378 2518 3431 Erunt
2549 3379 2700 3433 sicut
2731 3378 2908 3448 palea:
2941 3385 3074 3433 ante
3125 3379 3330 3434 faciem
3356 3380 3537 3447 venti,
3569 3386 3627 3436 et
3657 3380 3732 3434 si-

2078 3469 2177 3520 cut
2209 3464 2405 3520 favilla
2433 3483 2611 3536 quam
2643 3467 2811 3521 turbo
2863 3468 3163 3540 dispergit.
3201 3490 3229 3517 »
3276 3469 3398 3523 Lux
3427 3485 3559 3524 vero
3583 3469 3736 3540 justi

2077 3570 2348 3624 semperc
2384 3555 2522 3625 quia
2570 3554 2628 3608 in
2680 3555 2787 3609 hac
2836 3563 3002 3610 nocte
3051 3557 3269 3626 saeculi,
3322 3557 3563 3613 lucerna
3597 3559 3730 3613 fidei

2077 3642 2238 3697 nullo
2272 3647 2440 3697 vento
2473 3644 2814 3698 tentationis
2844 3645 3256 3718 exstinguitur,
3277 3652 3335 3702 et
3363 3646 3481 3702 illic
3509 3647 3579 3702 ad
3611 3647 3731 3720 glo-

2078 3732 2218 3786 riam
2252 3731 2593 3802 sempiterni
2626 3731 2871 3788 luminis
2909 3740 3287 3805 preparatur.
3345 3741 3563 3790 Lumen
3595 3752 3726 3792 vero

2076 3821 2395 3892 peccatoris
2467 3821 2622 3875 intra
2687 3821 2855 3876 breve
2928 3827 3162 3895 tempus
3219 3824 3346 3878 vitae
3405 3825 3730 3897 exstingui-

2074 3916 2207 3964 tur:
2257 3909 2536 3981 quoniam
2586 3909 2943 3966 transiturus
2989 3917 3079 3965 est
3132 3912 3285 3967 sicut
3333 3913 3564 3969 umbra.
3598 3913 3721 3968 Non

2075 3999 2202 4068 erit,
2235 4005 2293 4054 et
2337 4000 2519 4053 veniet
2562 4000 2766 4070 impiis,
2793 4001 2947 4054 sicut
2991 4001 3098 4055 Job
3149 4001 3248 4070 ait,
3283 4003 3588 4058 inundatio
3618 4020 3630 4057 :
3665 4002 3720 4058 id

2077 4092 2168 4143 est
2209 4087 2570 4142 abundantia
2619 4092 3062 4143 tormentorum.
3115 4090 3326 4157 Quibus
3373 4091 3582 4147 dolores
3631 4092 3722 4147 d1-

2076 4176 2212 4231 vidit
2241 4177 2451 4248 furoris
2479 4177 2588 4230 sui.
2624 4176 2828 4231 Procul
2858 4178 3036 4233 dubio
3061 4184 3210 4234 Deus
3241 4179 3469 4235 dolores
3499 4179 3725 4250 dividit,

2079 4265 2246 4331 dixit,
2283 4281 2384 4336 pro
2415 4263 2523 4319 hoc
2554 4265 2708 4336 quod
2760 4283 2960 4337 pcenas
3007 4267 3322 4340 unicuique
3355 4269 3635 4324 retribuet
3663 4273 3730 4324 ut

2081 4357 2352 4408 meretur.

2156 4443 2369 4497 «Deus
2417 4443 2670 4499 servabit
2721 4443 2858 4500 ﬁliis
2917 4444 3074 4500 illius
3131 4445 3389 4502 dolorem
3431 4449 3637 4518 patris,
3670 4453 3730 4504 et

2081 4548 2215 4586 cum
2248 4531 2582 4602 reddiderit,
2617 4537 2756 4587 tunc
2806 4533 2965 4588 sciet.
3002 4556 3030 4583 »
3079 4534 3318 4590 Diabolo
3367 4541 3557 4591 servat
3584 4553 3733 4609 sup-

326 4624 482 4678 Deus
531 4622 720 4676 bonus
767 4627 824 4675 et
864 4623 1064 4692 justus
1114 4637 1248 4692 erga
1297 4637 1389 4675 me
1440 4620 1632 4675 taliter
1660 4625 1969 4690 operetur:
2007 4645 2051 4708 D
2083 4621 2324 4694 plicium
2357 4621 2780 4692 gehennarum,
2827 4628 2888 4677 ut
2922 4639 3054 4678 cum
3087 4641 3151 4680 eo
3202 4623 3284 4678 illi
3316 4641 3462 4696 quos
3494 4625 3605 4680 sibi
3635 4643 3732 4681 ex-

329 4711 649 4784 praesertim
685 4727 817 4766 cum
841 4711 971 4780 ejus
992 4709 1398 4764 testimonium
1426 4709 1497 4762 de.
1519 4725 1612 4763 me
1634 4709 1850 4763 bonum
1878 4707 1976 4762 ha-

328 4803 518 4856 beam.

405 4911 431 4943 c
463 4889 528 4944 Et
569 4905 673 4960 ego
727 4887 962 4959 quando
999 4887 1339 4942 recordatus
1371 4885 1553 4952 fuero,
1588 4884 1972 4956 pertimesco:

329 4983 387 5033 et
417 4977 674 5032 concutit
696 4994 932 5032 carnem
961 4993 1150 5032 meam
1171 4982 1410 5032 tremor.
1438 4999 1458 5026 ι
1500 4976 1641 5029 Cum
1667 4974 1821 5029 enim
1857 4973 1978 5045 pla-

329 5081 463 5136 gam
495 5064 644 5119 hanc
675 5065 886 5136 cogito,
913 5065 1268 5136 quamjuste
1290 5065 1486 5118 vivens
1519 5063 1782 5118 sustineo
1809 5079 1821 5116 :
1857 5062 1980 5118 Dei-

331 5171 444 5225 que
469 5151 782 5223 judicium,
818 5155 919 5224 qui
961 5156 1253 5209 neminem
1307 5155 1596 5208 insontem
1630 5151 1856 5224 afﬂigit,
1893 5168 1979 5206 re-

332 5242 558 5310 cordor,
587 5239 837 5296 nimium
865 5243 1210 5314 pertimesco
1241 5243 1351 5296 hoc
1375 5241 1565 5313 ipsum
1592 5240 1808 5312 optime
1838 5241 1978 5308 scio,

333 5329 534 5386 nullus
565 5329 785 5402 patitur
811 5329 1034 5386 malum
1085 5330 1321 5402 aliquod
1371 5329 1484 5384 nisi
1520 5329 1644 5400 ipse
1698 5329 1980 5401 permise-

333 5420 426 5476 rit.
459 5418 689 5474 Nemini
722 5418 897 5474 int'ert
944 5419 1187 5484 malum,
1242 5419 1353 5474 nisi
1398 5419 1613 5473 inferre
1644 5419 1695 5472 ei
1737 5418 1861 5490 ipse
1891 5420 1982 5490 ju-

332 5507 663 5567 stissimum
687 5507 990 5578 judicarit.
1041 5509 1151 5563 Sed
1183 5508 1306 5564 haec
1350 5507 1460 5563 Job
1493 5507 1884 5579 contigerunt,
1920 5512 1986 5564 ut

331 5601 636 5674 appareret
682 5597 826 5654 foris
875 5597 1216 5654 hominibus
1260 5598 1416 5674 quod
1461 5596 1818 5655 intrinsecus
1861 5603 1986 5654 erat

331 5694 466 5753 ante
483 5688 701 5750 'Deum.

2085 4709 2277 4782 emplo
2301 4709 2535 4764 malitiae
2563 4727 2681 4766 suae
2716 4709 2868 4765 filios
2919 4710 3076 4780 fecit,
3121 4713 3344 4784 pariter.
3367 4714 3730 4784 puniantur:

2087 4799 2240 4872 quod
2299 4799 2413 4854 Deo
2464 4799 2760 4866 reddente,
2821 4805 2987 4872 pater
3035 4817 3235 4857 eorum
3286 4801 3555 4857 diabolus
3593 4809 3736 4857 tunc

2087 4889 2250 4954 sciet,
2284 4887 2338 4941 id
2401 4892 2490 4942 est
2543 4888 2794 4944 sentiet:
2856 4890 3089 4961 quando
3149 4907 3281 4946 cum
3345 4889 3479 4946 filiis
3531 4907 3734 4964 poenas

2088 4977 2341 5050 patietur
2369 4981 2632 5032 :nternas.

2163 5065 2514 5121 «Videbunt
2559 5065 2713 5121 oculi
2764 5069 2890 5138 ejus
2948 5069 3406 5125 interfectionem
3457 5086 3652 5125 suam.
3706 5091 3735 5117 ι»

2089 5155 2217 5210 Sive
2246 5171 2442 5210 necem
2477 5172 2667 5221 suam,
2723 5162 2787 5212 ut
2829 5157 2923 5232 alii
2974 5158 3263 5214 dixerunt.
3315 5157 3540 5231 Duplex
3578 5158 3738 5213 enim

2090 5248 2448 5300 tormentum
2481 5247 2568 5299 est
2597 5244 2789 5299 videre
2821 5263 3021 5316 poenas
3051 5263 3200 5319 quas
3231 5249 3547 5304 sustineas.

2165 5354 2192 5381 ‹‹
2228 5333 2294 5386 Et
2341 5332 2411 5387 de
2459 5333 2650 5388 furore
2698 5333 3128 5406 Omnipotentis
3180 5337 3358 5392 bibet.
3393 5359 3419 5385 »
3477 5342 3607 5408 Ipse
3653 5340 3742 5391 est

2093 5420 2242 5478 calix
2270 5437 2484 5476 aureus
2513 5421 2743 5476 Domini
2775 5423 2833 5477 in
2867 5439 3042 5479 manu
3081 5424 3410 5497 Babylonis.

2167 5533 2195 5561 «
2228 5509 2373 5575 Quid
2407 5509 2562 5564 enim
2595 5511 2664 5565 ad
2701 5528 2834 5566 eum
2867 5514 3115 5584 pertinet
3163 5515 3233 5570 de
3265 5515 3438 5571 domo
3469 5531 3578 5570 sua
3610 5516 3748 5585 post

2094 5599 2205 5657 se?
2236 5599 2302 5654 Et
2330 5599 2379 5655 si
2411 5615 2694 5654 numerus
2726 5602 3017 5658 mensium
3049 5603 3177 5674 ejus
3209 5603 3570 5660 dimidietur.
3601 5624 3629 5652 »
3665 5601 3750 5659 De

2101 5690 2303 5749 eodem
2334 5686 2566 5746 diabolo
2597 5687 2762 5761 dicit,
2793 5690 2863 5750 de
2913 5707 3028 5766 quo
3076 5692 3351 5752 Salamon
3382 5692 3502 5751 ait:
3533 5693 3748 5768 Impius
