3980 6184
219 372 339 432 713

1288 371 1802 434 COMMENTAR.
1849 373 1929 432 IN
1972 373 2111 434 ,ΙοΒ
2156 373 2327 434 CAP.
2375 372 2560 434 XXII.

3502 374 3618 436 714

219 522 349 562 cum
403 505 615 563 venerit
685 505 748 561 in
806 502 1146 577 profundum
1189 504 1464 560 malorum
1507 519 1756 575 suorum,
1811 508 1866 559 et
1894 508 1950 572 Α
1980 522 2082 576 per
2112 522 2286 575 quam
2321 513 2508 561 totum
2541 507 2828 561 mundum
2863 508 3086 579 ingredi
3117 510 3250 565 fecit
3282 524 3294 565 :
3352 513 3453 566 aut
3481 511 3610 566 red-

220 595 563 663 criminum,
595 595 1001 667 desperatione
1029 595 1326 650 contemnit
1362 596 1544 663 (Prov.
1593 610 1754 660 xvm,
1785 592 1860 663 5).

215 687 352 742 Jam
383 683 541 740 enim
574 683 732 738 novit
762 700 824 738 se
854 699 988 738 cum
1019 682 1164 748 suis,
1197 683 1298 754 qui
1339 686 1479 738 sunt
1523 683 1757 748 domus,
1809 685 1866 736 et

217 765 466 846 regnum
506 773 657 843 ejus,
707 775 984 843 perpetuo
1028 787 1156 826 esse
1204 771 1609 826 damnandum
1661 786 1674 824 :
1727 769 1866 841 quia

215 863 380 919 nulla
408 866 499 918 est
527 862 655 932 ejus
680 859 950 916 voluntas
980 861 1216 932 agendze
1247 859 1620 932 poenitentiae.

287 975 315 1002 ‹‹
347 951 651 1024 Numquid
684 949 870 1005 Deum
901 949 1133 1006 docebit
1163 950 1460 1022 quispiam
1492 948 1794 1004 scientiam
1848 965 1860 1004 :

212 1043 312 1115 qui
345 1040 604 1098 excelsos
626 1038 900 1111 judicat?
929 1061 958 1088 ››
986 1039 1092 1102 Qui
1125 1039 1282 1094 enim
1314 1040 1385 1094 de
1416 1037 1673 1097 excelsis.
1688 1041 1866 1108 atque

212 1130 573 1186 sublimibus
603 1126 994 1200 potestatibus
1026 1125 1368 1199 angelorum
1417 1126 1593 1181 habet
1638 1126 1863 1197 justum

203 1219 501 1292 judicium
533 1234 548 1273 :
585 1217 1084 1289 quemadmodum
1117 1233 1151 1271 a
1179 1232 1476 1288 quoquam
1517 1214 1709 1271 doceri
1760 1230 1860 1286 po-

212 1309 372 1377 terit,
406 1311 470 1364 ut
499 1308 559 1363 in
590 1306 684 1362 his
714 1322 840 1378 qua:
873 1321 1052 1376 supra
1083 1304 1362 1371 diximus,
1394 1304 1583 1377 possit
1611 1304 1738 1375 ejus
1759 1304 1862 1374 ‘ju-

211 1397 437 1452 dicium
470 1393 856 1468 reprehendi?

295 1508 318 1536 ι
352 1486 469 1541 Iste
497 1483 748 1539 moritur
779 1483 1083 1552 robustus,
1113 1485 1170 1537 et
1199 1481 1566 1552 sanus,dives
1596 1484 1653 1536 et
1681 1479 1816 1535 felix
1845 1497 1859 1535 :

216 1574 452 1630 viscera
479 1574 604 1644 ejus
633 1572 806 1644 plena
835 1575 975 1626 sunt
1029 1571 1218 1642 adipe,
1248 1575 1304 1626 et
1337 1569 1610 1626 medullis
1641 1586 1776 1625 ossa
1795 1569 1864 1623 i1-

216 1663 342 1719 lius
373 1663 704 1735 irrigantur.
737 1659 902 1716 Alius
930 1676 1064 1716 vero
1096 1659 1345 1715 moritur
1374 1661 1433 1714 in
1473 1658 1865 1714 amaritudine

212 1754 430 1808 anima:
460 1767 574 1806 suas
606 1749 830 1821 absque
861 1748 998 1805 ullis
1019 1749 1250 1821 Opibus,
1281 1753 1338 1804 et
1365 1753 1562 1804 tamen
1595 1746 1771 1802 simul
1804 1747 1863 1801 in

208 1841 452 1914 pulvere
482 1839 795 1905 dormient,
826 1841 882 1893 et
907 1854 1134 1893 vermes
1166 1836 1426 1908 operient
1454 1852 1572 1892 eos.
1595 1855 1621 1886 ιι
1660 1835 1861 1890 Beato-
1893 1878 1942 1943 Β

208 1946 346 1985 rum
378 1929 436 1984 in
470 1927 578 1982 hoc
615 1927 856 1992 mundo,
891 1931 948 1980 et
979 1924 1300 1981 infelicium
1326 1925 1387 1980 in
1419 1925 1526 1980 hac
1557 1924 1860 1991 vita,com-

207 2034 456 2074 munem
483 2016 625 2072 dicit
653 2032 781 2072 esse
813 2014 1205 2071 conditionem
1256 2033 1268 2070 :
1319 2013 1574 2079 Viscera,
1608 2013 1727 2069 sive
1776 2015 1863 2067 in-

207 2111 416 2165 testina
445 2107 596 2176 ejus,
630 2109 694 2160 ut
721 2103 820 2160 alii
853 2103 1146 2169 dixerunt,
1179 2103 1350 2174 plena
1401 2103 1592 2174 adipe,
1639 2104 1697 2158 et
1742 2118 1863 2157 me-

211 2196 397 2252 dullis
429 2211 564 2251 ossa
588 2193 748 2249 illius
795 2192 1134 2264 irrigantur.
1167 2191 1335 2247 Alius
1365 2209 1497 2247 vero
1530 2190 1778 2246 moritur
1805 2190 1864 2244 in

213 2283 611 2341 amaritudine
643 2281 850 2336 animae
877 2282 1100 2353 absque
1131 2280 1268 2336 ullis
1299 2281 1546 2351 opibus:
1582 2285 1638 2334 et
1668 2283 1866 2334 tamen

212 2372 398 2430 simul
429 2373 489 2427 in
523 2371 760 2444 pulvere
788 2371 1100 2436 dormient,
1125 2373 1182 2424 et
1201 2385 1426 2424 vermes
1458 2368 1719 2440 operient
1745 2384 1865 2422 eos.

211 2463 284 2518 In
317 2461 426 2516 hac
454 2461 634 2532 igitur
663 2457 1021 2515 continentia
1051 2456 1338 2513 sermonis
1371 2455 1549 2527 hujus
1595 2456 1706 2511 iste
1741 2471 1869 2510 sen-

211 2568 323 2608 sus
356 2555 490 2606 est:
526 2549 678 2620 quod
714 2549 772 2602 in
813 2546 922 2602 hoc
965 2547 1186 2600 mundo
1229 2545 1377 2616 justi
1425 2549 1482 2600 et
1529 2548 1867 2622 peccatores

208 2640 619 2695 indifferenter
643 2637 842 2691 vivant
873 2652 886 2690 :
922 2635 1023 2690 sed
1073 2635 1193 2690 haec
1242 2633 1548 2689 diversitas
1598 2648 1867 2688 commu-

207 2730 399 2787 tanda
426 2729 504 2783 sit
534 2727 593 2781 in
626 2727 822 2782 futuro
856 2742 870 2780 :
904 2725 1058 2781 sicut
1087 2725 1145 2778 in
1177 2724 1276 2780 illo
1308 2724 1486 2779 divite
1518 2724 1736 2778 factum
1758 2726 1865 2778 est.

213 2820 366 2876 etin
398 2819 616 2873 Lazaro
646 2831 901 2888 paupere
932 2815 1082 2884 (Luc.
1113 2831 1228 2882 xvx,
1262 2814 1379 2886 25).

287 2931 317 2958 ‹‹
350 2907 515 2963 Certe
546 2906 678 2962 novi
708 2905 1088 2975 cogitationes
1126 2907 1371 2968 vestras,
1422 2905 1480 2958 et
1526 2899 1867 2967 sententias,

211 3001 425 3053 contra
453 3012 548 3050 me
578 2993 832 3066 iniquas.
889 3015 916 3041 n
968 2992 1116 3064 Ergo
1167 2995 1320 3047 recte
1367 2990 1602 3056 deﬁnio,
1653 2989 1868 3061 inquit,

208 3086 377 3158 quod
407 3083 736 3157 perspicitis
771 3099 784 3137 :
819 3081 959 3152 quia
987 3098 1106 3136 una
1154 3080 1232 3136 sit
1276 3080 1335 3134 in
1377 3079 1486 3134 hoc
1535 3077 1765 3144 saeculo,
1812 3084 1872 3133 et

209 3173 508 3249 peccatori
541 3171 826 3227 moriendi
860 3170 1138 3239 conditio,
1172 3173 1228 3224 et
1259 3173 1482 3223 sancto.
1517 3167 1627 3233 Qui
1669 3172 1867 3220 tamen

1975 594 2107 648 dere
2137 593 2188 648 ei
2220 609 2347 665 quae
2396 599 2661 650 creatura
2710 596 2920 667 poterit
2969 598 3122 667 quod
3178 608 3448 663 meretur,
3499 599 3618 654 nisi

1972 679 2068 736 ille
2099 681 2258 737 solus
2291 698 2478 754 agnus
2503 683 2624 750 Dei,
2660 683 2762 755 qui
2792 689 3097 755 peccatum
3149 703 3263 740 non
3312 687 3464 755 fecit,
3510 705 3616 744 nec

1973 769 2142 826 dolus
2172 770 2442 827 inventus
2473 776 2561 827 est
2592 772 2649 827 in
2682 789 2778 828 ore
2808 773 2936 843 ejus
2966 775 3011 844 (I
3041 775 3187 828 Pclr.
3220 792 3281 841 ιι,
3314 777 3426 841 22).

2048 880 2076 909 «
2110 860 2205 932 Ipe
2235 861 2305 914 ad
2335 861 2603 931 sepulcra
2632 862 2896 916 ducetur.
2933 885 2960 912 ››
2990 863 3076 916 Ad
3110 867 3356 918 mortem
3408 863 3617 918 videli-

1972 951 2063 1002 cet
2090 951 2515 1004 tormentorum
2553 967 2566 1005 :
2601 967 2775 1021 quam
2808 951 2932 1022 ipse
2961 951 3301 1007 hominibus
3332 951 3531 1006 intulit
3557 953 3616 1007 in

1972 1036 2176 1104 Adam,
2209 1041 2264 1092 et
2293 1037 2418 1110 ipse
2449 1039 2520 1092 ad
2561 1039 2776 1094 inferos
2826 1041 3152 1108 ducendus,
3203 1046 3266 1095 ut
3318 1040 3438 1096 illic
3487 1059 3591 1114 per

1973 1127 2146 1196 petuo
2177 1127 2478 1197 puniatur.

2047 1234 2076 1264 «
2111 1215 2178 1269 Et
2207 1216 2266 1270 in
2297 1216 2564 1288 congerie
2596 1222 2961 1273 mortuorum
2991 1218 3274 1291 vigilabit.
3309 1244 3336 1269 ››
3369 1221 3437 1276 Et
3482 1219 3620 1276 licet

1973 1303 2346 1359 damnandus
2378 1305 2448 1360 ad
2482 1322 2682 1376 pmnas
2727 1307 3029 1363 ducendus
3077 1309 3153 1364 sit
3204 1327 3217 1363 :
3269 1310 3368 1364 sed
3418 1315 3618 1365 tamen

1974 1397 2160 1447 morte
2181 1391 2487 1448 hominum
2510 1396 2870 1466 gaudens,ad
2901 1396 3246 1452 intuendum
3276 1399 3616 1453 eorumdem

1974 1484 2339 1536 mortuorum
2370 1483 2721 1553 congeriem,
2751 1484 2908 1539 omni
2951 1484 3270 1540 alacritatis
3313 1486 3615 1554 instantia,

1973 1568 2033 1623 in
2065 1585 2266 1624 eorum
2300 1571 2539 1626 interitu
2571 1571 2838 1644 vigilabit
2870 1591 2882 1628 :
2912 1573 2999 1628 vel
3030 1579 3182 1629 certe
3207 1591 3440 1646 semper
3470 1575 3619 1630 vivet

1973 1656 2032 1711 in
2069 1661 2336 1714 mortem.

2045 1768 2072 1794 ‹‹
2107 1744 2306 1801 Dulcis
2354 1747 2464 1801 fuit
2510 1747 2724 1820 glareis
2771 1749 2984 1822 Cocyti.
3017 1769 3043 1801 ι)
3081 1749 3360 1823 Cocytum
3407 1751 3617 1808 infero-

1973 1851 2106 1890 rum
2137 1835 2380 1891 fluvium
2411 1853 2539 1892 esse
2567 1836 2792 1892 dicunt.
2823 1839 2939 1894 Nos
2967 1843 3162 1894 autem
3196 1840 3254 1894 in
3297 1840 3616 1912 Scripturis

1973 1922 2186 1979 divinis
2214 1925 2484 1980 eumdem
2517 1925 2779 1992 ﬂuvium,
2810 1931 3148 1994 torrentem,
3202 1932 3466 1998 puteum,
3521 1945 3615 1983 ca-

1973 2012 2224 2082 minum,
2257 2012 2450 2084 ignem
2484 2017 2790 2078 aeternum,
2823 2018 3120 2086 stagnum,
3155 2014 3408 2087 legimus
3437 2021 3494 2070 et
3522 2033 3618 2088 ge-

1972 2099 2250 2155 hennam.
2284 2101 2623 2156 Glarearum
2653 2117 2785 2156 vero
2817 2102 3053 2157 nomine
3099 2103 3229 2175 ipsa
3277 2105 3469 2160 ofﬁcia
3499 2110 3617 2160 tar-

1973 2193 2255 2258 tarorum,
2324 2189 2626 2245 ministros
2685 2207 2920 2262 quoque
2984 2209 3290 2263 poenarum
3355 2193 3617 2249 inferna-

1973 2276 2120 2332 lium
2149 2278 2374 2333 vinctos
2404 2282 2828 2334 tormentorum
2877 2279 3020 2334 locis
3069 2281 3340 2336 existimo
3391 2283 3616 2354 signiﬁ-

1975 2367 2116 2431 cari,
2148 2372 2204 2421 et
2233 2367 2454 2422 dictum
2485 2371 2574 2422 est
2603 2367 2772 2439 quasi
2802 2385 2902 2440 per
2931 2369 3200 2438 ironiam,
3235 2387 3301 2425 eo
3335 2372 3488 2442 quod
3520 2373 3619 2426 de-

1975 2455 2232 2510 siderent
2264 2454 2428 2510 illum
2483 2461 2658 2527 atque
2706 2461 2978 2528 exoptant
3021 2457 3377 2513 habitatores
3409 2458 3618 2514 infero-

1977 2561 2130 2614 rum,
2165 2548 2228 2598 ut
2257 2545 2482 2616 puniat,
2511 2549 2568 2600 et
2595 2544 2666 2600 de
2693 2546 2823 2616 ejus
2852 2545 3092 2600 interitu
3134 2552 3490 2602 saturentur.
3520 2547 3625 2603 Vel

1976 2637 2134 2688 certe
2183 2631 2374 2688 dulcis
2419 2633 2529 2688 fuit
2580 2634 2800 2689 morti:
2835 2634 2974 2706 quia
3019 2639 3140 2689 tam
3183 2634 3524 2692 innumeros
3574 2636 3625 2691 ei

1977 2721 2228 2794 populos
2259 2722 2594 2793 acquisivit.

2052 2831 2080 2859 ‹‹
2112 2814 2177 2866 Et
2207 2815 2341 2882 post
2372 2827 2434 2865 se
2464 2826 2700 2866 omnem
2732 2811 3032 2866 hominem
3064 2811 3274 2866 trahet.
3300 2832 3328 2860 »
3362 2812 3467 2873 Qui
3499 2812 3629 2866 imi-

1977 2900 2196 2954 tatione
2253 2898 2584 2970 exemplum
2633 2900 2763 2969 ejus
2812 2903 3182 2971 sequuntur:
3226 2898 3344 2953 sive
3386 2903 3520 2970 post
3567 2915 3629 2954 se

1979 3004 2215 3043 omnem
2250 2987 2548 3042 hominem
2596 2987 2794 3058 trahit,
2830 2987 3155 3042 secundum
3202 2987 3632 3058 praevaricatio-

1980 3093 2114 3132 nem
2146 3075 2390 3131 humani
2418 3077 2650 3149 generis
2681 3076 2741 3131 in
2771 3077 2980 3131 Adam.

2052 3191 2077 3216 ‹‹
2114 3167 2179 3222 Et
2209 3170 2342 3221 ante
2372 3183 2434 3222 se
2463 3165 2945 3222 innumerabiles.
2980 3187 3009 3215 »
3042 3166 3204 3230 Quod
3235 3165 3544 3238 deceperit,
3570 3168 3629 3222 et

209 3243 426 3338 postea
455 3260 854 3333 disjungendi,
889 3263 955 3314 ut
983 3258 1054 3314 ad
1087 3257 1393 3330 praemium
1425 3257 1870 3326 mutenturjus-
1900 3243 1942 3310 C
1981 3273 2080 3312 eos
2109 3259 2418 3312 secuturus
2449 3255 2749 3327 praemittit
2779 3256 2851 3310 ad
2878 3272 3101 3327 pmnas.

211 3353 290 3418 ti,
323 3356 652 3424 peccatores
700 3365 830 3403 vero
881 3347 952 3402 ad
1002 3345 1356 3418 supplicium
1390 3343 1710 3417 rapiantur.
1753 3342 1868 3398 Vos

210 3457 358 3498 vero
389 3441 448 3494 in
477 3438 771 3494 insontem
799 3436 1063 3508 iniquam
1095 3435 1250 3490 datis
1280 3434 1651 3490 sententiam.

301 3553 328 3583 α
361 3531 430 3585 Et
460 3527 651 3583 dicitis
681 3525 858 3582 enim.
896 3545 924 3573 »
957 3523 1312 3580 Insultantes
1343 3522 1509 3588 mihi,
1561 3537 1750 3593 neque
1796 3520 1869 3576 ir-

210 3620 503 3676 ridentes.

288 3730 318 3758 «
353 3706 464 3763 Ubi
498 3709 586 3762 est
629 3705 841 3760 domus
890 3701 1190 3774 principis,
1238 3705 1295 3756 et
1344 3701 1444 3756 ubi
1493 3699 1869 3756 tabernacula

213 3794 593 3868 impiorum?
639 3794 995 3863 Interrogate
1044 3789 1364 3862 quemlibet
1409 3791 1479 3844 de
1521 3788 1865 3855 viatoribus,

209 3890 272 3941 et
301 3885 426 3940 haec
458 3884 661 3939 eadem
691 3881 856 3936 illum
888 3878 1211 3950 intelligere
1240 3876 1622 3950 cognoscetis.
1658 3899 1687 3925 υ
1723 3876 1870 3939 Quia

207 3991 356 4046 ergo
409 3974 479 4028 de
529 3987 621 4027 me
669 3971 752 4026 ita
793 3969 1048 4035 sentitis,
1091 3968 1247 4039 quod
1296 3965 1693 4021 damnationis
1726 3982 1865 4020 meae

208 4079 376 4119 nunc
406 4067 641 4133 tempus
672 4057 970 4115 advenerit
1000 4074 1013 4111 :
1051 4073 1167 4111 nou
1198 4055 1278 4110 ita
1309 4060 1416 4122 est,
1449 4055 1603 4127 quod
1635 4054 1868 4108 definis-

211 4169 281 4208 se
329 4168 432 4205 vos
481 4147 850 4205 arbitramini
885 4165 897 4202 :
932 4145 1071 4218 quia
1099 4146 1220 4200 haec
1266 4145 1366 4200 Dei
1391 4142 1696 4216 castigatio
1728 4147 1870 4198 tem-

209 4239 460 4314 poralis,
493 4255 609 4293 non
640 4241 729 4293 est
749 4241 964 4291 aeterna
993 4235 1312 4290 damnatio.

293 4351 323 4378 ‹‹
356 4327 502 4393 Quia
529 4329 588 4382 in
619 4326 773 4382 diem
807 4323 1149 4395 perditionis
1182 4327 1446 4379 servatur
1474 4322 1687 4390 malus,
1711 4325 1767 4377 et
1796 4322 1869 4376 ad

210 4419 378 4474 diem
426 4416 642 4471 furoris
691 4415 954 4470 ducetur.
1008 4435 1036 4463 »
1067 4413 1175 4476 Qui
1225 4416 1281 4467 et
1330 4413 1402 4466 ad
1452 4412 1605 4468 diem
1657 4411 1870 4466 furoris

213 4505 322 4562 Dei
373 4504 674 4560 ducendus
725 4507 834 4567 est,
867 4505 932 4556 ut
974 4500 1223 4572 excipiat
1270 4501 1618 4555 sententiam
1667 4499 1872 4555 mortis

2056 3369 2076 3394 ι
2112 3345 2411 3408 Quomodo
2456 3344 2636 3416 igitur
2679 3343 3062 3400 consolamini
3095 3361 3188 3400 me
3220 3347 3458 3413 frustra,
3491 3361 3627 3401 cum

1979 3434 2278 3506 responsio
2307 3436 2500 3488 vestra
2528 3449 2853 3505 repugnare
2893 3437 3129 3489 ostensa
3174 3433 3250 3488 sit
3301 3433 3569 3489 veritati?
3605 3455 3625 3481 ι»

1977 3525 2042 3578 In
2073 3524 2182 3578 hoc
2211 3521 2497 3578 versiculo
2527 3538 2764 3577 omnem
2794 3521 3230 3577 altercationem
3270 3522 3627 3594 disputatio-

1977 3614 2070 3668 nis
2101 3630 2219 3668 suae
2252 3611 2542 3667 conclusit
2578 3610 2840 3666 :amicos
2886 3627 3046 3675 suos,
3097 3611 3252 3682 quod
3284 3612 3410 3666 sine
3450 3627 3629 3667 causa

1977 3706 2180 3758 contra
2226 3717 2362 3756 eum
2410 3701 2481 3755 de
2528 3699 2803 3771 praedicta
2851 3699 3073 3755 ratione
3123 3701 3437 3769 decertent,
3493 3717 3629 3755 con-

1974 3790 2156 3846 vincit
2187 3807 2200 3843 :
2233 3805 2366 3843 cum
2415 3787 2501 3842 illi
2538 3788 2815 3843 difﬁdunt
2845 3789 3079 3860 impios,
3114 3794 3172 3844 et
3203 3794 3536 3860 peccatores
3565 3788 3625 3843 in

1979 3879 2083 3934 hoc
2113 3878 2332 3933 mundo
2364 3877 2580 3949 puniri,
2613 3879 2767 3933 inter
2796 3894 2944 3950 quos
2993 3883 3049 3932 et
3100 3878 3294 3950 ipsum
3349 3879 3624 3933 condom-

1977 3971 2148 4032 nant;
2181 3965 2279 4021 ille
2308 3965 2597 4021 convincit
2625 3982 2744 4032 eos,
2779 3967 2937 4037 quod
2966 3965 3053 4021 vel
3087 3967 3334 4020 maxime
3365 3966 3426 4020 in
3449 3983 3626 4020 saecu-

1975 4056 2030 4111 lo
2063 4055 2406 4127 glorientur,
2438 4054 2538 4127 qui
2590 4059 2730 4112 sunt
2773 4056 2845 4110 ad
2891 4055 3288 4110 damnationis
3327 4055 3622 4124 judicium

1977 4145 2324 4201 deducendi.

2582 4233 2813 4289 CAPUT
2852 4233 3018 4289 XXII.

2053 4344 2082 4371 «
2107 4322 2485 4394 Respondens
2516 4326 2711 4377 autem
2742 4321 2979 4394 Eliphaz
3009 4321 3408 4391 Themanites,
3434 4322 3578 4378 dixit
3607 4339 3620 4377 :

1979 4411 2277 4482 Numquid
2310 4411 2425 4466 Deo
2457 4413 2648 4482 potest
2680 4411 3004 4482 comparari
3038 4411 3232 4476 homo,
3267 4411 3443 4466 etiam
3491 4428 3626 4466 cum

1980 4501 2242 4571 perfectae
2274 4498 2450 4552 fuerit
2479 4498 2773 4553 scientiae?
2797 4523 2816 4547 υ
2846 4504 2911 4554 In
2943 4499 3419 4573 suggillationcm
3452 4500 3631 4571 igitur

214 4602 472 4651 aeternae.
533 4592 730 4648 Sancti
773 4591 928 4646 enim
977 4605 1183 4644 omnes
1233 4594 1387 4644 recte
1439 4587 1688 4643 viatores
1746 4605 1872 4644 esse
1902 4611 1950 4676 D
1980 4589 2086 4644 Job
2120 4588 2230 4643 ista
2261 4587 2537 4642 dicuntur
2568 4605 2580 4642 :
2617 4588 2718 4659 qui
2750 4588 2864 4643 sibi
2895 4591 3136 4644 omnino
3168 4593 3393 4661 arroget
3418 4589 3536 4642 haec
3571 4605 3632 4644 se

215 4686 520 4749 dicuntur,
552 4681 709 4753 quia,
744 4684 810 4735 ut
837 4677 1087 4751 expediti
1116 4682 1172 4733 et
1205 4677 1426 4733 alacres
1471 4681 1872 4748 praetereundo

217 4772 528 4841 saeculum,
558 4769 709 4824 virili
737 4769 934 4834 animo
994 4766 1220 4823 calcant
1247 4772 1463 4821 terram
1495 4783 1685 4834 suam,
1719 4766 1876 4820 festi-

217 4866 434 4918 nanter
464 4860 895 4932 proficiscentes
941 4857 1012 4912 ad
1061 4857 1291 4910 beatam
1343 4855 1615 4926 patriam,
1669 4855 1874 4909 mundi

217 4952 404 5021 hujus
463 4949 572 5004 iter
625 4946 984 5003 loboriosum
1039 4944 1381 4999 conﬁciunt.
1457 4942 1524 4997 Hi
1583 4958 1719 5014 ergo
1775 4942 1875 5015 qui

221 5040 554 5097 ascendunt
577 5037 650 5092 ad
681 5035 964 5108 populum
997 5033 1392 5106 peregrinum.
1446 5035 1567 5086 sive
1619 5032 1878 5088 succinc-

220 5135 354 5184 tum
390 5126 527 5181 fidei
558 5125 760 5196 utique
791 5121 1047 5194 cingulo,
1081 5127 1284 5177 contra
1309 5119 1757 5176 dissolutionem
1788 5120 1876 5174 vi-

223 5218 446 5272 tiorum
475 5214 710 5269 lumbos
743 5212 957 5267 mentis
990 5211 1324 5284 accingunt.

300 5330 330 5354 «
365 5304 506 5370 Quis
537 5306 742 5375 arguet
770 5318 965 5357 coram
999 5317 1096 5356 eos
1127 5300 1248 5354 vias
1282 5299 1433 5370 ejus,
1466 5303 1522 5354 et
1550 5317 1676 5369 quae
1723 5299 1878 5367 fecit,

1984 4677 2220 4750 propria
2247 4677 2440 4732 cordis
2473 4677 2565 4731 sui
2598 4678 2890 4749 sapientia
2920 4678 3103 4749 loqui.

2059 4788 2086 4815 ‹‹
2117 4766 2265 4830 Quid
2297 4766 2536 4838 prodest
2567 4770 2700 4831 Deo,
2734 4766 2781 4821 si
2803 4767 3006 4838 justus
3041 4767 3240 4838 fueris,
3277 4771 3377 4822 aut
3409 4767 3550 4838 quid
3583 4765 3635 4821 ei

1984 4855 2234 4924 confers,
2263 4856 2312 4909 si
2343 4853 2719 4909 immaculata
2749 4856 2922 4911 fuerit
2950 4856 3069 4911 vita
3097 4856 3234 4911 tua?
3268 4879 3294 4903 »
3329 4856 3510 4910 Nemo
3533 4857 3633 4926 ju-

1985 4943 2148 4998 stitia
2176 4960 2306 5009 sua,
2333 4946 2390 4997 et
2419 4942 2724 4998 sanctitate
2747 4944 2929 4999 Deum
2963 4944 3095 5000 fecit
3125 4944 3451 5010 meliorem,
3487 4960 3635 5015 quo-

1986 5030 2143 5085 niam
2192 5031 2386 5085 omnis
2434 5030 2569 5085 boni
2609 5032 2734 5086 fons
2780 5037 2956 5102 atque
3007 5033 3194 5103 origo,
3225 5032 3448 5087 nullius
3486 5033 3638 5087 bono

1986 5124 2133 5191 eget,
2166 5119 2490 5174 secundum
2522 5119 2865 5191 prophetam
2900 5120 2999 5191 qui
3050 5122 3130 5176 ait
3175 5138 3188 5176 :
3243 5123 3515 5190 Quoniam
3548 5123 3638 5177 b0-

1985 5225 2184 5263 norum
2212 5223 2458 5263 meorum
2486 5225 2595 5263 non
2625 5225 2746 5279 eges
2771 5209 2944 5280 (Psal.
2971 5227 3062 5279 xv,
3095 5211 3171 5280 2).

2059 5319 2087 5346 «
2120 5297 2415 5368 Numquid
2447 5297 2660 5353 timens
2691 5303 2894 5369 arguet
2925 5303 2998 5368 te,
3031 5303 3088 5354 et
3116 5299 3308 5354 veniet
3339 5304 3532 5356 tecum
3578 5299 3640 5355 in

227 5396 366 5469 quis
413 5393 615 5449 reddet
643 5390 828 5446 illi?»
858 5389 1120 5454 Videtur,
1172 5391 1327 5461 quod
1379 5389 1486 5443 Job
1533 5387 1763 5459 proprie
1809 5388 1880 5442 de
1981 5385 2309 5457 judicium?
2343 5408 2369 5435 ››
2401 5386 2697 5458 Numquid
2729 5404 2907 5442 causa
2936 5387 3163 5443 timoris
3211 5389 3305 5444 Doi
3355 5389 3477 5444 huic
3529 5393 3638 5455 est,

228 5483 464 5540 diabolo
515 5481 723 5536 dixerit
756 5498 769 5534 :
798 5478 933 5533 licet
979 5483 1037 5533 et
1078 5477 1426 5550 generaliter
1476 5478 1547 5532 de
1605 5477 1881 5532 omnibus
1989 5480 2054 5532 ut
2078 5476 2278 5530 timeat
2307 5479 2362 5529 te
2392 5473 2584 5530 Deus?
2617 5476 2762 5530 forte
2792 5475 2916 5547 ipse
2948 5481 3153 5548 potens
3177 5477 3491 5550 aliquando
3522 5479 3644 5534 effi-

227 5570 638 5648 peccatoribus
669 5567 856 5640 possit
887 5565 1150 5638 intelligi.
1179 5566 1319 5631 Quis
1350 5565 1700 5621 homninum
1745 5581 1877 5620 eum

229 5663 426 5734 potest
455 5674 700 5731 arguere
741 5660 978 5730 propter
1024 5655 1178 5710 viam
1225 5656 1352 5725 ejus
1399 5653 1880 5727 pollutissimam,

557 5786 824 5844 ΡΑτιιοι.
869 5781 1096 5844 XXVI.

1989 5565 2183 5632 ciaris,
2217 5568 2273 5618 et
2299 5563 2609 5634 cozsqualis
2649 5565 2838 5620 factus
2885 5565 3010 5637 ipse
3062 5567 3301 5622 resistas
3359 5567 3453 5622 ei?
3505 5569 3642 5631 Quae

1989 5653 2192 5711 risorie
2221 5652 2417 5728 potius
2448 5655 2506 5708 et
2535 5653 2955 5710 subsannantis
2987 5672 3164 5712 sensu
3197 5657 3494 5711 dicuntur.

3247 5783 3323 5841 23
