3980 6184
365 387 482 450 715

1860 389 2279 453 APPENDIX.

3650 389 3759 451 716

443 547 470 580 ‹‹
499 526 570 584 Et
599 540 714 584 non
763 524 998 600 prOpter
1043 520 1327 581 malitiam
1373 525 1538 580 tuam
1586 519 1924 597 plurimam,
1952 526 2009 580 et
2037 524 2095 591 Α
2123 522 2452 580 divinorum
2482 521 2868 594 voluminum,
2902 517 3140 578 nomine
3187 518 3566 578 tenebrarum
3597 521 3758 595 poni-

369 615 632 674 inﬁnitas
661 613 1000 688 iniquitates
1030 615 1202 671 tuas?
1222 636 1250 666 »
1277 614 1400 670 Non
1431 613 1540 670 hoc
1571 614 1785 670 timens
1818 615 2012 689 arguit

365 711 444 777 te,
477 707 692 779 inquit,
711 707 903 778 gravis
935 705 1116 778 plaga:
1149 705 1326 776 hujus
1357 704 1823 775 correptionibus
1858 721 1871 760 :
1907 705 2008 760 sed

366 802 605 871 propter
633 796 832 852 omnia
860 794 1012 850 mala
1041 798 1161 864 tua,
1196 793 1412 865 quibus
1445 793 1709 848 studium
1751 810 2006 849 commo-

365 885 721 952 dabas.Quia
748 901 883 955 ergo
917 882 1236 956 principale
1268 882 1510 950 malum,
1543 882 1599 936 id
1633 886 1721 937 est
1764 883 2004 949 malitia,

361 977 470 1032 Job
501 975 820 1048 plurimum
855 974 1086 1039 habeat,
1122 973 1275 1027 unde
1308 977 1516 1027 caetera
1548 971 1704 1027 mala
1734 973 1902 1042 quasi
1946 971 2005 1026 in

363 1065 531 1121 botro
589 1064 956 1136 dependeant
1014 1063 1336 1134 subjungit,
1369 1066 1424 1116 et
1473 1066 1675 1117 narrat
1721 1079 1785 1117 ea
1837 1061 2003 1133 quasi

362 1170 466 1227 per
494 1153 720 1227 species
749 1152 1032 1224 singulas,
1062 1151 1144 1206 ita
1169 1151 1399 1206 dicens:

433 1284 462 1313 «
513 1259 821 1317 Abstulisti
853 1259 1009 1314 enim
1067 1259 1280 1330 pignus
1337 1257 1561 1312 frarum
1609 1261 1847 1312 tuorum
1880 1257 2006 1312 sine

361 1368 559 1407 causa.
596 1373 624 1400 »
655 1351 770 1405 Hoc
803 1348 961 1415 dicit,
996 1347 1149 1418 quod
1181 1345 1480 1414 violenter,
1515 1351 1571 1401 et
1597 1345 1795 1401 hostili
1847 1362 2007 1401 more

361 1440 552 1496 aliena
581 1438 858 1511 rapuerit,
889 1437 977 1493 vel
1008 1436 1252 1508 pignora
1278 1435 1496 1504 injuste
1537 1435 1842 1490 extorserit
1875 1452 1887 1489 :
1925 1435 2003 1490 si-

357 1546 426 1585 ve
456 1546 559 1601 per
585 1528 835 1600 speciem
869 1526 1106 1596 iustitiae
1139 1541 1240 1596 per
1270 1524 1627 1578 calumniam
1659 1523 2007 1595 exspoliave-

356 1618 432 1673 rit
464 1634 476 1674 ε
511 1622 568 1674 et
596 1620 988 1689 praegravatur
1017 1614 1259 1679 crimen,
1294 1613 1528 1683 quando
1580 1613 1813 1683 dicitur,
1847 1613 2003 1685 quod

356 1724 462 1764 nec
493 1705 767 1778 sanguini
798 1721 904 1760 suo
935 1701 1278 1775 pepercerit.

435 1834 456 1863 α
489 1815 560 1868 Et
590 1813 780 1867 nudos
813 1810 1076 1882 spoliasti
1106 1809 1382 1864 vestibus.
1425 1831 1444 1856 υ
1481 1808 1629 1874 Quid
1662 1807 1889 1863 vestitis
1923 1809 2002 1864 fe-

356 1902 524 1970 ceris,
557 1901 650 1956 hic
680 1904 921 1973 apparet
952 1916 964 1954 :
1003 1899 1151 1970 apud
1185 1914 1358 1969 quem
1391 1913 1496 1953 nec
1529 1898 1724 1953 nudus
1766 1914 1800 1952 a
1846 1899 2000 1970 rapi-
2033 1896 2080 1961 B

356 1991 450 2047 nis
478 1991 598 2046 tuis
626 1989 910 2044 immunis
940 1989 1212 2043 inventus
1235 1991 1342 2042 est.

426 2103 454 2131 ‹‹
484 2082 712 2149 Aquam
739 2078 894 2134 lasso
927 2094 1042 2133 non
1071 2076 1305 2131 dedisti.
1346 2098 1366 2127 ιι
1407 2075 1784 2132 Manifestum
1817 2079 1923 2132 est.

424 2209 452 2238 ››
483 2188 554 2242 Et
580 2185 857 2242 esurienti
884 2183 1229 2240 subtraxisti
1260 2199 1528 2254 panem.»
1566 2184 1748 2238 Grave
1771 2187 1859 2237 est
1881 2198 1994 2236 non

350 2277 601 2342 dedisse,
629 2275 864 2347 gravius
896 2273 1278 2328 subtraxisse.
1325 2273 1556 2327 Grande
1603 2288 1739 2343 ergo
1789 2287 1996 2342 pecca-

345 2363 961 2437 tum,hospita1itatem
992 2362 1052 2416 in
1087 2361 1432 2416 necessitate
1464 2361 1670 2431 positis
1703 2378 1817 2414 non
1849 2378 1996 2432 prae-

344 2455 499 2510 bere.
531 2455 739 2524 Aperte
766 2455 961 2505 autem
993 2449 1234 2520 Eliphaz
1265 2448 1576 2503 mentitum
1609 2449 1995 2513 scimus,cum

343 2541 589 2598 inferius
622 2541 888 2612 legamus
921 2542 1140 2610 quanta
1172 2538 1326 2592 bona
1354 2537 1462 2592 Job
1495 2537 1667 2592 fuerit
1698 2542 1990 2608 operatus.

420 2650 544 2703 «In
577 2646 922 2703 fortitudine
973 2643 1195 2698 brachii
1239 2644 1324 2697 tui
1374 2642 1715 2714 possidebas
1753 2647 1992 2712 terram,

345 2743 403 2794 et
434 2735 877 2809 potentissimus
928 2732 1238 2788 obtinebas
1285 2749 1433 2786 eam.
1469 2754 1498 2781 ››
1539 2732 1744 2803 Arguit
1783 2732 1994 2788 nihilo-

346 2827 547 2882 minus
579 2841 713 2880 eum
743 2828 1027 2894 tanquam
1061 2821 1404 2892 superbum,
1437 2825 1494 2876 et
1533 2826 1848 2892 tyrannum
1893 2821 1993 2893 qui

347 2933 464 2972 non
490 2913 725 2985 justitia
751 2917 808 2967 et
837 2909 1107 2982 aequitate
1139 2909 1302 2982 regni
1335 2910 1427 2964 sui
1458 2909 1704 2982 pOpulos
1731 2915 1992 2982 regeret:

348 3006 450 3060 sed
482 3001 830 3059 truculentis
863 3000 1125 3055 moribus
1164 2985 1447 3068 tanquam
1485 3000 1697 3054 virtute
1748 2999 1995 3065 brachii,

351 3095 496 3149 duro
546 3108 643 3146 eos
685 3089 984 3145 servitutis
1036 3105 1210 3144 onere
1260 3089 1620 3160 subjugaret,
1687 3093 1743 3143 et
1798 3087 1998 3143 nullus

349 3186 584 3254 propter
614 3179 928 3250 imperium
961 3195 1133 3234 suum
1175 3177 1584 3248 durissimum,
1637 3177 1750 3232 nisi
1799 3178 1996 3233 condi-

349 3271 493 3328 tioni
525 3287 642 3326 suae
674 3267 946 3324 subditus
976 3267 1209 3321 viveret.

424 3382 452 3409 «
482 3359 704 3413 Viduas
736 3355 1012 3412 dimisisti
1043 3371 1326 3410 vacuas.»
1359 3354 1504 3419 Quia
1537 3372 1634 3410 eas
1661 3355 1996 3425 destitutas,

349 3455 406 3505 et
464 3447 951 3503 tribulationibus
1000 3445 1236 3498 affectas
1291 3447 1465 3514 atque
1506 3443 1868 3512 humiliatas,
1929 3447 1999 3501 ad

353 3536 816 3594 subveniendum
849 3534 1050 3588 audire
1083 3531 1322 3587 noluisti
1355 3547 1370 3587 :
1405 3549 1884 3604 unamquamque
1906 3552 2001 3589 ca-

352 3642 484 3681 rum
515 3639 759 3679 vacuam
791 3621 1069 3677 dimisisti
1105 3639 1116 3676 :
1152 3621 1388 3691 quando
1440 3621 1497 3676 id
1530 3623 1684 3693 quod
1718 3640 1751 3677 a
1780 3628 1836 3678 te
1867 3641 2000 3695 pos-

351 3713 602 3781 tulabat,
634 3729 749 3766 non
771 3711 959 3783 potuit
987 3711 1320 3782 impetrare.

428 3841 457 3869 ι(
488 3823 554 3872 Et
581 3817 829 3874 lacertos
859 3816 1215 3889 pupillorum
1258 3816 1679 3872 comminuisti.
1714 3840 1743 3867 »
1773 3819 1828 3873 Si
1862 3819 2000 3891 quid

350 3908 567 3965 virium
598 3907 953 3972 habuerunt,
982 3906 1137 3960 unde
1169 3906 1485 3960 sustentari
1520 3908 1999 3977 possent,tu1isti,

354 4003 410 4054 et
438 4014 641 4053 eorum
671 3996 900 4051 animas
928 3995 1061 4049 vitae
1094 3994 1497 4065 desperatione
1523 3995 1860 4066 fregisti,vel
1886 4015 2000 4054 non

354 4086 717 4142 defendendo
747 4102 845 4140 eos
875 4102 909 4139 a
939 4083 1112 4138 malis
1140 4082 1480 4138 hominibus
1527 4100 1538 4136 :
1573 4083 1845 4141 virtutem
1878 4088 2000 4159 spei

353 4191 577 4240 eorum,
611 4191 726 4245 qua
753 4174 824 4228 ad
857 4176 914 4227 te
945 4171 1354 4243 respiciebant,
1406 4171 1825 4244 comminuisti,
1860 4176 1998 4230 dum

353 4279 452 4318 eos
482 4278 697 4334 passus
728 4278 788 4317 es
820 4259 1091 4332 opprimi.

424 4354 737 4421 Propterea
767 4349 1167 4404 circumdatus
1197 4365 1260 4404 es
1291 4348 1540 4420 laqueis,
1585 4356 1644 4404 et
1693 4353 2002 4408 conturbat

350 4443 408 4495 te
458 4438 707 4494 formido
758 4438 1035 4494 subita.»
1086 4442 1199 4493 Hoc
1259 4437 1490 4493 dicebat
1539 4438 1792 4510 Eliphaz,
1844 4443 1996 4512 quod

351 4529 479 4602 ipse
504 4528 712 4584 beatus
742 4527 852 4582 Job
886 4526 1051 4582 malae
1099 4525 1465 4582 conscientiae
1515 4528 1828 4584 formidine
1875 4535 1996 4585 tur-

2120 617 2236 669 tur.

2191 725 2219 752 ‹‹
2251 704 2336 758 An
2368 702 2588 775 cogitas
2636 701 2790 774 quod
2847 702 2996 758 Deus
3043 700 3322 757 excelsior
3371 699 3510 757 coelo
3563 701 3657 770 sit,
3701 707 3758 757 et

2119 808 2294 863 super
2349 792 2653 847 stellarum
2705 791 2978 846 verticem
3039 789 3430 845 sublimetur?
3486 792 3557 846 Et
3599 791 3756 847 dicis.

2118 881 2265 946 Quid
2296 883 2450 937 enim
2480 881 2638 936 novit
2668 881 2859 936 Deus?
2891 881 2958 935 Et
2989 880 3156 953 quasi
3190 897 3292 951 per
3321 879 3631 952 caliginem
3662 882 3758 952 ju-

2117 971 2292 1026 dicat.
2327 993 2353 1020 »
2387 970 2649 1025 Primum
2679 986 2813 1042 ergo
2847 969 3083 1042 Eliphaz
3113 975 3382 1025 sanctum
3425 969 3534 1025 Job
3568 970 3760 1026 crimi-

2118 1065 2311 1128 natur,
2345 1061 2500 1131 quod
2533 1059 2592 1113 in
2625 1064 2805 1114 Deum
2838 1063 3059 1114 asserat
3089 1059 3481 1130 ignorantiam
3536 1061 3759 1127 cadere,

2117 1154 2174 1204 et
2204 1149 2393 1204 multa
2423 1149 2541 1204 sint
2569 1149 2628 1203 in
2662 1147 2940 1204 creaturis
2973 1147 3097 1204 suis
3129 1164 3255 1219 quae
3287 1147 3529 1203 nesciat.
3550 1149 3762 1204 Deinde

2117 1240 2271 1309 quod
2298 1238 2588 1309 judicium
2620 1239 2747 1308 ejus
2778 1237 3031 1292 afﬁrmet
3059 1237 3348 1292 incertum
3387 1253 3517 1292 esse
3562 1241 3617 1293 et
3659 1238 3762 1292 du-

2116 1327 2302 1382 bium.
2337 1329 2406 1382 Et
2436 1327 2649 1382 idcirco
2682 1343 2786 1398 per
2815 1325 3148 1398 caliginem,
3179 1325 3238 1381 id
3271 1330 3380 1393 est,
3416 1326 3584 1398 quasi
3616 1328 3760 1386 veri-

2115 1415 2307 1472 simile
2339 1417 2475 1488 quid
2495 1416 2744 1487 judicat.

2193 1525 2219 1555 α
2250 1504 2446 1559 Nubes
2478 1503 2789 1558 latibulum
2821 1503 2950 1573 ejus
2984 1518 2997 1556 :
3033 1518 3139 1557 nec
3171 1506 3370 1557 nostra
3413 1503 3756 1572 considerat,

2115 1597 2169 1647 et
2201 1592 2352 1648 circa
2381 1593 2647 1648 cardines
2675 1591 2802 1647 θαιΙὶ
2831 1590 3219 1662 perambulat.
3257 1614 3279 1643 ι
3316 1591 3536 1646 Idcirco
3568 1597 3757 1647 autem

2114 1681 2234 1736 hmo
2265 1682 2463 1737 omnia
2492 1681 2662 1753 quasi
2695 1697 2763 1736 ex
2793 1680 3066 1736 sensibus
3095 1679 3250 1735 beati
3293 1679 3401 1734 Job
3455 1696 3584 1736 esse
3631 1699 3758 1736 con-

2115 1771 2330 1841 ﬁngit:
2365 1776 2430 1826 ut
2479 1787 2614 1826 eum
2663 1787 2777 1824 non
2834 1769 3023 1825 solum
3074 1767 3510 1840 blasphemum,
3557 1786 3759 1826 verum

2113 1860 2291 1915 etiam
2323 1860 2476 1932 quod
2510 1859 2877 1932 ignorantem
2912 1858 3070 1913 dicat
3097 1858 3303 1927 Deum,
3337 1856 3598 1929 locisque
3631 1876 3762 1915 eum

2112 1955 2336 2005 asserat
2368 1949 2652 2005 contineri
2688 1949 2878 2020 :quod
2912 1947 3112 2019 utique
3140 1946 3358 2020 grande
3388 1947 3760 2021 sacrilegium

2109 2044 2199 2094 est
2230 2038 2445 2094 sentire
2475 2039 2545 2093 de
2575 2039 2715 2094 Deo.

2182 2150 2210 2178 ‹‹
2242 2127 2541 2199 Numquid
2572 2127 2842 2182 semitam
2875 2125 3222 2182 saeculorum
3248 2126 3545 2182 custodire
3569 2129 3758 2200 cupis,

2107 2233 2285 2288 quam
2344 2215 2713 2271 calcaverunt
2760 2215 2867 2270 viri
2917 2213 3144 2287 iniqui?
3194 2214 3502 2270 Custodire
3571 2217 3756 2288 cupis,

2105 2323 2210 2378 pro
2260 2305 2566 2360 observare
2597 2303 2784 2358 dixit:
2819 2303 2927 2358 hoc
2961 2308 3068 2369 est,
3120 2303 3409 2374 numquid
3458 2308 3651 2373 actus,
3701 2311 3757 2360 et

2104 2395 2282 2450 vitam
2315 2394 2603 2466 perditam
2652 2392 2932 2464 consequi
2980 2393 3346 2464 concupiscis
3393 2409 3620 2462 eorum,
3654 2393 3753 2465 qui

2106 2484 2164 2537 in
2199 2483 2439 2550 diluvio,
2474 2488 2530 2537 et
2558 2482 2848 2548 Sodomis,
2883 2485 2939 2536 et
2969 2498 3163 2536 eremo
3197 2483 3515 2552 perierunt,
3548 2481 3639 2538 vel
3667 2500 3754 2538 eo-

2107 2589 2238 2626 rum
2269 2573 2369 2644 qui
2401 2588 2518 2626 non
2546 2571 2790 2626 credunt
2822 2570 3005 2625 Deum
3039 2571 3301 2625 humana
3331 2587 3557 2626 curare.

2178 2685 2207 2711 ‹‹
2239 2661 2345 2723 Qui
2373 2660 2588 2716 sublati
2621 2663 2760 2714 sunt
2788 2664 2921 2714 ante
2965 2663 3199 2730 tempus
3247 2676 3442 2714 suum.
3480 2682 3507 2710 η
3536 2660 3610 2715 Ut
3653 2666 3754 2717 Da-

2104 2749 2244 2804 tban
2294 2754 2352 2804 et
2398 2749 2613 2803 Abiron
2647 2750 2828 2817 (Num.
2863 2766 2979 2816 xv1,
3008 2749 3100 2817 30)
3135 2766 3148 2805 :
3179 2747 3271 2802 vel
3303 2747 3388 2802 illi
3421 2749 3523 2820 qui
3562 2751 3758 2806 subita

2107 2842 2290 2893 morte
2322 2839 2638 2909 perierunt.

2179 2951 2206 2978 «
2239 2928 2308 2982 Et
2338 2927 2548 2981 ﬂuvius
2598 2925 2882 2981 subvertit
2929 2927 3383 2983 fundamentum
3441 2945 3665 2984 eorum.
3729 2954 3757 2980 ιι

2108 3017 2456 3071 Imminente
2486 3015 2546 3070 in
2578 3031 2640 3070 se
2672 3016 2759 3070 ira
2788 3015 2912 3082 Dei,
2947 3019 3230 3087 tanquam
3282 3017 3442 3072 fluvii
3474 3017 3754 3092 impetus,

2107 3105 2396 3161 stabilitas
2428 3104 2734 3176 praesentis
2764 3104 2891 3158 vitze
2920 3121 3123 3159 eorum
3156 3105 3435 3162 subversa
3464 3113 3553 3164 est
3589 3126 3601 3164 :
3636 3110 3755 3165 sive

2109 3195 2278 3266 quasi
2309 3194 2518 3249 ﬂuvius
2571 3193 3010 3265 superveniente
3053 3211 3348 3265 pressura,
3409 3196 3760 3254 fundamen-

2108 3289 2236 3339 tum
2264 3301 2574 3356 corporum
2606 3299 2808 3337 eorum
2841 3282 3188 3338 demolitum
3239 3289 3348 3354 est,
3401 3290 3466 3339 ut
3510 3285 3643 3342 vita
3673 3304 3763 3344 θο-

2111 3389 2241 3427 rum
2274 3373 2522 3444 parietes
2555 3376 2912 3427 corruerent.

2183 3484 2210 3509 «
2243 3460 2350 3523 Qui
2383 3460 2652 3515 dicebant
2681 3460 2797 3514 Deo
2833 3478 2845 3514 :
2880 3460 3082 3514 recede
3130 3478 3164 3514 a
3205 3461 3394 3516 nobis.
3437 3484 3466 3513 »
3521 3463 3762 3536 Propter

2111 3550 2466 3620 apostasiam
2497 3566 2633 3621 ergo
2674 3549 2936 3604 damnati
2995 3554 3154 3604 sunt.
3203 3552 3276 3604 At
3321 3568 3436 3606 non
3484 3553 3622 3609 talis
3671 3561 3760 3610 est

2109 3637 2239 3707 Job,
2274 3638 2375 3710 qui
2405 3638 2546 3694 dicit
2579 3655 2592 3692 :
2626 3637 2867 3694 Etiamsi
2900 3638 3128 3694 occidat
3157 3655 3271 3711 me,
3305 3640 3361 3694 in
3395 3641 3593 3712 ipsum
3639 3660 3762 3714 spe-

2112 3728 2273 3782 rabo.

2184 3840 2213 3866 ‹‹
2247 3817 2315 3872 Et
2345 3815 2513 3887 quasi
2542 3815 2684 3870 nihil
2719 3815 2906 3887 possit
2937 3816 3125 3872 facere
3155 3817 3562 3890 Omnipotens,
3615 3823 3763 3876 zesti~

2113 3909 2352 3961 mabant
2383 3922 2538 3974 eum,
2573 3922 2707 3960 cum
2739 3904 2835 3960 ille
2867 3905 3168 3977 implesset
3199 3907 3405 3962 domos
3435 3925 3639 3965 eorum
3667 3911 3764 3965 bo-

2111 3995 2225 4050 nis.
2260 4018 2288 4046 »
2321 3995 2446 4050 Non
2476 3995 2805 4049 timuerunt
2834 4011 2968 4066 ergo
3001 3994 3189 4066 impii,
3241 4013 3312 4051 ne
3362 4003 3602 4070 propter
3632 4015 3762 4070 pec~

2111 4089 2308 4138 catum
2339 4083 2622 4139 offensam
2655 4083 2778 4154 Dei,
2811 4088 2868 4137 et
2898 4083 3052 4137 bona
3083 4101 3206 4152 qua:
3238 4085 3361 4157 ipse
3392 4087 3763 4157 praestiterat,

2109 4173 2426 4227 vindictam
2449 4171 2873 4244 suppliciorum
2906 4171 3290 4228 incurrerent.
3666 4195 3673 4200 -

2181 4284 2208 4310 ‹‹
2244 4263 2503 4326 Quorum
2550 4261 2840 4315 sententia
2887 4260 3084 4332 procul
3119 4261 3196 4323 sit
3227 4281 3258 4317 a
3290 4280 3400 4320 me.
3437 4287 3464 4312 ››
3497 4265 3566 4319 Et
3596 4283 3765 4321 sanc-

2109 4354 2235 4404 tum
2267 4349 2812 4421 blasphematorum
2844 4349 2906 4404 in
2938 4366 3184 4406 numero
3215 4353 3400 4423 ponit,
3451 4371 3630 4425 quam
3683 4357 3766 4410 ita

2109 4444 2174 4494 ut
2204 4439 2438 4494 eosdem
2471 4439 2814 4494 detestatur.
3309 4430 3311 4433 ’

2180 4551 2208 4577 ‹‹
2237 4528 2531 4583 Videbunt
2551 4528 2722 4598 justi,
2754 4532 2810 4583 et
2838 4527 3209 4584 letabuntur.
3268 4552 3294 4579 »
3345 4531 3494 4600 Sive,
3549 4538 3616 4588 ut
3664 4531 3764 4587 alii

349 4619 606 4686 baretur,
639 4622 696 4673 et
723 4617 926 4672 eadem
961 4615 1271 4671 formidine
1318 4616 1430 4671 sibi
1471 4617 1664 4672 subito
1709 4619 1993 4690 veniente,
2027 4636 2075 4700 D
2109 4617 2398 4685 dixerunt,
2431 4617 2704 4672 ridebunt
2737 4635 2749 4672 :
2785 4619 2854 4673 de
2886 4617 3210 4688 abjectione
3259 4618 3515 4676 inﬁdelis
3555 4623 3761 4694 populi

347 4723 774 4780 usquequaque
842 4709 1250 4761 consternatus
1327 4705 1638 4760 consilium
1707 4708 1995 4778 patientiae

345 4797 666 4868 perdiderit
695 4799 898 4850 contra
929 4795 1188 4848 adversa.

419 4905 446 4935 «
478 4887 550 4939 At
579 4884 829 4957 putabas
859 4888 915 4939 te
947 4882 1217 4937 tenebras
1240 4898 1354 4936 non
1378 4881 1666 4952 visurum,
1686 4889 1744 4938 et
1768 4884 1991 4956 impetu

349 4988 636 5042 aquarum
656 4971 1070 5027 inundantium
1089 4987 1204 5024 non
1232 4987 1580 5042 oppressum
1609 4970 1810 5026 iri.»In
1833 4978 1995 5029 tanta

345 5060 654 5114 securitate
687 5059 1094 5131 iniquitatibus
1126 5063 1332 5130 potens
1363 5059 1597 5129 agebas,
1632 5064 1696 5114 ut
1726 5060 1846 5115 inec
1878 5079 1995 5116 ma-

345 5146 404 5202 la
436 5149 778 5203 meritorum
807 5155 1042 5204 tuorum
1077 5147 1371 5219 reciproca
1392 5147 1494 5201 tibi
1521 5147 1714 5203 venire
1737 5167 1851 5204 non
1875 5168 1994 5206 cre-

345 5236 825 5302 dideris.Quibus
853 5237 1111 5292 tenebris
1142 5235 1388 5292 miserim
1422 5235 1643 5308 utique,
1677 5243 1733 5293 et
1752 5238 1989 5294 calami-

342 5325 500 5393 tatis,
529 5330 809 5396 tanquam
846 5325 1063 5396 impetu
1099 5341 1386 5396 aquarum
1435 5326 1848 5382 inundantium
1901 5346 1987 5384 re-

342 5419 515 5484 pente
547 5415 861 5486 depressus
891 5418 1055 5484 es,ut
1085 5413 1394 5468 obscurato
1427 5415 1599 5470 corde
1631 5432 1744 5470 non
1768 5416 1984 5484 videas,

342 5504 497 5576 quod
528 5508 754 5559 rectum
777 5519 902 5557 esse
934 5502 1218 5574 patientia
1248 5504 1538 5572 perdocet.
1570 5503 1764 5559 Multis
1797 5507 1986 5560 modis

336 5592 398 5646 in
429 5592 748 5664 Scripturis
778 5591 1266 5656 divinis,tenebrze
1300 5591 1691 5661 appellantur,
1726 5599 1982 5666 peccata,

333 5680 684 5753 ignorantia,
733 5680 851 5736 sive
898 5678 1221 5748 tribulatio,
1280 5681 1366 5733 vel
1423 5681 1596 5735 etiam
1656 5684 1984 5740 obscuritas

2106 4706 2386 4778 loquitur.

2175 4819 2202 4845 ‹‹
2232 4800 2297 4851 Et
2327 4795 2605 4850 innocens
2647 4795 3036 4850 subsannabit
3081 4813 3200 4852 eos.
3231 4820 3260 4846 ››
3294 4799 3600 4862 Quomodo
3651 4800 3761 4854 hoc

2106 4889 2162 4940 et
2191 4885 2261 4939 de
2293 4884 2513 4966 sanctis
2539 4885 2668 4954 ejus
2699 4901 2814 4939 non
2848 4889 3041 4956 potest
3069 4885 3179 4941 dici
3201 4889 3228 4939 ?
3277 4888 3512 4957 quando
3559 4889 3763 4944 vident

2104 4978 2438 5044 peccatores
2457 4974 2622 5044 justo
2654 4973 2754 5028 Dei
2782 4973 3006 5044 judicio
3028 4975 3407 5030 condemnari
3434 4994 3447 5030 :
3473 4976 3766 5032 videbunt

2103 5067 2160 5117 et
2190 5060 2562 5117 laetabuntur.
2597 5063 2794 5117 Placet
2833 5063 2987 5117 enim
3022 5062 3138 5118 illis
3187 5063 3286 5118 Dei
3312 5063 3572 5133 justitia,
3607 5067 3762 5121 sicut

2101 5156 2159 5206 et
2189 5151 2300 5222 ipsi
2336 5156 2468 5206 Deo.
2520 5151 2630 5206 Sed
2662 5151 2900 5222 Eliphaz
2953 5169 3087 5207 cum
3139 5151 3233 5206 hic
3283 5153 3553 5209 fortassis
3606 5161 3764 5210 recte

2101 5240 2330 5308 dixerit,
2365 5240 2516 5294 male
2548 5240 2820 5311 opinatus
2861 5245 2969 5312 est,
3012 5248 3079 5296 ut
3118 5242 3350 5296 beatum
3398 5241 3509 5297 Job
3554 5243 3761 5316 impiis

2100 5334 2156 5384 et
2182 5329 2586 5401 peccatoribus
2618 5335 2936 5402 comparet.

2171 5442 2196 5466 ‹‹
2228 5417 2430 5472 Nonne
2461 5419 2689 5474 succisa
2737 5423 2826 5473 est
2874 5420 3088 5475 creatio
3119 5419 3359 5476 eorum?
3393 5444 3420 5467 ››
3461 5421 3760 5494 Superbia

2098 5507 2302 5577 utique
2355 5505 2590 5561 illorum
2639 5513 2697 5561 et
2748 5509 3134 5573 contumacia,
3167 5509 3526 5580 supradictis
3556 5528 3756 5583 poma-

2096 5613 2227 5649 ruin
2259 5594 2538 5667 exemplis
2578 5597 2809 5652 succisa
2841 5603 2950 5669 est,
3004 5603 3062 5653 et
3105 5601 3395 5670 perpetua:
3430 5599 3749 5670 perditioni

2094 5684 2330 5739 tradita.
