3980 6184
221 379 333 441 Ἠτ

1266 377 1785 442 COMMENTAM.
1837 379 1914 442 IN
1964 379 2102 443 JOB
2148 381 2319 442 CAP.
2366 380 2585 444 XXIII.

3511 389 3632 450 '1l8

225 534 255 565 ‹‹
284 512 353 570 Et
409 509 690 584 reliquias
743 527 946 570 eorum
1003 509 1300 570 devoravit
1382 511 1585 587 ignis?
1611 533 1640 567 ιι
1721 511 1871 572 Reli-
1902 527 1958 594 Α
1986 513 2220 574 Deliciis
2253 516 2454 587 utique
2485 515 2890 588 spiritualibus
2909 519 3262 590 supradictis
3293 521 3628 595 repleberis,

226 603 396 676 quias
456 602 638 658 etiam
699 602 863 670 dixit,
898 605 1157 660 extrema
1187 619 1433 676 quisque
1463 605 1870 676 peccaminum

224 693 285 749 in
315 691 408 747 die
431 690 645 763 judicii
676 690 1002 762 punienda:
1045 692 1186 764 quia
1215 692 1274 748 in
1306 693 1416 750 hoc
1447 693 1678 760 saeculo,
1712 693 1875 749 nulla

225 797 396 856 pcsna
442 780 828 853 gravissimos
875 786 1207 852 peccatores
1260 781 1340 837 ita
1395 786 1462 837 ut
1515 782 1677 854 digni
1736 788 1877 838 sunt

226 873 485 927 damnat.
517 870 644 926 Sive
675 869 952 941 reliquias
982 871 1384 942 posteritatem
1445 872 1734 928 malorum
1767 872 1875 928 ho-

227 961 455 1018 minum
503 958 829 1030 intelligere
862 975 1210 1032 possumus:
1273 977 1401 1033 quae
1457 960 1746 1017 imitando
1776 977 1876 1017 eos

224 1054 506 1122 tanquam
536 1053 733 1122 patres
763 1064 968 1105 eorum
992 1049 1272 1122 reliquias
1304 1050 1691 1123 appellentur.
1743 1051 1877 1106 Sive

226 1139 286 1194 in
314 1139 530 1194 bonam
559 1141 787 1210 partem
818 1142 1140 1209 ponuntur,
1172 1140 1497 1196 secundum
1531 1139 1679 1198 illud
1705 1158 1718 1196 :
1744 1141 1880 1209 Quo-

223 1229 381 1284 niam
425 1229 688 1299 cogitatio
721 1228 967 1283 hominis
996 1229 1340 1298 conﬁtebitur
1369 1230 1509 1285 tibi:
1540 1237 1592 1285 et
1621 1231 1880 1302 reliquiae

224 1318 566 1390 cogitationis
593 1317 743 1372 diem
768 1318 972 1386 festum
1000 1321 1164 1388 agent
1193 1318 1297 1373 tibi
1327 1319 1504 1390 (Psat.
1543 1335 1705 1386 Lxxv,
1763 1319 1874 1390 11),

227 1409 292 1462 ut
346 1405 619 1478 cogitatio
662 1405 921 1461 hominis
969 1406 1041 1462 ad
1089 1407 1518 1463 confessionem
1593 1407 1880 1479 pertineat

225 1499 624 1568 peccatorum:
661 1493 924 1566 reliquiae
965 1511 1100 1550 vero
1132 1499 1272 1551 sunt
1326 1496 1515 1567 ipsius
1559 1495 1878 1551 confessio-

229 1585 325 1641 nis
359 1588 577 1640 aaterna
605 1583 1028 1640 remuneratio:
1065 1599 1182 1656 qua
1237 1583 1483 1640 indultis
1525 1584 1637 1641 sibi
1685 1600 1882 1657 pecca-

230 1674 310 1729 tis
339 1672 494 1729 velut
524 1673 584 1728 in
612 1672 707 1729 die
736 1672 883 1729 festo
919 1672 1211 1745 spirituali
1272 1672 1472 1729 latitia
1524 1674 1879 1746 perfruatur.

229 1767 489 1819 Possunt
513 1759 775 1833 reliquias
795 1766 852 1820 et
870 1762 1194 1817 novissima
1212 1761 1463 1834 intelligi
1486 1779 1499 1816 :
1516 1763 1688 1832 juxta
1712 1761 1879 1832 illud,

229 1853 499 1924 Reliquiae
518 1853 819 1923 impiorum
839 1853 1101 1923 peribunt
1132 1852 1302 1923 (Psal.
1329 1869 1519 1918 xxxvx,
1551 1851 1664 1923 38).

300 1942 589 2013 Acguissce
635 1942 808 2011 igitur
853 1942 926 2009 ei,
975 1949 1030 1996 et
1059 1941 1252 1996 habeto
1282 1957 1494 2009 vacem,
1523 1947 1581 1996 et
1625 1957 1728 2012 per
1765 1941 1884 1998 haec

232 2032 456 2087 habebis
483 2033 695 2102 fructus
725 2032 976 2101 optimos.
1004 2034 1284 2086 Hortatur
1339 2035 1612 2086 sanctum
1653 2032 1783 2099 Job,
1818 2034 1885 2086 ut

233 2139 295 2178 se
317 2123 444 2193 jam
463 2120 677 2192 cogitet
698 2121 1030 2188 emendare,
1055 2124 1112 2176 et
1130 2120 1229 2175 dat
1252 2119 1564 2176 consilium
1585 2136 1702 2176 non
1727 2137 1882 2192 quae-

234 2210 406 2278 renti,
437 2213 504 2264 ut
532 2225 635 2281 per
661 2209 1012 2280 patientiam
1040 2213 1412 2265 convertatur
1441 2210 1513 2265 ad
1559 2209 1765 2264 Deum.
1821 2209 1886 2262 Et

234 2299 316 2354 ita
342 2302 474 2371 post
498 2296 725 2354 bellum
746 2296 1025 2354 instantis
1046 2297 1158 2353 sibi
1181 2297 1481 2354 horribilis
1508 2298 1713 2370 plagas,
1750 2313 1885 2370 pos-

233 2393 325 2444 set
348 2388 560 2444 habere
591 2385 1017 2445 incolumitatis
1049 2402 1274 2459 pacem.

309 2501 336 2526 ‹‹
368 2475 608 2548 Suscipe
636 2492 706 2532 ex
731 2492 828 2531 ore
859 2474 1020 2531 illius
1050 2475 1260 2547 legem,
1293 2480 1352 2532 et
1403 2492 1551 2548 pone
1583 2492 1886 2533 sermones

237 2567 368 2638 ejus
397 2565 458 2621 in
491 2565 664 2621 corde
694 2569 814 2621 tuo.
845 2587 866 2614 ι
897 2565 1026 2622 Sive
1059 2565 1282 2622 dictum
1317 2581 1329 2621 :
1365 2565 1422 2620 id
1447 2569 1556 2634 est,
1591 2565 1728 2620 audi
1761 2581 1888 2636 quae

238 2655 536 2730 praecepit,
569 2660 627 2710 et
655 2671 954 2710 conserva.

311 2769 340 2796 ‹‹
372 2745 429 2799 Si
460 2759 728 2800 reversus
759 2743 940 2813 fueris
969 2744 1044 2799 ad
1096 2744 1590 2816 Omnipotentem,
1642 2743 1891 2798 aedifica-

236 2834 422 2891 beris.
452 2855 480 2884 »
517 2834 576 2888 Si
605 2838 665 2889 te
694 2832 984 2888 factorum
1037 2837 1275 2888 tuorum
1333 2833 1598 2905 pmnitat,
1645 2831 1892 2887 aediﬁca-

246 2922 440 2980 beris:
474 2923 534 2978 id
592 2925 700 2989 est,
763 2921 1026 2993 quotidie
1078 2920 1328 2977 vallatus
1377 2920 1574 2976 divina
1629 2919 1898 2976 custodia

252 3011 557 3068 munieris.
591 3009 1119 3067 Dissimulantibus
1151 3027 1321 3083 agere
1341 3010 1762 3082 pmnitentiam,
1788 3010 1897 3066 hoc

248 3101 584 3172 exemplum
614 3100 914 3173 egregium
947 3100 1396 3172 proponendum
1455 3105 1583 3156 est:
1635 3115 1899 3164 necessa-

248 3191 336 3246 ria
361 3191 522 3246 enim
553 3189 674 3245 hate
707 3189 1028 3245 cohortatio
1057 3193 1168 3259 est,
1199 3205 1318 3261 qua
1346 3191 1595 3260 possunt
1631 3193 1897 3260 peccato-

249 3296 344 3336 res
376 3279 616 3352 gloriam
651 3279 938 3351 perditam
968 3295 1258 3350 reparare.

325 3390 355 3418 ‹‹
387 3368 456 3423 Et
481 3367 650 3440 longe
681 3367 856 3422 facies
875 3366 1250 3438 iniquitatem
1273 3366 1690 3422 atabernaculo
1720 3371 1842 3422 tuo.
1870 3389 1898 3416 »

249 3458 310 3514 Si
342 3461 400 3513 te
429 3457 741 3513 emendare
769 3455 1022 3511 volueris
1052 3459 1230 3527 atque
1259 3455 1564 3526 corrigere,
1599 3457 1704 3512 tibi
1727 3457 1900 3511 ascri-

246 3547 343 3602 bet
377 3546 556 3614 Deus,
584 3546 740 3617 quod
773 3544 946 3616 longe
975 3544 1156 3599 facies
1181 3561 1215 3599 a
1243 3548 1299 3600 te
1322 3544 1690 3616 iniquitatem
1710 3551 1897 3600 tuam:

247 3652 385 3690 cum
418 3651 549 3694 eam
581 3651 615 3689 a
653 3638 710 3689 te
739 3633 935 3705 potius
967 3633 1091 3704 ipse
1111 3632 1359 3704 elonget.
1402 3633 1529 3689 Sive
1561 3635 1684 3706 ipse
1705 3635 1904 3690 diabo-

247 3723 342 3780 lus
375 3723 659 3794 iniquitas
690 3722 930 3777 dicitur:
966 3720 1076 3776 hoc
1102 3726 1213 3785 est,
1243 3723 1342 3793 qui
1372 3727 1430 3778 te
1468 3723 1524 3778 in
1555 3728 1901 3795 potestatem

250 3811 466 3884 accipit
493 3810 883 3883 elengabitur.

329 3927 352 3955 ι
388 3901 568 3958 David
602 3917 706 3973 pro
726 3904 883 3956 terra
911 3899 1158 3966 silicem,
1193 3905 1250 3956 et
1278 3918 1380 3973 pro
1412 3901 1572 3958 silise
1617 3905 1906 3958 torrentes

253 4008 488 4048 aureos.
517 4013 538 4041 ι
575 3994 695 4046 Hoc
725 3989 902 4046 dicit:
936 3991 1092 4060 quod
1135 3990 1184 4045 si
1243 3991 1755 4062 prspitiatio-eum
1811 3994 1905 4047 Dei

255 4081 316 4136 in
349 4079 652 4152 praeceptis
681 4079 810 4150 ejus
843 4077 1203 4134 firmissimis
1233 4078 1565 4147 stabilierit,
1625 4099 1739 4136 non
1794 4087 1906 4136 ter-

257 4170 419 4226 renis
449 4168 627 4224 rebus
653 4176 710 4224 et
733 4166 928 4223 carnis
955 4166 1356 4238 voluptatibus
1412 4185 1644 4240 operam
1707 4171 1869 4225 dabit
1893 4187 1907 4227 :

1912 1903 1961 1967 Β

1985 619 2118 658 cum
2169 603 2473 677 petitiones
2530 604 2721 661 cordis
2769 605 2858 660 tui-
2905 606 3091 678 gratia
3141 610 3326 665 sancti
3375 612 3630 683 Spiritus

1983 691 2219 764 videris,
2253 697 2310 749 et
2342 693 2400 747 in
2433 694 2646 766 gaudio
2689 695 2902 751 mentis
2958 699 3065 751 tuae
3123 700 3377 755 senseris
3436 702 3628 757 adim-

1984 781 2150 852 pleri.

2058 892 2086 921 ‹‹
2118 871 2188 926 Et
2216 869 2468 928 elevabis
2513 873 2584 928 ad
2616 873 2802 929 Deum
2836 873 3039 929 faciem
3067 879 3250 930 tuam.
3280 898 3307 926 ››
3359 877 3628 933 Liberam

1985 959 2240 1015 frontem
2274 960 2346 1015 ad
2378 961 2812 1032 deprecandum
2843 963 3026 1022 Deum
3060 964 3326 1020 attolles:
3364 965 3483 1021 sive
3509 968 3630 1036 jam

1987 1065 2104 1104 non
2138 1063 2318 1119 ream,
2354 1065 2541 1121 neque
2571 1051 2932 1110 incurvatam
2985 1053 3260 1108 deorsum
3303 1054 3460 1111 mala
3491 1071 3632 1111 con-

1987 1137 2250 1208 scientia,
2283 1138 2470 1210 eriges
2492 1139 2564 1194 ad
2592 1139 2778 1196 Deum
2805 1140 3065 1197 animam
3097 1146 3280 1198 tuam.

2060 1249 2088 1276 ‹‹
2123 1227 2376 1299 Rogabis
2406 1242 2562 1295 cum,
2596 1232 2654 1284 et
2680 1229 2948 1286 exaudiet
2975 1235 3048 1298 te,
3083 1240 3138 1286 et
3166 1237 3298 1287 vota
3355 1239 3454 1289 tua
3501 1234 3629 1289 red-

1987 1315 2160 1376 des.»
2222 1315 2590 1373 Peccatorem
2638 1322 2696 1378 te
2752 1335 2867 1373 non
2915 1324 3106 1390 potest
3161 1321 3454 1389 exaudire,
3513 1322 3628 1377 nisi

1988 1421 2123 1460 eum
2155 1404 2319 1476 prius
2350 1421 2452 1477 pro
2484 1407 2738 1477 peccatis
2767 1407 2886 1463 tuis
2915 1408 3262 1480 deprecatus
3295 1411 3495 1466 lueris.

2067 1516 2087 1543 ε
2124 1493 2411 1550 Decernes
2444 1511 2587 1562 rem,
2618 1501 2676 1551 et
2703 1496 2893 1554 veniet
2925 1497 3050 1551 tibi.
3080 1520 3105 1545 η
3163 1503 3302 1554 Rem
3354 1501 3638 1556 duntaxat

1981 1583 2230 1652 justam,
2286 1586 2572 1655 sanctam,
2633 1589 2810 1656 atque
2867 1585 3196 1657 honestam,
3249 1590 3636 1658 quamaDeo

1991 1670 2253 1742 petieris,
2285 1672 2595 1729 obtinebis.

2063 1781 2092 1810 «
2127 1761 2195 1816 Et
2218 1760 2278 1816 in
2308 1760 2416 1817 viis
2436 1762 2769 1834 splendebit
2788 1764 3008 1822 lumen.
3035 1789 3064 1817 »
3089 1767 3206 1822 Vite
3227 1769 3340 1820 tua:
3367 1771 3532 1822 actus
3552 1767 3639 1820 tui

1992 1849 2131 1905 boni
2164 1855 2356 1918 erunt,
2386 1855 2445 1906 et
2473 1850 2671 1908 lumen
2723 1853 2828 1908 tibi
2860 1854 2970 1909 erit
3000 1856 3101 1911 Dei
3145 1855 3370 1911 notitia.
3421 1855 3642 1926 Deique

1990 1937 2268 2004 visitatio,
2301 1943 2479 2010 atque
2511 1941 2808 2013 protectio,
2844 1960 2959 2014 quo
3011 1949 3176 1999 actus
3225 1945 3452 2000 viarum
3513 1951 3640 2000 tua-

1993 2043 2128 2082 rum
2176 2030 2420 2084 correcti
2447 2028 2894 2086 illuminentur:
2930 2048 3000 2087 ne
3035 2033 3177 2088 forte
3238 2049 3339 2104 per
3385 2049 3640 2088 errorem

1996 2115 2240 2170 inscitia:
2272 2116 2333 2171 in
2368 2122 2596 2174 montes
2624 2119 2966 2176 tenebrosos
2996 2121 3276 2177 offendas.

2070 2224 2098 2252 ‹‹
2132 2203 2239 2267 Qui
2270 2204 2426 2259 enim
2461 2204 2808 2263 humiliatus
2840 2209 3036 2277 fuerit,
3076 2210 3185 2264 erit
3225 2210 3283 2264 in
3332 2208 3536 2280 gloria,
3587 2213 3646 2264 et

1997 2290 2099 2363 qui
2131 2290 2494 2349 inclinaverit
2522 2295 2721 2350 oculos
2752 2313 2912 2367 suos,
2948 2297 3072 2369 ipse
3120 2298 3462 2354 salvabitur.
3493 2321 3518 2346 η
3578 2299 3647 2352 Et

2004 2381 2282 2438 Dominus
2310 2382 2371 2438 in
2401 2383 2708 2455 Evangelio
2733 2401 2746 2440 :
2782 2387 2888 2454 Qui
2915 2403 2972 2444 se
2992 2387 3277 2455 humiliat,
3308 2387 3647 2456 exaltabitur

1998 2470 2217 2540 (Matth.
2252 2487 2408 2541 xxm,
2434 2472 2543 2539 12).

2075 2579 2103 2607 ‹‹
2135 2558 2468 2614 Salvabitur
2496 2560 2798 2629 innocens,
2830 2563 3151 2620 salvabitur
3182 2570 3378 2621 autem
3414 2565 3647 2620 mundi-

2001 2648 2083 2704 tia
2115 2663 2401 2702 mannum
2428 2665 2692 2706 suarum.
2718 2674 2745 2701 ››
2776 2651 2836 2706 Id
2870 2657 2958 2708 est
2987 2654 3174 2728 gratia
3198 2655 3487 2709 bonorum
3521 2670 3653 2725 ope-

2005 2753 2158 2807 rum,
2189 2737 2279 2793 vel
2310 2737 2517 2795 nitore.
2547 2741 2786 2811 Antiqni
2820 2741 2899 2796 ita
2929 2741 3202 2798 dixerunt
3229 2761 3241 2797 :
3300 2744 3443 2798 Erue
3493 2747 3653 2797 inno-

2003 2829 2235 2894 centem,
2292 2834 2344 2884 et
2387 2829 2688 2885 salvaberis
2743 2831 3019 2886 munditia
3073 2848 3341 2886 manuum
3393 2835 3649 2885 tuarum:

2011 2916 2108 2969 ubi
2139 2915 2584 2972 retributionem
2613 2919 2843 2974 videtur
2872 2937 3100 2990 sonare,
3163 2921 3317 2991 quod
3366 2920 3466 2986 ait,
3520 2935 3656 2974 erue

2008 3004 2413 3062 innocentem:
2449 3009 2514 3061 ut
2542 3005 2754 3064 salvari
2785 3008 2976 3079 possis
3010 3008 3342 3064 innocentia
3373 3023 3656 3063 manuum

2009 3096 2266 3150 tuarum.

2599 3185 2832 3241 CAPUT
2873 3186 3067 3242 XXIII.

2082 3293 2111 3323 «
2146 3273 2528 3344 Respondeas
2559 3279 2754 3331 autem
2784 3276 2914 3343 Job,
2948 3277 3066 3332 ait:
3102 3277 3270 3332 Nunc
3322 3293 3553 3348 quoque
3601 3277 3658 3330 in

2009 3363 2400 3420 amaritudine
2450 3370 2540 3420 est
2589 3381 2782 3421 sermo
2833 3381 3023 3434 meus,
3074 3370 3131 3422 et
3187 3381 3399 3422 manus
3473 3365 3656 3437 plagae

2010 3469 2150 3508 mea
2173 3456 2486 3526 aggravata
2505 3457 2784 3526 estsuper
2799 3454 3083 3527 gemitum
3108 3470 3326 3511 meum.
3358 3477 3385 3503 »
3418 3453 3657 3510 Relictis

2010 3542 2349 3598 inﬁdelibus
2378 3543 2604 3611 amicis,
2639 3544 2741 3615 qui
2795 3559 2888 3599 me
2917 3543 3270 3606 calamitatis
3315 3544 3493 3614 hujus
3547 3542 3658 3597 mi-
3761 3597 3774 3610 ,

2011 3633 2226 3692 seriam
2249 3633 2411 3702 juste
2441 3631 2562 3704 pati
2595 3633 2902 3700 definiunt,
2935 3637 2992 3689 et
3021 3635 3248 3689 addunt
3278 3631 3660 3688 amaritudini

2013 3721 2177 3790 meae,
2208 3725 2399 3778 totum
2431 3737 2524 3777 me
2551 3722 2625 3777 ad
2656 3722 2842 3778 Deum
2874 3726 3228 3790 convertam,
3261 3727 3319 3778 et
3360 3723 3554 3777 dicam
3603 3726 3662 3775 et

2015 3828 2118 3882 pro
2150 3810 2515 3867 conscientiae
2548 3826 2688 3866 meae
2721 3811 2936 3867 fiducia
2975 3828 3098 3884 quae
3129 3816 3486 3883 sequuntur:

2086 3899 2228 3964 Quis
2258 3899 2404 3954 mihi
2463 3899 2688 3955 tribuat
2734 3905 2799 3954 ut
2855 3917 3203 3972 cognoscam
3252 3905 3310 3956 et
3366 3899 3661 3955 inveniam

2015 3989 2206 4055 illum,
2239 3994 2296 4044 et
2324 3989 2556 4045 veniam
2576 4005 2763 4061 usque
2779 3991 2850 4045 ad
2866 3989 3082 4047 solium
3103 3991 3232 4060 ejus
3249 3991 3276 4043 ‘2
3306 4011 3334 4040 »
3361 3987 3663 4044 Intellectu

2017 4094 2079 4133 se
2109 4094 2457 4150 cognoscere
2486 4083 2666 4134 Deum
2698 4078 2876 4134 dixit:
2922 4078 3179 4134 invenire
3239 4093 3473 4148 quoque
3529 4092 3664 4130 eum

2018 4167 2293 4238 operibus
2319 4168 2514 4238 bonis,
2547 4172 2604 4223 et
2630 4168 2826 4223 venire
2856 4184 3046 4239 usque
3075 4169 3145 4224 ad
3181 4166 3395 4223 solium
3427 4167 3576 4236 ejus,
3611 4168 3667 4218 et

256 4260 360 4316 sed
388 4257 579 4330 magis
609 4257 682 4313 ad
709 4255 1112 4312 fortitudinem
1154 4256 1436 4312 virtutum
1470 4259 1754 4330 proﬁciet,
1809 4277 1912 4332 per
2022 4257 2201 4312 futuri
2231 4257 2494 4328 scientia,
2527 4262 2585 4312 et
2635 4257 2984 4329 cogitatione
3035 4256 3244 4327 judicii
3309 4255 3664 4327 proficiendo

256 4364 440 4420 quam
470 4347 658 4420 possit
685 4347 758 4401 ad
789 4345 1098 4402 afﬂuentes
1146 4345 1468 4401 ccelestium
1512 4347 1741 4404 divitias
1789 4367 1915 4422 per-

2021 4348 2294 4402 accedere
2324 4363 2509 4416 usque
2535 4346 2606 4400 ad
2635 4346 2824 4416 ipsam
2856 4346 3412 4418 contemplationem
3461 4344 3669 4400 divinae

255 4437 488 4493 venire:
517 4436 628 4491 hoc
657 4435 815 4491 enim
847 4434 1276 4505 metaphoricos
1295 4435 1533 4507 Eliphaz
1550 4438 1620 4492 ad
1643 4443 1912 4495 sanctum
2023 4436 2364 4506 potestatis;
2400 4451 2576 4506 quam
2631 4435 2835 4506 utique
2890 4435 3097 4490 mundi
3146 4435 3318 4490 corde
3366 4433 3668 4488 videbunt.

254 4526 368 4583 Job
392 4525 571 4581 dicit:
607 4525 762 4596 quod
791 4524 839 4580 si
870 4523 931 4578 in
964 4540 1102 4578 saxo
1135 4523 1498 4579 fortitudinis
1553 4525 1716 4581 bonae
1775 4544 1912 4583 con-

2023 4527 2185 4592 Quod
2218 4541 2335 4590 cor,
2368 4523 2570 4579 multis
2602 4525 3124 4580 castificationibus
3142 4539 3394 4591 morum,
3429 4525 3670 4578 sanctus

258 4616 520 4671 scientia
550 4619 663 4669 tuae
690 4612 918 4685 positus
949 4611 1154 4676 fueris,
1187 4628 1397 4668 sensus
1427 4613 1636 4669 divinas
1680 4616 1916 4689 sapien-
1949 4644 1993 4707 Β
2029 4617 2119 4672 hic
2147 4615 2257 4671 Job
2287 4614 2660 4683 purilicatum
2691 4620 2752 4670 Se
2773 4613 2916 4669 dicit
2941 4614 3241 4670 habuisse.

257 4704 354 4759 tia:
377 4703 485 4758 tibi
517 4702 676 4758 velut
703 4706 935 4757 torrens
966 4717 1182 4756 aureus
1208 4700 1554 4758 abundabit.

339 4813 370 4844 ι
401 4791 638 4863 Eritque
661 4790 1048 4862 Omnipotens
1078 4792 1280 4845 contra
1306 4789 1505 4846 hostes
1538 4795 1690 4848 tuos.
1716 4816 1736 4845 ιι
1769 4794 1914 4850 Cum

260 4883 495 4952 feceris,
522 4880 734 4952 inquit,
767 4879 1127 4935 voluntatem
1165 4880 1312 4950 ejus,
1373 4879 1615 4937 habebis
1648 4899 1785 4938 eum
1818 4884 1916 4940 de-

263 4973 590 5028 fensorem.

344 5081 376 5112 α
407 5059 478 5114 Et
507 5063 815 5132 argentum
848 5057 1286 5115 coacervabitur
1313 5058 1439 5113 tibi.
1467 5081 1495 5108 ››
1522 5060 1790 5118 Diximus
1821 5079 1924 5118 au-

267 5166 410 5206 rum
445 5166 547 5220 pro
577 5165 755 5205 sensu
787 5147 990 5220 accipi,
1014 5151 1071 5204 et
1099 5151 1408 5220 argentum
1439 5165 1541 5220 pro
1573 5149 1805 5223 eloquio
1825 5153 1922 5222 ju-

268 5238 668 5295 stificationis.
701 5242 849 5310 Ergo
881 5242 939 5294 et
969 5238 1246 5292 mandata
1305 5237 1407 5292 Dei
1457 5241 1631 5310 atque
1680 5241 1927 5311 judicia,

269 5329 411 5401 ipsa
432 5331 572 5382 sunt
601 5327 801 5382 divina
829 5326 1080 5398 eloquia.
1113 5326 1258 5382 Cum
1290 5341 1427 5397 ergo
1482 5344 1819 5399 conversus,
1872 5333 1929 5387 in

270 5417 375 5472 his
405 5416 584 5472 fueris
615 5416 992 5472 meditatione
1021 5414 1261 5470 assidua
1283 5424 1700 5486 commoratus,
1722 5421 1933 5476 intelli-

271 5504 508 5578 gentiae
537 5505 900 5561 diversorum
935 5521 1216 5560 sensuum
1239 5504 1608 5571 disserendo,
1627 5508 1931 5580 multiplex

273 5602 339 5652 et
369 5595 608 5666 copiose
629 5595 940 5651 abundans
970 5593 1268 5664 eloquium
1299 5596 1738 5652 coacervabitur
1765 5599 1892 5656 tibi.

362 5705 394 5736 ‹‹
425 5684 592 5739 Tunc
650 5700 829 5757 super
869 5681 1342 5755 Omnipotentem
1392 5681 1619 5740 deliciis
1665 5686 1938 5746 affines.»

2098 4730 2125 4756 «
2158 4706 2378 4761 Ponam
2409 4719 2604 4760 coram
2631 4704 3030 4775 eojudicium.
3057 4726 3084 4752 »
3107 4702 3428 4771 Judicium,
3456 4697 3674 4770 inquit,

2017 4794 2266 4866 justitite
2298 4797 2410 4848 tua:
2440 4809 2655 4864 ponam
2688 4793 2745 4846 in
2781 4797 3098 4864 conspectu
3128 4792 3228 4847 Dei
3279 4790 3415 4860 mei,
3467 4803 3678 4844 secun-

2030 4885 2171 4940 dum
2201 4883 2382 4938 illud:
2414 4882 2490 4938 Ab
2521 4884 2638 4953 ipso
2661 4882 2866 4953 judicii
2895 4883 3015 4952 ejus
3043 4883 3361 4953 aequitatem
3399 4878 3686 4949 requiram

2033 4975 2167 5046 (Job.
2204 4991 2279 5041 1x,
2317 4973 2427 5039 19).
2461 4972 2682 5026 Tamen
2715 4971 3062 5043 priusquam
3119 4971 3198 5026 sit
3226 4971 3355 5041 ejus
3386 4968 3446 5022 in
3481 4981 3574 5020 me
3627 4964 3691 5018 ﬁ-

2041 5063 2219 5118 nitiva
2239 5059 2550 5127 sententia,
2585 5060 2804 5116 multas
2835 5061 2884 5115 ei
2911 5061 3200 5132 proferam
3233 5053 3691 5129 increpationes,

2037 5154 2179 5225 quia
2205 5167 2340 5206 eum
2372 5151 2502 5220 ejus
2525 5149 2784 5205 noverim
2809 5150 3168 5222 singularem
3185 5147 3695 5219 justitiam,quare

2032 5243 2236 5313 justus
2266 5239 2456 5311 patior
2487 5243 2798 5305 tormenta,
2833 5255 2961 5310 quas
2994 5238 3215 5310 iniquis
3246 5235 3564 5308 impiisque
3596 5247 3699 5303 po-

2043 5333 2162 5387 tius
2193 5330 2500 5384 debentur.
2533 5327 2651 5383 Hoc
2682 5345 2818 5400 ergo
2843 5330 2998 5400 quod
3031 5327 3319 5400 sequitur,
3353 5325 3433 5381 ait
3468 5341 3481 5379 :

2119 5440 2148 5470 ‹‹
2177 5420 2247 5474 Et
2275 5433 2341 5473 os
2372 5433 2569 5472 meum
2602 5417 2832 5489 replebo
2863 5415 3365 5491 increpationibus
3393 5432 3404 5470 :
3432 5411 3700 5469 utsciam

2045 5510 2219 5566 verba
2249 5524 2376 5579 quae
2408 5505 2553 5561 mihi
2584 5507 2950 5578 respondeat,
2983 5511 3040 5563 et
3069 5507 3395 5579 intelligam
3429 5501 3570 5574 quid
3615 5498 3703 5553 lo-

2047 5603 2262 5673 quatur
2293 5594 2458 5651 mihi.
2486 5617 2514 5645 »
2548 5596 2609 5653 Id
2641 5601 2748 5665 est,
2773 5597 2921 5668 justi
2953 5597 3172 5654 doloris
3206 5593 3484 5668 querelis.

2126 5708 2149 5737 ι
2177 5685 2320 5742 Nolo
2352 5684 2541 5742 multa
2571 5686 2913 5743 fortitudine
2943 5688 3264 5744 contendat
3303 5697 3532 5738 mecum
3563 5695 3576 5733 :
3601 5690 3709 5730 nec
