3980 6184
325 361 444 427 719

330 493 756 572 magnitudinis
787 512 904 553 suae
935 492 1087 551 mole
1107 509 1198 549 me
1219 495 1464 566 premat.
1491 493 1780 566 PrOponat
1794 494 1972 565 aequi-
2004 502 2062 567 Α

330 593 511 646 tatem
544 591 746 644 contra
775 603 889 657 me,
922 589 980 640 et
1013 585 1302 654 perveniet
1328 585 1399 638 ad
1451 584 1756 640 victortam
1811 583 1974 654 judi-

332 681 488 736 cium
521 694 741 732 meum.
764 696 788 725 ι
826 677 888 730 In
918 674 1069 729 mole
1100 674 1425 744 majestatis
1458 675 1607 743 ejus,
1666 673 1974 745 horripila-

327 771 549 824 tionem
581 765 1000 837 intelligamus,
1034 781 1147 818 non
1181 763 1399 835 aliquid
1432 780 1810 835 corporeum:
1838 763 1976 834 quia

333 861 484 915 Deus
517 856 759 928 spiritus
791 859 899 909 est.
935 854 1140 907 Certus
1188 869 1342 917 sum,
1393 851 1601 923 inquit,
1653 851 1791 922 quia
1829 852 1974 906 istas

333 946 716 1002 afﬁictionum
743 943 1030 1002 miserias,
1063 942 1189 1013 ipso
1215 942 1417 1012 utique
1441 942 1761 1010 judicante,
1821 945 1976 1012 pate-

333 1039 421 1091 bit
452 1053 541 1091 me
573 1034 731 1090 nullo
763 1037 1132 1104 peccatorum
1184 1031 1390 1085 merito
1445 1031 1737 1086 sustinere
1772 1055 1786 1096 ;
1837 1029 1972 1084 hinc

333 1128 440 1183 ait:
476 1149 502 1175 «
540 1122 841 1180 Perveniet
872 1121 941 1176 ad
972 1120 1274 1174 victoriam
1298 1119 1591 1188 judicium
1624 1134 1846 1173 meum.
1871 1139 1898 1168 »

403 1240 432 1266 ‹‹
456 1215 514 1270 Si
543 1216 614 1269 ad
637 1213 918 1268 orientem
953 1210 1089 1276 iero,
1125 1225 1240 1263 non
1272 1213 1550 1279 apparet:
1587 1208 1636 1262 si
1687 1208 1756 1262 ad
1817 1207 1973 1262 occi-

333 1310 584 1368 dentem,
617 1319 731 1357 non
764 1300 1086 1371 intelligam
1109 1314 1274 1353 eum:
1304 1297 1353 1351 si
1383 1298 1454 1351 ad
1480 1297 1805 1364 sinistram,
1830 1296 1972 1367 quid

328 1412 498 1467 agam
523 1394 551 1446 ‘?
581 1393 706 1447 Non
728 1389 1158 1462 apprehendam
1191 1403 1346 1441 eum.
1383 1387 1442 1440 Si
1491 1401 1584 1440 me
1623 1389 1844 1440 vertam
1898 1386 1970 1439 ad

329 1485 650 1547 dexteram,
681 1497 794 1534 non
827 1477 1031 1532 videbo
1063 1475 1252 1530 illum.
1288 1477 1414 1545 Ipse
1463 1490 1598 1528 vero
1656 1473 1766 1528 scit
1815 1473 1969 1528 viam

325 1574 612 1637 meam,et
641 1567 912 1640 probabit
935 1583 1029 1620 me
1051 1563 1217 1635 quasi
1238 1581 1446 1618 aurum
1473 1563 1627 1634 quod
1652 1578 1755 1633 per
1773 1562 1971 1634 ignem

323 1661 602 1717 transit.»
641 1659 784 1712 Dum
819 1659 1010 1726 partes
1047 1652 1249 1708 mundi
1282 1655 1605 1721 enumerat,
1640 1650 1780 1705 dicit
1837 1665 1972 1704 eum

324 1749 594 1804 habitare
626 1746 843 1816 ubique
872 1747 1096 1808 totum;
1150 1741 1259 1797 sibi
1308 1746 1504 1796 tamen
1554 1738 1793 1794 omnino
1843 1754 1973 1793 esse

325 1835 682 1892 invisibilem
715 1834 1042 1899 conﬁtetur,
1077 1847 1141 1885 eo
1169 1831 1323 1902 quod
1354 1847 1470 1884 non
1503 1829 1803 1898 subjaceat
1843 1828 1970 1898 ejus

327 1926 600 1981 divinitas
632 1923 932 1978 obtutibus
964 1924 1262 1976 creaturze.
1314 1919 1499 1973 Deum
1547 1934 1682 1973 vero
1735 1933 1970 1972 omnem

322 2016 479 2070 viam
512 2010 969 2068 conversationis
1001 2010 1127 2078 ejus
1159 2008 1263 2075 ait,
1297 2007 1436 2078 quia
1466 2006 1682 2078 optime
1710 2008 1970 2061 noverat.

397 2127 426 2153 ‹‹
457 2102 721 2175 Vestigia
741 2101 869 2170 ejus
899 2103 1135 2153 secutus
1166 2101 1256 2151 est
1283 2114 1384 2167 pes
1416 2113 1582 2151 meus
1608 2113 1620 2150 :
1653 2094 1806 2149 viam
1844 2095 1973 2166 ejus

325 2192 633 2262 custodivi,
669 2195 725 2245 et
753 2206 866 2243 non
927 2186 1208 2242 declinavi
1241 2202 1308 2240 ex
1340 2203 1425 2240 ea.
1459 2188 1504 2240 A
1549 2183 1840 2240 mandatis
1889 2183 1971 2238 la-

322 2284 558 2339 biorum
590 2281 716 2350 ejus
749 2295 864 2333 non
898 2276 1133 2340 recessi,
1169 2279 1226 2329 et
1256 2275 1314 2328 in
1356 2274 1490 2328 sinu
1523 2290 1651 2329 meo
1685 2291 1798 2328 non
1834 2272 1971 2328 abs-

326 2371 501 2428 condi
530 2369 707 2424 verba
737 2367 854 2422 oris
896 2366 1044 2435 ejus.
1072 2385 1101 2413 »
1157 2365 1271 2418 [loc
1323 2366 1428 2427 est,
1480 2363 1636 2433 quod
1690 2359 1970 2417 custodiri

323 2460 528 2529 voluit,
563 2455 868 2514 custodivi.
1678 2456 1682 2460 '

399 2573 427 2600 ‹‹
463 2551 593 2620 Ipse
622 2545 779 2601 enim
811 2542 971 2599 solus
1001 2545 1109 2609 est,
1143 2545 1200 2595 et
1251 2556 1422 2595 nemo
1475 2541 1731 2594 avertere
1781 2540 1973 2609 potest

327 2637 737 2713 cogitationem
771 2634 918 2704 ejus,
952 2635 1006 2686 et
1036 2630 1232 2684 anima
1262 2631 1390 2700 ejus
1421 2629 1813 2700 quodcunque
1870 2643 1970 2681 vo-

323 2729 438 2784 luit
466 2728 576 2781 hoc
608 2723 814 2779 fecit.»
879 2723 991 2775 [Ioc
1049 2723 1137 2774 est
1189 2719 1327 2790 quia
1372 2716 1782 2773 inscrutabilia
1832 2719 1972 2770 sunt

319 2817 546 2889 judicia
575 2816 724 2886 ejus,
757 2815 812 2866 et
840 2808 1272 2881 investigabiles
1301 2807 1404 2861 vim
1464 2807 1610 2876 ejus.
1662 2806 1833 2877 (Rom.
1889 2821 1967 2870 x1,

326 2909 438 2979 33).

401 3019 430 3046 «
462 2996 724 3064 Cumque
754 2989 1067 3062 expleverit
1120 2989 1181 3042 in
1230 3003 1322 3041 me
1370 2986 1727 3040 voluntatem
1777 2999 1969 3049 suam,

329 3090 386 3141 et
414 3085 529 3140 alia
560 3082 746 3137 multa
775 3079 994 3135 similia
1023 3080 1232 3149 praesto
1264 3079 1402 3131 sunt
1418 3074 1488 3129 ei.
1517 3096 1544 3122 »
1576 3074 1856 3143 Cumjam
1876 3087 1970 3126 me

329 3173 546 3245 quibus
592 3169 774 3226 voluit
827 3166 1136 3224 tormentis
1192 3165 1465 3231 effecerit,
1498 3167 1555 3218 et
1611 3161 1726 3216 alia
1778 3161 1968 3216 adhuc

1819 359 2240 421 APPENDIX.

3611 357 3711 418 720

2167 516 2188 543 α
2221 492 2333 547 Alii
2355 493 2638 547 terminos
2679 489 3125 558 transtulerunt,
3183 489 3553 564 diripuerunt
3606 509 3715 565 gre-

2084 599 2205 655 ges,
2237 586 2294 638 et
2323 584 2606 654 paverunt
2651 598 2769 638 eos.
2795 603 2824 631 »
2858 582 2918 636 Id
2948 584 3061 650 est,
3109 579 3541 637 transtulerunt
3595 599 3713 655 gre-

2084 687 2185 744 ges
2241 676 2296 726 et
2353 671 2753 727 comederunt.
2811 671 3182 726 Manifestum
3241 675 3331 726 est
3396 673 3712 728 secundum

2083 760 2358 815 litteram.
2416 760 2733 815 Videamus
2790 777 2946 814 nunc
3003 760 3330 816 secundum
3406 761 3711 833 mysticum

2082 848 2443 904 intellectum
2502 849 2640 920 quid
2700 849 3010 921 signiﬁcet.
3067 849 3376 904 Terminus
3463 851 3716 906 transfe-

2083 942 2313 993 rentes:
2375 938 2433 992 id
2489 943 2599 1008 est,
2678 943 2896 993 statuta
2967 937 3238 994 Ecclesiae
3307 938 3712 1007 convellentes,

2082 1027 2384 1083 haereticos
2413 1043 2542 1082 esse
2571 1027 2940 1099 signiﬁcavit,
2999 1027 3101 1099 qui
3150 1027 3406 1083 novitate
3446 1029 3716 1085 doctrinae

2081 1132 2383 1188 perversae,
2441 1116 2782 1189 evangelicae
2839 1117 2984 1189 legis
3039 1121 3096 1173 et
3141 1117 3542 1189 apostolorum
3607 1124 3718 1175 ter-

2083 1205 2276 1260 minos
2309 1207 2625 1277 przeﬁnitos
2655 1207 2958 1272 excedunt,
2991 1210 3048 1262 et
3089 1207 3172 1262 ita
3217 1207 3551 1279 deceptoria
3597 1225 3717 1280 per-

2083 1295 2355 1350 suasione
2385 1294 2670 1367 diripiunt
2725 1311 2928 1368 greges
2973 1295 3322 1365 dominicus,
3373 1296 3430 1352 id
3482 1301 3574 1352 est
3622 1315 3716 1370 po-

2082 1383 2250 1454 pulos
2283 1384 2581 1440 credentes
2610 1385 2669 1439 in
2699 1384 3019 1440 Christum.

2153 1495 2181 1522 «
2211 1473 2458 1528 Asinum
2493 1473 2848 1544 pupillorum
2881 1475 3220 1548 abegernnt,
3254 1479 3310 1531 et
3356 1476 3717 1533 abstulerunt

2081 1579 2183 1633 pro
2214 1562 2454 1633 pignore
2483 1563 2690 1618 bovem
2719 1563 2926 1618 vidum.
2954 1581 2978 1618 :»
3031 1565 3454 1620 Subverterunt
3503 1582 3716 1638 panpe-

2081 1667 2212 1704 rum
2241 1651 2418 1716 viam,
2449 1655 2507 1706 et
2535 1655 2954 1722 oppresserunt
2983 1654 3199 1724 pariter
3229 1657 3566 1710 mansuetos
3607 1659 3721 1712 ter-

2081 1757 2176 1794 ras.
2203 1760 2230 1788 »
2262 1738 2473 1810 Pupilli
2505 1741 2746 1812 quidem
2777 1745 2918 1797 sunt
2946 1743 3156 1809 teneri,
3204 1742 3295 1797 vel
3342 1742 3606 1800 infantes
3661 1745 3719 1801 in

2084 1828 2217 1897 ﬁde,
2247 1827 2335 1883 vel
2363 1829 2463 1900 qui
2497 1831 2676 1884 Deum
2704 1830 2934 1885 Patrem
2969 1847 3084 1886 non
3133 1831 3373 1898 habent,
3422 1837 3488 1887 ut
3535 1834 3609 1888 ab
3656 1849 3719 1891 eo

2083 1922 2286 1972 contra
2309 1918 2670 1974 adversarios
2694 1919 3100 1975 defendantur.
3135 1922 3391 1986 Quorum
3437 1922 3718 1988 animum,

2080 2006 2235 2062 velut
2256 2007 2593 2077 jumentum
2625 2008 2771 2063 forte
2803 2025 2868 2064 ac
2899 2009 3318 2078 necessarium,
3349 2012 3422 2067 ad
3450 2012 3632 2068 Deum
3662 2014 3720 2068 in

2082 2113 2143 2150 se
2165 2112 2267 2167 per
2290 2097 2466 2152 ﬁdem
2497 2098 2869 2168 portandum,
2903 2098 3156 2154 haeretici
3186 2101 3527 2171 praedonum
3563 2119 3720 2158 more

2082 2186 2154 2239 ab
2186 2183 2269 2239 eis
2301 2185 2564 2258 abigunt,
2599 2187 2739 2240 dum
2770 2203 2868 2242 eos
2902 2185 3150 2242 fallaciis
3191 2188 3336 2256 suis,
3360 2190 3573 2246 virtute
3603 2192 3726 2246 ani-

2081 2274 2162 2328 mi
2191 2273 2447 2346 spoliant
2477 2275 2596 2330 sive
2637 2274 2912 2347 gentilem
2963 2293 3226 2348 sensum,
3273 2275 3566 2334 immundi
3615 2281 3722 2335 uti-

2083 2379 2195 2434 que
2226 2363 2496 2420 animalis
2525 2365 2761 2420 nomine
2791 2364 3035 2431 dictum,
3070 2367 3140 2421 ab
3173 2367 3259 2422 eis
3291 2368 3530 2438 quidem
3562 2370 3718 2425 aufe-

2081 2455 2241 2516 runt,
2275 2453 2415 2506 dum
2448 2453 2558 2508 sub
2615 2457 2896 2524 praetextu
2954 2470 3101 2509 vera:
3154 2455 3474 2528 religionis,
3522 2473 3621 2513 eos
3660 2458 3717 2513 in

2081 2540 2384 2612 perﬁdiam
2408 2542 2650 2596 ducunt.
2683 2542 2883 2597 Viduas
2915 2543 3092 2598 etiam
3141 2543 3252 2598 illa)
3302 2549 3442 2600 sunt
3491 2546 3718 2614 animae,

2081 2645 2209 2700 quae
2236 2629 2452 2699 virum,
2477 2634 2658 2685 Deum
2691 2647 2888 2700 suum,
2923 2635 2980 2686 et
3009 2632 3329 2688 Dominum
3358 2633 3720 2690 amiserunt:

2081 2735 2114 2772 a
2147 2717 2360 2787 quibus
2417 2719 2670 2775 haretici
2720 2737 2822 2791 pro
2879 2721 3121 2792 pignore
3179 2721 3459 2793 perﬁdiae,
3519 2725 3720 2795 utique

2080 2806 2482 2874 confessionis,
2513 2824 2616 2878 per
2658 2825 2838 2879 quam
2887 2808 3051 2865 falsis
3110 2825 3312 2866 eorum
3362 2811 3724 2868 adinventio-

2081 2895 2254 2950 nibus
2285 2895 2610 2966 initiantur,
2662 2900 2719 2952 et
2766 2898 3061 2954 debitores
3111 2915 3310 2955 eorum
3364 2900 3721 2972 efﬁciuntur,

2080 2989 2418 3040 sanctarum
2449 2985 2730 3041 virtutum
2775 2987 3150 3056 munditiam,
3206 2991 3263 3043 et
3319 2988 3489 3045 utilia
3542 2992 3724 3046 animi

2079 3091 2252 3145 opera
2283 3075 2507 3130 auferre
2538 3079 2842 3131 conantur.
2876 3079 3169 3148 Pauperes
3224 3094 3459 3149 quoque
3505 3079 3568 3134 in
3619 3080 3728 3135 hoc

2081 3162 2204 3218 loco
2254 3161 2339 3216 illi
2398 3162 2761 3236 intelligendi
2819 3169 2981 3231 sunt,
3039 3165 3139 3237 qui
3195 3167 3536 3224 testimonio
3586 3169 3719 3225 ﬁdei

326 3238 548 3333 quanta
575 3257 823 3313 voluerit
853 3255 996 3309 mihi
1054 3253 1318 3324 inﬂigere
1368 3249 1596 3323 poterit,
1648 3263 1824 3320 quem
1877 3247 1970 3302 in-
2002 3238 2045 3304 C
2083 3251 2348 3306 destituti
2381 3255 2537 3306 sunt.
2570 3251 2684 3307 Alii
2741 3257 2878 3307 sunt
2925 3252 3132 3309 divites
3187 3254 3248 3308 in
3306 3255 3458 3312 ﬁde:
3513 3257 3726 3314 horum

324 3347 631 3405 sensibilia
659 3346 813 3402 sicut
842 3341 1144 3400 sensibilia
1174 3341 1656 3396 contremiscunt.

397 3461 426 3488 «
461 3438 531 3492 Et
560 3435 775 3490 idcirco
807 3451 840 3488 a
869 3432 1012 3487 facie
1042 3431 1168 3500 ejus
1197 3430 1467 3484 turbatus
1506 3442 1661 3482 sum.
1689 3448 1717 3476 ››
1776 3427 1968 3481 Mente

324 3525 547 3580 scilicet
576 3523 853 3590 sentiens,
887 3524 943 3576 et
973 3535 1042 3574 ex
1071 3521 1232 3590 parte
1257 3516 1608 3588 intelligens.

398 3636 425 3661 «
457 3614 528 3667 Et
557 3611 936 3666 considerans
965 3624 1099 3664 eum
1132 3608 1342 3662 timore
1363 3605 1664 3660 sollicitor.
1698 3626 1725 3653 »
1758 3604 1819 3659 Id
1853 3609 1960 3676 est,

323 3700 769 3772 horripilatione
799 3700 1164 3770 majestatem
1197 3695 1358 3751 illius
1389 3695 1762 3765 pertimesco.

397 3814 426 3840 ‹‹
461 3792 612 3846 Deus
643 3789 890 3844 mollivit
919 3804 1017 3842 cor
1048 3802 1266 3852 meum,
1299 3787 1356 3839 et
1411 3783 1794 3854 Omnipotens
1827 3801 1963 3840 con-

319 3879 581 3936 turbavit
613 3895 726 3934 me.
755 3900 782 3928 »
814 3880 921 3932 Cor
965 3874 1286 3930 resolutum
1321 3889 1355 3927 a
1385 3889 1595 3944 pavore
1647 3873 1854 3944 nimio,
1906 3877 1963 3928 et

317 3970 550 4036 timore,
605 3969 714 4024 hoc
772 3967 896 4022 loco
954 3965 1176 4020 dictum
1237 3962 1592 4031 noverimus,
1642 3979 1759 4016 non
1805 3964 1958 4034 quod

318 4059 535 4115 duritia
560 4055 990 4113 incredulitatis
1022 4055 1092 4108 ad
1125 4053 1300 4107 ﬁdem
1332 4051 1767 4122 suscipiendam
1821 4052 1963 4106 mol-

314 4146 486 4203 litum
521 4148 616 4215 sit,
650 4162 782 4201 cum
814 4143 1004 4215 magis
1026 4143 1153 4215 ipse.
1175 4142 1283 4197 Job
1316 4158 1420 4213 per
1449 4141 1624 4195 ﬁdem
1685 4139 1852 4195 fortis
1901 4142 1958 4195 in

313 4239 498 4290 Deum
530 4235 834 4291 manserit.
869 4233 1032 4288 Unde
1063 4232 1368 4300 sequitur:
1403 4230 1787 4302 Omnipotens
1820 4248 1956 4287 con-

314 4324 575 4378 turbavit
603 4341 696 4379 me
720 4349 733 4389 ;
771 4324 874 4378 hoc
905 4322 1062 4394 quod
1087 4338 1288 4393 supra.

392 4432 414 4460 α
449 4413 574 4468 Non
606 4412 761 4467 enim
795 4411 939 4482 perii
971 4414 1203 4482 propter
1235 4409 1609 4466 imminentes
1667 4411 1958 4481 tenebras,

310 4517 417 4559 nec
448 4501 657 4558 faelem
691 4517 882 4557 meam
906 4500 1135 4571 operuit
1182 4499 1389 4571 caligo.
1418 4520 1446 4549 »
1502 4500 1664 4569 Ipsas
1725 4499 1959 4555 calami-

2079 3337 2378 3410 religionis
2407 3341 2584 3403 viam,
2645 3357 2762 3412 qua
2817 3342 2887 3396 ad
2947 3342 3132 3398 Deum
3189 3343 3378 3400 redire
3435 3349 3722 3418 poterant,

2079 3428 2204 3482 suis
2235 3429 2531 3484 erroribus
2588 3429 2843 3485 haeretici
2893 3431 3323 3488 subverterunt.
3385 3435 3724 3493 Mansuetos

2076 3520 2272 3572 autem
2301 3517 2396 3572 hic
2426 3516 2557 3574 illos
2591 3535 2720 3575 esse
2776 3521 3123 3589 sentiamus,
3181 3522 3282 3593 qui
3331 3527 3721 3581 constantiam

2077 3606 2333 3661 inimicis
2364 3607 2487 3662 suis
2547 3625 2662 3663 non
2707 3608 2927 3665 habent
2983 3610 3316 3678 resistendi,
3375 3617 3432 3668 et
3486 3621 3724 3686 prepter

2073 3695 2366 3768 ignaviam
2407 3696 2589 3751 animi
2641 3697 2733 3752 sui
2786 3698 2954 3754 facile
3013 3700 3394 3756 seducuntur.
3453 3703 3525 3757 Hi
3585 3718 3720 3776 ergo

2075 3783 2279 3840 multis
2330 3800 2592 3840 errorum
2625 3780 3021 3858 dogmatibus,
3055 3791 3110 3843 et
3155 3789 3400 3845 diversis
3450 3807 3720 3848 errorum

2076 3874 2590 3946 superstitionibus
2621 3877 3059 3948 opprimuntur.
3094 3882 3157 3932 In
3189 3878 3404 3935 bonam
3432 3897 3569 3937 vero
3589 3899 3722 3954 par-

2073 3968 2190 4020 tem
2220 3964 2409 4019 viduae
2465 3968 2624 4033 sunt,
2675 3965 2777 4036 qui
2818 3983 2879 4022 se
2931 3967 3290 4023 mortiﬁcant
3335 3985 3470 4024 cum
3529 3970 3718 4026 vitiis:

2073 4047 2380 4125 pauperes,
2413 4053 2658 4124 apostoli
2701 4059 2857 4110 sunt.
2894 4060 2968 4109 De
2999 4056 3111 4111 isto
3161 4073 3405 4113 numero
3465 4058 3722 4115 haeretici

2073 4143 2298 4198 auferre
2329 4147 2644 4197 conantur:
2700 4144 2837 4198 dum
2891 4160 3176 4215 pauperes
3233 4150 3576 4203 sanctorum
3621 4148 3729 4203 ali-

2073 4247 2220 4302 quos
2243 4231 2617 4302 persuadent.
2634 4232 2721 4288 vel
2744 4238 3083 4290 mansuetos
3105 4235 3592 4307 circumveniunt,
3619 4239 3722 4309 qui

2070 4317 2153 4373 eis
2186 4320 2458 4375 resistere
2483 4336 2598 4374 non
2627 4325 2908 4392 possunt;
2937 4323 3039 4377 sed
3057 4327 3114 4376 et
3134 4322 3418 4393 patienter
3446 4343 3552 4396 pro
3575 4326 3722 4382 sim-

2069 4407 2324 4480 plicitate
2346 4407 2623 4477 audiunt;
2648 4408 2731 4462 illi
2753 4426 2888 4465 vero
2910 4426 3011 4465 eos
3032 4411 3301 4467 nituntur
3321 4415 3721 4486 exstinguere.

2141 4519 2168 4546 «
2203 4496 2315 4551 Alii
2346 4497 2514 4568 quasi
2547 4497 2748 4570 onagri
2797 4498 2857 4552 in
2917 4499 3148 4554 deserto
3209 4501 3592 4568 egrediuntur
3638 4505 3715 4558 ad

309 4593 450 4647 tatis
482 4608 601 4647 suae
630 4589 921 4656 miserias,
954 4589 1226 4643 tenebras
1257 4587 1588 4659 appellavit,
1623 4604 1770 4657 quas
1799 4587 1957 4644 velut
1986 4608 2035 4672 D
2068 4603 2215 4657 opus
2245 4603 2441 4652 suum,
2473 4586 2900 4659 vigilantesque
2957 4589 3029 4643 ad
3077 4590 3332 4660 praedam
3383 4597 3722 4663 praeparant

308 4681 514 4736 ruinas
545 4679 739 4736 subito
774 4678 1154 4733 imminentes
1213 4677 1321 4731 sibi
1373 4675 1565 4730 dicere
1609 4675 1812 4743 voluit,
1872 4677 1955 4732 eis

306 4771 506 4824 tamen
538 4767 951 4824 insistentibus
981 4765 1114 4835 sibi,
1149 4765 1251 4829 ait,
1285 4763 1688 4835 desperatione
1711 4781 1825 4820 non
1857 4782 1958 4836 pe-

305 4857 540 4912 riiznec
569 4857 776 4912 faciem
809 4854 1024 4911 mentis
1071 4870 1212 4908 mem
1262 4851 1580 4908 inﬁdelitas
1629 4855 1951 4923 exczecavit,

303 4944 394 4998 vel
425 4945 654 5016 negatio
689 4945 811 5000 Dei.

903 5033 1132 5088 CAPUT
1172 5031 1356 5086 XXIV.

377 5143 406 5170 «
439 5121 526 5175 Ab
559 5122 969 5194 Omnipotente
1001 5139 1114 5178 non
1149 5124 1288 5176 sunt
1343 5121 1687 5176 abscondita
1731 5125 1953 5194 tempo-

302 5225 397 5276 ra;
431 5209 529 5280 qui
562 5214 756 5266 autem
789 5216 1072 5267 noverunt
1091 5227 1248 5276 eum,
1277 5210 1694 5281 ignorantdies
1715 5209 1891 5266 illius.
1923 5234 1950 5261 »

304 5298 393 5353 Illi
423 5315 558 5356 vero
589 5300 688 5371 qui
748 5300 1008 5355 sentiunt
1054 5305 1110 5356 et
1168 5299 1509 5372 intelligunt
1571 5300 1770 5370 Deum,
1825 5301 1949 5356 dies

300 5390 641 5444 aeternitatis
671 5390 801 5461 ejus
831 5390 1122 5461 ignorant.
1188 5392 1246 5444 In
1311 5407 1426 5460 qua
1482 5390 1800 5445 aeternitate
1843 5406 1947 5445 nec

296 5481 565 5551 tempora
596 5496 702 5534 nec
748 5479 892 5549 dies,
929 5479 1027 5549 qui
1059 5479 1117 5532 in
1173 5479 1544 5548 temporibus
1597 5484 1736 5533 sunt
1789 5479 1944 5534 inve-

297 5568 562 5635 niuntur,
596 5569 699 5624 ubi
731 5585 886 5623 unus
918 5572 1168 5622 aeternus
1199 5571 1292 5621 est
1347 5568 1492 5622 dies.
1557 5567 1685 5622 Sive
1734 5568 1941 5624 aliter:

297 5657 508 5714 Omnia
538 5658 698 5716 novit
719 5674 846 5730 qua:
879 5673 1035 5712 nunc
1070 5655 1297 5726 loquor,
1325 5653 1412 5709 vel
1447 5655 1656 5725 patior.

2067 4691 2277 4748 panem
2333 4675 2603 4730 liberis.»
2664 4675 2914 4732 Violenti
2971 4681 3131 4746 sunt,
3181 4679 3282 4750 qui
3334 4679 3572 4751 publice
3620 4699 3722 4736 ra-

2066 4765 2253 4836 piunt.
2289 4764 2597 4820 Praedones
2628 4768 2684 4819 et
2711 4764 3027 4820 latrunculi
3050 4771 3207 4832 sunt,
3241 4768 3343 4838 qui
3367 4768 3437 4823 de
3468 4769 3720 4826 occultis

2067 4855 2136 4910 ad
2171 4871 2346 4926 opera
2375 4871 2482 4909 sua
2502 4857 2734 4921 exeunt,
2767 4855 2972 4926 utique
3015 4872 3130 4910 non
3164 4856 3280 4912 Dei.

2141 4945 2412 5016 «Agrum
2446 4959 2560 4998 non
2594 4959 2768 4998 suum
2816 4944 3144 5010 demetunt,
3201 4949 3260 5000 et
3304 4946 3536 5003 vineam
3586 4949 3720 5017 ejus

2065 5049 2241 5105 quem
2272 5032 2323 5086 vi
2357 5037 2793 5104 oppresserunt;
2826 5033 3212 5090 vindemiant.
3239 5058 3262 5087 ι
3288 5037 3457 5108 Ager,
3493 5037 3617 5092 sive
3637 5038 3720 5090 vi-

2069 5139 2193 5192 nea,
2225 5121 2695 5192 uniuscujusque
2725 5121 2985 5177 hominis
3019 5123 3259 5194 quidam
3311 5125 3525 5181 modus
3584 5127 3719 5181 vita:

2062 5215 2169 5280 est,
2203 5227 2329 5281 quas
2361 5210 2434 5265 ab
2465 5225 2817 5281 unoquoque
2847 5209 3076 5275 colitur,
3110 5213 3344 5282 quando
3393 5215 3600 5269 sordes
3659 5220 3720 5269 et

2062 5300 2300 5372 quidam
2337 5299 2572 5355 frutices
2622 5299 2896 5354 vitiorum
2953 5301 3333 5370 mundantur,
3388 5302 3478 5358 vel
3529 5305 3714 5359 etiam

2059 5389 2471 5461 exstirpantur.
2503 5387 2649 5452 Quia
2679 5404 2814 5460 ergo
2874 5389 3055 5458 hujus
3103 5388 3342 5445 culturas
3398 5391 3714 5464 diligentia

2058 5479 2302 5534 minime
2324 5478 2579 5549 prodest,
2613 5478 2844 5548 quando
2874 5494 3047 5533 omne
3078 5479 3297 5534 bonum
3331 5485 3554 5536 natura:
3589 5499 3706 5536 non

2056 5570 2128 5624 ad
2149 5570 2322 5623 ﬁdem
2353 5568 2634 5623 refertur:
2669 5568 2808 5638 quia
2828 5569 3014 5639 justus
3043 5584 3113 5623 ex
3143 5569 3248 5638 ﬁde
3297 5571 3431 5625 vivit
3479 5572 3705 5640 (flabat.

2056 5674 2116 5726 ιι,
2152 5659 2206 5726 4)
2229 5655 2516 5728 :praedicti
2537 5655 2830 5712 idolorum
2850 5657 3104 5715 cultores
3127 5659 3528 5731 opprimentes
3559 5661 3704 5716 ﬁde-
