3980 6184
312 297 423 370 721

1374 293 1897 355 COMMENTAR.
1940 293 2020 354 IN
2065 295 2202 356 JOB
2247 298 2418 357 CAP.
2465 300 2677 360 XXIV.

3603 303 3722 360 ’122

301 427 479 495 lium,
510 423 783 497 quamvis
806 423 1050 481 honeste
1077 423 1417 494 viventium,
1450 425 1625 480 corda
1673 439 1772 482 eos
1809 425 1966 482 velut
1991 427 2049 494 Α
2077 425 2307 500 sibique
2336 429 2622 486 tribuunt.
2655 430 2710 484 Si
2735 430 2869 503 quis
2888 429 3196 502 gentilium
3215 431 3461 488 virtutes
3483 435 3718 489 secutus

307 516 566 590 quadam
598 513 820 572 ratione
848 513 1206 570 reductionis
1237 513 1297 569 in
1336 529 1590 569 errorem
1621 513 1911 570 inducunt
1941 531 1956 572 :

305 607 448 661 dum
481 604 652 677 quasi
693 620 900 676 agrum
930 620 1154 671 eorum,
1183 602 1302 658 sive
1332 604 1584 670 vineam,
1618 603 1956 676 dissipando

300 695 502 768 fruges
533 709 759 760 eorum,
790 692 1072 749 violenter
1101 693 1419 764 abripiunt.

372 808 401 835 ‹‹
437 784 642 842 Nudos
699 782 875 838 etiam
915 781 1230 837 dimittunt
1274 782 1560 853 homines,
1611 782 1956 839 indumenta

303 874 598 931 tollentes.
631 891 658 926 ιο
693 871 844 926 Dum
875 887 973 927 eos
1004 871 1279 944 operibus
1307 871 1476 927 bonis
1507 871 1852 943 exspoliant.

377 987 397 1015 α
434 963 661 1030 Quibus
687 979 803 1017 non
834 964 925 1018 est
952 961 1384 1033 operimentum
1416 962 1474 1016 in
1497 961 1728 1035 frigore.
1753 982 1778 1012 ι»
1817 962 1952 1018 Illos

299 1053 506 1126 utique
554 1051 865 1126 expoliunt,
895 1051 1026 1124 -qui
1071 1052 1370 1108 eharitatis
1421 1053 1521 1108 Dei
1567 1070 1682 1108 non
1736 1053 1954 1109 habent

294 1143 800 1211 vestimentum,et
829 1141 1046 1197 idcirco
1077 1142 1134 1197 in
1169 1141 1512 1199 inﬁdelitate
1542 1141 1738 1215 algent
1766 1159 1778 1198 :
1813 1142 1952 1216 quia

295 1232 540 1305 spiritus
570 1231 844 1289 ferventis
867 1230 1065 1286 tunica
1092 1231 1258 1286 indui
1290 1248 1406 1287 non
1451 1236 1767 1288 merentur.

380 1344 406 1375 α
435 1323 592 1388 Quos
639 1321 860 1376 imbres
907 1320 1198 1376 montium
1247 1320 1463 1393 rigant.
1514 1320 1630 1377 Hos
1680 1337 1815 1393 ergo
1846 1337 1949 1392 per

293 1411 596 1467 miseriam
633 1410 944 1466 destitutos
991 1409 1266 1465 domibus
1296 1410 1422 1466 suis
1468 1409 1611 1466 dicit
1640 1429 1654 1468 :
1689 1412 1946 1482 quando-

296 1499 539 1572 quidem
569 1515 664 1555 eos
685 1498 979 1554 montium
1011 1499 1297 1567 cavernis,
1327 1505 1385 1554 et
1416 1499 1776 1555 umbraculis
1807 1517 1943 1572 ope-

295 1589 431 1657 riet,
466 1594 522 1644 et
551 1592 768 1657 quanta
794 1587 872 1643 sit
901 1588 984 1644 eis
1013 1587 1074 1643 in
1107 1587 1251 1660 ipsis
1283 1589 1582 1644 montibus
1626 1589 1944 1645 necessitas

291 1678 717 1746 commorandi,
751 1677 1049 1734 describit.
1085 1679 1240 1742 Quos
1288 1679 1506 1734 imbres
1538 1679 1828 1735 montium
1862 1679 1940 1734 ri-

2068 514 2242 572 fuerit
2270 519 2588 591 naturales,
2621 521 2692 575 de
2722 519 2938 592 quibus
2959 523 3240 592 tanquam
3273 521 3620 588 seminibus,
3654 521 3715 577 in

2067 621 2128 660 se
2159 623 2399 679 cperum
2431 627 2665 666 acervos
2696 611 3016 664 constituat
3048 626 3060 664 :
3096 609 3208 681 ipsi
3241 614 3433 666 tamen
3464 611 3711 677 seducti,

2065 695 2284 751 calcata
2312 696 2596 754 virtutum
2625 697 2948 765 vindemia,
2995 701 3054 753 et
3102 714 3394 769 expressa,
3444 699 3653 754 sitiunt
3696 717 3709 754 :

2065 784 2202 855 quia
2231 787 2493 844 veritatis
2522 786 2797 860 poculum
2827 787 2980 858 apud
3005 802 3166 852 eos,a
3191 787 3404 858 quibus
3435 787 3494 840 in
3517 803 3711 843 errore

2063 874 2341 930 abstracti
2373 881 2530 946 sunt,
2565 895 2680 932 non
2715 877 3082 932 invenerunt.

2135 986 2163 1013 «
2195 964 2273 1020 De
2302 965 2635 1023 civitatibus
2661 967 2922 1022 fecerunt
2950 967 3104 1021 viros
3133 981 3416 1037 gemere.»
3453 965 3576 1020 Non
3616 981 3710 1020 so-

2060 1050 2206 1123 lum,
2265 1053 2474 1126 inquit,
2535 1055 2667 1111 illos
2726 1055 2824 1127 qui
2881 1054 3006 1110 sine
3059 1053 3385 1110 munimine
3442 1053 3710 1110 habitant

2057 1141 2393 1213 spoliant,et
2416 1145 2722 1201 dominatu
2744 1145 2905 1199 durae
2925 1143 3358 1216 superstitionis
3391 1143 3664 1215 afﬂigunt
3690 1160 3703 1197 :

2055 1246 2257 1286 verum
2290 1233 2463 1288 etiam
2496 1238 2552 1288 et
2582 1250 2680 1289 eos
2712 1233 2813 1305 qui
2845 1232 3108 1288 civitates
3140 1232 3429 1288 mentium
3461 1249 3705 1287 suarum

2056 1319 2226 1375 bonis
2258 1321 2520 1376 moribus
2551 1323 2809 1378 munitas
2859 1321 3212 1386 inhabitant,
3265 1321 3582 1393 pugnando
3615 1337 3704 1376 er-

2055 1425 2254 1465 rorum
2285 1410 2566 1466 arietibus
2606 1411 2918 1466 subruunt.
2971 1412 3134 1476 Quod
3177 1413 3235 1465 et
3275 1410 3480 1465 multis
3520 1409 3704 1481 philo-

2055 1497 2256 1569 sophis
2287 1499 2601 1572 contigisse
2632 1501 3012 1556 manifestum
3032 1505 3122 1556 est
3155 1517 3167 1554 :
3205 1499 3302 1570 qui
3340 1515 3474 1554 cum
3501 1498 3700 1570 magni

2051 1591 2108 1641 et
2139 1586 2277 1642 clari
2308 1589 2463 1644 circa
2492 1605 2804 1661 corporum
2837 1604 3078 1644 suorum
3127 1588 3344 1644 fuerint
3394 1588 3697 1643 continen-

2049 1675 2355 1745 tiam,cum
2377 1679 2598 1751 gemitu
2633 1682 2830 1734 tamen
2863 1682 2920 1733 et
2946 1677 3142 1733 labore
3171 1677 3352 1732 nimio
3384 1677 3457 1732 ad
3486 1677 3695 1732 verita-

287 1767 516 1839 gant,id
550 1770 656 1838 est,
685 1768 855 1839 aquis
887 1767 959 1822 de
989 1766 1132 1838 ipsis
1165 1766 1466 1823 montibus
1497 1767 1727 1838 copiose
1759 1767 1940 1822 ﬂuen-
1967 1803 2016 1869 B
2046 1765 2124 1821 tis
2154 1767 2421 1823 notitiam
2453 1767 2751 1839 pervenire
2791 1785 2906 1823 non
2939 1772 3270 1839 potuerunt.

285 1854 473 1924 tibus,
505 1856 888 1912 mundantur.
941 1855 1094 1918 Quos
1125 1854 1344 1910 imbres
1399 1855 1688 1911 montium
1721 1855 1933 1927 rigant.

279 1944 408 2001 Non
436 1944 729 2002 imbribus
759 1944 887 2001 cceli
919 1945 1206 2017 rigantur,
1263 1946 1365 2001 sed
1420 1945 1710 2000 montium
1752 1945 1934 2000 extol-

281 2031 534 2091 lentium
575 2051 634 2091 se
672 2035 982 2091 adversum
1033 2032 1342 2091 scientiam
1379 2034 1501 2102 Dei,
1536 2051 1662 2106 qua
1695 2035 1766 2090 de
1792 2034 1933 2091 coelo

283 2129 376 2181 est
406 2125 480 2195 (II
507 2125 628 2181 Cor.
663 2141 721 2195 x,
753 2125 832 2195 5.)

358 2236 386 2263 ‹‹
421 2213 490 2268 Et
519 2230 635 2269 non
677 2213 958 2270 habentes
991 2212 1278 2282 velamen,
1329 2211 1736 2285 amplexantur
1782 2213 1932 2284 lapi-

285 2303 407 2359 des.
436 2322 464 2357 ι
493 2302 861 2359 Manifestius
883 2302 980 2358 alii
999 2302 1275 2358 dixerunt
1300 2318 1311 2357 :
1347 2323 1372 2356 ιι
1398 2302 1505 2366 Qui
1536 2319 1670 2357 cum
1703 2307 1933 2375 tegmen

284 2409 403 2448 non
433 2392 688 2448 habeant
706 2396 870 2464 petra
900 2392 1377 2463 adoperiuntur.»
1403 2391 1475 2446 Et
1506 2409 1620 2448 non
1652 2392 1934 2448 habentes

287 2481 574 2552 velamen,
608 2485 1014 2553 amplexantur
1041 2481 1286 2553 lapides.
1316 2481 1434 2537 Hoc
1463 2485 1570 2548 est,
1603 2481 1729 2537 sine
1755 2481 1936 2538 vesti-

289 2575 489 2627 mento
519 2569 806 2628 virtutum
858 2570 1112 2643 peccatis
1163 2569 1286 2625 suis
1337 2574 1393 2626 et
1421 2570 1716 2627 erroribus
1747 2571 1933 2628 delec-

285 2661 509 2715 tantur.

361 2772 390 2800 ‹‹
421 2749 552 2806 Vim
577 2749 844 2806 fecerunt
873 2749 1273 2821 depraedantes
1304 2747 1615 2821 pupillos.»
1637 2749 1744 2805 Ubi
1770 2749 1934 2806 intel-

276 2837 490 2911 ligitur
532 2839 672 2912 quid
728 2838 1084 2896 habentibus
1126 2838 1389 2906 fecerint,
1453 2838 1932 2910 quandoquidem

275 2927 560 2984 facultate
606 2927 972 2985 tenuissimis
1041 2943 1157 2983 non
1207 2927 1443 2983 fuerunt
1499 2927 1741 2985 miserti.
1805 2927 1932 2983 Vim

277 3017 550 3072 fecerunt
579 3017 976 3091 deprzsdentes
1015 3014 1293 3088 pupillos.
1326 3015 1464 3072 Illos
1492 3016 1666 3072 etiam
1700 3016 1798 3087 qui
1830 3033 1933 3072 no-

275 3105 478 3163 titiam
508 3105 767 3179 aliquam
819 3107 1146 3163 secundum
1186 3109 1407 3162 naturae
1439 3106 1658 3161 bonum
1690 3104 1928 3174 habent,

278 3211 466 3267 quam
526 3177 837 3252 defendere
880 3212 996 3252 non
1035 3199 1304 3268 poterant
1350 3211 1364 3250 :
1415 3193 1601 3267 fragili
1637 3194 1832 3250 animo
1877 3199 1935 3250 et
1963 3177 2006 3244 C

278 3283 497 3356 puerili
525 3285 784 3342 viventes
817 3303 830 3342 :
862 3283 1242 3342 suasionibus
1285 3284 1500 3356 pravis,
1533 3283 1652 3340 vim
1683 3283 1935 3341 inferen-

279 3376 376 3430 tes
405 3375 644 3446 przedati
675 3378 837 3431 sunt.

355 3485 386 3514 «
421 3463 487 3518 Et
513 3462 758 3536 vulgum
789 3479 1103 3536 pauperem
1127 3460 1523 3534 spoliaverint.
1551 3485 1574 3513 ι
1613 3459 1938 3516 Multitudi-

276 3569 419 3616 nem
451 3569 686 3624 quoque
718 3553 917 3626 pepuli
950 3551 1124 3608 vilem
1155 3551 1404 3622 actibus,
1437 3555 1492 3606 et
1523 3549 1756 3605 inscitia
1797 3566 1941 3621 pau:

274 3643 582 3716 peremzsi
614 3642 756 3715 quid
787 3641 1056 3697 fortassis
1085 3641 1337 3697 habebat
1357 3640 1736 3711 justitiae,aut
1759 3639 1934 3696 etiam

272 3731 628 3788 innocentia:
659 3731 1115 3798 naturalis,dum
1145 3730 1206 3785 in
1228 3731 1422 3802 majus
1453 3730 1666 3784 erroris
1695 3730 1788 3784 sui
1811 3745 1933 3785 ma-

273 3821 404 3878 lum
437 3822 803 3894 pertrahunt,
834 3821 1124 3894 praedictis
1156 3819 1325 3876 donis
1353 3818 1768 3891 spoliaverunt.

355 3911 577 3967 «Nudis
597 3915 656 3968 et
673 3911 1082 3968 incedentibus
1105 3910 1328 3981 absque
1356 3908 1651 3977 vestitu,et
1680 3906 1938 3964 esurien-

272 4001 441 4056 tibus
471 4000 734 4057 tulerunt
763 3999 1011 4072 spicas.»
1046 3999 1232 4055 Nudis
1259 3998 1392 4065 ﬁde,
1425 3998 1641 4069 Deique
1669 3997 1935 4053 custodia

275 4090 606 4161 destitutis,
655 4089 1008 4146 vestimenta
1060 4104 1294 4160 quoque
1343 4086 1489 4158 spei,
1537 4091 1594 4141 et
1633 4086 1934 4143 charitatis

273 4178 515 4249 divinae,
549 4182 1014 4250 caeterarumque
1043 4178 1328 4234 virtutum
1361 4175 1634 4233 excubias
1679 4192 1793 4231 non
1826 4176 1930 4232 ha-

271 4268 800 4340 bentibus,quibus
835 4267 1044 4324 animae
1075 4270 1431 4323 exornantur
1462 4283 1473 4322 :
1509 4266 1684 4322 etiam
1715 4265 1929 4337 spicas,

268 4358 336 4414 in
397 4358 615 4429 quibus
681 4358 939 4414 divinam
989 4357 1258 4413 notitiam
1317 4359 1658 4428 adopertam
1714 4356 1933 4411 habent

272 4446 654 4505 abstulerunt
687 4463 700 4503 :
734 4464 806 4503 ne
845 4447 1170 4504 esurientes
1201 4445 1504 4502 scientiam
1534 4445 1635 4501 Dei
1666 4446 1928 4512 quando-

2122 1855 2241 1909 «Et
2271 1856 2469 1912 anima
2496 1856 2935 1912 vulneratorum
2973 1855 3328 1926 clamavit,et
3356 1859 3509 1909 Deus
3540 1853 3689 1909 inul-

2044 1948 2172 2000 tum
2203 1945 2360 2000 abire
2390 1962 2505 2000 non
2537 1946 2812 2017 patitur.»
2840 1947 2994 2000 Deus
3024 1961 3219 1999 vocem
3242 1943 3686 2014 implorantium

2045 2032 2292 2088 inultam
2323 2033 2481 2089 abire
2513 2051 2628 2088 non
2676 2033 2914 2105 patitur,
2961 2032 3101 2103 quin
3151 2031 3433 2087 ultionem
3465 2033 3688 2088 tribuat

2045 2124 2114 2179 de
2145 2123 2440 2178 erroribus
2473 2141 2486 2179 :
2523 2127 2585 2178 ut
2615 2124 2755 2178 dum
2783 2123 2855 2177 ad
2887 2123 3189 2176 veritatem
3212 2121 3394 2176 saucii
3419 2127 3687 2192 peccato-

2043 2229 2175 2268 rum
2242 2210 2582 2267 vulneribus
2649 2214 3084 2280 convertuntur,
3136 2209 3394 2265 convicta
3461 2209 3686 2267 falsitas

2043 2301 2340 2374 puniatur.
2374 2301 2549 2356 Punit
2604 2301 2782 2368 enim,
2820 2300 3051 2371 quando
3082 2315 3283 2354 eorum
3317 2299 3417 2370 qui
3461 2299 3686 2355 seducti

2042 2391 2276 2446 fuerant
2327 2389 2764 2446 conversionem
2813 2388 3100 2444 destituit.
3136 2388 3297 2451 Quod
3331 2393 3525 2443 autem
3558 2389 3638 2443 ait
3671 2406 3686 2446 :

2043 2479 2254 2535 Anima
2281 2478 2718 2534 vulneratorum
2758 2495 2861 2550 pro
2902 2493 3191 2532 consensu
3231 2477 3302 2531 ad
3343 2481 3527 2532 Deum
3567 2477 3689 2532 cla-

2044 2570 2335 2624 mantium
2349 2567 3152 2641 intelligamus.Vastatorum
3172 2570 3370 2622 autem
3388 2566 3688 2623 tribulatio

2043 2674 2231 2728 usque
2261 2659 2333 2712 ad
2362 2658 2648 2730 gemitum
2697 2655 2988 2712 civitatem
3055 2655 3447 2711 habitantium
3487 2673 3689 2728 perve~

2043 2746 2568 2802 niebat.Vulnerati
2601 2763 2729 2801 vero
2761 2762 2877 2800 non
2901 2745 3090 2801 solum
3114 2745 3476 2817 intelligendi
3505 2750 3645 2801 sunt
3670 2760 3685 2804 :

2044 2853 2294 2910 quorum
2347 2852 2589 2907 corpora
2642 2836 2714 2890 ab
2779 2834 2910 2889 aliis
2957 2834 3446 2904 transfodiuntur,
3483 2849 3684 2889 verum

2043 2927 2218 2982 etiam
2266 2924 2350 2979 illi
2405 2941 2656 2996 quorum
2690 2924 2897 2979 animae
2948 2923 3209 2978 hostium
3241 2923 3449 2977 timore
3477 2921 3684 2990 nimio,

2040 3015 2199 3069 velut
2226 3013 2442 3085 gladio,
2473 3013 2782 3068 feriuntur.

2120 3126 2141 3153 α
2177 3103 2294 3176 Ipsi
2347 3104 2581 3158 fuerunt
2624 3100 2867 3157 rebelles
2915 3100 3147 3172 lumini,
3188 3100 3522 3157 nescierunt
3562 3101 3686 3156 vias

2046 3194 2196 3265 ejus,
2230 3209 2335 3248 nec
2367 3192 2582 3247 reversi
2615 3195 2756 3246 sunt
2785 3208 2888 3263 per
2933 3192 3174 3247 semitas
3221 3193 3369 3262 ejus.
3401 3212 3428 3243 η
3462 3191 3688 3246 Daemo-

2047 3300 2174 3350 nes,
2224 3282 2500 3352 haeretici,
2541 3281 2898 3354 philosophi,
2931 3282 3049 3336 sive
3081 3281 3258 3336 etiam
3289 3297 3494 3336 omnes
3525 3280 3692 3352 impii

2046 3371 2410 3444 intelligendi
2441 3377 2601 3439 sunt,
2631 3371 2732 3443 qui
2764 3375 2964 3426 contra
2995 3370 3318 3426 doctrinam
3364 3369 3467 3425 Dei
3497 3370 3694 3425 venire

2047 3467 2355 3532 conantur,
2417 3462 2556 3532 quia
2613 3462 2959 3516 mandatum
3000 3460 3127 3515 vita:
3165 3459 3266 3514 lux
3304 3465 3413 3527 est,
3456 3461 3597 3532 quia
3635 3461 3694 3514 in

2047 3556 2256 3606 natura
2285 3549 2508 3619 lumen,
2532 3550 2731 3606 lumen
2753 3555 2842 3606 est
2871 3551 3026 3622 quod
3059 3566 3161 3622 per
3190 3567 3251 3606 se
3281 3558 3406 3618 est;
3440 3551 3692 3606 tenebris

2044 3656 2176 3696 vero
2211 3640 2436 3696 caecitas
2466 3641 2680 3696 cordis.
2711 3641 2780 3694 Et
2821 3640 3064 3712 proinde
3107 3640 3157 3695 si
3206 3641 3432 3694 caecitas
3482 3639 3696 3707 cordis,

2045 3731 2295 3786 tenebrae
2330 3734 2490 3799 sunt,
2525 3734 2676 3785 recte
2698 3730 3013 3785 exteriores
3042 3730 3496 3801 tenebrae,pcenae
3530 3727 3700 3784 intel-

2043 3819 2407 3892 liguntur.Ut
2436 3818 2716 3890 iniquide
2745 3830 3114 3891 peccatorum
3145 3836 3386 3875 suorum
3419 3818 3698 3887 tenebris,

2047 3909 2118 3964 ad
2149 3913 2574 3965 tormentorum
2601 3910 2872 3964 tenebras
2897 3909 3306 3981 projiciuntur,
3337 3908 3420 3962 sic
3451 3908 3609 3962 intus
3641 3910 3702 3961 et

2044 3997 2184 4054 foris
2214 3999 2316 4053 Dei
2339 3999 2631 4054 sententia
2651 4004 3063 4054 consummata
3095 4014 3288 4053 coram
3322 3995 3542 4065 angelis
3571 3995 3694 4063 Dei,

2043 4087 2373 4143 induuntur
2430 4088 2584 4144 sicut
2653 4087 2913 4160 diploide
2972 4087 3313 4143 confusione
3363 4084 3691 4155 sua'(Psal.

2042 4193 2197 4248 cvm,
2228 4178 2338 4249 29).
2368 4177 2629 4250 Onagros
2659 4195 2791 4234 vero
2823 4177 2921 4248 qui
2945 4177 3382 4232 commorantur
3411 4173 3470 4226 in
3504 4172 3696 4228 deser~

2043 4272 2101 4323 to
2137 4285 2148 4321 :
2176 4284 2435 4339 paganos
2461 4284 2726 4339 quosque
2756 4283 2948 4322 errore
2969 4264 3335 4338 gentilitatis,
3369 4263 3469 4335 qui
3501 4263 3560 4316 in
3591 4263 3692 4318 de-

2042 4361 2196 4413 serto
2239 4374 2384 4412 veras
2429 4356 2726 4428 religionis
2773 4361 2933 4421 sunt,
2983 4353 3311 4426 intelligere
3349 4369 3688 4424 possumus,

2041 4464 2106 4503 eo
2155 4447 2310 4518 quod
2337 4448 2484 4519 jugo
2542 4449 2706 4502 certae
2758 4444 3058 4517 religionis
3098 4461 3212 4500 non
3255 4443 3687 4500 contineantur.

273 4555 398 4611 quo
433 4541 649 4593 retecto
678 4536 1237 4609 velamine,possent
1261 4535 1450 4607 ipsam
1484 4535 1702 4590 nudam
1733 4536 1938 4593 verita.
1964 4553 2014 4620 Β
2045 4539 2113 4594 Ηί
2146 4537 2238 4593 hic
2271 4536 2653 4610 egrediuntur
2680 4537 2753 4591 ad
2798 4553 2946 4608 opus
2991 4551 3163 4590 suum
3197 4535 3374 4606 (Psal.
3425 4551 3542 4600 cm,
3573 4532 3692 4602 23).

273 4634 399 4685 tem
433 4631 716 4698 tanquam
748 4641 960 4699 panem
993 4624 1282 4682 alimoniae
1311 4623 1505 4681 vitalis
1544 4624 1826 4696 accipere.

351 4741 378 4768 ‹‹
416 4719 572 4773 Inter
597 4733 830 4773 acervos
851 4732 1054 4772 eorum
1079 4714 1371 4771 meridiati
1393 4716 1661 4787 sunt,qui
1693 4718 1930 4777 calcatis

271 4806 673 4864 torcularibus
703 4805 934 4862 sitiunt.
973 4828 994 4856 ι
1022 4805 1140 4860 Hoc
1169 4803 1391 4859 malum
1419 4809 1508 4861 est
1539 4821 1840 4879 magnum,
1871 4814 1926 4864 et

268 4896 740 4969 iniquissimum,
773 4901 838 4952 ut
870 4896 979 4952 sub
1013 4895 1293 4966 labore,et
1323 4895 1512 4951 fructu
1544 4895 1795 4952 aliorum
1827 4897 1924 4953 alii

269 4987 666 5058 requiescant,
722 4991 779 5042 et
805 4985 1168 5043 inebrientur
1207 4985 1340 5041 vino
1379 5003 1580 5042 eorum
1635 4987 1757 5058 qui,
1809 4987 1923 5043 col-

267 5075 438 5132 lectis
469 5075 780 5132 vindemiis
812 5075 958 5144 suis,
993 5074 1222 5132 sitiunt.
1259 5076 1414 5131 Inter
1457 5092 1689 5132 acervos
1720 5093 1922 5133 eorum

269 5165 568 5221 meridiati
605 5170 746 5221 sunt
790 5166 913 5237 qui,
967 5164 1204 5221 calcatis
1252 5164 1662 5236 torcularibus,
1716 5167 1925 5223 sitiunt

268 5254 534 5311 Sublatis
564 5254 744 5327 igitur
775 5255 974 5327 spicis,
1010 5271 1112 5327 per
1142 5255 1390 5328 figuram
1449 5256 1603 5309 intra
1632 5273 1692 5311 se
1743 5256 1920 5312 divini

270 5343 532 5400 numinis
583 5343 850 5400 notitiam
899 5345 1355 5410 continentibus,
1387 5346 1623 5415 quando
1653 5362 1721 5400 ex
1750 5347 1832 5401 eis
1863 5346 1922 5400 hi

270 5435 374 5505 qui
403 5434 699 5491 habebant
727 5451 826 5491 eas
856 5433 1028 5506 plena
1057 5433 1424 5507 cogitatione,
1443 5434 1696 5490 solidum
1728 5435 1922 5491 cibum

268 5524 629 5582 conﬁcerent
662 5542 674 5584 :
703 5524 1041 5583 seductores
1069 5523 1308 5582 violenti
1357 5523 1512 5581 inter
1540 5524 1695 5582 bona
1722 5541 1924 5582 eorum

269 5629 450 5690 opera
479 5614 648 5690 quasi
698 5615 852 5675 inter
907 5629 1140 5677 acervos
1189 5613 1501 5692 gloriantes
1550 5614 1926 5690 requiescunt

2046 4629 2252 4703 Egredi
2323 4643 2573 4698 namque
2631 4627 2926 4695 dicuntur,
2977 4625 3208 4698 quande
3255 4623 3498 4678 affectus
3547 4637 3688 4676 suos

2040 4738 2142 4793 per
2172 4718 2467 4775 doctrinas
2511 4733 2716 4790 pravas
2748 4718 2805 4771 in
2838 4732 2936 4771 eos
2975 4733 3122 4787 quos
3167 4714 3456 4769 seducunt
3486 4714 3687 4766 osten-

2036 4813 2202 4866 dunt.
2239 4811 2324 4864 Ita
2348 4808 2505 4864 enim
2557 4806 2715 4862 omni
2764 4805 3000 4862 solertia
3040 4804 3448 4876 depraedantur
3508 4817 3684 4871 vagas

2039 4916 2232 4957 errore
2258 4897 2486 4954 animas
2531 4901 2592 4951 ut
2625 4896 2737 4968 ipsi
2772 4894 3134 4950 multitudini
3166 4891 3404 4965 perdita:
3436 4889 3683 4963 posteri-

2040 4990 2180 5046 tatis
2211 5005 2351 5056 suae,
2374 4987 2532 5043 velut
2562 4985 2908 5041 alimentum
2931 4985 3098 5056 panis
3121 4981 3356 5039 lethalis
3380 4980 3681 5052 doctrinae,

2035 5079 2413 5152 pertinaciam
2451 5075 2875 5146 derelinquant.

2107 5192 2134 5218 «
2187 5169 2354 5224 Mane
2410 5166 2597 5238 primo
2654 5168 2968 5236 consurget
3018 5163 3313 5219 homicida
3356 5179 3370 5220 :
3410 5160 3683 5218 interficit

2035 5274 2282 5329 egenum
2305 5262 2361 5313 et
2390 5271 2761 5326 pauperem,»
2784 5254 2996 5308 Iterum
3027 5271 3198 5308 mane
3220 5253 3442 5308 dictum
3465 5257 3682 5323 est,pro

2035 5364 2100 5402 eo
2147 5348 2301 5417 quod
2329 5345 2559 5417 publice
2590 5349 2646 5399 et
2675 5343 2829 5399 clara
2859 5343 2985 5398 luce
3016 5343 3236 5398 malum
3269 5341 3681 5406 committitur,

2036 5439 2101 5488 ut
2122 5435 2196 5490 sit
2228 5433 2393 5506 quasi
2417 5431 2601 5504 gloria
2632 5432 2854 5486 facinus
2877 5431 3338 5503 operantibus,et
3358 5431 3700 5487 secundum}

2037 5523 2470 5584 Sodomitarum
2502 5521 2833 5594 exemplum
2867 5521 3017 5596 (Gen.
3049 5539 3165 5592 x1x,
3197 5523 3233 5578 5
3262 5522 3452 5596 seqq,),
3483 5535 3683 5593 pecca-

2033 5621 2160 5678 tum
2195 5629 2368 5675 suum
2402 5630 2516 5672 non
2552 5612 3000 5686 absconderant,
3053 5612 3153 5668 sed
3195 5611 3676 5688 praedicaverunt.
