3980 6184
223 316 344 392 725

1278 317 1795 380 COMMENTAB.
1845 321 1922 379 lN
1965 320 2106 382 JOB
2155 321 2325 381 CAP.
2376 322 2593 380 XXIV.

3517 319 3635 377 ’726

225 449 489 522 gelorum
519 443 738 521 linguis
767 447 920 506 sicut
948 448 1277 517 hominum,
1304 451 1570 521 quamvis
1601 449 1873 523 angelica;
1905 455 1958 522 Α
1991 451 2130 523 quia
2161 449 2492 506 misericors
2525 466 2558 504 a
2602 448 3023 516 misericordia,
3057 453 3114 504 et
3144 448 3270 504 ideo
3303 447 3472 520 quasi
3505 464 3632 520 pro-

222 538 546 596 dissimiles
596 539 717 594 sint
766 537 1060 594 humanis.
1107 539 1208 594 Est
1255 554 1390 609 ergo
1436 538 1673 610 aliquod
1703 544 1876 611 atque

223 629 422 700 ipsum
454 627 621 683 valde
653 645 935 700 magnum
967 645 1144 700 super
1173 628 1505 684 diversitate
1535 629 1873 700 linguarum

219 717 377 774 inter
406 717 751 789 terrigenas,
784 721 839 772 et
873 717 1198 773 ministeria
1229 735 1482 790 superna
1531 719 1870 773 discrimen.

222 808 412 879 Super
433 824 549 878 qua
575 823 632 862 re
666 824 772 862 nos
795 807 1111 863 canonicus
1141 807 1288 864 liber
1318 808 1457 863 Novi
1490 809 1870 876 Testamenti,

222 896 324 969 qui
355 895 677 969 apostolica
697 897 955 952 continet
984 901 1171 969 gesta,
1194 897 1552 952 sufficienter
1574 897 1869 952 instruxit.

291 1009 320 1035 ‹‹
353 986 517 1042 Levis
547 990 639 1041 est
670 1002 847 1056 super
874 985 1083 1042 faciem
1117 1003 1300 1058 aquae.
1338 1011 1364 1036 ››
1411 986 1556 1052 Quia
1588 1003 1701 1042 non
1734 991 1872 1042 sunt

216 1075 288 1132 de
333 1073 594 1130 Ecclesia
641 1091 856 1147 magna
903 1075 1078 1147 (Psal.
1112 1093 1230 1145 xxx,
1261 1076 1374 1148 26),
1410 1075 1465 1130 id
1520 1079 1609 1131 est
1657 1074 1870 1146 populo

215 1163 376 1236 gravi
435 1167 494 1219 et
547 1167 769 1231 sancto,
832 1164 932 1235 qui
999 1165 1200 1237 granis
1260 1164 1492 1220 fecundi
1551 1168 1607 1219 et
1662 1162 1871 1235 optimi

217 1253 394 1310 tritici
446 1258 844 1325 comparatur,
894 1259 950 1309 et
1001 1254 1102 1325 qui
1150 1255 1209 1308 in
1266 1253 1471 1310 horreo
1519 1257 1869 1308 aaternarum

220 1341 598 1398 mansionum
630 1344 970 1399 condendus
1002 1348 1112 1414 est,
1145 1343 1304 1399 velut
1332 1343 1475 1399 levis
1506 1345 1671 1414 palea
1700 1341 1870 1397 nihil-

217 1448 333 1502 que
398 1432 670 1503 ponderis
738 1431 995 1498 habens,
1064 1433 1220 1503 quod
1287 1433 1358 1487 ad
1425 1433 1870 1504 praegravandcs

213 1520 504 1576 virtutum
554 1523 804 1594 pertinet
851 1523 1099 1590 fructus,
1137 1539 1301 1593 aquae
1347 1521 1634 1577 elemento
1665 1538 1867 1593 super-

220 1610 450 1665 natabit
478 1627 491 1664 :
527 1615 588 1666 ut
615 1628 767 1668 aura
805 1613 945 1667 flatu
977 1612 1140 1668 tenui
1173 1611 1454 1684 rapiatur.
1490 1610 1619 1666 Sive
1650 1609 1817 1666 aliter
1851 1627 1863 1665 :

216 1703 399 1770 Aquae
453 1699 575 1756 ista:
638 1699 948 1757 hominum
1015 1702 1340 1757 amantium
1408 1700 1516 1755 hoc
1583 1697 1865 1754 saeculum

213 1787 435 1844 habent
463 1789 711 1861 ﬁguram
739 1807 752 1844 :
789 1805 856 1846 eo
889 1791 1042 1862 quod
1077 1807 1308 1862 semper
1338 1790 1410 1845 ad
1441 1789 1720 1844 inferiora
1749 1787 1868 1843 sint

209 1877 515 1948 proclives,
550 1879 804 1936 multum
856 1896 1056 1936 secum
1108 1879 1235 1935 limi
1284 1878 1603 1944 trahentes,
1656 1877 1756 1949 qui
1805 1877 1864 1932 in

207 1966 389 2023 chaos
437 1968 783 2039 inferorum,
818 1969 1056 2025 turbido
1105 1970 1362 2041 pondere
1410 1968 1756 2039 deponatur.

280 2079 312 2107 ‹‹
345 2057 654 2114 Maledicta
683 2059 760 2114 sit
789 2075 928 2131 pars
958 2059 1089 2130 ejus
1117 2059 1178 2114 in
1209 2063 1385 2114 terra.
1415 2079 1443 2107 ››
1475 2056 1583 2120 Qui
1617 2056 1772 2112 enim
1807 2056 1866 2112 in

207 2149 369 2201 terra
418 2151 779 2216 sanctorum,
831 2165 956 2220 quzs
1008 2152 1097 2203 est
1144 2147 1463 2203 viventium
1525 2150 1699 2213 terra,
1751 2161 1866 2200 non

212 2235 418 2304 fuerit,
463 2236 810 2293 maledictus
859 2238 1013 2293 erit:
1075 2237 1194 2293 sive
1247 2236 1560 2292 maledicta
1608 2235 1684 2290 sit
1732 2251 1868 2307 pars

215 2324 350 2394 ejus
398 2325 457 2381 in
506 2328 681 2395 terra,
723 2325 780 2381 id
829 2329 918 2382 est
965 2325 1024 2380 in
1074 2343 1273 2382 massa
1317 2325 1547 2397 generis
1600 2323 1866 2379 humani.

291 2435 326 2466 ‹‹
356 2414 467 2470 Nec
498 2414 759 2471 ambulet
788 2432 890 2487 per
919 2415 1073 2471 viam
1103 2416 1430 2474 vinearum.
1463 2437 1491 2465 »
1543 2415 1605 2468 Id
1649 2418 1759 2481 est,
1790 2414 1872 2468 ita

221 2501 538 2559 maledicta
585 2503 664 2561 sit
708 2505 836 2575 ejus
885 2504 1243 2560 conversatio
1294 2504 1354 2558 in
1413 2507 1567 2558 terra
1625 2503 1754 2567 hac,
1805 2505 1871 2558 ut

217 2591 426 2662 plebes
469 2591 571 2648 Dei
619 2593 740 2650 sive
789 2594 1016 2650 animas
1065 2598 1318 2662 sanctas,
1353 2610 1479 2664 quae
1512 2592 1663 2648 sicut
1692 2591 1869 2647 vinem

215 2679 408 2751 plena
457 2681 744 2739 fructibus
783 2683 1089 2740 fructifera:
1123 2686 1280 2751 sunt,
1313 2700 1427 2738 non
1458 2681 1737 2751 imitetur,
1771 2697 1870 2736 ne-

217 2784 342 2840 que
387 2785 491 2841 per
538 2771 697 2843 ipsas
729 2772 1011 2828 ambulet.
1043 2772 1160 2828 Has
1190 2772 1346 2827 enim
1376 2771 1574 2827 vineas
1607 2771 1872 2826 doctores

215 2862 506 2930 tanquam
533 2860 808 2927 cultores,
833 2861 1115 2918 doctrinis
1145 2861 1301 2917 velut
1332 2860 1626 2932 ligonibus
1650 2859 1868 2928 colunt,

214 2954 282 3003 ut
339 2949 543 3006 vinum
597 2967 842 3022 operum
889 2952 1182 3008 bonorum
1209 2949 1590 3020 vindemient,
1624 2949 1778 3020 quod
1810 2949 1870 3002 in

215 3037 358 3106 fide,
393 3038 452 3094 id
483 3044 592 3106 est,
623 3041 901 3097 torculari
932 3040 1196 3097 Ecclesia:
1240 3040 1494 3112 pondere
1541 3037 1870 3094 tribulatio-

215 3127 317 3183 nis
347 3144 714 3200 expressum,
746 3130 1001 3202 ﬂagrans
1032 3147 1134 3202 per
1159 3129 1406 3201 gratiam
1439 3127 1674 3194 Christi,
1697 3128 1872 3182 odore

214 3216 573 3274 suavissimo
621 3235 755 3274 cum
804 3201 1409 3276 virtuteimeritorum
1454 3217 1514 3272 in
1557 3216 1872 3288 apothecas
1903 3201 1946 3268 C

217 3305 535 3362 domorum
566 3307 889 3364 caelestium
932 3309 1302 3386 recondatur.

295 3417 329 3443 ‹‹
361 3395 444 3450 Ad
468 3396 716 3453 nimium
739 3397 989 3454 calorem
1011 3401 1271 3453 transeat
1291 3396 1362 3452 ab
1385 3396 1554 3468 aquis
1575 3395 1820 3450 nivium.
1843 3417 1871 3445 »

216 3482 400 3547 Quasi
456 3486 606 3542 duas
662 3487 960 3559 gehennae
1018 3491 1260 3543 sanctus
1318 3486 1426 3541 Job
1486 3485 1678 3540 dicere
1728 3484 1871 3539 mihi

214 3572 471 3641 videtur,
502 3574 656 3647 ignis
685 3580 743 3632 et
770 3575 1024 3648 frigoris,
1057 3592 1162 3647 per
1191 3592 1338 3647 quas
1368 3575 1658 3640 diabolus,
1690 3573 1870 3628 haere-

215 3661 394 3729 ticus,
427 3666 483 3718 et
533 3663 706 3721 homo
756 3665 974 3736 impius
1005 3668 1422 3720 commutetur.
1455 3664 1620 3720 Forte
1653 3663 1711 3717 in
1744 3663 1873 3734 ipsa

215 3751 492 3824 gehenna
537 3753 672 3810 talis
723 3771 1006 3811 sensuum
1053 3755 1346 3810 cruciatus
1379 3753 1478 3808 fiet
1508 3751 1646 3818 illis,
1679 3751 1777 3822 qui
1810 3751 1870 3806 in

215 3855 281 3896 ea
314 3843 765 3914 torquebuntur,
800 3847 861 3899 ut
907 3860 1064 3898 nunc
1113 3842 1282 3914 quasi
1331 3843 1525 3913 ignem
1571 3841 1870 3896 ardentem

214 3931 497 3995 sentiant,
534 3948 690 3988 nunc
734 3932 986 3988 nimium
1025 3931 1242 4005 algoris
1271 3930 1630 3999 incendium,
1663 3934 1719 3985 et
1751 3946 1868 4002 pce-

213 4019 371 4076 nalis
421 4022 826 4089 commutatio,
859 4038 1018 4078 nunc
1051 4021 1239 4094 frigus
1271 4021 1682 4082 sentientibus,
1714 4035 1869 4074 nunc

213 4108 375 4165 calor
421 4109 517 4178 sit,
568 4115 634 4166 ut
684 4111 854 4182 quasi
910 4113 982 4166 de
1040 4111 1167 4167 loco
1217 4111 1290 4166 ad
1339 4109 1532 4164 locum
1581 4109 1869 4164 transitus

212 4199 530 4255 aestiment.
562 4204 632 4256 Et
678 4201 947 4257 fortassis
990 4201 1126 4257 inde
1157 4201 1442 4256 Dominus
1483 4199 1564 4254 ait
1591 4197 1651 4252 in
1684 4199 1866 4253 Evan-

213 4288 370 4359 gelio
404 4304 416 4342 :
466 4289 660 4346 Mittite
697 4306 824 4345 eum
867 4293 930 4346 in
975 4290 1232 4346 tenebras
1261 4292 1555 4346 exteriores
1586 4307 1604 4343 :
1653 4288 1732 4343 ibi
1760 4289 1869 4342 erit

212 4380 375 4447 ﬂetus
421 4388 470 4434 et
515 4379 721 4436 stridor
765 4379 1012 4436 dentium
1058 4381 1272 4448 (Matth.
1317 4395 1454 4444 χχιι,
1493 4379 1600 4447 13).
1653 4377 1724 4433 Ut
1772 4377 1866 4432 hic

214 4466 438 4523 stridor
478 4468 741 4524 dentium
791 4469 862 4525 de
911 4470 1103 4541 rigore
1134 4468 1367 4540 frigoris
1399 4468 1637 4523 oriatur.
1674 4466 1774 4523 Ubi
1811 4469 1867 4520 et

214 4555 669 4614 similitudinem
728 4559 1048 4630 quamdam
1116 4575 1184 4612 ex
1251 4557 1468 4613 nostris
1524 4556 1944 4643 corporibusD

216 4662 541 4717 possumus
598 4647 913 4704 invenire:
963 4647 1023 4703 in
1085 4646 1300 4718 quibus
1359 4647 1470 4701 rufi
1528 4645 1864 4711 abudantia,

216 4737 372 4807 quod
407 4741 498 4792 est
525 4736 976 4804 calidissimum,
1008 4736 1070 4790 in-
1097 4735 1307 4807 typicis
1354 4733 1612 4790 motibus
1661 4732 1868 4788 intole-

217 4825 422 4882 rabilis
475 4826 630 4899 rigor
677 4827 947 4899 praecedit
997 4827 1196 4898 ignem
1246 4824 1496 4880 febrium
1529 4821 1865 4878 ardentissi-

215 4930 384 4970 mum
415 4923 778 4982 secuturum,
812 4921 870 4973 et
916 4916 1194 4972 dicuntur
1243 4931 1277 4969 a
1323 4914 1565 4970 medicis
1594 4913 1716 4968 haec
1748 4913 1862 4966 duo

214 5019 344 5075 quae
402 5005 513 5060 sibi
563 5005 852 5062 contraria
909 5006 1360 5077 dignoscuntur,
1415 5020 1482 5059 ex
1537 5020 1655 5058 una
1712 5000 1862 5057 fellis

215 5093 461 5150 materia
508 5094 567 5150 in
617 5094 853 5152 homine
898 5093 1210 5166 procreari.

285 5208 314 5234 ‹‹
351 5185 421 5240 Et
451 5201 638 5257 usque
669 5186 740 5240 ad
773 5186 988 5240 inferos
1019 5187 1320 5256 peccatum
1366 5181 1544 5238 illius.
1582 5204 1608 5232 »
1659 5182 1861 5236 Pecca-

212 5277 343 5328 tum
377 5274 543 5345 impii
563 5280 620 5330 et
649 5273 835 5346 iniqui
858 5279 976 5330 tam
1001 5289 1280 5345 magnum
1303 5276 1413 5339 est,
1436 5276 1490 5326 et
1521 5278 1640 5326 tam
1669 5288 1860 5344 grave,

215 5367 283 5417 ut
314 5379 445 5418 eum
476 5364 771 5435 deprimat
801 5365 872 5419 ad
911 5364 1205 5420 infernum
1237 5367 1519 5432 tanquam
1552 5361 1860 5432 plumbum

215 5450 278 5506 in
311 5469 464 5524 aqua
491 5453 876 5510 validissima.

294 5562 326 5593 α
355 5541 743 5600 Obliviscatur
787 5543 917 5617 ejus
964 5541 1385 5601 misericordia.
1420 5562 1448 5591 »
1498 5539 1560 5596 Id
1609 5543 1720 5606 est,
1761 5537 1863 5610 qui

216 5647 339 5694 non
369 5632 561 5694 solum
596 5631 954 5709 misericors,
987 5631 1086 5690 sed
1115 5635 1172 5690 et
1201 5628 1601 5691 misericordia
1629 5625 1858 5700 dicitur,

1984 544 2224 611 totypon
2257 554 2490 605 nomen,
2525 538 2718 607 majus
2759 541 2866 602 est,
2901 553 3078 608 quam
3111 537 3378 592 deductio
3409 554 3631 593 nuncu-

1984 636 2140 700 pata.
2173 629 2518 699 Quicunque
2565 643 2699 698 ergo
2749 629 3086 680 sanctorum
3140 631 3328 696 potest
3364 627 3477 682 dici
3519 628 3628 681 mi-

1984 719 2250 782 sericors,
2300 734 2492 786 verax,
2543 721 2596 771 et
2637 717 2884 786 justus:
2943 730 3111 769 nemo
3169 719 3365 769 tamen
3423 732 3624 771 eorum

1983 813 2135 863 recte
2184 807 2401 862 dicitur
2450 804 2866 871 misericordia,
2899 807 2954 857 et
3002 801 3236 869 veritas,
3268 807 3323 857 et
3367 803 3620 872 justitia.

2056 935 2084 962 «
2116 913 2371 969 Duloedo
2403 911 2561 967 illius
2592 925 2841 967 vermes.
2877 932 2905 960 »
2951 910 3056 965 Per
3085 907 3474 979 antiphrasim
3505 909 3624 964 dic-

1978 1006 2127 1072 tum,
2162 1003 2317 1073 quod
2363 1005 2474 1069 est,
2507 1005 2737 1056 scatens
2787 997 3082 1055 vermibus
3130 997 3432 1053 moriatur.
3466 997 3535 1051 Et
3564 997 3626 1052 in

1982 1090 2288 1163 Evangelio
2334 1107 2347 1145 :
2424 1091 2626 1145 Vcrmis
2686 1105 2876 1144 eorum
2931 1102 3041 1143 non
3103 1089 3376 1142 morietur
3432 1087 3620 1157 (Marc.

1981 1199 2058 1252 1x,
2093 1181 2202 1251 13).
2238 1179 2397 1235 Talis
2443 1179 2621 1250 igitur
2650 1177 2896 1233 dulcedo
2925 1177 3035 1233 erit
3064 1175 3303 1246 iniquis,
3337 1179 3395 1230 et
3425 1176 3624 1232 odien-

1979 1272 2139 1327 tibus
2176 1271 2380 1326 Deum.

2056 1385 2076 1409 α
2113 1361 2238 1415 Non
2288 1358 2366 1414 sit
2411 1357 2470 1412 in
2521 1356 2939 1413 recordatione.
2973 1377 3002 1406 ››
3059 1355 3120 1410 Id
3151 1359 3258 1420 est,
3289 1354 3362 1409 ad
3391 1353 3621 1410 veniam

1979 1449 2392 1506 misericordiae
2425 1463 2540 1502 non
2574 1444 2888 1518 perveniat,
2920 1444 3076 1514 quod
3107 1443 3357 1514 diabolo,
3391 1448 3448 1500 et
3495 1444 3621 1500 suis

1979 1538 2262 1594 haereticis
2313 1541 2369 1592 et
2406 1536 2604 1608 impiis
2633 1534 2918 1602 futurum,
2951 1535 3022 1588 de
3052 1532 3370 1605 Scripturis
3402 1533 3620 1590 sanctis

1976 1628 2057 1684 ita
2087 1627 2422 1684 didicimus.

2048 1758 2076 1785 «
2109 1734 2219 1790 Sed
2253 1735 2586 1790 conteratur
2615 1729 2783 1802 quasi
2824 1728 3051 1801 lignum
3097 1728 3553 1786 infructuosum.
3589 1751 3618 1779 »

1897 1831 1944 1896 B
1974 1824 2306 1880 Secundum
2340 1821 2483 1876 illud
2521 1839 2532 1875 :
2591 1820 2780 1875 Omnis
2827 1819 2995 1874 arbor
3036 1834 3153 1888 quae
3198 1833 3302 1874 non
3333 1820 3469 1888 facit
3497 1821 3618 1889 fru-

1975 1923 2124 1970 ctum
2162 1914 2385 1979 bonum,
2417 1909 2716 1980 excidatur,
2746 1914 2800 1963 et
2829 1911 2889 1963 in
2918 1910 3101 1978 ignem
3128 1908 3374 1962 mittetur
3411 1907 3618 1980 (Matth.

1974 2021 2077 2071 vn,
2111 2003 2221 2070 19.)
2250 2000 2350 2057 Vel
2382 2000 2628 2071 lignum,
2661 2001 2964 2069 peccatum
3014 1995 3413 2067 intelligamus
3465 1997 3621 2067 quod

1976 2109 2079 2165 per
2106 2092 2333 2162 lignum
2366 2089 2575 2144 accidit
2601 2103 2614 2141 :
2651 2103 2752 2158 per
2781 2086 2937 2156 quod
2969 2085 3195 2157 lignum
3226 2083 3493 2141 diabolus
3523 2085 3621 2140 ad-

1977 2181 2126 2237 didit
2157 2180 2228 2234 ad
2261 2177 2564 2234 cumulum
2598 2175 2885 2240 criminis,
2909 2175 3063 2245 quod
3097 2173 3405 2229 adversum
3441 2175 3620 2229 Deum

1978 2269 2210 2326 rebellis
2241 2267 2546 2336 exstiterit,
2581 2269 2646 2320 ut
2695 2270 2750 2320 et
2796 2263 3096 2319 hominem
3146 2263 3532 2334 praecipitaret
3561 2263 3621 2318 in

1979 2362 2226 2415 mortem
2258 2375 2269 2412 :
2325 2357 2479 2412 unde
2504 2357 2632 2426 jam
2661 2358 2718 2410 et
2745 2355 2806 2408 in
2837 2359 3120 2408 aeternum
3151 2351 3453 2406 interitum
3483 2368 3620 2408 con-

1979 2451 2291 2505 demnatus
2322 2450 2410 2502 est
2443 2461 2455 2498 :
2490 2447 2725 2516 propter
2754 2444 2909 2510 quod
2941 2442 3066 2513 ipse
3096 2440 3365 2497 diabolus
3394 2440 3622 2514 lignum

1977 2536 2326 2605 insanabile,
2350 2540 2407 2591 et
2435 2534 2870 2589 infructuosum
2904 2535 3095 2603 potest
3119 2530 3231 2585 dici
3261 2546 3274 2585 :
3311 2529 3448 2602 quia
3477 2547 3624 2586 nun-

1979 2644 2154 2698 quam
2203 2627 2312 2681 erit
2362 2622 2710 2696 poenitentiae
2752 2621 3137 2677 medicatione
3166 2621 3484 2676 sanandus.
3518 2621 3626 2676 De-

1979 2717 2138 2788 ligno
2161 2719 2356 2770 autem
2379 2713 2597 2779 vitae,id
2621 2716 2708 2767 est
2729 2709 3022 2776 cruce,vel
3043 2711 3114 2764 de
3127 2709 3358 2764 Christo
3380 2710 3622 2768 dicitur:

1980 2805 2287 2861 Secundum
2341 2803 2460 2858 dies
2517 2803 2676 2872 ligni,
2729 2807 2891 2856 emnt
2935 2798 3054 2854 dies
3093 2799 3287 2870 populi
3331 2801 3445 2854 mei
3496 2801 3624 2870 (Isa.

1981 2912 2103 2963 va,
2134 2895 2246 2965 22).

2053 3005 2080 3034 α
2114 2982 2276 3038 Pavit
2304 2979 2459 3035 enim
2491 2978 2770 3035 sterilem.
2804 2999 2856 3030 ».
2890 2977 2953 3031 Id
2986 2980 3093 3046 est,
3129 2974 3372 3030 nutrivit
3402 2979 3459 3032 et
3489 2975 3630 3031 fovit

1981 3072 2210 3129 animas
2241 3069 2489 3138 steriles,
2524 3073 2580 3125 et
2617 3067 3012 3122 infructuosas
3042 3063 3376 3120 virtutibus.

2057 3202 2084 3230 ‹‹
2117 3179 2187 3233 Et
2217 3194 2343 3248 quas
2375 3193 2490 3231 non
2523 3173 2694 3248 parit.
2717 3193 2742 3224 η
2781 3174 2891 3228 Eas
2913 3187 3144 3243 quoque
3175 3169 3402 3227 animas
3434 3186 3630 3227 assen-

1985 3269 2167 3325 sionis
2198 3283 2315 3322 sua:
2347 3263 2828 3320 delectationibus
2859 3260 3035 3332 pavit,
3069 3275 3195 3331 qum
3237 3276 3371 3314 cum
3404 3259 3632 3332 possint

1983 3360 2053 3414 de
2085 3360 2246 3411 utero
2280 3354 2471 3410 cordis
2502 3355 2654 3408 bona
2683 3350 2990 3424 parturire,
3015 3348 3351 3415 noluerunt,
3376 3349 3531 3404 sicut
3560 3349 3630 3404 de

1981 3444 2323 3518 hujusmodi
2375 3444 2454 3498 ait
2507 3442 2731 3498 David:
2784 3440 2970 3495 Noluit
3018 3439 3348 3508 intelligere,
3397 3442 3462 3494 ut
3499 3438 3630 3494 bene

1981 3539 2166 3606 ageret
2197 3533 2368 3606 (Psal.
2404 3549 2570 3604 xxxv,
2605 3531 2678 3601 4).

2055 3667 2080 3692 ‹‹
2115 3646 2182 3695 Et
2212 3640 2395 3695 vidua:
2430 3639 2575 3694 bene
2619 3654 2733 3692 non
2787 3635 2942 3690 fecit.
2980 3657 3008 3684 »
3061 3634 3338 3704 Viduam,
3368 3632 3627 3689 animam

1982 3729 2309 3788 sanctitatis
2358 3729 2582 3783 viribus
2630 3726 2992 3792 destitutam,
3027 3740 3153 3796 quae
3201 3723 3385 3778 Deum
3435 3722 3627 3777 virum

1980 3821 2286 3887 habuerat,
2339 3834 2474 3873 cum
2527 3815 2927 3871 exhortatione
2975 3813 3162 3868 noluit
3209 3811 3518 3880 consolari,
3565 3815 3630 3866 ut

1980 3907 2036 3962 id
2071 3909 2286 3980 ageret,
2319 3903 2818 3976 quemadmodum
2864 3905 3063 3973 posset
3095 3901 3302 3956 reverti
3334 3901 3406 3955 ad
3435 3899 3626 3955 virum

1980 4013 2154 4053 suum
2185 3995 2460 4067 priorem.

2053 4109 2080 4137 «
2113 4084 2370 4141 Detraxit
2403 4084 2576 4138 fortes
2622 4080 2681 4135 in
2713 4079 3057 4135 fortitudine
3088 4094 3215 4133 sua.
3249 4099 3276 4128 »
3328 4075 3439 4131 Alii
3469 4076 3625 4132 dixe-

1979 4180 2116 4232 runt
2169 4193 2182 4230 :
2249 4197 2270 4221 α
2309 4178 2376 4228 Et
2432 4172 2489 4227 in
2547 4171 2635 4224 ira
2693 4169 2896 4225 evertit
2950 4167 3260 4235 infirmos;
3313 4188 3340 4214 ››
3397 4164 3456 4220 id
3513 4170 3632 4237 est,-

1977 4266 2156 4321 fortes
2189 4267 2362 4334 atque
2390 4259 2671 4316 virtutum
2704 4258 2858 4313 viros
2891 4255 3208 4329 prostravit
3255 4258 3311 4310 et
3357 4254 3622 4311 detraxit.

2049 4394 2076 4422 ‹‹
2113 4371 2180 4425 Et
2209 4385 2342 4424 cum
2383 4365 2628 4434 steterit,
2663 4381 2779 4420 non
2810 4363 3006 4418 credet
3034 4362 3163 4417 vita:
3199 4378 3337 4416 suae.
3373 4361 3542 4418 Dedit
3573 4362 3625 4419 ei

1976 4466 2129 4516 Deus
2185 4458 2379 4514 locum
2436 4454 2809 4527 pcenitentiaa,
2851 4456 2908 4508 et
2963 4450 3060 4507 ille
3117 4451 3382 4506 abutitur
3438 4467 3503 4508 eo
3562 4451 3624 4508 in

1978 4547 2256 4622 superbia
2282 4562 2294 4601 :
2329 4543 2480 4602 oculi
2513 4547 2705 4599 autem
2733 4541 2861 4613 ejus
2894 4545 3033 4596 sunt
3063 4541 3121 4594 in
3151 4539 3259 4594 viis
3290 4539 3468 4595 illius.
3494 4562 3523 4590 »
3556 4541 3626 4596 Et

1978 4656 2112 4696 cum
2162 4637 2219 4692 in
2267 4633 2561 4708 prosperis
2615 4632 2711 4700 sit,
2752 4646 2857 4686 nec
2906 4629 2988 4686 sic
3041 4645 3274 4701 quoque
3321 4629 3623 4685 mordente

1978 4726 2335 4785 conscientia
2385 4729 2572 4796 putat,
2610 4721 2766 4794 quod
2813 4719 3014 4776 eadem
3047 4717 3317 4773 felicitate
3344 4722 3623 4790 perpetua

1978 4819 2254 4891 potiatur,
2288 4831 2420 4870 cum
2449 4810 2793 4883 hujusmcdi
2843 4808 3157 4882 pertinacis
3189 4812 3245 4864 et
3275 4807 3406 4863 duri
3439 4807 3622 4863 animi

1974 4907 2071 4973 sit,
2095 4906 2339 4963 credens
2363 4903 2516 4975 quod
2549 4902 2608 4956 in
2639 4900 2743 4956 illa
2772 4898 2891 4954 vita
2919 4915 3030 4954 sua
3057 4903 3177 4953 tam
3211 4897 3438 4970 perdita
3467 4900 3622 4954 stare

1973 4996 2180 5070 possit.

2047 5109 2075 5138 ‹‹
2108 5083 2324 5140 Elevati
2375 5086 2513 5138 sunt
2564 5081 2634 5135 ad
2686 5079 3006 5145 modicum,
3042 5082 3098 5134 et
3126 5093 3241 5133 non
3274 5077 3616 5146 subsisteut,

1974 5182 2030 5232 et
2059 5174 2533 5230 humiliabuntur
2563 5171 2717 5226 sicut
2747 5169 2964 5234 omnia,
3000 5172 3056 5223 et
3085 5168 3440 5224 auferentur.
3476 5190 3504 5217 ››
3532 5167 3618 5222 Ad

1975 5265 2271 5320 modicum
2314 5267 2506 5316 autem
2559 5259 2794 5326 dicitur,
2825 5275 2927 5329 pro
2975 5258 3254 5313 brevitate
3297 5258 3424 5312 vitae
3474 5274 3617 5328 prte-

1974 5354 2179 5420 sentis,
2215 5352 2273 5406 in
2324 5368 2438 5422 qua
2480 5366 2584 5421 pro
2616 5353 2874 5419 tempore
2902 5347 3234 5402 exaltantur
3262 5347 3471 5418 iniqui.
3502 5349 3616 5401 Au-

1975 5446 2234 5500 ferentur
2277 5441 2430 5496 sicut
2471 5437 2686 5504 omnia,
2717 5437 2772 5492 id
2805 5442 2913 5502 est,
2945 5437 3098 5492 sicut
3125 5435 3227 5491 illa
3258 5451 3618 5509 quaecunque

1973 5537 2112 5591 sunt
2159 5530 2340 5604 partis
2379 5529 2650 5598 adversm,
2683 5527 2801 5584 sive
2831 5543 2965 5584 cum
2996 5525 3054 5584 in
3085 5526 3201 5585 fine
3231 5525 3427 5585 saeculi
3457 5524 3618 5602 able:

1971 5628 2033 5683 ta
2065 5619 2280 5678 fuerint
2315 5616 2512 5678 omnia
2539 5614 2904 5693 temporalia.
