3980 6184
400 300 517 360 727

1860 286 2290 353 APPENDIX.

3640 285 3737 351 718

476 454 505 482 ‹‹
537 432 606 486 Et
634 429 789 485 sicut
818 428 1189 484 summitates
1237 427 1542 501 spicarum
1592 427 1986 482 conterentur.
2022 444 2051 473 ››
2081 422 2137 489 Α
2166 434 2307 475 cum
2331 417 2546 489 sitipse
2566 417 2841 489 putredo:
2866 415 3023 472 filius
3044 429 3277 486 quoque
3296 414 3738 488 hominisvermis,

405 518 910 586 Quemadmodum
960 517 1117 573 enim
1165 517 1544 573 summitates
1595 514 1913 587 spicarum,
1966 528 2058 568 res

406 608 609 679 utique
657 607 909 661 nimium
964 604 1224 677 faagiles,
1280 609 1444 660 tanta
1491 603 1769 659 facilitate
1822 601 2061 658 commi-

407 700 693 761 nuuntur,
727 699 793 749 ut
838 695 907 749 ad
949 694 1199 748 nihilum
1232 695 1598 749 deducantur
1632 709 1643 747 :
1701 692 1782 747 ita
1811 695 1867 746 et
1898 691 1957 745 hi
1990 690 2061 745 de

411 785 627 857 quibus
658 784 889 838 locutus
920 800 1052 838 sum
1087 786 1149 837 ut
1181 782 1371 854 pulvis
1403 781 1811 847 tenuissimus,
1848 779 1965 835 sive
1996 784 2063 834 ut

411 872 617 928 favillae
665 871 879 943 lanugo
911 876 1083 926 erunt
1112 877 1245 926 ante
1287 870 1492 926 faciem
1524 869 1647 941 Dei,
1681 885 1815 924 cum
1848 869 2062 924 iuerint

406 952 769 1017 Contumelia
798 960 1158 1015 confusionis
1188 959 1393 1015 attriti.

489 1072 517 1099 ‹‹
551 1050 711 1114 Quod
745 1049 793 1104 si
827 1065 939 1103 non
980 1052 1069 1104 est
1114 1048 1197 1103 ita
1228 1065 1241 1103 :
1293 1047 1423 1118 quis
1474 1064 1565 1102 me
1598 1052 1786 1119 potest
1815 1063 2057 1119 arguere

417 1155 545 1195 esse
575 1137 907 1203 mentitum,
940 1140 997 1191 et
1024 1151 1235 1208 ponere
1264 1140 1397 1191 ante
1427 1140 1606 1190 Deum
1630 1136 1806 1191 verba
1834 1136 2006 1192 mea?
2030 1158 2058 1187 »

418 1229 557 1293 Quis
590 1228 745 1282 enim
778 1243 845 1280 ex
874 1226 1040 1280 vobis
1074 1241 1315 1295 arguere
1346 1241 1437 1280 me
1468 1225 1679 1295 poterit
1713 1243 1726 1280 :
1775 1225 1915 1296 quia
1943 1241 2057 1279 non

420 1318 501 1373 ita
530 1316 606 1371 sit
635 1317 897 1369 futurum
948 1319 1012 1369 ut
1062 1316 1177 1369 dixi
1211 1331 1223 1369 :
1276 1330 1485 1384 meque
1524 1313 1793 1368 falsitatis
1825 1315 2062 1369 convin-

420 1404 687 1475 cere,qui
720 1403 982 1458 asseritis
1037 1403 1192 1473 quod
1253 1402 1452 1457 omnia
1507 1402 1567 1456 in
1629 1402 1736 1457 hoc
1792 1407 2058 1473 tempore

419 1494 625 1549 reddat
672 1493 821 1547 Deus
868 1491 1274 1563 peccatoribus
1307 1507 1433 1561 quas
1464 1496 1784 1558 merentur,
1815 1492 1970 1562 quod
2003 1492 2063 1546 in

422 1598 613 1636 meam
662 1580 856 1650 potius
905 1579 1379 1651 suggillationem
1420 1580 1491 1635 de
1522 1579 1715 1639 studio
1746 1580 2065 1636 contentio-

421 1669 513 1724 nis
545 1669 600 1723 in
609 1668 832 1739 geritis.

1025 1755 1257 1810 CAPUT
1297 1757 1461 1811 XXV.

499 1865 527 1894 ‹‹
560 1844 940 1915 Respondens
992 1849 1187 1899 autem
1222 1844 1440 1901 Baldad
1470 1847 1683 1916 Suites,
1719 1847 1862 1903 dixit
1893 1863 1906 1902 :
1961 1847 2065 1901 Po-

422 1938 603 1989 testas
649 1938 705 1988 et
755 1938 942 1988 terror
988 1934 1140 2003 apud
1192 1950 1322 1989 eum
1376 1940 1482 2005 est,
1526 1936 1624 2006 qui
1664 1936 1802 1991 facit
1830 1952 2067 1991 concor-

426 2022 583 2077 diam
631 2020 689 2075 in
741 2020 1097 2076 sublimibus
1144 2022 1288 2077 suis.
1321 2023 1595 2095 Nunquid
1643 2029 1733 2079 est
1785 2040 2067 2079 numerus

426 2110 680 2165 militum
734 2110 908 2180 ejus?
941 2132 969 2159 »
1018 2110 1329 2167 Convictus
1387 2112 1603 2167 Baldad
1652 2131 1685 2167 a
1730 2114 1900 2169 beato
1956 2113 2066 2169 Job

426 2198 675 2265 dicente,
720 2197 779 2251 in
828 2197 1023 2252 futuro
1077 2198 1263 2269 magis
1316 2198 1413 2254 Dei
1461 2217 1589 2256 esse
1627 2202 1944 2271 judicium,
1994 2203 2065 2258 ad

425 2286 547 2342 haec
600 2302 663 2341 se
714 2287 997 2340 convertit
1054 2293 1115 2341 ut
1165 2288 1399 2355 diceret,
1435 2289 1590 2359 apud
1624 2306 1758 2344 eum
1788 2295 1879 2345 est
1908 2295 2066 2361 pote-

427 2380 549 2429 stas
595 2378 651 2428 et
696 2379 901 2440 terror,
936 2374 991 2427 id
1039 2380 1145 2442 est,
1180 2391 1294 2430 non
1334 2377 1462 2446 jam
1505 2388 1730 2433 exercet
1752 2378 2065 2449 judicium,

424 2462 527 2523 sed
558 2462 711 2533 apud
745 2478 807 2516 se
839 2462 1157 2531 repositum
1190 2469 1345 2519 tenet
1377 2481 1442 2518 ac
1475 2470 1728 2520 reservat
1759 2466 1819 2520 in
1872 2472 2069 2537 poste—

424 2567 578 2610 rum.
614 2550 740 2619 Ipse
772 2554 967 2604 tamen
1001 2551 1136 2604 facit
1164 2556 1451 2621 perpetuas
1494 2553 1652 2623 pacis
1696 2554 2067 2609 concordiam

423 2638 483 2693 iu
515 2637 891 2705 sublimibus,
916 2638 971 2692 id
1004 2644 1111 2703 est,
1136 2640 1381 2710 angelis,
1406 2643 1524 2696 sive
1546 2642 1883 2697 hominibus
1906 2659 2070 2698 sanc-

421 2727 496 2782 tis
530 2726 673 2793 suis,
707 2728 1088 2782 custodiendo
1122 2744 1242 2793 eos,
1274 2745 1345 2783 ne
1384 2745 1487 2799 per
1531 2729 1785 2800 aliquem
1834 2730 2067 2803 lapsum

421 2816 643 2887 peccati
676 2815 1014 2871 inimicitias
1046 2817 1281 2873 offensae
1310 2818 1559 2873 cmlestis
1598 2819 1922 2876 incurrant.

493 2928 521 2954 «
555 2905 622 2959 Et
651 2921 827 2975 super
848 2921 1022 2975 quem
1051 2922 1165 2959 non
1195 2913 1394 2977 surget
1424 2906 1622 2962 lumen
1645 2907 1805 2964 illius
1834 2931 1862 2957 »
1884 2909 1911 2963 ?
1940 2909 2068 2981 Ipse

421 2992 578 3048 enim
638 2991 936 3048 illuminat
994 3010 1227 3048 omnem
1279 2995 1574 3051 hominem
1629 2997 1955 3053 venientem
2006 2998 2066 3053 in

423 3082 581 3137 hunc
613 3082 898 3136 mundum
930 3083 1106 3150 (Joan.
1141 3100 1192 3149 1,
1221 3084 1297 3155 9).

2167 524 2237 564 ex
2269 508 2473 564 eadem
2505 508 2707 579 utique
2738 521 2986 562 nascens
3016 503 3382 577 corruptione
3410 520 3515 576 qua
3539 507 3744 564 vermis?

2761 648 2995 704 CAPUT
3034 647 3226 703 XXVI.

2241 798 2269 825 ‹‹
2302 776 2686 847 Respondeas
2717 777 2912 829 autem
2941 772 3071 839 Job,
3105 772 3253 827 dixit
3287 790 3299 827 :
3352 773 3519 842 Cujus
3562 775 3748 843 adjutor-

2168 865 2276 921 es?
2325 864 2616 935 numquid
2670 862 3001 933 imbecillis,
3046 866 3104 917 et
3155 865 3449 916 sustentes
3497 862 3745 919 brachium

2168 955 2296 1023 ejus
2321 953 2421 1025 qui
2448 970 2568 1009 non
2592 958 2682 1009 est
2707 952 2914 1007 fortis?
2940 950 3041 1006 Cui
3065 949 3279 1006 dedisti
3302 949 3629 1005 consilium?
3651 952 3749 1007 For-

2169 1043 2322 1098 sitan
2353 1041 2438 1096 illi
2470 1043 2568 1113 qui
2600 1058 2718 1096 non
2749 1041 2926 1096 habet
2952 1039 3327 1111 sapientiam,
3360 1044 3417 1094 et
3443 1039 3746 1110 prudentiam

2169 1136 2333 1187 tuam
2365 1131 2672 1186 ostendisti
2721 1129 3054 1201 plurimam.
3089 1128 3274 1191 Quem
3305 1128 3502 1182 docere
3528 1126 3748 1183 voluisti?

2171 1220 2374 1275 Nonne
2403 1235 2538 1274 eum
2571 1218 2671 1289 qui
2700 1217 2834 1273 fecit
2863 1217 3293 1289 spiramentum
3329 1240 3355 1265 »
3381 1216 3408 1271 ?
3451 1216 3643 1272 Videns
3664 1217 3745 1272 Deo

2171 1308 2451 1378 injuriam
2501 1308 2646 1373 fieri,
2697 1307 2856 1376 justa
2903 1306 3307 1378 indignatione
3360 1310 3672 1372 commotus,
3706 1307 3745 1359 in

2172 1397 2300 1469 ipso
2346 1396 2513 1452 initio
2558 1397 2847 1451 sermonis
2879 1395 2969 1450 sui
3000 1394 3221 1450 Baldad
3253 1395 3448 1449 Suiten
3478 1394 3745 1449 durioribus

2174 1487 2368 1559 arguit
2396 1486 2607 1552 verbis,
2641 1502 2707 1541 eo
2740 1486 2894 1556 quod
2927 1485 3010 1540 ita
3041 1483 3400 1556 loqueretur,
3432 1490 3693 1555 tamquam
3713 1485 3744 1538 si

2174 1575 2329 1630 Deus
2358 1574 2630 1630 inﬁrmus
2653 1590 2718 1628 ac
2741 1590 2857 1629 non
2890 1573 3112 1629 habens
3133 1572 3319 1628 ullam
3351 1572 3560 1628 brachii
3580 1572 3746 1629 fortitu-

2174 1663 2393 1729 dinem,
2427 1663 2555 1732 ejus
2602 1666 2795 1734 egeret
2843 1661 3079 1717 auxilio.
3110 1662 3431 1717 Advertens
3474 1662 3633 1733 igitur
3655 1661 3749 1731 quia

2176 1751 2367 1807 minor
2422 1756 2512 1807 est
2567 1750 2933 1822 participatio
2991 1751 3065 1806 ad
3123 1754 3361 1827 tqtum:
3418 1754 3573 1822 gutta
3612 1748 3747 1811 stilis,

2176 1839 2415 1911 perenni
2438 1841 2631 1895 fonte:
2658 1838 2914 1895 scintilla
2935 1839 3124 1895 latens
3146 1840 3208 1893 in
3230 1840 3441 1905 cinere,
3459 1839 3569 1911 igni
3587 1839 3747 1903 divino,

2176 1945 2291 1999 quo
2341 1928 2537 1983 omnia
2582 1927 2991 1984 concalescunt
3032 1945 3044 1983 :
3095 1928 3340 1984 lucerna
3385 1927 3637 2000 corporis,
3676 1926 3748 1981 soli

2168 2016 2411 2088 justitia:
2448 2033 2460 2071 :
2494 2021 2664 2082 testa,
2697 2016 2877 2088 figulo
2912 2035 2923 2072 :
2958 2017 3178 2084 anima,
3213 2018 3329 2073 Deo
3366 2034 3377 2073 :
3411 2018 3556 2072 unde
3583 2016 3748 2071 mirans

2174 2105 2280 2160 Job
2327 2104 2609 2177 loquitur,
2642 2122 2821 2177 quare
2868 2122 3048 2161 ausus
3092 2106 3291 2176 fuerit,
3330 2110 3391 2160 ut
3437 2121 3559 2161 eum
3604 2122 3630 2160 a
3669 2120 3746 2175 quo

2175 2195 2258 2249 illi
2290 2199 2380 2250 est
2410 2211 2559 2261 esse,
2592 2195 2797 2250 docere
2836 2194 3103 2250 voluerit.

2251 2306 2278 2333 ‹‹
2313 2284 2454 2339 Ecce
2501 2284 2766 2356 gigantes
2805 2288 3049 2355 gemunt
3078 2284 3191 2340 sub
3223 2283 3412 2356 aquis,
3442 2287 3495 2339 et
3521 2283 3606 2354 qui
3631 2281 3746 2337 habio

2179 2376 2308 2427 tant
2335 2390 2468 2427 cum
2501 2373 2604 2427 eis.
2639 2395 2667 2421 »
2698 2372 2973 2445 Gigantes
3009 2378 3207 2428 autem
3240 2373 3488 2445 appellat
3516 2372 3747 2442 Scriptura

2180 2459 2377 2515 divina
2418 2460 2685 2516 homines
2729 2462 3034 2532 superbos,
3066 2461 3316 2517 rebelles
3346 2466 3402 2517 et
3430 2464 3747 2516 contumaces.

2178 2548 2455 2604 Diabolus
2490 2566 2745 2620 quoque,
2778 2554 2835 2605 et
2862 2550 2974 2615 sui,
3009 2555 3247 2621 propter
3276 2552 3591 2623 superbiam
3618 2553 3749 2602 trans-

2177 2636 2295 2691 lato
2344 2637 2600 2708 nomine,
2634 2639 2900 2710 gigantes
2953 2644 3390 2710 nuncupantur.
3426 2639 3571 2703 Quod
3607 2640 3749 2691 autem

2177 2724 2279 2789 ait,
2312 2724 2423 2778 sub
2456 2724 2622 2795 aquis
2652 2725 2918 2796 gigantes
2949 2742 3207 2797 gemere,
3240 2726 3321 2783 ita
3352 2728 3532 2798 inquit
3558 2724 3680 2780 velut
3716 2719 3748 2775 si

2177 2811 2438 2878 dixisset,
2472 2812 2583 2867 sub
2636 2818 2808 2883 terra,
2842 2814 2899 2868 id
2948 2819 3055 2880 est,
3100 2814 3158 2871 in
3213 2815 3569 2871 inferioribus
3614 2817 3749 2874 terra,

2178 2900 2276 2955 ubi
2325 2900 2496 2956 inferi
2547 2917 2675 2956 esse
2726 2902 3131 2975 perhibentur,
3180 2905 3337 2961 unde
3385 2908 3440 2960 et
3483 2902 3582 2975 ipsi
3623 2897 3745 2955 inferi

2178 2988 2463 3045 nominati
2515 2995 2672 3045 sunt.
2704 2994 2882 3062 Aqua
2937 2992 3093 3047 enim
3145 2995 3276 3063 ejus
3325 2998 3534 3049 naturas
3560 2990 3748 3053 sunt,ut

2179 3079 2305 3134 sine
2335 3084 2489 3134 terra
2520 3095 2649 3134 esse
2677 3096 2791 3135 non
2823 3081 3070 3152 possint.
3106 3082 3252 3138 Ecce
3282 3083 3535 3155 gigantes
3567 3078 3747 3151 gemunt

499 3170 833 3239 «Nunquid
880 3171 1188 3239 justificari
1242 3151 1432 3243 potest
1474 3173 1648 3230 homo
1692 3178 2065 3248 comparatus
2100 3151 2143 3218 α
2181 3168 2290 3223 sub
2339 3168 2529 3238 aquis.
2564 3168 2671 3232 Qui
2717 3151 2973 3240 gemitus
3027 3170 3235 3242 utique
3287 3151 3372 3226 ἆθ-
3408 3169 3683 3233 doloribus,
3714 3165 3749 3215 et

425 3257 561 3325 Deo,
595 3262 697 3314 aut
737 3276 1013 3331 apparere
1061 3261 1321 3317 mundus
1372 3266 1547 3318 natus
1594 3264 1665 3319 de
1716 3264 2009 3321 muliere?
2040 3287 2068 3315 ››

427 3348 805 3403 Manifestum
854 3355 961 3417 est,
995 3350 1149 3420 quod
1197 3349 1392 3420 inopia
1422 3352 1833 3421 respondendi,
1867 3354 2068 3409 eadem

428 3454 556 3506 quas
586 3436 872 3503 dixerant,
907 3437 1267 3508 frequentius
1298 3442 1581 3509 repetant.

500 3546 528 3572 ‹‹
563 3525 702 3577 Ecce
731 3524 872 3579 luna
911 3524 1087 3580 etiam
1132 3542 1246 3581 non
1295 3526 1581 3598 splendet,
1615 3532 1669 3583 et
1717 3529 1898 3584 stellae
1954 3548 2067 3587 non

430 3615 572 3667 sunt
626 3613 857 3666 mundae
913 3613 970 3666 in
1031 3620 1345 3684 conspectu
1406 3617 1552 3685 ejus.
1586 3639 1614 3666 υ
1671 3618 1791 3672 Sub
1837 3620 2071 3677 nomine

430 3699 605 3765 lunae,
630 3699 749 3754 sive
771 3699 1093 3772 stellarum,
1115 3704 1351 3775 angelos
1372 3708 1428 3759 et
1448 3721 1733 3776 supernas
1756 3712 2069 3778 potestates

429 3787 747 3859 intelligere
770 3805 1107 3860 possumus,
1128 3792 1228 3861 qui
1253 3794 1322 3847 ad
1348 3794 1838 3864 comparationem
1862 3797 2069 3853 divinae

428 3877 782 3945 reverentiae,
814 3878 1104 3933 immundi
1155 3885 1211 3935 et
1256 3882 1506 3935 tenebrae
1552 3890 1798 3951 possunt
1840 3885 2067 3943 videri:

429 3985 500 4025 ex
549 3984 615 4023 eo
667 3968 887 4039 utique,
922 3968 1198 4036 quoniam
1246 3974 1458 4024 natura
1498 3972 1741 4026 conditas
1773 3979 2069 4041 creaturae,

424 4056 563 4111 licet
611 4072 726 4112 non
771 4061 1028 4127 peccent,
1062 4073 1303 4128 capaces
1335 4062 1532 4113 tamen
1567 4060 1785 4129 peccati
1816 4068 1974 4131 sunt,
2010 4067 2073 4119 ut

425 4146 700 4217 apparuit
746 4147 805 4200 in
855 4145 986 4200 aliis
1025 4146 1250 4217 angelis
1283 4147 1547 4217 ejusdem
1578 4152 1796 4205 naturae
1828 4166 2070 4221 peccan-

426 4233 603 4289 tibus.
637 4234 748 4289 Sed
794 4240 929 4304 post
974 4250 1073 4290 eos
1125 4234 1355 4290 nullum
1405 4235 1747 4309 angelorum
1778 4256 2069 4311 peccasse,

425 4322 783 4377 credendum
808 4326 914 4393 est,
934 4323 1072 4394 quia
1093 4340 1265 4380 omne
1290 4324 1535 4380 liberum
1560 4342 1735 4382 suum
1758 4328 2069 4385 arbitrium

423 4409 486 4465 in
519 4409 703 4465 solius
734 4410 834 4465 Dei
866 4411 1189 4468 claritatem
1220 4418 1517 4470 verterunt
1548 4432 1562 4471 :
1614 4417 1815 4488 sicque
1858 4418 2070 4474 immo-

2178 3255 2450 3328 squalore
2478 3262 2740 3312 tartareae
2772 3257 3152 3314 habitationis
3185 3260 3270 3316 eis
3302 3259 3670 3323 nascebantur.

2250 3367 2278 3394 «
2312 3345 2516 3400 Nudus
2564 3350 2655 3400 est
2698 3344 2963 3401 infernus
3009 3362 3208 3402 coram
3241 3347 3362 3415 illo,
3392 3353 3445 3403 et
3472 3344 3665 3401 nullum
3688 3344 3745 3394 est

2178 3433 2605 3504 operimentum
2638 3433 2970 3506 perditioni.
3006 3456 3035 3483 »
3094 3437 3212 3493 Hoc
3252 3436 3411 3507 dicit,
3441 3434 3579 3506 quod
3605 3431 3743 3486 scien-

2179 3523 2321 3577 tiam
2353 3518 2455 3577 Dei
2487 3522 2632 3577 nihil
2665 3522 2841 3578 latere
2872 3523 3079 3595 possit.
3113 3525 3185 3581 Et
3218 3526 3370 3597 quod
3418 3522 3652 3596 perditio,
3677 3516 3744 3587 qui

2178 3610 2447 3666 diabolus
2497 3612 2665 3667 nobis
2707 3628 2821 3667 non
2854 3613 3107 3669 absurde
3137 3617 3409 3685 sentitur,
3440 3629 3497 3669 se
3523 3626 3619 3667 non
3644 3620 3743 3679 pra-

2178 3699 2366 3755 valeat
2394 3699 2465 3754 ab
2499 3700 2923 3772 omnipotentia
2953 3702 3081 3773 ejus
3128 3702 3494 3759 abscondere.

2252 3812 2279 3837 ‹‹
2311 3788 2415 3851 Qui
2449 3789 2707 3845 extendit
2735 3788 3085 3860 Aquilonem
3133 3807 3315 3864 super
3341 3804 3587 3853 vacuum,
3610 3788 3654 3841 et
3675 3797 3744 3851 ap-

2180 3878 2380 3949 pendit
2403 3881 2617 3932 terram
2651 3894 2829 3949 super
2858 3877 3133 3934 nihilum.
3167 3901 3195 3929 »
3237 3884 3354 3935 Hoc
3378 3879 3456 3935 sic
3486 3873 3742 3943 intelligen-

2180 3967 2321 4021 dum
2370 3970 2458 4023 est
2489 3984 2502 4021 :
2553 3966 2673 4021 sive
2712 3966 2868 4038 quod
2900 3971 3055 4023 terra
3083 3984 3153 4023 ex
3182 3968 3363 4025 nihilo
3397 3970 3533 4023 iacta
3558 3965 3635 4031 sit,
3661 3958 3743 4014 sive

2179 4054 2326 4110 nihil
2377 4056 2529 4111 infra
2566 4059 2783 4111 terram
2816 4057 2912 4126 sit,
2947 4073 3061 4127 quo
3090 4062 3250 4114 terra
3280 4058 3623 4121 sustineatur,
3648 4060 3741 4103 cum

2181 4143 2309 4213 ipsa
2341 4144 2612 4199 universa
2633 4144 2942 4212 sustineat,
2967 4150 3026 4200 et
3044 4144 3173 4217 ipsa
3194 4141 3658 4202 innumerabiliter
3672 4132 3740 4190 Dei

2178 4234 2389 4287 virtute
2437 4232 2703 4302 libretur,
2737 4234 2876 4305 quia
2919 4233 2978 4289 in
3018 4234 3146 4305 ipso
3177 4242 3316 4292 sunt
3346 4234 3604 4295 universa,
3629 4220 3739 4282 etab

2179 4320 2277 4376 illo
2327 4321 2525 4377 omnia
2571 4323 2964 4378 continentur.
3012 4327 3090 4379 De
3136 4340 3253 4395 quo
3300 4320 3586 4396 Apostolus
3624 4310 3737 4369 dicit.

2179 4411 2411 4465 Portans
2456 4412 2642 4466 omnia
2689 4413 2912 4468 virtutis
2958 4428 3073 4469 suae
3117 4415 3280 4470 verbo
3329 4412 3492 4483 (Hebr.
3531 4408 3566 4474 l,
3589 4405 3651 4473 3).
3692 4397 3738 4451 Ei

423 4497 575 4555 biles
630 4498 765 4553 facti
814 4505 953 4554 sunt
1006 4500 1383 4572 persistentes
1438 4503 1496 4558 in
1545 4484 1804 4573 verita—te,
1846 4505 1906 4561 in
1955 4523 2073 4578 qua
2101 4520 2148 4585 Ι)
2180 4500 2319 4570 quia
2367 4498 2683 4572 aliquando
2715 4500 2775 4555 in
2808 4501 3127 4573 Scripturis
3175 4520 3275 4573 per
3320 4484 3736 4585 ῦςυπειωᾼίιυίίο

425 4587 740 4660 praedictus
790 4588 1035 4660 angelus
1075 4606 1208 4646 cum
1240 4590 1364 4647 suis
1394 4597 1550 4647 stare
1582 4593 1788 4649 noluit.
1820 4595 2069 4650 Proinde

423 4677 768 4750 angelorum
798 4678 1068 4734 voluntas
1120 4696 1221 4751 per
1259 4696 1517 4736 amorem
1548 4681 1650 4736 Dei
1681 4683 1833 4739 facta
1863 4688 1952 4739 est
1983 4684 2070 4738 in-

427 4766 844 4835 convertibilis,
879 4783 1004 4838 quae
1027 4767 1085 4822 in
1117 4767 1233 4823 Deo
1255 4772 1343 4823 est
1361 4785 1465 4839 per
1490 4773 1778 4826 naturam.
1811 4772 1946 4828 Ideo
1986 4770 2073 4827 illi

421 4854 530 4910 soli
579 4856 917 4929 incorrupto
964 4856 1171 4925 honor,
1204 4861 1258 4912 et
1307 4856 1512 4930 gloria.
1545 4857 1741 4913 Potest
1781 4863 1841 4914 et
1877 4859 1948 4915 de
1977 4859 2070 4917 his

420 4942 723 5000 elementis
773 4946 983 5014 dicere,
1036 4947 1190 5017 quod
1238 4946 1367 5003 ideo
1416 4946 1725 5002 immunda
1775 4948 2065 5019 dicantur,

419 5031 559 5101 quia
609 5050 724 5088 non
778 5051 1008 5107 semper
1058 5035 1312 5105 luceant,
1345 5035 1432 5091 vel
1477 5038 1632 5107 quod
1672 5053 1917 5109 corpora
1945 5041 2069 5093 tan-

410 5122 543 5175 tum
595 5120 950 5192 illuminent,
1000 5128 1057 5179 et
1105 5142 1219 5180 non
1268 5130 1515 5194 mentes,
1561 5125 1714 5182 sicut
1757 5127 1931 5195 Deus,
1965 5127 2067 5199 qui

415 5213 735 5282 utrumque
765 5213 952 5267 facere
987 5215 1313 5270 consuevit.

495 5319 521 5351 α
550 5298 773 5362 Quanto
805 5301 993 5373 magis
1025 5302 1198 5359 homo
1228 5305 1497 5375 putredo,
1530 5310 1587 5361 et
1616 5304 1775 5362 ﬁlius
1807 5306 2064 5363 hominis

413 5387 629 5445 vermis
659 5410 685 5438 »
708 5390 735 5444 ?
764 5389 822 5446 Si
845 5390 1000 5445 enim
1029 5390 1239 5463 angeli,
1265 5392 1474 5464 inquit,
1504 5399 1562 5450 et
1583 5395 1861 5451 ccelorum
1885 5397 2061 5452 etiam

415 5494 657 5551 corpora
713 5479 785 5535 ad
844 5481 1342 5553 comparationem
1399 5482 1520 5551 Dei,
1569 5484 1879 5540 immunda
1933 5500 2062 5541 esse

410 5568 710 5651 dicuntur,
769 5571 908 5651 quid
966 5577 1158 5649 putas,
1227 5570 1403 5642 homo
1461 5572 1889 5634 existimandus
1947 5577 2057 5653 est,

2179 4593 2407 4657 ventus,
2467 4588 2736 4646 diabolus
2792 4605 2921 4645 esse
2978 4591 3381 4663 significatur:
3430 4583 3671 4658 siquidem
3714 4588 3736 4626 α

2178 4677 2489 4735 Salomone
2543 4679 2756 4750 Aquilo
2814 4680 3000 4735 durus
3057 4685 3264 4737 ventus
3318 4679 3558 4735 dicitur:
3600 4670 3732 4759 (Proin

2179 4784 2308 4833 XXV.
2347 4768 2459 4839 23),
2511 4767 2748 4824 nomine
2799 4772 2996 4824 autem
3045 4769 3244 4826 dexter
3298 4771 3529 4825 vocatur.
3573 4761 3606 4814 A
3644 4764 3731 4844 suis

2179 4855 2397 4928 quippe
2446 4856 2646 4913 dexter
2696 4857 2934 4928 quidem
2990 4858 3225 4928 dicitur,
3257 4858 3353 4916 sed
3399 4858 3539 4911 totus
3564 4843 3731 4939 sinistri

2178 4926 2369 5015 operis
2418 4950 2621 5001 auctor
2669 4926 2777 5001 est.
2810 4946 2915 5001 Hic
2964 4946 3146 5019 igitur
3183 4963 3353 5021 super
3376 4953 3593 5000 vacuum
3619 4926 3730 5021 ἅμα·

2175 5035 2352 5099 tatur,
2388 5033 2445 5087 id
2494 5038 2582 5089 est
2627 5051 2804 5106 super
2839 5016 3081 5108 frigidos
3110 5036 3225 5093 ﬁde
3254 5016 3417 5106 atque
3447 5016 3726 5085 incredulos,

2177 5122 2333 5193 quod
2373 5126 2462 5178 est
2491 5139 2666 5195 super
2694 5123 2899 5180 inanes
2947 5141 3079 5181 vera
3131 5125 3414 5198 religione,
3443 5122 3493 5174 et
3535 5118 3725 5206 V399“;

2174 5216 2348 5282 atque
2380 5217 2443 5267 ut
2473 5211 2556 5267 eis
2586 5212 2743 5268 velut
2772 5230 2871 5269 rex
2900 5197 3258 5281 dominetur,
3280 5197 3722 5283 superextenditur.

2174 5298 2428 5355 Rursum
2462 5301 2546 5356 illi
2582 5302 2692 5374 ipsi
2724 5302 3032 5372 increduli,
3064 5321 3211 5376 quos
3238 5306 3457 5359 sanctus
3481 5291 3575 5348 Job
3601 5291 3721 5379 ωςΐξξ

2173 5389 2407 5445 nomine
2437 5361 2766 5463 appellavit,
2792 5409 2967 5465 super
2997 5361 3312 5459 diabolum,
3342 5386 3467 5461 quia
3492 5382 3589 5438 Deo
3613 5361 3719 5468 nihil

2172 5480 2361 5535 factus
2411 5459 2988 5555 est—appendun-tur,
3021 5487 3088 5541 ut
3131 5479 3330 5540 incerti
3357 5459 3577 5545 semper
3616 5459 3717 5517 sint,

2169 5576 2226 5630 et
2275 5570 2580 5630 imitentur
2627 5576 2802 5653 caput
2852 5589 3028 5634 suum
3082 5572 3359 5646 membra,
3389 5568 3446 5626 ut
3481 5557 3717 5633 tamquam
