3980 6184
293 318 414 380 729

1348 313 1869 378 COMMENTAR.
1913 313 1994 374 IN
2038 273 2392 376 JOB'CAP.
2441 313 2660 378 XXVI.

3579 313 3698 376 730

295 453 475 523 caput
503 449 660 522 quod
690 449 838 506 nihil
866 449 1087 506 dictum
1118 451 1224 518 est,
1259 463 1407 521 esse,
1470 463 1647 522 super
1691 463 1940 504 vacuum
1971 449 2027 515 Α
2053 449 2258 514 faciam
2283 448 2443 504 illum
2471 449 2782 504 columnam
2807 448 2866 502 in
2894 447 3094 517 templo
3149 447 3245 503 Dei
3275 448 3388 504 mei
3415 447 3596 520 (Apoc.
3635 463 3699 501 ιιι

296 545 353 597 et
379 539 634 596 nihilum
664 539 1090 614 appendantur.

372 670 400 698 »
431 647 540 713 Qui
572 646 718 718 ligat
745 662 931 717 aquas
962 645 1021 700 in
1052 645 1310 701 nubibus
1342 645 1488 711 suis,
1522 649 1585 700 ut
1612 663 1728 702 non
1752 663 1942 701 erum-

300 742 440 809 pant
470 736 690 810 pariter
719 735 994 791 deorsum
1029 756 1077 788 ».
1098 738 1206 790 Per
1222 734 1328 790 has
1348 735 1533 790 nubes
1555 735 1614 789 in
1633 734 1946 791 altitudine

298 829 429 899 ipsa
458 825 700 899 spatiosi
729 825 880 880 aeris
912 823 1266 896 colligantur
1296 841 1480 895 aqua,
1541 824 1695 880 sicut
1747 829 1802 880 et
1833 824 1946 879 alio

300 916 426 972 loco
447 916 517 971 de
537 915 656 970 Deo
687 914 768 969 ita
820 912 1072 985 legimus
1097 930 1110 968 :
1174 914 1431 969 Cribrant
1487 930 1658 986 aquas
1687 914 1753 969 de
1778 913 1947 969 nubi-

301 1005 399 1061 bus
425 1007 542 1061 suis
571 1004 644 1076 (Il
671 1005 796 1075 Reg.
830 1019 970 1072 χχιι,
1033 1003 1120 1074 12)
1179 1003 1296 1058 Hoc
1352 1003 1536 1076 igitur
1586 1005 1756 1059 modo
1795 1003 1946 1076 liga-

300 1101 372 1150 ta
403 1095 700 1164 dicuntur,
735 1093 1015 1164 quoniam
1048 1109 1164 1148 non
1219 1092 1399 1148 simul
1458 1093 1841 1148 effunduntur
1887 1092 1946 1148 in

300 1190 538 1251 terram,
571 1182 724 1240 sicut
753 1181 813 1238 in
845 1181 1064 1237 diluvio
1096 1182 1315 1238 factum
1355 1181 1607 1253 legimus
1637 1182 1788 1254 (Gen.
1823 1199 1944 1252 vni,

299 1275 356 1345 2)
386 1272 720 1346 Spiritualis
751 1274 945 1327 autem
978 1271 1089 1326 iste
1119 1275 1207 1326 est
1236 1270 1596 1340 intellectus,
1655 1276 1721 1326 ut
1762 1271 1948 1327 nubes

287 1367 538 1419 sanctos
560 1362 828 1417 doctores
851 1360 1306 1432 interpretemur
1329 1359 1612 1429 Ecclesia,
1637 1359 1734 1433 qui
1765 1377 1948 1432 aquas

301 1450 599 1525 Evangelii
623 1449 1105 1523 portantpopulis
1131 1449 1599 1518 eﬂ'undendas,et
1615 1449 1948 1522 gubernan-

302 1543 412 1598 das
443 1558 476 1595 a
503 1540 720 1613 Spiritu
753 1542 955 1596 sancto
1009 1538 1316 1596 deferunt:
1369 1543 1435 1594 ut
1490 1538 1809 1612 irrigentur
1838 1543 1952 1594 ter-

304 1642 382 1686 ra
430 1630 799 1703 populorum,
854 1633 911 1684 et
963 1628 1072 1683 hac
1123 1627 1340 1684 caelesti
1388 1628 1607 1701 pluvia,
1664 1629 1948 1684 virtutum

307 1720 502 1792 fruges
532 1717 825 1792 spirituali
879 1718 1215 1789 operatione
1263 1716 1746 1789 multiplicentur.
1793 1718 1949 1782 Quas

302 1825 490 1880 aquas
521 1809 593 1864 de
615 1825 878 1880 superna
906 1807 1270 1862 abundantia
1289 1807 1954 1880 deﬂuentes,ligatDeus
1982 1821 2030 1888 B

299 1899 363 1952 in
398 1897 658 1952 nubibus
680 1898 827 1964 suis,
862 1900 926 1951 ut
955 1895 1271 1967 unicuique
1310 1897 1636 1952 secundum
1663 1898 1950 1969 capacita-

296 1992 416 2041 tem
440 1986 635 2042 cordis
657 1986 768 2053 sui,
802 1989 1034 2040 tantum
1068 1984 1366 2050 doctrina,
1405 1990 1686 2056 tanquam
1738 2003 1952 2058 aquam

297 2075 583 2145 effundat,
610 2078 894 2145 quantum
909 2072 1284 2145 suscipientis
1305 2073 1666 2145 possibilitas
1690 2074 1912 2147 patitur
1936 2093 1948 2132 :

299 2179 373 2218 ne
405 2162 583 2218 simul
617 2161 883 2218 fortassis
915 2161 1132 2231 effusa,
1184 2161 1379 2217 obsint
1425 2162 1719 2232 cordibus,
1753 2163 1950 2219 minus

299 2251 634 2308 valentibus
662 2250 1151 2307 abundantiorem
1187 2251 1484 2322 suscipere
1515 2252 1862 2308 doctrinam.

380 2381 407 2408 «
440 2358 547 2422 Qui
572 2361 730 2413 tenet
757 2357 986 2412 vultum
1025 2357 1155 2413 solii
1189 2357 1300 2413 sui.
1333 2378 1358 2406 »
1405 2359 1763 2414 Sententiam
1791 2360 1952 2430 judi-

306 2447 379 2502 cii
412 2447 501 2503 sui
533 2451 786 2503 reservat
819 2446 879 2502 in
910 2450 1231 2518 posterum.
1271 2447 1521 2502 Justitia
1572 2465 1709 2519 sua,
1744 2453 1800 2504 et
1831 2450 1949 2521 pie-

305 2536 446 2592 tatis
477 2537 673 2591 sedem
706 2535 765 2590 in
797 2536 956 2591 omni
989 2540 1257 2591 creatura
1302 2553 1430 2605 sua,
1481 2536 1742 2594 veritatis
1769 2538 1955 2610 gloria

305 2625 774 2697 resplendentem
807 2624 961 2680 Deus
992 2629 1190 2680 tenere
1220 2624 1450 2696 dicitur,
1480 2627 1636 2698 quod
1661 2631 1749 2682 est
1771 2628 1954 2682 mani-

303 2714 673 2770 festationem
705 2718 1062 2770 secretorum
1089 2713 1451 2784 judiciorum
1487 2732 1729 2770 suorum
1763 2717 1954 2772 obval-

298 2803 426 2859 lare
456 2807 630 2874 atque
673 2803 1052 2873 abscondere,
1115 2806 1180 2858 ut
1213 2803 1593 2876 Evangelium
1655 2804 1869 2861 Christi
1892 2805 1951 2861 in

297 2891 399 2948 his
429 2891 528 2962 qui
564 2896 809 2963 pereunt
840 2893 913 2963 (II
943 2891 1062 2946 Cor.
1098 2892 1166 2958 II,
1202 2892 1309 2963 15).

375 3022 405 3048 ‹‹
441 2998 508 3053 Et
538 2997 815 3070 expandit
847 3015 1022 3069 super
1052 2997 1197 3054 illud
1224 2998 1502 3054 nebulam
1554 3016 1744 3056 suam.
1781 3023 1810 3050 »
1851 3001 1950 3057 Se-

293 3088 563 3144 cundum
587 3087 730 3143 illud
755 3088 911 3160 quod
935 3087 1220 3143 Dominus
1245 3087 1325 3142 ait
1345 3087 1654 3160 discipulis
1677 3089 1734 3144 in
1766 3090 1950 3146 Evan-

295 3177 454 3252 gelio
479 3193 490 3232 :
529 3178 681 3232 Vobis
695 3177 883 3232 datum
895 3181 973 3232 est
995 3179 1486 3248 nossemysterium
1506 3179 1662 3249 regni
1686 3180 1948 3236 caelorum
1980 3187 2023 3255 α

295 3267 514 3338 (Matth.
573 3283 695 3338 xm,
754 3268 814 3321 11
877 3267 937 3321 In
999 3266 1390 3322 obtectionem
1450 3283 1686 3338 quoque
1741 3269 1949 3324 divina

299 3355 582 3410 custodia
613 3373 753 3422 sua,
785 3355 1061 3426 expandit
1092 3372 1268 3427 super
1295 3355 1491 3427 ipsum
1540 3356 1760 3412 bonum
1801 3374 1951 3413 nun-

297 3444 455 3498 tium
487 3443 805 3517 Evangelii,
838 3446 896 3498 in
929 3445 1145 3499 nubem
1178 3444 1535 3500 defensionis
1568 3463 1706 3514 sua,
1731 3450 1796 3501 ut
1829 3446 1954 3502 nul-

296 3532 401 3589 lus
432 3537 629 3606 posset
657 3534 706 3589 ei
739 3534 1007 3606 quamvis
1037 3533 1390 3590 accerrimus
1418 3535 1786 3591 adversarius
1817 3553 1955 3608 pra-

294 3621 496 3678 valere
525 3639 538 3678 :
573 3623 642 3678 de
671 3639 789 3694 qua
821 3621 1133 3694 Apostolus
1163 3623 1280 3677 ait:
1313 3624 1505 3678 Patres
1551 3626 1736 3680 nostri
1762 3641 1954 3681 omnes

294 3712 405 3768 sub
430 3712 573 3767 nube
599 3715 832 3782 fuerunt
865 3712 911 3783 (Ι
942 3711 1068 3767 Cor.
1100 3729 1156 3782 x,
1190 3712 1264 3784 1).

381 3841 409 3867 ‹‹
465 3817 806 3874 Terminum
867 3817 1254 3874 circumdedit
1313 3818 1506 3890 aquis,
1565 3836 1752 3892 usque
1812 3820 1953 3876 dum

298 3907 590 3964 ﬁniantur
620 3907 718 3963 lux
747 3911 804 3963 et
831 3909 1101 3964 tenebra.
1139 3929 1167 3956 »
1199 3907 1319 3962 Sub
1382 3907 1617 3963 nomine
1665 3925 1954 3982 aquarum

297 3996 443 4050 κχτᾶ
509 3994 865 4071 συνεκδοχήν,
926 3997 1083 4069 quod
1153 4000 1242 4052 est
1305 4013 1340 4052 a
1394 4001 1557 4068 parte
1624 3998 1696 4054 ad
1743 4002 1954 4068 totum,

300 4085 514 4140 mundi
546 4087 722 4142 finem
756 4085 899 4140 mihi
930 4085 1159 4140 videtur
1189 4084 1427 4151 dixisse,
1477 4084 1617 4156 quia
1668 4085 1856 4141 noctis
1891 4103 1957 4142 ac

306 4173 432 4230 diei
478 4173 822 4230 vicissitudo
871 4174 1234 4246 prateritura
1263 4173 1357 4229 sit.
1381 4173 1508 4229 Sive
1537 4173 1609 4229 de
1639 4173 1956 4246 impiorum

303 4262 569 4336 populis,
610 4263 699 4332 vel
766 4263 838 4319 de
895 4266 1232 4318 sanctorum
1282 4262 1787 4332 tribulationibus,
1829 4281 1956 4336 qua

303 4369 602 4424 aquarum
635 4352 872 4408 nomine
902 4352 961 4406 in
993 4351 1310 4424 Scripturis
1343 4367 1493 4424 sape
1525 4352 1818 4409 dicuntur.
1860 4353 1957 4410 Ha

300 4443 495 4514 igitur
523 4458 686 4513 aqua
716 4458 750 4497 a
779 4441 896 4496 Deo
954 4441 1273 4495 terminum
1332 4445 1700 4513 acceperunt,
1741 4442 1862 4498 sive
1893 4445 1959 4498 ut

302 4547 544 4604 semper
569 4530 759 4603 iniqui
790 4534 850 4587 et
894 4532 1226 4602 peccatores
1273 4529 1410 4593 sint,
1454 4529 1575 4585 sive
1615 4534 1682 4585 ut
1728 4548 1844 4586 non
1875 4531 1959 4587 si-

303 4626 412 4676 nat
441 4619 633 4676 ﬁdelis
693 4621 843 4675 Deus
901 4616 1312 4674 tribulationes
1365 4619 1489 4690 pati
1544 4624 1777 4676 sanctos
1823 4637 1961 4676 suos

303 4727 492 4781 supra
521 4725 699 4775 quam
757 4708 1050 4766 sustinere
1106 4710 1376 4780 possunt.
1440 4708 1568 4764 Hac
1628 4725 1763 4780 ergo
1821 4710 1962 4766 ﬁent

302 4799 493 4854 donec
515 4798 894 4871 prosperitas,
918 4802 975 4854 et
1003 4796 1287 4868 iniquitas
1317 4800 1578 4852 transeat
1618 4797 1958 4868 impiorum,

302 4904 438 4960 qua
458 4887 565 4944 hoc
584 4888 712 4944 loco
733 4887 884 4946 lucis
905 4885 1348 4944 ettenebrarum
1372 4885 1607 4942 nomine
1630 4887 1962 4960 significata

302 4981 468 5034 sunL

380 5109 409 5135 κ
465 5084 760 5142 Columna
817 5085 946 5141 cali
998 5083 1479 5154 contremiscunt,
1524 5088 1582 5140 et
1627 5087 1838 5157 pavent
1888 5085 1961 5140 ad

302 5179 526 5232 nutum
584 5176 732 5246 ejus.
768 5197 796 5224 »
827 5173 1216 5231 Stabilitatem
1248 5189 1384 5246 ergo
1415 5171 1786 5230 solummodo
1828 5191 1962 5246 per-

304 5269 650 5321 manentem
722 5264 780 5318 in
849 5268 1060 5320 natura
1121 5262 1483 5336 angelorum,
1551 5262 1962 5319 columnarum

306 5353 551 5411 nomine
579 5353 928 5423 sentiamus,
953 5353 1090 5425 quia
1119 5369 1235 5409 non
1266 5351 1458 5408 solum
1491 5351 1874 5410 immobilitcr
1902 5352 1963 5407 in

306 5445 624 5500 sanctitate
679 5447 1119 5516 perseverantes
1169 5447 1326 5512 sunt,
1380 5441 1482 5497 sed
1513 5439 1692 5496 etiam
1737 5445 1964 5497 aterna

306 5533 699 5592 beatitudinis
731 5534 919 5609 gloria
949 5532 1219 5607 speciosi.
1251 5533 1399 5589 Nam
1430 5531 1502 5588 de
1532 5529 1732 5587 futura
1761 5530 1966 5586 immo-

307 5623 546 5689 bilitate
574 5625 906 5696 hominum,
939 5623 1022 5684 ita
1050 5622 1130 5685 ait
1189 5621 1370 5684 Filius
1398 5619 1538 5686 Dei:
1601 5621 1717 5696 Qui
1755 5621 1962 5695 vicerit,

2057 537 2164 608 12).
2198 538 2306 593 Sed
2339 541 2397 592 et
2425 537 2555 609 ipsa
2585 535 2861 603 Ecclesia,
2907 551 3034 607 qua
3073 540 3162 592 est
3207 540 3544 593 sanctorum
3575 553 3700 592 om-

2053 626 2218 682 nium
2249 625 2641 700 congregatio,
2673 641 2776 698 pro
2805 629 3019 681 aeterna
3042 623 3153 678 sibi
3195 623 3254 679 in
3297 625 3542 682 Domino
3583 629 3702 680 sta-

2053 714 2296 784 bilitate,
2332 715 2605 771 columna
2635 720 2692 771 et
2713 715 3162 770 fundamentum
3190 712 3697 769 diciturveritatis.

2053 807 2251 860 Potest
2281 809 2337 858 et
2365 805 2436 859 de
2466 803 2686 859 sanctis
2735 802 2958 874 angelis
3023 802 3106 858 ita
3165 800 3446 874 intelligi:
3505 806 3572 857 ut
3599 819 3701 873 pro

2055 891 2360 948 charitatis
2391 909 2508 948 sua
2541 908 2608 948 ac
2639 891 2968 948 dilectionis
3019 891 3257 962 intuitu,
3300 888 3585 946 columna
3615 889 3702 944 di-

2056 986 2282 1052 cantur,
2317 998 2383 1038 eo
2408 982 2563 1054 quod
2588 998 2691 1054 pro
2713 981 2901 1038 salute
2920 981 3230 1036 hominum
3254 996 3456 1036 curam
3476 981 3701 1052 gerant.

2055 1087 2160 1142 pro
2191 1071 2410 1142 quibus
2440 1075 2579 1127 sunt
2608 1071 2704 1142 pio
2735 1071 2944 1126 affectu
2965 1069 3221 1143 solliciti,
3243 1069 3398 1142 quod
3421 1069 3506 1125 eis
3533 1067 3704 1140 quasi

2057 1159 2128 1215 ad
2160 1160 2390 1232 pondus
2420 1160 2840 1232 cogitationum
2893 1161 3166 1217 accedere
3221 1159 3466 1215 videtur.
3514 1158 3584 1215 Et
3619 1173 3708 1213 se-

2057 1249 2317 1304 cundum
2348 1249 2607 1321 tropicos
2659 1247 3012 1321 intellectus,
3064 1249 3191 1305 coeli
3243 1248 3480 1305 nomine
3525 1246 3707 1320 signi-

2060 1338 2217 1394 ficari
2284 1337 2604 1394 Ecclesiam
2672 1339 3028 1410 noverimus,
3111 1339 3172 1394 in
3239 1355 3357 1412 qua
3421 1336 3702 1394 calorum

2060 1427 2339 1499 mysteria
2367 1425 2756 1486 celebrantur.
2789 1429 2980 1500 Hujus
3038 1427 3236 1498 itaque
3294 1425 3445 1498 cali,
3504 1426 3563 1482 id
3613 1429 3705 1482 est

2061 1515 2346 1583 Ecclesia,
2397 1516 2702 1572 columma
2748 1521 2888 1573 sunt
2943 1515 3214 1588 apostoli,
3274 1523 3332 1573 et
3379 1514 3568 1572 caeteri
3600 1513 3702 1586 qui

2059 1605 2247 1678 gratia
2277 1605 2456 1661 simili
2489 1610 2648 1674 sunt,
2683 1605 2784 1679 qui
2815 1609 3050 1678 portant
3081 1623 3146 1662 ac
3192 1605 3486 1662 sustinent
3517 1604 3704 1660 diver-

2060 1712 2261 1752 sarum
2292 1696 2766 1768 persecutionum
2800 1694 3133 1768 ingruentia
3162 1695 3274 1750 sibi
3304 1692 3582 1767 pericula.
3637 1693 3706 1749 Et

2059 1785 2269 1840 anima
2327 1783 2636 1840 hominum
2694 1783 3010 1856 aliquando
3095 1782 3222 1839 cceli
3274 1781 3704 1856 intelliguntur.

2061 1873 2280 1930 Harum
2311 1872 2644 1929 animarum
2703 1889 2849 1945 quas
2906 1890 3009 1945 per
3066 1871 3472 1945 metaphoram
3530 1871 3706 1928 cales

2061 1963 2318 2018 diximus
2354 1980 2366 2020 :
2397 1961 2680 2018 columna
2735 1966 2875 2017 sunt
2931 1961 3315 2033 cogitationes
3370 1977 3527 2017 sua:
3559 1961 3706 2033 ipsis

2063 2051 2276 2125 quippe
2305 2051 2504 2106 anima
2525 2052 2870 2119 sustinetur,
2894 2056 2951 2106 et
2978 2049 3234 2122 regitur:
3267 2054 3320 2106 et
3354 2067 3425 2105 ne
3451 2049 3708 2122 arugine

2062 2140 2284 2212 peccati
2307 2144 2471 2195 nutet
2491 2156 2557 2195 ac
2577 2139 2808 2210 titubet,
2829 2138 3394 2195 consiliistabilitate
3414 2139 3703 2194 ﬁrmatur.

2063 2229 2209 2294 Quia
2238 2229 2346 2284 hoc
2377 2228 2592 2300 sapius
2623 2227 2908 2300 contingit
2955 2228 3227 2284 humana
3278 2227 3600 2300 fragilitati,
3643 2232 3709 2282 ut

2061 2319 2161 2374 ubi
2194 2317 2388 2374 cautio
2418 2318 2612 2374 minor
2638 2317 3000 2373 intuentium
3030 2321 3140 2388 est,
3191 2317 3453 2389 impulsu
3483 2316 3707 2390 peccati

2061 2407 2367 2474 columna,
2391 2405 2451 2461 id
2479 2410 2590 2473 est,
2623 2407 2784 2462 bona
2817 2405 3198 2478 cogitationes
3241 2407 3301 2462 in
3333 2411 3498 2478 parte
3527 2405 3710 2462 altera

2062 2497 2412 2569 defigantur.
2447 2499 2515 2550 Et
2544 2496 2758 2551 idcirco
2788 2499 3048 2552 tremunt
3077 2512 3142 2550 ac
3172 2499 3381 2567 pavent
3404 2496 3477 2552 ad
3497 2499 3708 2552 nutum

2063 2585 2344 2640 minantis
2375 2583 2495 2656 Dei,
2525 2600 2700 2639 suum
2756 2584 3114 2640 horrendum
3164 2585 3458 2656 judicium
3502 2584 3709 2658 pradi-

2063 2675 2272 2731 cantis.
2305 2674 2431 2728 Non
2488 2673 2645 2728 enim
2704 2672 3084 2746 cogitationes
3142 2673 3349 2730 anima
3405 2674 3528 2730 ista
3572 2677 3712 2730 sunt

2063 2763 2329 2836 propria,
2353 2767 2636 2834 tanquam
2669 2762 2781 2818 sibi
2811 2767 3022 2818 natura
3045 2760 3326 2829 inessent,
3360 2779 3485 2834 qua
3507 2763 3709 2834 utique

2063 2855 2123 2909 in
2184 2857 2394 2908 natura
2450 2851 2733 2907 existente
2786 2855 2946 2917 sunt,
3004 2855 3062 2906 et
3117 2857 3339 2907 natura
3397 2850 3707 2907 existentis

2065 2941 2483 3010 ministerium,
2505 2939 2632 2996 sine
2661 2939 2878 3011 quibus
2896 2944 3107 2996 natura
3129 2940 3430 2996 rationalis
3456 2956 3572 2996 non
3594 2944 3707 3009 est,

2063 3031 2364 3103 quoniam,
2399 3033 2464 3084 ut
2491 3028 2633 3098 dixi,
2665 3028 2802 3100 ipsa
2836 3043 2937 3100 per
2966 3044 3028 3084 se
3059 3045 3175 3084 non
3207 3034 3366 3100 sunt,
3389 3030 3492 3086 sed
3513 3032 3709 3086 motus

2061 3118 2387 3175 invisibiles
2419 3123 2558 3173 sunt
2589 3117 2967 3174 subsistentia
2999 3122 3241 3174 natura.

2133 3233 2160 3259 «
2197 3211 2260 3264 In
2294 3207 2636 3264 fortitudine
2665 3205 2826 3262 illius
2858 3213 3091 3279 repente
3124 3208 3310 3264 maria
3356 3213 3710 3283 congregata

2061 3301 2220 3354 sunt.
2252 3319 2281 3345 »
2312 3295 2475 3359 Quod
2506 3294 2566 3349 in
2597 3293 2882 3366 principio
2915 3294 3160 3352 Genesis
3204 3295 3423 3352 factum
3455 3295 3708 3368 legimus

2061 3386 2214 3458 (Gen.
2250 3403 2288 3453 ι,
2320 3385 2374 3454 9,
2412 3384 2518 3455 10).

2134 3499 2161 3526 ‹‹
2197 3475 2263 3530 Et
2294 3472 2604 3545 prudentia
2645 3472 2774 3542 ejus
2827 3474 3118 3544 percussit
3149 3474 3493 3546 superbum.
3531 3497 3560 3526 »
3601 3473 3706 3530 Cui

2061 3563 2309 3620 dubium
2329 3566 2440 3630 est,
2470 3561 2611 3632 quin
2644 3561 3050 3634 principaliter
3073 3562 3344 3620 diabolus
3374 3564 3453 3620 sit
3489 3564 3582 3620 hic
3612 3581 3709 3621 su-

2065 3654 2320 3727 perbus:
2354 3651 2455 3723 qui
2487 3655 2628 3707 tunc
2659 3651 2918 3723 primum
2975 3669 3010 3708 a
3063 3657 3176 3708 Deo
3230 3669 3546 3726 percussus
3595 3660 3706 3724 est,

2065 3742 2299 3814 quando
2329 3757 2465 3797 eum
2523 3740 2594 3796 de
2646 3741 2783 3797 sede
2837 3740 2938 3797 illa
2990 3742 3270 3798 calorum
3326 3743 3498 3799 beata
3535 3748 3711 3816 atque

2065 3831 2306 3888 sublimi
2338 3829 2632 3903 deposuit,
2665 3830 2737 3885 de
2767 3847 2883 3902 qua
2911 3831 3200 3904 prophata
3239 3831 3358 3888 ait:
3422 3834 3495 3889 Tu
3524 3833 3706 3889 humi-

2065 3922 2221 3976 liasti
2262 3922 2407 3976 sicut
2466 3919 2817 3976 vulneratum
2869 3922 3166 3991 superbum
3224 3922 3394 3993 (Psal.
3439 3939 3708 3993 Lxxxvm,

2067 4012 2178 4082 11).
2212 4009 2625 4082 Spiritualiter,
2658 4015 2811 4066 recte
2854 4010 3042 4066 maria
3089 4011 3212 4066 hac
3260 4011 3621 4079 Judaorum,
3655 4017 3712 4068 et

2065 4099 2369 4157 nationum
2402 4098 2648 4172 populos
2677 4115 2806 4155 esse
2838 4099 3148 4166 sentimus,
3183 4098 3398 4170 quibus
3441 4100 3708 4157 domina-

2066 4195 2266 4246 turum
2318 4205 2520 4244 verum
2575 4185 2970 4254 Salomonem,
3029 4187 3209 4242 David
3278 4188 3562 4261 propheta
3627 4191 3711 4248 ita

2067 4277 2427 4351 pronuntiat,
2462 4275 2700 4332 dicens:
2734 4278 2799 4331 Et
2851 4276 3225 4333 dominabitur
3284 4295 3318 4333 a
3365 4281 3515 4334 mari
3543 4297 3714 4354 usque

2066 4367 2137 4424 ad
2165 4383 2318 4423 mare
2345 4366 2518 4439 (Psal.
2554 4382 2702 4430 Lxxr,
2731 4366 2810 4437 8).
2868 4373 2943 4420 Ue
3000 4365 3146 4421 mari
3180 4367 3360 4435 enim,
3412 4368 3470 4424 id
3500 4375 3608 4441 est,
3641 4371 3713 4428 de

2066 4461 2236 4528 gente
2264 4455 2604 4512 Judaorum
2634 4453 2807 4526 capit
2826 4454 3200 4527 Evangelium
3221 4457 3455 4528 Christi,
3482 4459 3618 4530 quia
3643 4461 3714 4518 de

1991 4547 2206 4625 DSion
2237 4545 2376 4601 exiit
2417 4544 2506 4600 lex
2554 4544 2688 4616 (lsa.
2743 4561 2804 4613 ιι,
2855 4545 2933 4615 3),
2993 4550 3048 4601 et
3104 4546 3364 4618 pervenit
3419 4549 3492 4604 ad
3551 4565 3714 4606 mare

2071 4635 2334 4710 gentium
2367 4636 2483 4706 (Isa
2515 4651 2667 4703 LXVI,
2701 4635 2808 4704 19).
2837 4634 3154 4707 Hucusque
3184 4651 3320 4709 ergo
3375 4635 3496 4692 hac
3526 4638 3714 4693 maria

2069 4724 2421 4800 populorum
2481 4723 2820 4780 fortitudine
2877 4741 2944 4780 ac
2995 4724 3211 4781 virtute
3267 4726 3712 4783 resurrectionis

2070 4813 2302 4880 Christi,
2336 4811 2735 4886 apostolorum
2775 4811 3396 4886 Evangelistarumque
3446 4815 3714 4871 ministe-

2071 4903 2156 4960 rio
2187 4907 2647 4973 caterorumque
2663 4901 2957 4974 pradicta,
2976 4906 3213 4975 repente
3235 4903 3295 4959 in
3318 4919 3503 4960 unum
3528 4904 3716 4960 Eccle-

2071 4992 2167 5050 sia
2198 5008 2410 5064 corpus
2441 4995 2810 5064 congregata,
2867 4996 3040 5063 atque
3091 4991 3152 5047 in
3215 5009 3392 5050 unam
3441 4993 3714 5067 copulam

2071 5083 2206 5138 fidei
2241 5086 2380 5138 sunt
2410 5081 2626 5137 Christi
2657 5081 2939 5137 charitate
2971 5097 3251 5139 connexa.

2153 5172 2462 5244 «Spiritus
2518 5170 2646 5242 ejus
2701 5169 2928 5226 ornavit
2989 5170 3182 5228 cales.
3227 5195 3257 5222 »
3316 5173 3591 5248 Legimus
3647 5172 3709 5230 in

2071 5260 2358 5334 principio
2389 5261 2702 5329 Geneseos,
2724 5265 2932 5332 quarto
2955 5261 3048 5318 die
3069 5278 3102 5318 a
3117 5261 3232 5319 Deo
3264 5262 3464 5320 stellas
3494 5263 3717 5337 positas

2073 5365 2202 5408 esse
2253 5349 2313 5404 in
2372 5348 2538 5418 calo,
2595 5354 2699 5405 aut
2752 5349 2810 5405 in
2866 5351 3234 5410 ﬁrmamento
3293 5352 3445 5426 (Gen.
3507 5371 3544 5410 l.
3607 5355 3718 5426 14).

2073 5440 2295 5513 Spiritu
2323 5440 2503 5497 etiam
2535 5444 2758 5510 sancto,
2819 5441 3194 5500 rationabiles
3251 5442 3425 5502 caelos
3455 5443 3716 5502 ornavit:

2074 5546 2221 5604 quos
2253 5529 2565 5602 apostolos,
2597 5534 2654 5587 et
2683 5530 3036 5603 apostolicos
3079 5531 3236 5590 viros
3287 5533 3715 5606 intelligimus:

2074 5620 2175 5699 qui
2206 5619 2409 5700 multis
2440 5620 2874 5695 Scripturarum
2903 5619 3069 5695 locis,
3102 5622 3385 5684 caelorum
3414 5637 3721 5698 nuncupa-
