  <div class='ocr_page' id='page_1' title='image "/cluster/home/n/w/nwhite01/storage/ocr_20150623/26/hvd.32044052772472/389.png"; bbox 0 0 3980 6184; ppageno 0'>
   <div class='ocr_carea' id='block_1_1' title="bbox 1189 192 1199 227">
    <p class='ocr_par' dir='ltr' id='par_1_1' title="bbox 1189 192 1199 227">
     <span class='ocr_line' id='line_1_1' title="bbox 1189 192 1199 227; baseline 0 0"><span class='ocrx_word' id='word_1_1' title='bbox 1189 192 1199 227; x_wconf 83' lang='lat' dir='ltr'><strong>l</strong></span> 
     </span>
    </p>
   </div>
   <div class='ocr_carea' id='block_1_2' title="bbox 260 248 3658 320">
    <p class='ocr_par' dir='ltr' id='par_1_2' title="bbox 260 248 3658 320">
     <span class='ocr_line' id='line_1_2' title="bbox 260 248 3658 320; baseline 0.002 -8"><span class='ocrx_word' id='word_1_2' title='bbox 260 250 366 313; x_wconf 71' lang='lat'><strong>731</strong></span> <span class='ocrx_word' id='word_1_3' title='bbox 1750 256 2171 317; x_wconf 82' lang='lat' dir='ltr'><strong>APPENDIX.</strong></span> <span class='ocrx_word' id='word_1_4' title='bbox 3541 248 3658 320; x_wconf 72' lang='lat'><strong>732</strong></span> 
     </span>
    </p>
   </div>
   <div class='ocr_carea' id='block_1_3' title="bbox 263 384 3670 463">
    <p class='ocr_par' dir='ltr' id='par_1_3' title="bbox 263 384 3670 463">
     <span class='ocr_line' id='line_1_3' title="bbox 263 384 3670 463; baseline 0.002 -24"><span class='ocrx_word' id='word_1_5' title='bbox 263 384 481 440; x_wconf 81' lang='lat' dir='ltr'><strong>tionem</strong></span> <span class='ocrx_word' id='word_1_6' title='bbox 512 388 971 457; x_wconf 89' lang='lat' dir='ltr'><strong>consequuntur,</strong></span> <span class='ocrx_word' id='word_1_7' title='bbox 1005 387 1329 444; x_wconf 90' lang='lat' dir='ltr'><strong>secundum</strong></span> <span class='ocrx_word' id='word_1_8' title='bbox 1377 387 1521 444; x_wconf 90' lang='lat' dir='ltr'><strong>illud</strong></span> <span class='ocrx_word' id='word_1_9' title='bbox 1573 388 1867 461; x_wconf 77' lang='lat' dir='ltr'><strong>prophetae</strong></span> <span class='ocrx_word' id='word_1_10' title='bbox 1894 405 1907 444; x_wconf 92' lang='lat'><strong>:</strong></span> <span class='ocrx_word' id='word_1_11' title='bbox 1938 392 1994 458; x_wconf 78' lang='grc' dir='ltr'><strong>Α</strong></span> <span class='ocrx_word' id='word_1_12' title='bbox 2024 388 2362 461; x_wconf 89' lang='lat' dir='ltr'><strong>iniquorum</strong></span> <span class='ocrx_word' id='word_1_13' title='bbox 2394 389 2512 463; x_wconf 87' lang='lat' dir='ltr'><strong>pati</strong></span> <span class='ocrx_word' id='word_1_14' title='bbox 2558 388 2873 461; x_wconf 80' lang='lat' dir='ltr'><strong>permittit,</strong></span> <span class='ocrx_word' id='word_1_15' title='bbox 2942 386 3393 444; x_wconf 82' lang='lat' dir='ltr'><strong>amaritudinem</strong></span> <span class='ocrx_word' id='word_1_16' title='bbox 3432 403 3670 462; x_wconf 76' lang='lat' dir='ltr'><strong>quoque</strong></span> 
     </span>
    </p>
   </div>
   <div class='ocr_carea' id='block_1_4' title="bbox 263 475 1914 549">
    <p class='ocr_par' dir='ltr' id='par_1_4' title="bbox 263 475 1914 549">
     <span class='ocr_line' id='line_1_4' title="bbox 263 475 1914 549; baseline 0 -16"><span class='ocrx_word' id='word_1_17' title='bbox 263 475 495 545; x_wconf 84' lang='lat' dir='ltr'><strong>Operuit</strong></span> <span class='ocrx_word' id='word_1_18' title='bbox 518 475 678 531; x_wconf 60' lang='lat' dir='ltr'><strong>oculos</strong></span> <span class='ocrx_word' id='word_1_19' title='bbox 733 477 907 530; x_wconf 84' lang='lat' dir='ltr'><strong>virtus</strong></span> <span class='ocrx_word' id='word_1_20' title='bbox 961 476 1075 547; x_wconf 85' lang='lat' dir='ltr'><strong>ejus</strong></span> <span class='ocrx_word' id='word_1_21' title='bbox 1127 477 1330 546; x_wconf 74' lang='lat' dir='ltr'><strong>(Hebae</strong></span> <span class='ocrx_word' id='word_1_22' title='bbox 1384 477 1568 547; x_wconf 90' lang='lat'><strong>111,3).</strong></span> <span class='ocrx_word' id='word_1_23' title='bbox 1604 500 1630 527; x_wconf 84' lang='lat'><strong>«</strong></span> <span class='ocrx_word' id='word_1_24' title='bbox 1674 478 1743 532; x_wconf 88' lang='lat' dir='ltr'><strong>Et</strong></span> <span class='ocrx_word' id='word_1_25' title='bbox 1772 495 1914 549; x_wconf 91' lang='lat' dir='ltr'><strong>pru-</strong></span> 
     </span>
    </p>
   </div>
   <div class='ocr_carea' id='block_1_5' title="bbox 266 562 1914 637">
    <p class='ocr_par' dir='ltr' id='par_1_5' title="bbox 266 562 1914 637">
     <span class='ocr_line' id='line_1_5' title="bbox 266 562 1914 637; baseline 0.002 -19"><span class='ocrx_word' id='word_1_26' title='bbox 266 562 471 620; x_wconf 88' lang='lat' dir='ltr'><strong>dentia</strong></span> <span class='ocrx_word' id='word_1_27' title='bbox 499 565 627 634; x_wconf 89' lang='lat' dir='ltr'><strong>ejus</strong></span> <span class='ocrx_word' id='word_1_28' title='bbox 685 564 976 636; x_wconf 81' lang='lat' dir='ltr'><strong>percussit</strong></span> <span class='ocrx_word' id='word_1_29' title='bbox 1021 567 1363 637; x_wconf 89' lang='lat' dir='ltr'><strong>superbum.</strong></span> <span class='ocrx_word' id='word_1_30' title='bbox 1415 588 1443 616; x_wconf 86' lang='lat'>»</span> <span class='ocrx_word' id='word_1_31' title='bbox 1484 566 1753 622; x_wconf 81' lang='lat' dir='ltr'><strong>Christus</strong></span> <span class='ocrx_word' id='word_1_32' title='bbox 1811 568 1914 624; x_wconf 93' lang='lat' dir='ltr'><strong>Dei</strong></span> 
     </span>
    </p>
   </div>
   <div class='ocr_carea' id='block_1_6' title="bbox 264 652 1913 728">
    <p class='ocr_par' dir='ltr' id='par_1_6' title="bbox 264 652 1913 728">
     <span class='ocr_line' id='line_1_6' title="bbox 264 652 1913 728; baseline 0.003 -21"><span class='ocrx_word' id='word_1_33' title='bbox 264 653 472 718; x_wconf 90' lang='lat' dir='ltr'><strong>virtus,</strong></span> <span class='ocrx_word' id='word_1_34' title='bbox 500 659 557 708; x_wconf 92' lang='lat' dir='ltr'><strong>et</strong></span> <span class='ocrx_word' id='word_1_35' title='bbox 585 652 688 709; x_wconf 89' lang='lat' dir='ltr'><strong>Dei</strong></span> <span class='ocrx_word' id='word_1_36' title='bbox 719 654 1008 725; x_wconf 85' lang='lat' dir='ltr'><strong>sapientia</strong></span> <span class='ocrx_word' id='word_1_37' title='bbox 1038 656 1325 727; x_wconf 83' lang='lat' dir='ltr'><strong>percussit</strong></span> <span class='ocrx_word' id='word_1_38' title='bbox 1362 657 1681 728; x_wconf 89' lang='lat' dir='ltr'><strong>superbum</strong></span> <span class='ocrx_word' id='word_1_39' title='bbox 1713 657 1913 712; x_wconf 85' lang='lat' dir='ltr'><strong>diabo-</strong></span> 
     </span>
    </p>
   </div>
   <div class='ocr_carea' id='block_1_7' title="bbox 263 741 1913 815">
    <p class='ocr_par' dir='ltr' id='par_1_7' title="bbox 263 741 1913 815">
     <span class='ocr_line' id='line_1_7' title="bbox 263 741 1913 815; baseline 0.002 -19"><span class='ocrx_word' id='word_1_40' title='bbox 263 741 410 797; x_wconf 88' lang='lat' dir='ltr'><strong>lum.</strong></span> <span class='ocrx_word' id='word_1_41' title='bbox 442 741 514 795; x_wconf 88' lang='lat' dir='ltr'><strong>Hi</strong></span> <span class='ocrx_word' id='word_1_42' title='bbox 545 758 684 813; x_wconf 86' lang='lat' dir='ltr'><strong>ergo</strong></span> <span class='ocrx_word' id='word_1_43' title='bbox 716 743 922 811; x_wconf 86' lang='lat' dir='ltr'><strong>sancti,</strong></span> <span class='ocrx_word' id='word_1_44' title='bbox 956 761 990 799; x_wconf 92' lang='lat' dir='ltr'><strong>a</strong></span> <span class='ocrx_word' id='word_1_45' title='bbox 1020 744 1237 815; x_wconf 85' lang='lat' dir='ltr'><strong>Spiritu</strong></span> <span class='ocrx_word' id='word_1_46' title='bbox 1270 751 1471 801; x_wconf 89' lang='lat' dir='ltr'><strong>sancto</strong></span> <span class='ocrx_word' id='word_1_47' title='bbox 1513 747 1591 801; x_wconf 87' lang='lat' dir='ltr'><strong>ita</strong></span> <span class='ocrx_word' id='word_1_48' title='bbox 1648 746 1913 801; x_wconf 86' lang='lat' dir='ltr'><strong>distincti</strong></span> 
     </span>
    </p>
   </div>
   <div class='ocr_carea' id='block_1_8' title="bbox 267 831 1913 905">
    <p class='ocr_par' dir='ltr' id='par_1_8' title="bbox 267 831 1913 905">
     <span class='ocr_line' id='line_1_8' title="bbox 267 831 1913 905; baseline 0.002 -20"><span class='ocrx_word' id='word_1_49' title='bbox 267 834 407 886; x_wconf 88' lang='lat' dir='ltr'><strong>sunt</strong></span> <span class='ocrx_word' id='word_1_50' title='bbox 432 831 756 903; x_wconf 85' lang='lat' dir='ltr'><strong>gratiarum</strong></span> <span class='ocrx_word' id='word_1_51' title='bbox 787 833 979 905; x_wconf 91' lang='lat' dir='ltr'><strong>donis,</strong></span> <span class='ocrx_word' id='word_1_52' title='bbox 1002 838 1282 905; x_wconf 86' lang='lat' dir='ltr'><strong>tanquam</strong></span> <span class='ocrx_word' id='word_1_53' title='bbox 1313 834 1557 891; x_wconf 82' lang='lat' dir='ltr'><strong>sidereis</strong></span> <span class='ocrx_word' id='word_1_54' title='bbox 1599 835 1913 892; x_wconf 90' lang='lat' dir='ltr'><strong>luminari-</strong></span> 
     </span>
    </p>
   </div>
   <div class='ocr_carea' id='block_1_9' title="bbox 264 920 397 975">
    <p class='ocr_par' dir='ltr' id='par_1_9' title="bbox 264 920 397 975">
     <span class='ocr_line' id='line_1_9' title="bbox 264 920 397 975; baseline 0.008 -1"><span class='ocrx_word' id='word_1_55' title='bbox 264 920 397 975; x_wconf 92' lang='lat' dir='ltr'><strong>bus.</strong></span> 
     </span>
    </p>
   </div>
   <div class='ocr_carea' id='block_1_10' title="bbox 340 1010 1911 1083">
    <p class='ocr_par' dir='ltr' id='par_1_10' title="bbox 340 1010 1911 1083">
     <span class='ocr_line' id='line_1_10' title="bbox 340 1010 1911 1083; baseline 0.008 -24"><span class='ocrx_word' id='word_1_56' title='bbox 340 1031 368 1059; x_wconf 90' lang='grc'><strong>‹‹</strong></span> <span class='ocrx_word' id='word_1_57' title='bbox 400 1010 469 1064; x_wconf 84' lang='lat' dir='ltr'><strong>Et</strong></span> <span class='ocrx_word' id='word_1_58' title='bbox 498 1010 912 1068; x_wconf 86' lang='lat' dir='ltr'><strong>obstetricante</strong></span> <span class='ocrx_word' id='word_1_59' title='bbox 943 1028 1123 1068; x_wconf 91' lang='lat' dir='ltr'><strong>manu</strong></span> <span class='ocrx_word' id='word_1_60' title='bbox 1153 1014 1304 1083; x_wconf 88' lang='lat' dir='ltr'><strong>ejus,</strong></span> <span class='ocrx_word' id='word_1_61' title='bbox 1328 1014 1617 1070; x_wconf 88' lang='lat' dir='ltr'><strong>adductus</strong></span> <span class='ocrx_word' id='word_1_62' title='bbox 1637 1018 1726 1070; x_wconf 89' lang='lat' dir='ltr'><strong>est</strong></span> <span class='ocrx_word' id='word_1_63' title='bbox 1747 1014 1911 1071; x_wconf 87' lang='lat' dir='ltr'><strong>colu-</strong></span> 
     </span>
    </p>
   </div>
   <div class='ocr_carea' id='block_1_11' title="bbox 266 1098 1907 1176">
    <p class='ocr_par' dir='ltr' id='par_1_11' title="bbox 266 1098 1907 1176">
     <span class='ocr_line' id='line_1_11' title="bbox 266 1098 1907 1176; baseline 0.003 -23"><span class='ocrx_word' id='word_1_64' title='bbox 266 1098 370 1153; x_wconf 89' lang='lat' dir='ltr'><strong>ber</strong></span> <span class='ocrx_word' id='word_1_65' title='bbox 398 1102 719 1156; x_wconf 90' lang='lat' dir='ltr'><strong>tortuosus.</strong></span> <span class='ocrx_word' id='word_1_66' title='bbox 751 1120 778 1151; x_wconf 73' lang='grc' dir='ltr'><strong>ιι</strong></span> <span class='ocrx_word' id='word_1_67' title='bbox 816 1101 1015 1158; x_wconf 86' lang='lat' dir='ltr'><strong>Sancti</strong></span> <span class='ocrx_word' id='word_1_68' title='bbox 1072 1118 1208 1173; x_wconf 86' lang='lat' dir='ltr'><strong>ergo</strong></span> <span class='ocrx_word' id='word_1_69' title='bbox 1264 1103 1530 1159; x_wconf 84' lang='lat' dir='ltr'><strong>adornati</strong></span> <span class='ocrx_word' id='word_1_70' title='bbox 1586 1104 1758 1160; x_wconf 89' lang='lat' dir='ltr'><strong>verbo</strong></span> <span class='ocrx_word' id='word_1_71' title='bbox 1785 1104 1907 1176; x_wconf 87' lang='lat' dir='ltr'><strong>Dei,</strong></span> 
     </span>
    </p>
   </div>
   <div class='ocr_carea' id='block_1_12' title="bbox 264 1191 1912 1264">
    <p class='ocr_par' dir='ltr' id='par_1_12' title="bbox 264 1191 1912 1264">
     <span class='ocr_line' id='line_1_12' title="bbox 264 1191 1912 1264; baseline 0.004 -23"><span class='ocrx_word' id='word_1_72' title='bbox 264 1191 548 1259; x_wconf 83' lang='lat' dir='ltr'><strong>tanquam</strong></span> <span class='ocrx_word' id='word_1_73' title='bbox 578 1205 775 1244; x_wconf 86' lang='lat' dir='ltr'><strong>semen</strong></span> <span class='ocrx_word' id='word_1_74' title='bbox 806 1191 1040 1262; x_wconf 86' lang='lat' dir='ltr'><strong>populis</strong></span> <span class='ocrx_word' id='word_1_75' title='bbox 1072 1195 1375 1264; x_wconf 88' lang='lat' dir='ltr'><strong>spargunt.</strong></span> <span class='ocrx_word' id='word_1_76' title='bbox 1438 1192 1601 1248; x_wconf 88' lang='lat' dir='ltr'><strong>Unde</strong></span> <span class='ocrx_word' id='word_1_77' title='bbox 1641 1209 1674 1248; x_wconf 92' lang='lat' dir='ltr'><strong>a</strong></span> <span class='ocrx_word' id='word_1_78' title='bbox 1702 1192 1912 1248; x_wconf 88' lang='lat' dir='ltr'><strong>timore</strong></span> 
     </span>
    </p>
   </div>
   <div class='ocr_carea' id='block_1_13' title="bbox 264 1275 1912 1354">
    <p class='ocr_par' dir='ltr' id='par_1_13' title="bbox 264 1275 1912 1354">
     <span class='ocr_line' id='line_1_13' title="bbox 264 1275 1912 1354; baseline 0.005 -24"><span class='ocrx_word' id='word_1_79' title='bbox 264 1275 497 1332; x_wconf 89' lang='lat' dir='ltr'><strong>Domini</strong></span> <span class='ocrx_word' id='word_1_80' title='bbox 530 1277 587 1332; x_wconf 91' lang='lat' dir='ltr'><strong>in</strong></span> <span class='ocrx_word' id='word_1_81' title='bbox 621 1283 784 1335; x_wconf 90' lang='lat' dir='ltr'><strong>utero</strong></span> <span class='ocrx_word' id='word_1_82' title='bbox 828 1280 1104 1351; x_wconf 87' lang='lat' dir='ltr'><strong>spiritum</strong></span> <span class='ocrx_word' id='word_1_83' title='bbox 1154 1280 1362 1337; x_wconf 87' lang='lat' dir='ltr'><strong>salutis</strong></span> <span class='ocrx_word' id='word_1_84' title='bbox 1409 1287 1819 1354; x_wconf 88' lang='lat' dir='ltr'><strong>conceperunt,</strong></span> <span class='ocrx_word' id='word_1_85' title='bbox 1855 1287 1912 1339; x_wconf 91' lang='lat' dir='ltr'><strong>et</strong></span> 
     </span>
    </p>
   </div>
   <div class='ocr_carea' id='block_1_14' title="bbox 262 1365 1908 1441">
    <p class='ocr_par' dir='ltr' id='par_1_14' title="bbox 262 1365 1908 1441">
     <span class='ocr_line' id='line_1_14' title="bbox 262 1365 1908 1441; baseline 0.005 -22"><span class='ocrx_word' id='word_1_86' title='bbox 262 1365 344 1420; x_wconf 92' lang='lat' dir='ltr'><strong>ita</strong></span> <span class='ocrx_word' id='word_1_87' title='bbox 374 1383 607 1435; x_wconf 87' lang='lat' dir='ltr'><strong>manus,</strong></span> <span class='ocrx_word' id='word_1_88' title='bbox 669 1372 726 1422; x_wconf 87' lang='lat' dir='ltr'><strong>et</strong></span> <span class='ocrx_word' id='word_1_89' title='bbox 785 1369 1072 1440; x_wconf 89' lang='lat' dir='ltr'><strong>sapientia</strong></span> <span class='ocrx_word' id='word_1_90' title='bbox 1128 1370 1340 1439; x_wconf 87' lang='lat' dir='ltr'><strong>Patris,</strong></span> <span class='ocrx_word' id='word_1_91' title='bbox 1396 1371 1574 1427; x_wconf 85' lang='lat' dir='ltr'><strong>Jesus</strong></span> <span class='ocrx_word' id='word_1_92' title='bbox 1620 1371 1908 1441; x_wconf 87' lang='lat' dir='ltr'><strong>Christus,</strong></span> 
     </span>
    </p>
   </div>
   <div class='ocr_carea' id='block_1_15' title="bbox 264 1454 1912 1532">
    <p class='ocr_par' dir='ltr' id='par_1_15' title="bbox 264 1454 1912 1532">
     <span class='ocr_line' id='line_1_15' title="bbox 264 1454 1912 1532; baseline 0.005 -23"><span class='ocrx_word' id='word_1_93' title='bbox 264 1454 577 1512; x_wconf 88' lang='lat' dir='ltr'><strong>animabus</strong></span> <span class='ocrx_word' id='word_1_94' title='bbox 609 1457 919 1528; x_wconf 79' lang='lat' dir='ltr'><strong>multiplici</strong></span> <span class='ocrx_word' id='word_1_95' title='bbox 974 1459 1186 1514; x_wconf 88' lang='lat' dir='ltr'><strong>virtute</strong></span> <span class='ocrx_word' id='word_1_96' title='bbox 1242 1460 1530 1531; x_wconf 80' lang='lat' dir='ltr'><strong>fecundis,</strong></span> <span class='ocrx_word' id='word_1_97' title='bbox 1575 1460 1912 1532; x_wconf 87' lang='lat' dir='ltr'><strong>dignatione</strong></span> 
     </span>
    </p>
   </div>
   <div class='ocr_carea' id='block_1_16' title="bbox 266 1546 1913 1621">
    <p class='ocr_par' dir='ltr' id='par_1_16' title="bbox 266 1546 1913 1621">
     <span class='ocr_line' id='line_1_16' title="bbox 266 1546 1913 1621; baseline 0.004 -22"><span class='ocrx_word' id='word_1_98' title='bbox 266 1560 375 1600; x_wconf 90' lang='lat' dir='ltr'><strong>sua</strong></span> <span class='ocrx_word' id='word_1_99' title='bbox 404 1561 439 1600; x_wconf 90' lang='lat' dir='ltr'><strong>a</strong></span> <span class='ocrx_word' id='word_1_100' title='bbox 468 1550 670 1601; x_wconf 88' lang='lat' dir='ltr'><strong>sancto</strong></span> <span class='ocrx_word' id='word_1_101' title='bbox 700 1546 809 1601; x_wconf 91' lang='lat' dir='ltr'><strong>Job</strong></span> <span class='ocrx_word' id='word_1_102' title='bbox 842 1551 1033 1603; x_wconf 89' lang='lat' dir='ltr'><strong>astare</strong></span> <span class='ocrx_word' id='word_1_103' title='bbox 1065 1548 1422 1620; x_wconf 88' lang='lat' dir='ltr'><strong>perhibetur,</strong></span> <span class='ocrx_word' id='word_1_104' title='bbox 1453 1555 1517 1604; x_wconf 91' lang='lat' dir='ltr'><strong>ut</strong></span> <span class='ocrx_word' id='word_1_105' title='bbox 1537 1550 1913 1621; x_wconf 87' lang='lat' dir='ltr'><strong>parturienti-</strong></span> 
     </span>
    </p>
   </div>
   <div class='ocr_carea' id='block_1_17' title="bbox 272 1633 1908 1711">
    <p class='ocr_par' dir='ltr' id='par_1_17' title="bbox 272 1633 1908 1711">
     <span class='ocr_line' id='line_1_17' title="bbox 272 1633 1908 1711; baseline 0.005 -24"><span class='ocrx_word' id='word_1_106' title='bbox 272 1633 384 1688; x_wconf 91' lang='lat' dir='ltr'><strong>bus</strong></span> <span class='ocrx_word' id='word_1_107' title='bbox 431 1633 582 1689; x_wconf 84' lang='lat' dir='ltr'><strong>tilios</strong></span> <span class='ocrx_word' id='word_1_108' title='bbox 638 1636 865 1690; x_wconf 87' lang='lat' dir='ltr'><strong>venturi</strong></span> <span class='ocrx_word' id='word_1_109' title='bbox 924 1636 1142 1703; x_wconf 68' lang='lat' dir='ltr'><strong>saeculi,</strong></span> <span class='ocrx_word' id='word_1_110' title='bbox 1202 1638 1553 1710; x_wconf 84' lang='lat' dir='ltr'><strong>obsequium</strong></span> <span class='ocrx_word' id='word_1_111' title='bbox 1610 1640 1908 1711; x_wconf 89' lang='lat' dir='ltr'><strong>quoddam</strong></span> 
     </span>
    </p>
   </div>
   <div class='ocr_carea' id='block_1_18' title="bbox 267 1721 1909 1799">
    <p class='ocr_par' dir='ltr' id='par_1_18' title="bbox 267 1721 1909 1799">
     <span class='ocr_line' id='line_1_18' title="bbox 267 1721 1909 1799; baseline 0.007 -25"><span class='ocrx_word' id='word_1_112' title='bbox 267 1721 543 1777; x_wconf 89' lang='lat' dir='ltr'><strong>adhibeat</strong></span> <span class='ocrx_word' id='word_1_113' title='bbox 573 1739 691 1779; x_wconf 65' lang='lat' dir='ltr'><strong>sua:</strong></span> <span class='ocrx_word' id='word_1_114' title='bbox 745 1725 1000 1796; x_wconf 87' lang='lat' dir='ltr'><strong>pietatis,</strong></span> <span class='ocrx_word' id='word_1_115' title='bbox 1062 1742 1277 1798; x_wconf 89' lang='lat' dir='ltr'><strong>easque</strong></span> <span class='ocrx_word' id='word_1_116' title='bbox 1335 1727 1396 1784; x_wconf 92' lang='lat' dir='ltr'><strong>in</strong></span> <span class='ocrx_word' id='word_1_117' title='bbox 1441 1728 1909 1799; x_wconf 88' lang='lat' dir='ltr'><strong>persecutionem</strong></span> 
     </span>
    </p>
   </div>
   <div class='ocr_carea' id='block_1_19' title="bbox 267 1809 1914 1891">
    <p class='ocr_par' dir='ltr' id='par_1_19' title="bbox 267 1809 1914 1891">
     <span class='ocr_line' id='line_1_19' title="bbox 267 1809 1914 1891; baseline 0.007 -28"><span class='ocrx_word' id='word_1_118' title='bbox 267 1809 568 1867; x_wconf 88' lang='lat' dir='ltr'><strong>doloribus</strong></span> <span class='ocrx_word' id='word_1_119' title='bbox 595 1812 816 1884; x_wconf 89' lang='lat' dir='ltr'><strong>positas</strong></span> <span class='ocrx_word' id='word_1_120' title='bbox 871 1815 1248 1873; x_wconf 87' lang='lat' dir='ltr'><strong>consoletur:</strong></span> <span class='ocrx_word' id='word_1_121' title='bbox 1307 1817 1633 1874; x_wconf 90' lang='lat' dir='ltr'><strong>ministerio</strong></span> <span class='ocrx_word' id='word_1_122' title='bbox 1678 1834 1914 1891; x_wconf 90' lang='lat' dir='ltr'><strong>quoque</strong></span> 
     </span>
    </p>
   </div>
   <div class='ocr_carea' id='block_1_20' title="bbox 2025 475 3671 550">
    <p class='ocr_par' dir='ltr' id='par_1_20' title="bbox 2025 475 3671 550">
     <span class='ocr_line' id='line_1_20' title="bbox 2025 475 3671 550; baseline 0.001 -16"><span class='ocrx_word' id='word_1_123' title='bbox 2025 478 2232 534; x_wconf 66' lang='lat' dir='ltr'><strong>anima;</strong></span> <span class='ocrx_word' id='word_1_124' title='bbox 2259 479 2387 549; x_wconf 86' lang='lat' dir='ltr'><strong>ejus</strong></span> <span class='ocrx_word' id='word_1_125' title='bbox 2419 478 2654 534; x_wconf 89' lang='lat' dir='ltr'><strong>miseria</strong></span> <span class='ocrx_word' id='word_1_126' title='bbox 2685 477 2956 550; x_wconf 65' lang='lat' dir='ltr'><strong>praesenti</strong></span> <span class='ocrx_word' id='word_1_127' title='bbox 3014 475 3274 549; x_wconf 87' lang='lat' dir='ltr'><strong>replevit.</strong></span> <span class='ocrx_word' id='word_1_128' title='bbox 3332 477 3491 533; x_wconf 88' lang='lat' dir='ltr'><strong>Vivit</strong></span> <span class='ocrx_word' id='word_1_129' title='bbox 3513 478 3671 536; x_wconf 88' lang='lat' dir='ltr'><strong>Deus</strong></span> 
     </span>
    </p>
   </div>
   <div class='ocr_carea' id='block_1_21' title="bbox 2024 567 3665 639">
    <p class='ocr_par' dir='ltr' id='par_1_21' title="bbox 2024 567 3665 639">
     <span class='ocr_line' id='line_1_21' title="bbox 2024 567 3665 639; baseline 0.001 -17"><span class='ocrx_word' id='word_1_130' title='bbox 2024 567 2124 639; x_wconf 90' lang='lat' dir='ltr'><strong>qui</strong></span> <span class='ocrx_word' id='word_1_131' title='bbox 2155 567 2708 639; x_wconf 88' lang='lat' dir='ltr'><strong>abstulitjudicium</strong></span> <span class='ocrx_word' id='word_1_132' title='bbox 2739 584 2958 623; x_wconf 92' lang='lat' dir='ltr'><strong>meum.</strong></span> <span class='ocrx_word' id='word_1_133' title='bbox 3018 567 3351 623; x_wconf 88' lang='lat' dir='ltr'><strong>Secundum</strong></span> <span class='ocrx_word' id='word_1_134' title='bbox 3408 567 3665 624; x_wconf 82' lang='lat' dir='ltr'><strong>formam</strong></span> 
     </span>
    </p>
   </div>
   <div class='ocr_carea' id='block_1_22' title="bbox 2024 656 3669 729">
    <p class='ocr_par' dir='ltr' id='par_1_22' title="bbox 2024 656 3669 729">
     <span class='ocr_line' id='line_1_22' title="bbox 2024 656 3669 729; baseline 0 -16"><span class='ocrx_word' id='word_1_135' title='bbox 2024 656 2173 713; x_wconf 85' lang='lat' dir='ltr'><strong>servi</strong></span> <span class='ocrx_word' id='word_1_136' title='bbox 2205 673 2383 729; x_wconf 90' lang='lat' dir='ltr'><strong>quam</strong></span> <span class='ocrx_word' id='word_1_137' title='bbox 2433 656 2759 729; x_wconf 85' lang='lat' dir='ltr'><strong>assumpsit</strong></span> <span class='ocrx_word' id='word_1_138' title='bbox 2814 657 3079 729; x_wconf 76' lang='lat' dir='ltr'><strong>(Philipp.</strong></span> <span class='ocrx_word' id='word_1_139' title='bbox 3140 674 3203 725; x_wconf 83' lang='lat'><strong>11,</strong></span> <span class='ocrx_word' id='word_1_140' title='bbox 3259 658 3338 724; x_wconf 91' lang='lat'><strong>7),</strong></span> <span class='ocrx_word' id='word_1_141' title='bbox 3365 656 3669 728; x_wconf 89' lang='lat' dir='ltr'><strong>judicium</strong></span> 
     </span>
    </p>
   </div>
   <div class='ocr_carea' id='block_1_23' title="bbox 2021 745 3667 821">
    <p class='ocr_par' dir='ltr' id='par_1_23' title="bbox 2021 745 3667 821">
     <span class='ocr_line' id='line_1_23' title="bbox 2021 745 3667 821; baseline -0.001 -19"><span class='ocrx_word' id='word_1_142' title='bbox 2021 745 2339 802; x_wconf 89' lang='lat' dir='ltr'><strong>voluntatis</strong></span> <span class='ocrx_word' id='word_1_143' title='bbox 2362 746 2658 812; x_wconf 74' lang='lat' dir='ltr'><strong>humanae,</strong></span> <span class='ocrx_word' id='word_1_144' title='bbox 2683 750 2741 802; x_wconf 86' lang='lat' dir='ltr'><strong>et</strong></span> <span class='ocrx_word' id='word_1_145' title='bbox 2767 763 2836 802; x_wconf 81' lang='lat' dir='ltr'><strong>ex</strong></span> <span class='ocrx_word' id='word_1_146' title='bbox 2880 761 3127 821; x_wconf 75' lang='lat' dir='ltr'><strong>persona</strong></span> <span class='ocrx_word' id='word_1_147' title='bbox 3152 745 3445 817; x_wconf 90' lang='lat' dir='ltr'><strong>assumpti</strong></span> <span class='ocrx_word' id='word_1_148' title='bbox 3476 745 3667 801; x_wconf 88' lang='lat' dir='ltr'><strong>homi-</strong></span> 
     </span>
    </p>
   </div>
   <div class='ocr_carea' id='block_1_24' title="bbox 2021 834 3659 907">
    <p class='ocr_par' dir='ltr' id='par_1_24' title="bbox 2021 834 3659 907">
     <span class='ocr_line' id='line_1_24' title="bbox 2021 834 3659 907; baseline 0 -17"><span class='ocrx_word' id='word_1_149' title='bbox 2021 835 2115 891; x_wconf 89' lang='lat' dir='ltr'><strong>nis</strong></span> <span class='ocrx_word' id='word_1_150' title='bbox 2143 834 2362 891; x_wconf 89' lang='lat' dir='ltr'><strong>dictum</strong></span> <span class='ocrx_word' id='word_1_151' title='bbox 2393 840 2520 891; x_wconf 83' lang='lat' dir='ltr'><strong>est:</strong></span> <span class='ocrx_word' id='word_1_152' title='bbox 2577 852 2693 907; x_wconf 92' lang='lat' dir='ltr'><strong>quo</strong></span> <span class='ocrx_word' id='word_1_153' title='bbox 2749 852 2924 891; x_wconf 88' lang='lat' dir='ltr'><strong>orans</strong></span> <span class='ocrx_word' id='word_1_154' title='bbox 2982 834 3210 891; x_wconf 88' lang='lat' dir='ltr'><strong>dicebat</strong></span> <span class='ocrx_word' id='word_1_155' title='bbox 3266 835 3340 890; x_wconf 92' lang='lat' dir='ltr'><strong>ad</strong></span> <span class='ocrx_word' id='word_1_156' title='bbox 3381 834 3659 891; x_wconf 86' lang='lat' dir='ltr'><strong>Patrem:</strong></span> 
     </span>
    </p>
   </div>
   <div class='ocr_carea' id='block_1_25' title="bbox 2020 924 3671 997">
    <p class='ocr_par' dir='ltr' id='par_1_25' title="bbox 2020 924 3671 997">
     <span class='ocr_line' id='line_1_25' title="bbox 2020 924 3671 997; baseline 0 -17"><span class='ocrx_word' id='word_1_157' title='bbox 2020 926 2093 980; x_wconf 82' lang='lat' dir='ltr'><strong>Mi</strong></span> <span class='ocrx_word' id='word_1_158' title='bbox 2144 927 2313 981; x_wconf 86' lang='lat' dir='ltr'><strong>Pater</strong></span> <span class='ocrx_word' id='word_1_159' title='bbox 2360 927 2411 981; x_wconf 84' lang='lat' dir='ltr'><strong>si</strong></span> <span class='ocrx_word' id='word_1_160' title='bbox 2433 926 2696 997; x_wconf 79' lang='lat' dir='ltr'><strong>possibile</strong></span> <span class='ocrx_word' id='word_1_161' title='bbox 2725 932 2820 995; x_wconf 79' lang='lat' dir='ltr'><strong>est,</strong></span> <span class='ocrx_word' id='word_1_162' title='bbox 2879 928 3126 980; x_wconf 84' lang='lat' dir='ltr'><strong>transeat</strong></span> <span class='ocrx_word' id='word_1_163' title='bbox 3171 941 3207 980; x_wconf 89' lang='lat' dir='ltr'><strong>a</strong></span> <span class='ocrx_word' id='word_1_164' title='bbox 3258 938 3349 979; x_wconf 84' lang='lat' dir='ltr'><strong>me</strong></span> <span class='ocrx_word' id='word_1_165' title='bbox 3381 924 3537 980; x_wconf 75' lang='lat' dir='ltr'><strong>calix</strong></span> <span class='ocrx_word' id='word_1_166' title='bbox 3564 926 3671 980; x_wconf 81' lang='lat' dir='ltr'><strong>iste</strong></span> 
     </span>
    </p>
   </div>
   <div class='ocr_carea' id='block_1_26' title="bbox 2021 1013 3666 1085">
    <p class='ocr_par' dir='ltr' id='par_1_26' title="bbox 2021 1013 3666 1085">
     <span class='ocr_line' id='line_1_26' title="bbox 2021 1013 3666 1085; baseline 0.001 -18"><span class='ocrx_word' id='word_1_167' title='bbox 2021 1013 2237 1085; x_wconf 80' lang='lat' dir='ltr'><strong>(Matth.</strong></span> <span class='ocrx_word' id='word_1_168' title='bbox 2288 1014 2444 1081; x_wconf 82' lang='lat' dir='ltr'><strong>xxvi,</strong></span> <span class='ocrx_word' id='word_1_169' title='bbox 2476 1014 2586 1085; x_wconf 84' lang='lat'><strong>39).</strong></span> <span class='ocrx_word' id='word_1_170' title='bbox 2618 1014 2689 1069; x_wconf 89' lang='lat' dir='ltr'><strong>Et</strong></span> <span class='ocrx_word' id='word_1_171' title='bbox 2741 1013 2871 1069; x_wconf 91' lang='lat' dir='ltr'><strong>ideo</strong></span> <span class='ocrx_word' id='word_1_172' title='bbox 2919 1013 3214 1084; x_wconf 86' lang='lat' dir='ltr'><strong>judicium</strong></span> <span class='ocrx_word' id='word_1_173' title='bbox 3267 1029 3468 1070; x_wconf 89' lang='lat' dir='ltr'><strong>meum</strong></span> <span class='ocrx_word' id='word_1_174' title='bbox 3498 1013 3666 1081; x_wconf 80' lang='lat' dir='ltr'><strong>dixit,</strong></span> 
     </span>
    </p>
   </div>
   <div class='ocr_carea' id='block_1_27' title="bbox 2023 1100 3669 1174">
    <p class='ocr_par' dir='ltr' id='par_1_27' title="bbox 2023 1100 3669 1174">
     <span class='ocr_line' id='line_1_27' title="bbox 2023 1100 3669 1174; baseline 0.001 -18"><span class='ocrx_word' id='word_1_175' title='bbox 2023 1102 2162 1172; x_wconf 85' lang='lat' dir='ltr'><strong>quia</strong></span> <span class='ocrx_word' id='word_1_176' title='bbox 2193 1102 2252 1156; x_wconf 89' lang='lat' dir='ltr'><strong>in</strong></span> <span class='ocrx_word' id='word_1_177' title='bbox 2284 1119 2347 1158; x_wconf 89' lang='lat' dir='ltr'><strong>se</strong></span> <span class='ocrx_word' id='word_1_178' title='bbox 2363 1102 2608 1158; x_wconf 87' lang='lat' dir='ltr'><strong>humani</strong></span> <span class='ocrx_word' id='word_1_179' title='bbox 2634 1102 2865 1174; x_wconf 84' lang='lat' dir='ltr'><strong>generis</strong></span> <span class='ocrx_word' id='word_1_180' title='bbox 2886 1101 3312 1170; x_wconf 83' lang='lat' dir='ltr'><strong>inﬁrmitatem,</strong></span> <span class='ocrx_word' id='word_1_181' title='bbox 3338 1100 3399 1158; x_wconf 89' lang='lat' dir='ltr'><strong>in</strong></span> <span class='ocrx_word' id='word_1_182' title='bbox 3421 1102 3669 1158; x_wconf 82' lang='lat' dir='ltr'><strong>veritate</strong></span> 
     </span>
    </p>
   </div>
   <div class='ocr_carea' id='block_1_28' title="bbox 2023 1190 3669 1263">
    <p class='ocr_par' dir='ltr' id='par_1_28' title="bbox 2023 1190 3669 1263">
     <span class='ocr_line' id='line_1_28' title="bbox 2023 1190 3669 1263; baseline 0.001 -17"><span class='ocrx_word' id='word_1_183' title='bbox 2023 1190 2287 1263; x_wconf 90' lang='lat' dir='ltr'><strong>suscepti</strong></span> <span class='ocrx_word' id='word_1_184' title='bbox 2335 1191 2593 1247; x_wconf 89' lang='lat' dir='ltr'><strong>hominis</strong></span> <span class='ocrx_word' id='word_1_185' title='bbox 2657 1191 3118 1249; x_wconf 87' lang='lat' dir='ltr'><strong>demonstrabat.</strong></span> <span class='ocrx_word' id='word_1_186' title='bbox 3174 1192 3245 1247; x_wconf 90' lang='lat' dir='ltr'><strong>Et</strong></span> <span class='ocrx_word' id='word_1_187' title='bbox 3292 1192 3669 1263; x_wconf 88' lang='lat' dir='ltr'><strong>omnipotens</strong></span> 
     </span>
    </p>
   </div>
   <div class='ocr_carea' id='block_1_29' title="bbox 2022 1279 3666 1352">
    <p class='ocr_par' dir='ltr' id='par_1_29' title="bbox 2022 1279 3666 1352">
     <span class='ocr_line' id='line_1_29' title="bbox 2022 1279 3666 1352; baseline 0.001 -17"><span class='ocrx_word' id='word_1_188' title='bbox 2022 1279 2122 1352; x_wconf 90' lang='lat' dir='ltr'><strong>qui</strong></span> <span class='ocrx_word' id='word_1_189' title='bbox 2179 1280 2251 1336; x_wconf 90' lang='lat' dir='ltr'><strong>ad</strong></span> <span class='ocrx_word' id='word_1_190' title='bbox 2309 1280 2760 1337; x_wconf 88' lang='lat' dir='ltr'><strong>amaritudinem</strong></span> <span class='ocrx_word' id='word_1_191' title='bbox 2834 1280 3078 1337; x_wconf 85' lang='lat' dir='ltr'><strong>adduxit</strong></span> <span class='ocrx_word' id='word_1_192' title='bbox 3132 1280 3394 1337; x_wconf 89' lang='lat' dir='ltr'><strong>animam</strong></span> <span class='ocrx_word' id='word_1_193' title='bbox 3449 1297 3666 1337; x_wconf 87' lang='lat' dir='ltr'><strong>meam.</strong></span> 
     </span>
    </p>
   </div>
   <div class='ocr_carea' id='block_1_30' title="bbox 2019 1360 3667 1442">
    <p class='ocr_par' dir='ltr' id='par_1_30' title="bbox 2019 1360 3667 1442">
     <span class='ocr_line' id='line_1_30' title="bbox 2019 1360 3667 1442; baseline 0.001 -18"><span class='ocrx_word' id='word_1_194' title='bbox 2019 1360 2304 1425; x_wconf 83' lang='lat' dir='ltr'><strong>Amarum</strong></span> <span class='ocrx_word' id='word_1_195' title='bbox 2336 1374 2461 1425; x_wconf 90' lang='lat' dir='ltr'><strong>erat</strong></span> <span class='ocrx_word' id='word_1_196' title='bbox 2489 1369 2762 1441; x_wconf 88' lang='lat' dir='ltr'><strong>poculum</strong></span> <span class='ocrx_word' id='word_1_197' title='bbox 2793 1370 3023 1437; x_wconf 89' lang='lat' dir='ltr'><strong>mortis,</strong></span> <span class='ocrx_word' id='word_1_198' title='bbox 3053 1370 3126 1426; x_wconf 89' lang='lat' dir='ltr'><strong>ad</strong></span> <span class='ocrx_word' id='word_1_199' title='bbox 3154 1370 3311 1442; x_wconf 88' lang='lat' dir='ltr'><strong>quod</strong></span> <span class='ocrx_word' id='word_1_200' title='bbox 3340 1370 3667 1427; x_wconf 87' lang='lat' dir='ltr'><strong>bibendum</strong></span> 
     </span>
    </p>
   </div>
   <div class='ocr_carea' id='block_1_31' title="bbox 2022 1458 3666 1532">
    <p class='ocr_par' dir='ltr' id='par_1_31' title="bbox 2022 1458 3666 1532">
     <span class='ocr_line' id='line_1_31' title="bbox 2022 1458 3666 1532; baseline 0.001 -20"><span class='ocrx_word' id='word_1_201' title='bbox 2022 1458 2281 1515; x_wconf 85' lang='lat' dir='ltr'><strong>Salvator</strong></span> <span class='ocrx_word' id='word_1_202' title='bbox 2311 1463 2508 1515; x_wconf 89' lang='lat' dir='ltr'><strong>noster</strong></span> <span class='ocrx_word' id='word_1_203' title='bbox 2537 1461 2887 1527; x_wconf 88' lang='lat' dir='ltr'><strong>advenerat;</strong></span> <span class='ocrx_word' id='word_1_204' title='bbox 2920 1460 2991 1516; x_wconf 82' lang='lat' dir='ltr'><strong>da</strong></span> <span class='ocrx_word' id='word_1_205' title='bbox 3021 1458 3209 1531; x_wconf 67' lang='lat' dir='ltr'><strong>gpsius</strong></span> <span class='ocrx_word' id='word_1_206' title='bbox 3242 1476 3499 1532; x_wconf 88' lang='lat' dir='ltr'><strong>namque</strong></span> <span class='ocrx_word' id='word_1_207' title='bbox 3529 1460 3666 1516; x_wconf 84' lang='lat' dir='ltr'><strong>cali-</strong></span> 
     </span>
    </p>
   </div>
   <div class='ocr_carea' id='block_1_32' title="bbox 2021 1548 3666 1621">
    <p class='ocr_par' dir='ltr' id='par_1_32' title="bbox 2021 1548 3666 1621">
     <span class='ocr_line' id='line_1_32' title="bbox 2021 1548 3666 1621; baseline 0.001 -18"><span class='ocrx_word' id='word_1_208' title='bbox 2021 1548 2106 1603; x_wconf 89' lang='lat' dir='ltr'><strong>cis</strong></span> <span class='ocrx_word' id='word_1_209' title='bbox 2135 1548 2529 1604; x_wconf 88' lang='lat' dir='ltr'><strong>amaritudine</strong></span> <span class='ocrx_word' id='word_1_210' title='bbox 2571 1553 2715 1620; x_wconf 89' lang='lat' dir='ltr'><strong>erat,</strong></span> <span class='ocrx_word' id='word_1_211' title='bbox 2774 1549 2933 1619; x_wconf 91' lang='lat' dir='ltr'><strong>quod</strong></span> <span class='ocrx_word' id='word_1_212' title='bbox 2994 1548 3075 1604; x_wconf 89' lang='lat' dir='ltr'><strong>ait</strong></span> <span class='ocrx_word' id='word_1_213' title='bbox 3133 1548 3443 1621; x_wconf 86' lang='lat' dir='ltr'><strong>discipulis</strong></span> <span class='ocrx_word' id='word_1_214' title='bbox 3500 1549 3666 1606; x_wconf 89' lang='lat' dir='ltr'><strong>suis:</strong></span> 
     </span>
    </p>
   </div>
   <div class='ocr_carea' id='block_1_33' title="bbox 2022 1638 3665 1710">
    <p class='ocr_par' dir='ltr' id='par_1_33' title="bbox 2022 1638 3665 1710">
     <span class='ocr_line' id='line_1_33' title="bbox 2022 1638 3665 1710; baseline 0.002 -19"><span class='ocrx_word' id='word_1_215' title='bbox 2022 1638 2214 1693; x_wconf 83' lang='lat' dir='ltr'><strong>Tristis</strong></span> <span class='ocrx_word' id='word_1_216' title='bbox 2242 1645 2322 1697; x_wconf 80' lang='lat' dir='ltr'><strong>est</strong></span> <span class='ocrx_word' id='word_1_217' title='bbox 2348 1639 2540 1694; x_wconf 86' lang='lat' dir='ltr'><strong>anima</strong></span> <span class='ocrx_word' id='word_1_218' title='bbox 2566 1654 2689 1694; x_wconf 91' lang='lat' dir='ltr'><strong>mea</strong></span> <span class='ocrx_word' id='word_1_219' title='bbox 2746 1654 2915 1710; x_wconf 83' lang='lat' dir='ltr'><strong>usque</strong></span> <span class='ocrx_word' id='word_1_220' title='bbox 2971 1638 3042 1694; x_wconf 86' lang='lat' dir='ltr'><strong>ad</strong></span> <span class='ocrx_word' id='word_1_221' title='bbox 3077 1647 3308 1695; x_wconf 83' lang='lat' dir='ltr'><strong>mortem</strong></span> <span class='ocrx_word' id='word_1_222' title='bbox 3347 1638 3517 1708; x_wconf 81' lang='lat' dir='ltr'><strong>(Ibid.</strong></span> <span class='ocrx_word' id='word_1_223' title='bbox 3549 1639 3665 1708; x_wconf 75' lang='lat'><strong>38&#39;).</strong></span> 
     </span>
    </p>
   </div>
   <div class='ocr_carea' id='block_1_34' title="bbox 2018 1726 3672 1800">
    <p class='ocr_par' dir='ltr' id='par_1_34' title="bbox 2018 1726 3672 1800">
     <span class='ocr_line' id='line_1_34' title="bbox 2018 1726 3672 1800; baseline 0.002 -19"><span class='ocrx_word' id='word_1_224' title='bbox 2018 1726 2277 1782; x_wconf 88' lang='lat' dir='ltr'><strong>Verbum</strong></span> <span class='ocrx_word' id='word_1_225' title='bbox 2335 1731 2530 1782; x_wconf 89' lang='lat' dir='ltr'><strong>autem</strong></span> <span class='ocrx_word' id='word_1_226' title='bbox 2602 1726 2858 1795; x_wconf 75' lang='lat' dir='ltr'><strong>adduxit,</strong></span> <span class='ocrx_word' id='word_1_227' title='bbox 2926 1728 3253 1785; x_wconf 89' lang='lat' dir='ltr'><strong>secundum</strong></span> <span class='ocrx_word' id='word_1_228' title='bbox 3316 1726 3672 1800; x_wconf 81' lang='lat' dir='ltr'><strong>Apostolum</strong></span> 
     </span>
    </p>
   </div>
   <div class='ocr_carea' id='block_1_35' title="bbox 2021 1814 3673 1887">
    <p class='ocr_par' dir='ltr' id='par_1_35' title="bbox 2021 1814 3673 1887">
     <span class='ocr_line' id='line_1_35' title="bbox 2021 1814 3673 1887; baseline 0.001 -17"><span class='ocrx_word' id='word_1_229' title='bbox 2021 1814 2465 1887; x_wconf 81' lang='lat' dir='ltr'><strong>intelligendum</strong></span> <span class='ocrx_word' id='word_1_230' title='bbox 2496 1819 2604 1885; x_wconf 90' lang='lat' dir='ltr'><strong>est,</strong></span> <span class='ocrx_word' id='word_1_231' title='bbox 2637 1816 2737 1887; x_wconf 90' lang='lat' dir='ltr'><strong>qui</strong></span> <span class='ocrx_word' id='word_1_232' title='bbox 2767 1816 2839 1871; x_wconf 88' lang='lat' dir='ltr'><strong>de</strong></span> <span class='ocrx_word' id='word_1_233' title='bbox 2891 1821 3005 1873; x_wconf 92' lang='lat' dir='ltr'><strong>Deo</strong></span> <span class='ocrx_word' id='word_1_234' title='bbox 3062 1817 3231 1873; x_wconf 87' lang='lat' dir='ltr'><strong>Patre</strong></span> <span class='ocrx_word' id='word_1_235' title='bbox 3288 1817 3369 1872; x_wconf 90' lang='lat' dir='ltr'><strong>ita</strong></span> <span class='ocrx_word' id='word_1_236' title='bbox 3397 1817 3515 1872; x_wconf 89' lang='lat' dir='ltr'><strong>ait:</strong></span> <span class='ocrx_word' id='word_1_237' title='bbox 3564 1818 3673 1885; x_wconf 81' lang='lat' dir='ltr'><strong>Qui</strong></span> 
     </span>
    </p>
   </div>
   <div class='ocr_carea' id='block_1_36' title="bbox 267 1899 3672 1980">
    <p class='ocr_par' dir='ltr' id='par_1_36' title="bbox 267 1899 3672 1980">
     <span class='ocr_line' id='line_1_36' title="bbox 267 1899 3672 1980; baseline 0.002 -27"><span class='ocrx_word' id='word_1_238' title='bbox 267 1915 375 1954; x_wconf 91' lang='lat' dir='ltr'><strong>suo</strong></span> <span class='ocrx_word' id='word_1_239' title='bbox 440 1899 811 1958; x_wconf 88' lang='lat' dir='ltr'><strong>invisibiliter</strong></span> <span class='ocrx_word' id='word_1_240' title='bbox 886 1904 1242 1962; x_wconf 87' lang='lat' dir='ltr'><strong>intrinsecus</strong></span> <span class='ocrx_word' id='word_1_241' title='bbox 1313 1912 1609 1979; x_wconf 87' lang='lat' dir='ltr'><strong>operante,</strong></span> <span class='ocrx_word' id='word_1_242' title='bbox 1679 1910 1915 1980; x_wconf 88' lang='lat' dir='ltr'><strong>adjuvet</strong></span> <span class='ocrx_word' id='word_1_243' title='bbox 2015 1907 2239 1977; x_wconf 87' lang='lat' dir='ltr'><strong>proprio</strong></span> <span class='ocrx_word' id='word_1_244' title='bbox 2269 1905 2409 1977; x_wconf 82' lang='lat' dir='ltr'><strong>Filio</strong></span> <span class='ocrx_word' id='word_1_245' title='bbox 2437 1921 2538 1961; x_wconf 85' lang='lat' dir='ltr'><strong>suo</strong></span> <span class='ocrx_word' id='word_1_246' title='bbox 2564 1920 2674 1961; x_wconf 82' lang='lat' dir='ltr'><strong>non</strong></span> <span class='ocrx_word' id='word_1_247' title='bbox 2718 1908 3006 1976; x_wconf 83' lang='lat' dir='ltr'><strong>pepercit:</strong></span> <span class='ocrx_word' id='word_1_248' title='bbox 3062 1906 3162 1962; x_wconf 85' lang='lat' dir='ltr'><strong>sed</strong></span> <span class='ocrx_word' id='word_1_249' title='bbox 3210 1921 3312 1978; x_wconf 83' lang='lat' dir='ltr'><strong>pro</strong></span> <span class='ocrx_word' id='word_1_250' title='bbox 3368 1905 3529 1962; x_wconf 81' lang='lat' dir='ltr'><strong>nobis</strong></span> <span class='ocrx_word' id='word_1_251' title='bbox 3555 1921 3672 1962; x_wconf 80' lang='lat' dir='ltr'><strong>om-</strong></span> 
     </span>
    </p>
   </div>
   <div class='ocr_carea' id='block_1_37' title="bbox 265 1990 1910 2067">
    <p class='ocr_par' dir='ltr' id='par_1_37' title="bbox 265 1990 1910 2067">
     <span class='ocr_line' id='line_1_37' title="bbox 265 1990 1910 2067; baseline 0.006 -24"><span class='ocrx_word' id='word_1_252' title='bbox 265 1990 681 2060; x_wconf 88' lang='lat' dir='ltr'><strong>parturientes.</strong></span> <span class='ocrx_word' id='word_1_253' title='bbox 716 1993 863 2057; x_wconf 89' lang='lat' dir='ltr'><strong>Quia</strong></span> <span class='ocrx_word' id='word_1_254' title='bbox 889 1994 1017 2050; x_wconf 91' lang='lat' dir='ltr'><strong>sine</strong></span> <span class='ocrx_word' id='word_1_255' title='bbox 1065 1994 1185 2067; x_wconf 90' lang='lat' dir='ltr'><strong>illo,</strong></span> <span class='ocrx_word' id='word_1_256' title='bbox 1241 1996 1441 2053; x_wconf 91' lang='lat' dir='ltr'><strong>nullus</strong></span> <span class='ocrx_word' id='word_1_257' title='bbox 1497 2014 1597 2053; x_wconf 90' lang='lat' dir='ltr'><strong>eos</strong></span> <span class='ocrx_word' id='word_1_258' title='bbox 1618 1997 1910 2054; x_wconf 87' lang='lat' dir='ltr'><strong>bonorum</strong></span> 
     </span>
    </p>
   </div>
   <div class='ocr_carea' id='block_1_38' title="bbox 266 2081 1908 2159">
    <p class='ocr_par' dir='ltr' id='par_1_38' title="bbox 266 2081 1908 2159">
     <span class='ocr_line' id='line_1_38' title="bbox 266 2081 1908 2159; baseline 0.006 -26"><span class='ocrx_word' id='word_1_259' title='bbox 266 2094 532 2150; x_wconf 88' lang='lat' dir='ltr'><strong>operum,</strong></span> <span class='ocrx_word' id='word_1_260' title='bbox 564 2098 693 2153; x_wconf 69' lang='lat' dir='ltr'><strong>quae</strong></span> <span class='ocrx_word' id='word_1_261' title='bbox 750 2081 1007 2140; x_wconf 80' lang='lat' dir='ltr'><strong>filiorum</strong></span> <span class='ocrx_word' id='word_1_262' title='bbox 1038 2086 1275 2141; x_wconf 88' lang='lat' dir='ltr'><strong>nomine</strong></span> <span class='ocrx_word' id='word_1_263' title='bbox 1330 2087 1603 2158; x_wconf 88' lang='lat' dir='ltr'><strong>superius</strong></span> <span class='ocrx_word' id='word_1_264' title='bbox 1631 2086 1908 2159; x_wconf 82' lang='lat' dir='ltr'><strong>diximus,</strong></span> 
     </span>
    </p>
   </div>
   <div class='ocr_carea' id='block_1_39' title="bbox 267 2169 1910 2247">
    <p class='ocr_par' dir='ltr' id='par_1_39' title="bbox 267 2169 1910 2247">
     <span class='ocr_line' id='line_1_39' title="bbox 267 2169 1910 2247; baseline 0.005 -24"><span class='ocrx_word' id='word_1_265' title='bbox 267 2169 661 2241; x_wconf 88' lang='lat' dir='ltr'><strong>subsequetur</strong></span> <span class='ocrx_word' id='word_1_266' title='bbox 692 2171 951 2231; x_wconf 75' lang='lat' dir='ltr'><strong>effectus.</strong></span> <span class='ocrx_word' id='word_1_267' title='bbox 985 2175 1113 2246; x_wconf 90' lang='lat' dir='ltr'><strong>Ipso</strong></span> <span class='ocrx_word' id='word_1_268' title='bbox 1146 2175 1327 2247; x_wconf 86' lang='lat' dir='ltr'><strong>igitur</strong></span> <span class='ocrx_word' id='word_1_269' title='bbox 1367 2175 1651 2232; x_wconf 87' lang='lat' dir='ltr'><strong>charitate</strong></span> <span class='ocrx_word' id='word_1_270' title='bbox 1681 2176 1910 2233; x_wconf 89' lang='lat' dir='ltr'><strong>miseri-</strong></span> 
     </span>
    </p>
   </div>
   <div class='ocr_carea' id='block_1_40' title="bbox 2018 1992 3671 2064">
    <p class='ocr_par' dir='ltr' id='par_1_40' title="bbox 2018 1992 3671 2064">
     <span class='ocr_line' id='line_1_40' title="bbox 2018 1992 3671 2064; baseline 0.001 -15"><span class='ocrx_word' id='word_1_271' title='bbox 2018 1994 2181 2049; x_wconf 81' lang='lat' dir='ltr'><strong>nibus</strong></span> <span class='ocrx_word' id='word_1_272' title='bbox 2206 1993 2439 2050; x_wconf 84' lang='lat' dir='ltr'><strong>tradidit</strong></span> <span class='ocrx_word' id='word_1_273' title='bbox 2466 1992 2636 2048; x_wconf 85' lang='lat' dir='ltr'><strong>illum</strong></span> <span class='ocrx_word' id='word_1_274' title='bbox 2665 1994 2840 2062; x_wconf 84' lang='lat' dir='ltr'><strong>(Rom.</strong></span> <span class='ocrx_word' id='word_1_275' title='bbox 2872 2010 2997 2063; x_wconf 82' lang='lat' dir='ltr'><strong>VIII,</strong></span> <span class='ocrx_word' id='word_1_276' title='bbox 3024 1994 3137 2064; x_wconf 84' lang='lat'><strong>32).</strong></span> <span class='ocrx_word' id='word_1_277' title='bbox 3197 1994 3324 2051; x_wconf 90' lang='lat' dir='ltr'><strong>Non</strong></span> <span class='ocrx_word' id='word_1_278' title='bbox 3379 1994 3540 2051; x_wconf 90' lang='lat' dir='ltr'><strong>enim</strong></span> <span class='ocrx_word' id='word_1_279' title='bbox 3570 2011 3671 2052; x_wconf 92' lang='lat' dir='ltr'><strong>no-</strong></span> 
     </span>
    </p>
   </div>
   <div class='ocr_carea' id='block_1_41' title="bbox 2019 2082 3673 2140">
    <p class='ocr_par' dir='ltr' id='par_1_41' title="bbox 2019 2082 3673 2140">
     <span class='ocr_line' id='line_1_41' title="bbox 2019 2082 3673 2140; baseline 0.001 -2"><span class='ocrx_word' id='word_1_280' title='bbox 2019 2082 2146 2140; x_wconf 87' lang='lat' dir='ltr'><strong>lens</strong></span> <span class='ocrx_word' id='word_1_281' title='bbox 2178 2083 2430 2139; x_wconf 89' lang='lat' dir='ltr'><strong>traditus</strong></span> <span class='ocrx_word' id='word_1_282' title='bbox 2459 2087 2548 2140; x_wconf 89' lang='lat' dir='ltr'><strong>est</strong></span> <span class='ocrx_word' id='word_1_283' title='bbox 2575 2082 2637 2138; x_wconf 91' lang='lat' dir='ltr'><strong>in</strong></span> <span class='ocrx_word' id='word_1_284' title='bbox 2669 2086 2939 2139; x_wconf 90' lang='lat' dir='ltr'><strong>mortem.</strong></span> <span class='ocrx_word' id='word_1_285' title='bbox 2998 2082 3129 2140; x_wconf 84' lang='lat' dir='ltr'><strong>Alio</strong></span> <span class='ocrx_word' id='word_1_286' title='bbox 3187 2082 3314 2140; x_wconf 91' lang='lat' dir='ltr'><strong>loco</strong></span> <span class='ocrx_word' id='word_1_287' title='bbox 3373 2084 3447 2140; x_wconf 90' lang='lat' dir='ltr'><strong>de</strong></span> <span class='ocrx_word' id='word_1_288' title='bbox 3474 2083 3673 2140; x_wconf 81' lang='lat' dir='ltr'><strong>Salva-</strong></span> 
     </span>
    </p>
   </div>
   <div class='ocr_carea' id='block_1_42' title="bbox 2019 2171 3671 2246">
    <p class='ocr_par' dir='ltr' id='par_1_42' title="bbox 2019 2171 3671 2246">
     <span class='ocr_line' id='line_1_42' title="bbox 2019 2171 3671 2246; baseline 0.002 -19"><span class='ocrx_word' id='word_1_289' title='bbox 2019 2177 2145 2229; x_wconf 89' lang='lat' dir='ltr'><strong>tore</strong></span> <span class='ocrx_word' id='word_1_290' title='bbox 2200 2172 2356 2227; x_wconf 89' lang='lat' dir='ltr'><strong>idem</strong></span> <span class='ocrx_word' id='word_1_291' title='bbox 2410 2171 2727 2244; x_wconf 85' lang='lat' dir='ltr'><strong>Apostolus</strong></span> <span class='ocrx_word' id='word_1_292' title='bbox 2779 2171 2960 2234; x_wconf 78' lang='lat' dir='ltr'><strong>dicit:</strong></span> <span class='ocrx_word' id='word_1_293' title='bbox 3019 2173 3124 2241; x_wconf 89' lang='lat' dir='ltr'><strong>Qui</strong></span> <span class='ocrx_word' id='word_1_294' title='bbox 3174 2189 3231 2230; x_wconf 86' lang='lat' dir='ltr'><strong>se</strong></span> <span class='ocrx_word' id='word_1_295' title='bbox 3288 2172 3523 2231; x_wconf 82' lang='lat' dir='ltr'><strong>tradidit</strong></span> <span class='ocrx_word' id='word_1_296' title='bbox 3564 2189 3671 2246; x_wconf 83' lang='lat' dir='ltr'><strong>pro</strong></span> 
     </span>
    </p>
   </div>
   <div class='ocr_carea' id='block_1_43' title="bbox 265 2259 2974 2336">
    <p class='ocr_par' dir='ltr' id='par_1_43' title="bbox 265 2259 2974 2336">
     <span class='ocr_line' id='line_1_43' title="bbox 265 2259 2974 2336; baseline 0.001 -24"><span class='ocrx_word' id='word_1_297' title='bbox 265 2259 473 2314; x_wconf 81' lang='lat' dir='ltr'><strong>cordias</strong></span> <span class='ocrx_word' id='word_1_298' title='bbox 532 2276 674 2331; x_wconf 80' lang='lat' dir='ltr'><strong>suae,</strong></span> <span class='ocrx_word' id='word_1_299' title='bbox 737 2277 855 2332; x_wconf 88' lang='lat' dir='ltr'><strong>qua</strong></span> <span class='ocrx_word' id='word_1_300' title='bbox 913 2279 1020 2319; x_wconf 91' lang='lat' dir='ltr'><strong>nos</strong></span> <span class='ocrx_word' id='word_1_301' title='bbox 1078 2264 1329 2319; x_wconf 88' lang='lat' dir='ltr'><strong>multum</strong></span> <span class='ocrx_word' id='word_1_302' title='bbox 1380 2264 1599 2335; x_wconf 84' lang='lat' dir='ltr'><strong>dilexit,</strong></span> <span class='ocrx_word' id='word_1_303' title='bbox 1668 2281 1770 2336; x_wconf 89' lang='lat' dir='ltr'><strong>per</strong></span> <span class='ocrx_word' id='word_1_304' title='bbox 1802 2266 1911 2322; x_wconf 91' lang='lat' dir='ltr'><strong>hoc</strong></span> <span class='ocrx_word' id='word_1_305' title='bbox 2013 2264 2251 2334; x_wconf 74' lang='lat' dir='ltr'><strong>peccatis</strong></span> <span class='ocrx_word' id='word_1_306' title='bbox 2280 2263 2487 2318; x_wconf 81' lang='lat' dir='ltr'><strong>nostris</strong></span> <span class='ocrx_word' id='word_1_307' title='bbox 2516 2262 2733 2330; x_wconf 84' lang='lat' dir='ltr'><strong>(Galat.</strong></span> <span class='ocrx_word' id='word_1_308' title='bbox 2769 2278 2830 2331; x_wconf 90' lang='lat' dir='ltr'><strong>II,</strong></span> <span class='ocrx_word' id='word_1_309' title='bbox 2862 2262 2974 2330; x_wconf 82' lang='lat'><strong>20).</strong></span> 
     </span>
    </p>
   </div>
   <div class='ocr_carea' id='block_1_44' title="bbox 269 2347 1909 2425">
    <p class='ocr_par' dir='ltr' id='par_1_44' title="bbox 269 2347 1909 2425">
     <span class='ocr_line' id='line_1_44' title="bbox 269 2347 1909 2425; baseline 0.004 -24"><span class='ocrx_word' id='word_1_310' title='bbox 269 2347 663 2404; x_wconf 90' lang='lat' dir='ltr'><strong>ministerium</strong></span> <span class='ocrx_word' id='word_1_311' title='bbox 694 2350 1064 2419; x_wconf 90' lang='lat' dir='ltr'><strong>observante,</strong></span> <span class='ocrx_word' id='word_1_312' title='bbox 1111 2356 1168 2407; x_wconf 91' lang='lat' dir='ltr'><strong>et</strong></span> <span class='ocrx_word' id='word_1_313' title='bbox 1196 2353 1413 2423; x_wconf 89' lang='lat' dir='ltr'><strong>pietate</strong></span> <span class='ocrx_word' id='word_1_314' title='bbox 1461 2354 1591 2425; x_wconf 82' lang='lat' dir='ltr'><strong>ejus</strong></span> <span class='ocrx_word' id='word_1_315' title='bbox 1639 2355 1909 2410; x_wconf 88' lang='lat' dir='ltr'><strong>obstetri-</strong></span> 
     </span>
    </p>
   </div>
   <div class='ocr_carea' id='block_1_45' title="bbox 270 2437 1907 2513">
    <p class='ocr_par' dir='ltr' id='par_1_45' title="bbox 270 2437 1907 2513">
     <span class='ocr_line' id='line_1_45' title="bbox 270 2437 1907 2513; baseline 0.007 -25"><span class='ocrx_word' id='word_1_316' title='bbox 270 2440 458 2502; x_wconf 83' lang='lat' dir='ltr'><strong>cante,</strong></span> <span class='ocrx_word' id='word_1_317' title='bbox 491 2440 557 2490; x_wconf 89' lang='lat' dir='ltr'><strong>ut</strong></span> <span class='ocrx_word' id='word_1_318' title='bbox 587 2437 796 2492; x_wconf 65' lang='lat' dir='ltr'><strong>animae</strong></span> <span class='ocrx_word' id='word_1_319' title='bbox 851 2446 1063 2495; x_wconf 72' lang='lat' dir='ltr'><strong>sanctae</strong></span> <span class='ocrx_word' id='word_1_320' title='bbox 1120 2440 1461 2512; x_wconf 88' lang='lat' dir='ltr'><strong>hujusmodi</strong></span> <span class='ocrx_word' id='word_1_321' title='bbox 1522 2444 1677 2499; x_wconf 84' lang='lat' dir='ltr'><strong>fetus</strong></span> <span class='ocrx_word' id='word_1_322' title='bbox 1711 2443 1907 2513; x_wconf 90' lang='lat' dir='ltr'><strong>edant,</strong></span> 
     </span>
    </p>
   </div>
   <div class='ocr_carea' id='block_1_46' title="bbox 270 2522 1912 2593">
    <p class='ocr_par' dir='ltr' id='par_1_46' title="bbox 270 2522 1912 2593">
     <span class='ocr_line' id='line_1_46' title="bbox 270 2522 1912 2593; baseline 0.006 -14"><span class='ocrx_word' id='word_1_323' title='bbox 270 2522 538 2579; x_wconf 90' lang='lat' dir='ltr'><strong>educitur</strong></span> <span class='ocrx_word' id='word_1_324' title='bbox 562 2525 634 2583; x_wconf 86' lang='lat' dir='ltr'><strong>ab</strong></span> <span class='ocrx_word' id='word_1_325' title='bbox 665 2525 769 2593; x_wconf 90' lang='lat' dir='ltr'><strong>eis,</strong></span> <span class='ocrx_word' id='word_1_326' title='bbox 802 2531 859 2581; x_wconf 84' lang='lat' dir='ltr'><strong>et</strong></span> <span class='ocrx_word' id='word_1_327' title='bbox 887 2528 958 2582; x_wconf 92' lang='lat' dir='ltr'><strong>de</strong></span> <span class='ocrx_word' id='word_1_328' title='bbox 987 2528 1264 2585; x_wconf 90' lang='lat' dir='ltr'><strong>cordibus</strong></span> <span class='ocrx_word' id='word_1_329' title='bbox 1320 2546 1522 2586; x_wconf 90' lang='lat' dir='ltr'><strong>earum</strong></span> <span class='ocrx_word' id='word_1_330' title='bbox 1581 2532 1912 2589; x_wconf 82' lang='lat' dir='ltr'><strong>excluditur</strong></span> 
     </span>
    </p>
   </div>
   <div class='ocr_carea' id='block_1_47' title="bbox 269 2612 1817 2689">
    <p class='ocr_par' dir='ltr' id='par_1_47' title="bbox 269 2612 1817 2689">
     <span class='ocr_line' id='line_1_47' title="bbox 269 2612 1817 2689; baseline 0.007 -22"><span class='ocrx_word' id='word_1_331' title='bbox 269 2612 388 2679; x_wconf 88' lang='lat' dir='ltr'><strong>ille,</strong></span> <span class='ocrx_word' id='word_1_332' title='bbox 420 2613 476 2668; x_wconf 92' lang='lat' dir='ltr'><strong>in</strong></span> <span class='ocrx_word' id='word_1_333' title='bbox 512 2630 628 2685; x_wconf 91' lang='lat' dir='ltr'><strong>quo</strong></span> <span class='ocrx_word' id='word_1_334' title='bbox 660 2614 804 2671; x_wconf 90' lang='lat' dir='ltr'><strong>nihil</strong></span> <span class='ocrx_word' id='word_1_335' title='bbox 836 2620 926 2673; x_wconf 90' lang='lat' dir='ltr'><strong>est</strong></span> <span class='ocrx_word' id='word_1_336' title='bbox 952 2623 1198 2689; x_wconf 89' lang='lat' dir='ltr'><strong>rectum,</strong></span> <span class='ocrx_word' id='word_1_337' title='bbox 1231 2619 1468 2676; x_wconf 90' lang='lat' dir='ltr'><strong>coluber</strong></span> <span class='ocrx_word' id='word_1_338' title='bbox 1496 2625 1817 2678; x_wconf 88' lang='lat' dir='ltr'><strong>tortuosus.</strong></span> 
     </span>
    </p>
   </div>
   <div class='ocr_carea' id='block_1_48' title="bbox 347 2702 1910 2782">
    <p class='ocr_par' dir='ltr' id='par_1_48' title="bbox 347 2702 1910 2782">
     <span class='ocr_line' id='line_1_48' title="bbox 347 2702 1910 2782; baseline 0.004 -27"><span class='ocrx_word' id='word_1_339' title='bbox 347 2724 368 2751; x_wconf 70' lang='grc' dir='ltr'><strong><em>α</em></strong></span> <span class='ocrx_word' id='word_1_340' title='bbox 405 2702 548 2759; x_wconf 89' lang='lat' dir='ltr'><strong>Ecce</strong></span> <span class='ocrx_word' id='word_1_341' title='bbox 577 2702 699 2760; x_wconf 66' lang='lat' dir='ltr'><strong>haec</strong></span> <span class='ocrx_word' id='word_1_342' title='bbox 728 2720 798 2760; x_wconf 84' lang='lat' dir='ltr'><strong>ex</strong></span> <span class='ocrx_word' id='word_1_343' title='bbox 829 2710 992 2778; x_wconf 86' lang='lat' dir='ltr'><strong>parte</strong></span> <span class='ocrx_word' id='word_1_344' title='bbox 1037 2707 1193 2763; x_wconf 89' lang='lat' dir='ltr'><strong>dicta</strong></span> <span class='ocrx_word' id='word_1_345' title='bbox 1244 2713 1384 2764; x_wconf 90' lang='lat' dir='ltr'><strong>sunt</strong></span> <span class='ocrx_word' id='word_1_346' title='bbox 1439 2710 1666 2766; x_wconf 87' lang='lat' dir='ltr'><strong>viarum</strong></span> <span class='ocrx_word' id='word_1_347' title='bbox 1697 2712 1846 2782; x_wconf 89' lang='lat' dir='ltr'><strong>ejus.</strong></span> <span class='ocrx_word' id='word_1_348' title='bbox 1880 2734 1910 2762; x_wconf 89' lang='lat'><strong>»</strong></span> 
     </span>
    </p>
   </div>
   <div class='ocr_carea' id='block_1_49' title="bbox 270 2791 1915 2873">
    <p class='ocr_par' dir='ltr' id='par_1_49' title="bbox 270 2791 1915 2873">
     <span class='ocr_line' id='line_1_49' title="bbox 270 2791 1915 2873; baseline 0.007 -27"><span class='ocrx_word' id='word_1_349' title='bbox 270 2791 365 2847; x_wconf 82' lang='lat' dir='ltr'><strong>Hae</strong></span> <span class='ocrx_word' id='word_1_350' title='bbox 398 2798 541 2850; x_wconf 86' lang='lat' dir='ltr'><strong>sunt</strong></span> <span class='ocrx_word' id='word_1_351' title='bbox 567 2792 669 2850; x_wconf 71' lang='lat' dir='ltr'><strong>viis</strong></span> <span class='ocrx_word' id='word_1_352' title='bbox 700 2794 951 2864; x_wconf 90' lang='lat' dir='ltr'><strong>Domini,</strong></span> <span class='ocrx_word' id='word_1_353' title='bbox 981 2798 1053 2853; x_wconf 91' lang='lat' dir='ltr'><strong>de</strong></span> <span class='ocrx_word' id='word_1_354' title='bbox 1080 2798 1299 2868; x_wconf 86' lang='lat' dir='ltr'><strong>quibus</strong></span> <span class='ocrx_word' id='word_1_355' title='bbox 1348 2800 1473 2871; x_wconf 90' lang='lat' dir='ltr'><strong>ipse</strong></span> <span class='ocrx_word' id='word_1_356' title='bbox 1521 2799 1780 2856; x_wconf 89' lang='lat' dir='ltr'><strong>Salvator</strong></span> <span class='ocrx_word' id='word_1_357' title='bbox 1811 2817 1915 2873; x_wconf 90' lang='lat' dir='ltr'><strong>per</strong></span> 
     </span>
    </p>
   </div>
   <div class='ocr_carea' id='block_1_50' title="bbox 272 2882 1909 2963">
    <p class='ocr_par' dir='ltr' id='par_1_50' title="bbox 272 2882 1909 2963">
     <span class='ocr_line' id='line_1_50' title="bbox 272 2882 1909 2963; baseline 0.005 -25"><span class='ocrx_word' id='word_1_358' title='bbox 272 2882 642 2940; x_wconf 86' lang='lat' dir='ltr'><strong>Salomonem</strong></span> <span class='ocrx_word' id='word_1_359' title='bbox 673 2886 776 2953; x_wconf 90' lang='lat' dir='ltr'><strong>ait,</strong></span> <span class='ocrx_word' id='word_1_360' title='bbox 811 2901 946 2941; x_wconf 91' lang='lat' dir='ltr'><strong>cum</strong></span> <span class='ocrx_word' id='word_1_361' title='bbox 1001 2888 1075 2942; x_wconf 92' lang='lat' dir='ltr'><strong>de</strong></span> <span class='ocrx_word' id='word_1_362' title='bbox 1105 2904 1215 2945; x_wconf 90' lang='lat' dir='ltr'><strong>sua</strong></span> <span class='ocrx_word' id='word_1_363' title='bbox 1271 2890 1573 2946; x_wconf 88' lang='lat' dir='ltr'><strong>nativitate</strong></span> <span class='ocrx_word' id='word_1_364' title='bbox 1609 2890 1909 2963; x_wconf 69' lang='lat' dir='ltr'><strong>praedixit:</strong></span> 
     </span>
    </p>
   </div>
   <div class='ocr_carea' id='block_1_51' title="bbox 268 2974 1915 3050">
    <p class='ocr_par' dir='ltr' id='par_1_51' title="bbox 268 2974 1915 3050">
     <span class='ocr_line' id='line_1_51' title="bbox 268 2974 1915 3050; baseline 0.005 -22"><span class='ocrx_word' id='word_1_365' title='bbox 268 2974 534 3031; x_wconf 77' lang='lat' dir='ltr'><strong>Dominus</strong></span> <span class='ocrx_word' id='word_1_366' title='bbox 561 2978 766 3032; x_wconf 79' lang='lat' dir='ltr'><strong>creavit</strong></span> <span class='ocrx_word' id='word_1_367' title='bbox 792 2992 881 3032; x_wconf 88' lang='lat' dir='ltr'><strong>me</strong></span> <span class='ocrx_word' id='word_1_368' title='bbox 911 2978 975 3032; x_wconf 84' lang='lat' dir='ltr'><strong>in</strong></span> <span class='ocrx_word' id='word_1_369' title='bbox 1011 2979 1283 3050; x_wconf 85' lang='lat' dir='ltr'><strong>principio</strong></span> <span class='ocrx_word' id='word_1_370' title='bbox 1330 2980 1549 3035; x_wconf 85' lang='lat' dir='ltr'><strong>viarum</strong></span> <span class='ocrx_word' id='word_1_371' title='bbox 1596 2996 1824 3035; x_wconf 84' lang='lat' dir='ltr'><strong>suarum</strong></span> <span class='ocrx_word' id='word_1_372' title='bbox 1853 2982 1915 3036; x_wconf 86' lang='lat' dir='ltr'><strong>in</strong></span> 
     </span>
    </p>
   </div>
   <div class='ocr_carea' id='block_1_52' title="bbox 268 3065 1913 3143">
    <p class='ocr_par' dir='ltr' id='par_1_52' title="bbox 268 3065 1913 3143">
     <span class='ocr_line' id='line_1_52' title="bbox 268 3065 1913 3143; baseline 0.004 -24"><span class='ocrx_word' id='word_1_373' title='bbox 268 3079 434 3133; x_wconf 85' lang='lat' dir='ltr'><strong>opera</strong></span> <span class='ocrx_word' id='word_1_374' title='bbox 457 3080 554 3120; x_wconf 86' lang='lat' dir='ltr'><strong>sua</strong></span> <span class='ocrx_word' id='word_1_375' title='bbox 587 3065 776 3136; x_wconf 84' lang='lat' dir='ltr'><strong>(Prov.</strong></span> <span class='ocrx_word' id='word_1_376' title='bbox 809 3082 931 3133; x_wconf 88' lang='lat' dir='ltr'><strong>v111,</strong></span> <span class='ocrx_word' id='word_1_377' title='bbox 990 3068 1103 3139; x_wconf 81' lang='lat'><strong>22).</strong></span> <span class='ocrx_word' id='word_1_378' title='bbox 1163 3068 1402 3124; x_wconf 89' lang='lat' dir='ltr'><strong>Creatus</strong></span> <span class='ocrx_word' id='word_1_379' title='bbox 1458 3072 1548 3125; x_wconf 88' lang='lat' dir='ltr'><strong>est</strong></span> <span class='ocrx_word' id='word_1_380' title='bbox 1604 3085 1740 3143; x_wconf 87' lang='lat' dir='ltr'><strong>ergo</strong></span> <span class='ocrx_word' id='word_1_381' title='bbox 1788 3069 1913 3143; x_wconf 91' lang='lat' dir='ltr'><strong>ipse</strong></span> 
     </span>
    </p>
   </div>
   <div class='ocr_carea' id='block_1_53' title="bbox 270 3133 1984 3229">
    <p class='ocr_par' dir='ltr' id='par_1_53' title="bbox 270 3133 1984 3229">
     <span class='ocr_line' id='line_1_53' title="bbox 270 3133 1984 3229; baseline 0.005 -23"><span class='ocrx_word' id='word_1_382' title='bbox 270 3152 558 3207; x_wconf 88' lang='lat' dir='ltr'><strong>Dominus</strong></span> <span class='ocrx_word' id='word_1_383' title='bbox 596 3133 784 3210; x_wconf 15' lang='lat' dir='ltr'><strong>vJesus</strong></span> <span class='ocrx_word' id='word_1_384' title='bbox 833 3133 1100 3211; x_wconf 79' lang='lat' dir='ltr'><strong>Christus</strong></span> <span class='ocrx_word' id='word_1_385' title='bbox 1157 3173 1260 3229; x_wconf 88' lang='lat' dir='ltr'><strong>per</strong></span> <span class='ocrx_word' id='word_1_386' title='bbox 1319 3162 1497 3213; x_wconf 91' lang='lat' dir='ltr'><strong>Deum</strong></span> <span class='ocrx_word' id='word_1_387' title='bbox 1557 3133 1984 3228; x_wconf 48' lang='grc' dir='ltr'><strong>Ρειῐῖθωίθχα</strong></span> 
     </span>
    </p>
   </div>
   <div class='ocr_carea' id='block_1_54' title="bbox 269 3241 1911 3315">
    <p class='ocr_par' dir='ltr' id='par_1_54' title="bbox 269 3241 1911 3315">
     <span class='ocr_line' id='line_1_54' title="bbox 269 3241 1911 3315; baseline 0.005 -19"><span class='ocrx_word' id='word_1_388' title='bbox 269 3241 453 3297; x_wconf 88' lang='lat' dir='ltr'><strong>Maria</strong></span> <span class='ocrx_word' id='word_1_389' title='bbox 516 3242 758 3315; x_wconf 88' lang='lat' dir='ltr'><strong>virgine,</strong></span> <span class='ocrx_word' id='word_1_390' title='bbox 792 3247 860 3299; x_wconf 90' lang='lat' dir='ltr'><strong>ad</strong></span> <span class='ocrx_word' id='word_1_391' title='bbox 904 3246 1296 3303; x_wconf 81' lang='lat' dir='ltr'><strong>ostendendae</strong></span> <span class='ocrx_word' id='word_1_392' title='bbox 1343 3252 1403 3304; x_wconf 89' lang='lat' dir='ltr'><strong>et</strong></span> <span class='ocrx_word' id='word_1_393' title='bbox 1449 3248 1911 3305; x_wconf 80' lang='lat' dir='ltr'><strong>manifestandas</strong></span> 
     </span>
    </p>
   </div>
   <div class='ocr_carea' id='block_1_55' title="bbox 272 3333 1912 3408">
    <p class='ocr_par' dir='ltr' id='par_1_55' title="bbox 272 3333 1912 3408">
     <span class='ocr_line' id='line_1_55' title="bbox 272 3333 1912 3408; baseline 0.004 -22"><span class='ocrx_word' id='word_1_394' title='bbox 272 3333 686 3388; x_wconf 86' lang='lat' dir='ltr'><strong>mandatorum</strong></span> <span class='ocrx_word' id='word_1_395' title='bbox 717 3333 860 3401; x_wconf 90' lang='lat' dir='ltr'><strong>vias,</strong></span> <span class='ocrx_word' id='word_1_396' title='bbox 892 3350 926 3389; x_wconf 92' lang='lat' dir='ltr'><strong>a</strong></span> <span class='ocrx_word' id='word_1_397' title='bbox 954 3334 1168 3405; x_wconf 90' lang='lat' dir='ltr'><strong>quibus</strong></span> <span class='ocrx_word' id='word_1_398' title='bbox 1198 3351 1345 3408; x_wconf 91' lang='lat' dir='ltr'><strong>opus</strong></span> <span class='ocrx_word' id='word_1_399' title='bbox 1375 3336 1497 3405; x_wconf 89' lang='lat' dir='ltr'><strong>Dei,</strong></span> <span class='ocrx_word' id='word_1_400' title='bbox 1526 3337 1582 3391; x_wconf 92' lang='lat' dir='ltr'><strong>id</strong></span> <span class='ocrx_word' id='word_1_401' title='bbox 1604 3342 1710 3402; x_wconf 82' lang='lat' dir='ltr'><strong>est,</strong></span> <span class='ocrx_word' id='word_1_402' title='bbox 1738 3338 1912 3395; x_wconf 91' lang='lat' dir='ltr'><strong>homo</strong></span> 
     </span>
    </p>
   </div>
   <div class='ocr_carea' id='block_1_56' title="bbox 268 3421 654 3477">
    <p class='ocr_par' dir='ltr' id='par_1_56' title="bbox 268 3421 654 3477">
     <span class='ocr_line' id='line_1_56' title="bbox 268 3421 654 3477; baseline 0.005 -2"><span class='ocrx_word' id='word_1_403' title='bbox 268 3421 654 3477; x_wconf 88' lang='lat' dir='ltr'><strong>aberraverat.</strong></span> 
     </span>
    </p>
   </div>
   <div class='ocr_carea' id='block_1_57' title="bbox 343 3510 1911 3587">
    <p class='ocr_par' dir='ltr' id='par_1_57' title="bbox 343 3510 1911 3587">
     <span class='ocr_line' id='line_1_57' title="bbox 343 3510 1911 3587; baseline 0.006 -23"><span class='ocrx_word' id='word_1_404' title='bbox 343 3530 371 3558; x_wconf 84' lang='lat'><strong>«</strong></span> <span class='ocrx_word' id='word_1_405' title='bbox 404 3510 472 3564; x_wconf 88' lang='lat' dir='ltr'><strong>Et</strong></span> <span class='ocrx_word' id='word_1_406' title='bbox 529 3526 665 3566; x_wconf 90' lang='lat' dir='ltr'><strong>cum</strong></span> <span class='ocrx_word' id='word_1_407' title='bbox 722 3511 816 3566; x_wconf 83' lang='lat' dir='ltr'><strong>vix</strong></span> <span class='ocrx_word' id='word_1_408' title='bbox 874 3528 1114 3583; x_wconf 88' lang='lat' dir='ltr'><strong>parvam</strong></span> <span class='ocrx_word' id='word_1_409' title='bbox 1171 3513 1393 3569; x_wconf 86' lang='lat' dir='ltr'><strong>stillam</strong></span> <span class='ocrx_word' id='word_1_410' title='bbox 1452 3515 1742 3570; x_wconf 91' lang='lat' dir='ltr'><strong>sermonis</strong></span> <span class='ocrx_word' id='word_1_411' title='bbox 1784 3516 1911 3587; x_wconf 88' lang='lat' dir='ltr'><strong>ejus</strong></span> 
     </span>
    </p>
   </div>
   <div class='ocr_carea' id='block_1_58' title="bbox 269 3598 1908 3677">
    <p class='ocr_par' dir='ltr' id='par_1_58' title="bbox 269 3598 1908 3677">
     <span class='ocr_line' id='line_1_58' title="bbox 269 3598 1908 3677; baseline 0.005 -25"><span class='ocrx_word' id='word_1_412' title='bbox 269 3598 652 3654; x_wconf 88' lang='lat' dir='ltr'><strong>audierimus.</strong></span> <span class='ocrx_word' id='word_1_413' title='bbox 685 3622 715 3651; x_wconf 82' lang='lat'>»</span> <span class='ocrx_word' id='word_1_414' title='bbox 759 3600 999 3657; x_wconf 89' lang='lat' dir='ltr'><strong>Parvam</strong></span> <span class='ocrx_word' id='word_1_415' title='bbox 1042 3600 1280 3670; x_wconf 90' lang='lat' dir='ltr'><strong>stillam,</strong></span> <span class='ocrx_word' id='word_1_416' title='bbox 1316 3602 1614 3659; x_wconf 90' lang='lat' dir='ltr'><strong>hominem</strong></span> <span class='ocrx_word' id='word_1_417' title='bbox 1639 3619 1908 3677; x_wconf 87' lang='lat' dir='ltr'><strong>assump-</strong></span> 
     </span>
    </p>
   </div>
   <div class='ocr_carea' id='block_1_59' title="bbox 266 3685 1913 3763">
    <p class='ocr_par' dir='ltr' id='par_1_59' title="bbox 266 3685 1913 3763">
     <span class='ocr_line' id='line_1_59' title="bbox 266 3685 1913 3763; baseline 0.006 -23"><span class='ocrx_word' id='word_1_418' title='bbox 266 3691 394 3741; x_wconf 90' lang='lat' dir='ltr'><strong>tum</strong></span> <span class='ocrx_word' id='word_1_419' title='bbox 427 3685 848 3759; x_wconf 88' lang='lat' dir='ltr'><strong>intelligamus,</strong></span> <span class='ocrx_word' id='word_1_420' title='bbox 881 3690 1066 3762; x_wconf 91' lang='lat' dir='ltr'><strong>quiin</strong></span> <span class='ocrx_word' id='word_1_421' title='bbox 1098 3691 1324 3763; x_wconf 90' lang='lat' dir='ltr'><strong>psalmo</strong></span> <span class='ocrx_word' id='word_1_422' title='bbox 1372 3691 1710 3748; x_wconf 89' lang='lat' dir='ltr'><strong>Hcrmonim</strong></span> <span class='ocrx_word' id='word_1_423' title='bbox 1740 3710 1913 3750; x_wconf 91' lang='lat' dir='ltr'><strong>mons</strong></span> 
     </span>
    </p>
   </div>
   <div class='ocr_carea' id='block_1_60' title="bbox 271 3775 1913 3852">
    <p class='ocr_par' dir='ltr' id='par_1_60' title="bbox 271 3775 1913 3852">
     <span class='ocr_line' id='line_1_60' title="bbox 271 3775 1913 3852; baseline 0.005 -22"><span class='ocrx_word' id='word_1_424' title='bbox 271 3775 537 3831; x_wconf 90' lang='lat' dir='ltr'><strong>modicus</strong></span> <span class='ocrx_word' id='word_1_425' title='bbox 569 3776 898 3849; x_wconf 86' lang='lat' dir='ltr'><strong>appellatur</strong></span> <span class='ocrx_word' id='word_1_426' title='bbox 952 3780 1125 3852; x_wconf 89' lang='lat' dir='ltr'><strong>(Psal.</strong></span> <span class='ocrx_word' id='word_1_427' title='bbox 1184 3781 1407 3851; x_wconf 85' lang='lat' dir='ltr'><strong>x1.1,7).</strong></span> <span class='ocrx_word' id='word_1_428' title='bbox 1462 3782 1530 3837; x_wconf 89' lang='lat' dir='ltr'><strong>Et</strong></span> <span class='ocrx_word' id='word_1_429' title='bbox 1587 3782 1646 3837; x_wconf 91' lang='lat' dir='ltr'><strong>in</strong></span> <span class='ocrx_word' id='word_1_430' title='bbox 1677 3782 1913 3839; x_wconf 89' lang='lat' dir='ltr'><strong>Daniele</strong></span> 
     </span>
    </p>
   </div>
   <div class='ocr_carea' id='block_1_61' title="bbox 268 3865 1909 3944">
    <p class='ocr_par' dir='ltr' id='par_1_61' title="bbox 268 3865 1909 3944">
     <span class='ocr_line' id='line_1_61' title="bbox 268 3865 1909 3944; baseline 0.005 -24"><span class='ocrx_word' id='word_1_431' title='bbox 268 3865 420 3939; x_wconf 88' lang='lat' dir='ltr'><strong>lapis</strong></span> <span class='ocrx_word' id='word_1_432' title='bbox 449 3866 679 3925; x_wconf 82' lang='lat' dir='ltr'><strong>excisus</strong></span> <span class='ocrx_word' id='word_1_433' title='bbox 736 3868 895 3940; x_wconf 83' lang='lat' dir='ltr'><strong>(Dan.</strong></span> <span class='ocrx_word' id='word_1_434' title='bbox 929 3886 995 3937; x_wconf 89' lang='lat'><strong>11,</strong></span> <span class='ocrx_word' id='word_1_435' title='bbox 1053 3868 1165 3940; x_wconf 76' lang='grc'><strong>34),</strong></span> <span class='ocrx_word' id='word_1_436' title='bbox 1197 3874 1254 3925; x_wconf 91' lang='lat' dir='ltr'><strong>et</strong></span> <span class='ocrx_word' id='word_1_437' title='bbox 1301 3869 1586 3927; x_wconf 84' lang='lat' dir='ltr'><strong>faciculus</strong></span> <span class='ocrx_word' id='word_1_438' title='bbox 1642 3876 1818 3944; x_wconf 70' lang='lat' dir='ltr'><strong>guttae</strong></span> <span class='ocrx_word' id='word_1_439' title='bbox 1849 3872 1909 3928; x_wconf 92' lang='lat' dir='ltr'><strong>in</strong></span> 
     </span>
    </p>
   </div>
   <div class='ocr_carea' id='block_1_62' title="bbox 270 3956 1473 4031">
    <p class='ocr_par' dir='ltr' id='par_1_62' title="bbox 270 3956 1473 4031">
     <span class='ocr_line' id='line_1_62' title="bbox 270 3956 1473 4031; baseline 0.001 -17"><span class='ocrx_word' id='word_1_440' title='bbox 270 3957 506 4014; x_wconf 89' lang='lat' dir='ltr'><strong>Cantico</strong></span> <span class='ocrx_word' id='word_1_441' title='bbox 536 3956 899 4015; x_wconf 90' lang='lat' dir='ltr'><strong>canticorum</strong></span> <span class='ocrx_word' id='word_1_442' title='bbox 931 3959 1087 4031; x_wconf 81' lang='lat' dir='ltr'><strong>(Cap.</strong></span> <span class='ocrx_word' id='word_1_443' title='bbox 1120 3976 1160 4025; x_wconf 93' lang='lat'><strong>1,</strong></span> <span class='ocrx_word' id='word_1_444' title='bbox 1189 3975 1329 4015; x_wconf 88' lang='lat' dir='ltr'><strong>vers.</strong></span> <span class='ocrx_word' id='word_1_445' title='bbox 1362 3960 1473 4031; x_wconf 85' lang='grc'>42).</span> 
     </span>
    </p>
   </div>
   <div class='ocr_carea' id='block_1_63' title="bbox 339 4049 1909 4122">
    <p class='ocr_par' dir='ltr' id='par_1_63' title="bbox 339 4049 1909 4122">
     <span class='ocr_line' id='line_1_63' title="bbox 339 4049 1909 4122; baseline 0.004 -23"><span class='ocrx_word' id='word_1_446' title='bbox 339 4073 367 4099; x_wconf 70' lang='grc' dir='ltr'><strong>«ι</strong></span> <span class='ocrx_word' id='word_1_447' title='bbox 402 4049 542 4114; x_wconf 90' lang='lat' dir='ltr'><strong>Quis</strong></span> <span class='ocrx_word' id='word_1_448' title='bbox 575 4049 785 4122; x_wconf 89' lang='lat' dir='ltr'><strong>poterit</strong></span> <span class='ocrx_word' id='word_1_449' title='bbox 812 4049 1096 4106; x_wconf 89' lang='lat' dir='ltr'><strong>tonitrum</strong></span> <span class='ocrx_word' id='word_1_450' title='bbox 1155 4049 1578 4122; x_wconf 87' lang='lat' dir='ltr'><strong>magnitudinis</strong></span> <span class='ocrx_word' id='word_1_451' title='bbox 1634 4049 1795 4106; x_wconf 89' lang='lat' dir='ltr'><strong>illius</strong></span> <span class='ocrx_word' id='word_1_452' title='bbox 1820 4051 1909 4106; x_wconf 91' lang='lat' dir='ltr'><strong>in-</strong></span> 
     </span>
    </p>
   </div>
   <div class='ocr_carea' id='block_1_64' title="bbox 2092 2350 3670 2425">
    <p class='ocr_par' dir='ltr' id='par_1_64' title="bbox 2092 2350 3670 2425">
     <span class='ocr_line' id='line_1_64' title="bbox 2092 2350 3670 2425; baseline 0.004 -24"><span class='ocrx_word' id='word_1_453' title='bbox 2092 2375 2120 2401; x_wconf 90' lang='grc'><em>‹‹</em></span> <span class='ocrx_word' id='word_1_454' title='bbox 2152 2351 2298 2415; x_wconf 91' lang='lat' dir='ltr'><strong>Quia</strong></span> <span class='ocrx_word' id='word_1_455' title='bbox 2325 2351 2508 2408; x_wconf 89' lang='lat' dir='ltr'><strong>donec</strong></span> <span class='ocrx_word' id='word_1_456' title='bbox 2555 2354 2822 2424; x_wconf 88' lang='lat' dir='ltr'><strong>superest</strong></span> <span class='ocrx_word' id='word_1_457' title='bbox 2877 2350 3098 2409; x_wconf 87' lang='lat' dir='ltr'><strong>halitus</strong></span> <span class='ocrx_word' id='word_1_458' title='bbox 3153 2352 3214 2408; x_wconf 91' lang='lat' dir='ltr'><strong>in</strong></span> <span class='ocrx_word' id='word_1_459' title='bbox 3271 2368 3385 2420; x_wconf 91' lang='lat' dir='ltr'><strong>me,</strong></span> <span class='ocrx_word' id='word_1_460' title='bbox 3444 2356 3503 2408; x_wconf 86' lang='lat' dir='ltr'><strong>et</strong></span> <span class='ocrx_word' id='word_1_461' title='bbox 3548 2351 3670 2425; x_wconf 86' lang='lat' dir='ltr'><strong>spi-</strong></span> 
     </span>
    </p>
   </div>
   <div class='ocr_carea' id='block_1_65' title="bbox 2020 2439 3669 2513">
    <p class='ocr_par' dir='ltr' id='par_1_65' title="bbox 2020 2439 3669 2513">
     <span class='ocr_line' id='line_1_65' title="bbox 2020 2439 3669 2513; baseline 0.001 -17"><span class='ocrx_word' id='word_1_462' title='bbox 2020 2441 2169 2497; x_wconf 89' lang='lat' dir='ltr'><strong>ritus</strong></span> <span class='ocrx_word' id='word_1_463' title='bbox 2199 2439 2301 2497; x_wconf 90' lang='lat' dir='ltr'><strong>Dei</strong></span> <span class='ocrx_word' id='word_1_464' title='bbox 2330 2440 2391 2498; x_wconf 93' lang='lat' dir='ltr'><strong>in</strong></span> <span class='ocrx_word' id='word_1_465' title='bbox 2422 2441 2663 2497; x_wconf 90' lang='lat' dir='ltr'><strong>naribus</strong></span> <span class='ocrx_word' id='word_1_466' title='bbox 2684 2440 2853 2512; x_wconf 90' lang='lat' dir='ltr'><strong>meis,</strong></span> <span class='ocrx_word' id='word_1_467' title='bbox 2884 2456 2996 2496; x_wconf 82' lang='lat' dir='ltr'><strong>non</strong></span> <span class='ocrx_word' id='word_1_468' title='bbox 3025 2439 3516 2513; x_wconf 81' lang='lat' dir='ltr'><strong>loquenturlabia</strong></span> <span class='ocrx_word' id='word_1_469' title='bbox 3536 2458 3669 2498; x_wconf 73' lang='lat' dir='ltr'><strong>mea</strong></span> 
     </span>
    </p>
   </div>
   <div class='ocr_carea' id='block_1_66' title="bbox 2018 2528 3668 2602">
    <p class='ocr_par' dir='ltr' id='par_1_66' title="bbox 2018 2528 3668 2602">
     <span class='ocr_line' id='line_1_66' title="bbox 2018 2528 3668 2602; baseline 0.002 -19"><span class='ocrx_word' id='word_1_470' title='bbox 2018 2528 2412 2600; x_wconf 89' lang='lat' dir='ltr'><strong>iniquitatem,</strong></span> <span class='ocrx_word' id='word_1_471' title='bbox 2446 2545 2552 2585; x_wconf 90' lang='lat' dir='ltr'><strong>nec</strong></span> <span class='ocrx_word' id='word_1_472' title='bbox 2580 2529 2785 2602; x_wconf 88' lang='lat' dir='ltr'><strong>lingua</strong></span> <span class='ocrx_word' id='word_1_473' title='bbox 2839 2545 2971 2586; x_wconf 89' lang='lat' dir='ltr'><strong>mea</strong></span> <span class='ocrx_word' id='word_1_474' title='bbox 2998 2529 3377 2586; x_wconf 89' lang='lat' dir='ltr'><strong>meditabitur</strong></span> <span class='ocrx_word' id='word_1_475' title='bbox 3424 2531 3668 2588; x_wconf 85' lang='lat' dir='ltr'><strong>menda-</strong></span> 
     </span>
    </p>
   </div>
   <div class='ocr_carea' id='block_1_67' title="bbox 2021 2617 3670 2690">
    <p class='ocr_par' dir='ltr' id='par_1_67' title="bbox 2021 2617 3670 2690">
     <span class='ocr_line' id='line_1_67' title="bbox 2021 2617 3670 2690; baseline 0.001 -18"><span class='ocrx_word' id='word_1_476' title='bbox 2021 2617 2196 2673; x_wconf 89' lang='lat' dir='ltr'><strong>cium.</strong></span> <span class='ocrx_word' id='word_1_477' title='bbox 2220 2617 2387 2672; x_wconf 90' lang='lat' dir='ltr'><strong>Absit</strong></span> <span class='ocrx_word' id='word_1_478' title='bbox 2417 2634 2450 2672; x_wconf 89' lang='lat' dir='ltr'><strong>a</strong></span> <span class='ocrx_word' id='word_1_479' title='bbox 2480 2634 2574 2673; x_wconf 91' lang='lat' dir='ltr'><strong>me</strong></span> <span class='ocrx_word' id='word_1_480' title='bbox 2615 2619 2812 2689; x_wconf 88' lang='lat' dir='ltr'><strong>justos</strong></span> <span class='ocrx_word' id='word_1_481' title='bbox 2842 2634 2945 2674; x_wconf 91' lang='lat' dir='ltr'><strong>vos</strong></span> <span class='ocrx_word' id='word_1_482' title='bbox 2991 2634 3122 2675; x_wconf 90' lang='lat' dir='ltr'><strong>esse</strong></span> <span class='ocrx_word' id='word_1_483' title='bbox 3170 2619 3457 2690; x_wconf 89' lang='lat' dir='ltr'><strong>judicem.</strong></span> <span class='ocrx_word' id='word_1_484' title='bbox 3484 2642 3508 2669; x_wconf 77' lang='grc' dir='ltr'>ι</span> <span class='ocrx_word' id='word_1_485' title='bbox 3546 2623 3670 2675; x_wconf 86' lang='lat' dir='ltr'><strong>Huc</strong></span> 
     </span>
    </p>
   </div>
   <div class='ocr_carea' id='block_1_68' title="bbox 2021 2705 3667 2778">
    <p class='ocr_par' dir='ltr' id='par_1_68' title="bbox 2021 2705 3667 2778">
     <span class='ocr_line' id='line_1_68' title="bbox 2021 2705 3667 2778; baseline 0.001 -16"><span class='ocrx_word' id='word_1_486' title='bbox 2021 2711 2077 2762; x_wconf 88' lang='lat' dir='ltr'><strong>et</strong></span> <span class='ocrx_word' id='word_1_487' title='bbox 2104 2705 2248 2761; x_wconf 92' lang='lat' dir='ltr'><strong>illud</strong></span> <span class='ocrx_word' id='word_1_488' title='bbox 2268 2706 2517 2777; x_wconf 88' lang='lat' dir='ltr'><strong>pertinet</strong></span> <span class='ocrx_word' id='word_1_489' title='bbox 2547 2706 2704 2778; x_wconf 91' lang='lat' dir='ltr'><strong>quod</strong></span> <span class='ocrx_word' id='word_1_490' title='bbox 2735 2707 2807 2763; x_wconf 86' lang='lat' dir='ltr'><strong>de</strong></span> <span class='ocrx_word' id='word_1_491' title='bbox 2838 2707 3083 2763; x_wconf 90' lang='lat' dir='ltr'><strong>Domino</strong></span> <span class='ocrx_word' id='word_1_492' title='bbox 3101 2707 3162 2763; x_wconf 89' lang='lat' dir='ltr'><strong>in</strong></span> <span class='ocrx_word' id='word_1_493' title='bbox 3185 2707 3335 2765; x_wconf 88' lang='lat' dir='ltr'><strong>Isaia</strong></span> <span class='ocrx_word' id='word_1_494' title='bbox 3355 2709 3667 2765; x_wconf 86' lang='lat' dir='ltr'><strong>scribitur:</strong></span> 
     </span>
    </p>
   </div>
   <div class='ocr_carea' id='block_1_69' title="bbox 2022 2795 3668 2869">
    <p class='ocr_par' dir='ltr' id='par_1_69' title="bbox 2022 2795 3668 2869">
     <span class='ocr_line' id='line_1_69' title="bbox 2022 2795 3668 2869; baseline 0 -17"><span class='ocrx_word' id='word_1_495' title='bbox 2022 2797 2242 2864; x_wconf 83' lang='lat' dir='ltr'><strong>Quiesce</strong></span> <span class='ocrx_word' id='word_1_496' title='bbox 2273 2795 2340 2850; x_wconf 74' lang='lat' dir='ltr'><strong>ab</strong></span> <span class='ocrx_word' id='word_1_497' title='bbox 2372 2797 2610 2867; x_wconf 83' lang='lat' dir='ltr'><strong>homine,</strong></span> <span class='ocrx_word' id='word_1_498' title='bbox 2641 2796 2798 2867; x_wconf 84' lang='lat' dir='ltr'><strong>cujus</strong></span> <span class='ocrx_word' id='word_1_499' title='bbox 2851 2797 3080 2867; x_wconf 80' lang='lat' dir='ltr'><strong>spiritus</strong></span> <span class='ocrx_word' id='word_1_500' title='bbox 3136 2798 3199 2851; x_wconf 88' lang='lat' dir='ltr'><strong>in</strong></span> <span class='ocrx_word' id='word_1_501' title='bbox 3253 2798 3487 2854; x_wconf 81' lang='lat' dir='ltr'><strong>naribus</strong></span> <span class='ocrx_word' id='word_1_502' title='bbox 3526 2798 3668 2869; x_wconf 79' lang='lat' dir='ltr'><strong>ejus,</strong></span> 
     </span>
    </p>
   </div>
   <div class='ocr_carea' id='block_1_70' title="bbox 2022 2885 3672 2958">
    <p class='ocr_par' dir='ltr' id='par_1_70' title="bbox 2022 2885 3672 2958">
     <span class='ocr_line' id='line_1_70' title="bbox 2022 2885 3672 2958; baseline 0.002 -18"><span class='ocrx_word' id='word_1_503' title='bbox 2022 2886 2156 2956; x_wconf 87' lang='lat' dir='ltr'><strong>quia</strong></span> <span class='ocrx_word' id='word_1_504' title='bbox 2185 2886 2424 2940; x_wconf 70' lang='lat' dir='ltr'><strong>excelsus</strong></span> <span class='ocrx_word' id='word_1_505' title='bbox 2464 2888 2747 2956; x_wconf 86' lang='lat' dir='ltr'><strong>reputatus</strong></span> <span class='ocrx_word' id='word_1_506' title='bbox 2803 2889 2882 2941; x_wconf 90' lang='lat' dir='ltr'><strong>est</strong></span> <span class='ocrx_word' id='word_1_507' title='bbox 2910 2887 3029 2957; x_wconf 86' lang='lat' dir='ltr'><strong>ipse</strong></span> <span class='ocrx_word' id='word_1_508' title='bbox 3065 2885 3193 2958; x_wconf 88' lang='lat' dir='ltr'><strong>(Isa.</strong></span> <span class='ocrx_word' id='word_1_509' title='bbox 3253 2903 3316 2955; x_wconf 91' lang='lat' dir='ltr'><strong>II,</strong></span> <span class='ocrx_word' id='word_1_510' title='bbox 3346 2887 3462 2958; x_wconf 77' lang='lat'><strong>2‘2).</strong></span> <span class='ocrx_word' id='word_1_511' title='bbox 3494 2886 3672 2943; x_wconf 85' lang='lat' dir='ltr'><strong>Donec</strong></span> 
     </span>
    </p>
   </div>
   <div class='ocr_carea' id='block_1_71' title="bbox 2023 2973 3666 3042">
    <p class='ocr_par' dir='ltr' id='par_1_71' title="bbox 2023 2973 3666 3042">
     <span class='ocr_line' id='line_1_71' title="bbox 2023 2973 3666 3042; baseline -0.001 -12"><span class='ocrx_word' id='word_1_512' title='bbox 2023 2978 2220 3030; x_wconf 91' lang='lat' dir='ltr'><strong>autem</strong></span> <span class='ocrx_word' id='word_1_513' title='bbox 2278 2973 2638 3042; x_wconf 87' lang='lat' dir='ltr'><strong>adverbium,</strong></span> <span class='ocrx_word' id='word_1_514' title='bbox 2698 2974 3025 3030; x_wconf 85' lang='lat' dir='ltr'><strong>secundum</strong></span> <span class='ocrx_word' id='word_1_515' title='bbox 3091 2973 3249 3029; x_wconf 92' lang='lat' dir='ltr'><strong>hunc</strong></span> <span class='ocrx_word' id='word_1_516' title='bbox 3303 2973 3666 3030; x_wconf 86' lang='lat' dir='ltr'><strong>intellectum</strong></span> 
     </span>
    </p>
   </div>
   <div class='ocr_carea' id='block_1_72' title="bbox 2023 3061 3669 3137">
    <p class='ocr_par' dir='ltr' id='par_1_72' title="bbox 2023 3061 3669 3137">
     <span class='ocr_line' id='line_1_72' title="bbox 2023 3061 3669 3137; baseline -0.001 -18"><span class='ocrx_word' id='word_1_517' title='bbox 2023 3081 2138 3135; x_wconf 92' lang='lat' dir='ltr'><strong>quo</strong></span> <span class='ocrx_word' id='word_1_518' title='bbox 2169 3064 2239 3119; x_wconf 89' lang='lat' dir='ltr'><strong>de</strong></span> <span class='ocrx_word' id='word_1_519' title='bbox 2260 3062 2555 3126; x_wconf 87' lang='lat' dir='ltr'><strong>Salvatore</strong></span> <span class='ocrx_word' id='word_1_520' title='bbox 2577 3066 2776 3118; x_wconf 89' lang='lat' dir='ltr'><strong>nostro</strong></span> <span class='ocrx_word' id='word_1_521' title='bbox 2801 3063 3012 3119; x_wconf 90' lang='lat' dir='ltr'><strong>seriem</strong></span> <span class='ocrx_word' id='word_1_522' title='bbox 3062 3061 3458 3137; x_wconf 64' lang='lat' dir='ltr'><strong>intelligentia</strong></span> <span class='ocrx_word' id='word_1_523' title='bbox 3489 3062 3669 3135; x_wconf 87' lang='lat' dir='ltr'><strong>hujus</strong></span> 
     </span>
    </p>
   </div>
   <div class='ocr_carea' id='block_1_73' title="bbox 2022 3151 3668 3227">
    <p class='ocr_par' dir='ltr' id='par_1_73' title="bbox 2022 3151 3668 3227">
     <span class='ocr_line' id='line_1_73' title="bbox 2022 3151 3668 3227; baseline -0.001 -18"><span class='ocrx_word' id='word_1_524' title='bbox 2022 3152 2339 3219; x_wconf 87' lang='lat' dir='ltr'><strong>texuimus,</strong></span> <span class='ocrx_word' id='word_1_525' title='bbox 2377 3168 2491 3208; x_wconf 92' lang='lat' dir='ltr'><strong>non</strong></span> <span class='ocrx_word' id='word_1_526' title='bbox 2522 3152 2615 3227; x_wconf 83' lang='lat' dir='ltr'><strong>ita</strong></span> <span class='ocrx_word' id='word_1_527' title='bbox 2634 3155 2699 3206; x_wconf 89' lang='lat' dir='ltr'><strong>ut</strong></span> <span class='ocrx_word' id='word_1_528' title='bbox 2755 3155 2925 3207; x_wconf 89' lang='lat' dir='ltr'><strong>sonat</strong></span> <span class='ocrx_word' id='word_1_529' title='bbox 2978 3151 3201 3208; x_wconf 88' lang='lat' dir='ltr'><strong>dictum</strong></span> <span class='ocrx_word' id='word_1_530' title='bbox 3240 3152 3668 3219; x_wconf 88' lang='lat' dir='ltr'><strong>existimemus,</strong></span> 
     </span>
    </p>
   </div>
   <div class='ocr_carea' id='block_1_74' title="bbox 2020 3239 3670 3314">
    <p class='ocr_par' dir='ltr' id='par_1_74' title="bbox 2020 3239 3670 3314">
     <span class='ocr_line' id='line_1_74' title="bbox 2020 3239 3670 3314; baseline -0.001 -17"><span class='ocrx_word' id='word_1_531' title='bbox 2020 3247 2305 3314; x_wconf 82' lang='lat' dir='ltr'><strong>tanquam</strong></span> <span class='ocrx_word' id='word_1_532' title='bbox 2328 3239 2556 3308; x_wconf 86' lang='lat' dir='ltr'><strong>dixerit,</strong></span> <span class='ocrx_word' id='word_1_533' title='bbox 2573 3240 2964 3313; x_wconf 90' lang='lat' dir='ltr'><strong>Quoadusque</strong></span> <span class='ocrx_word' id='word_1_534' title='bbox 2986 3243 3076 3296; x_wconf 90' lang='lat' dir='ltr'><strong>est</strong></span> <span class='ocrx_word' id='word_1_535' title='bbox 3108 3239 3470 3297; x_wconf 70' lang='lat' dir='ltr'><strong>halitusvitaa</strong></span> <span class='ocrx_word' id='word_1_536' title='bbox 3488 3240 3670 3313; x_wconf 87' lang='lat' dir='ltr'><strong>hujus</strong></span> 
     </span>
    </p>
   </div>
   <div class='ocr_carea' id='block_1_75' title="bbox 2021 3327 3670 3401">
    <p class='ocr_par' dir='ltr' id='par_1_75' title="bbox 2021 3327 3670 3401">
     <span class='ocr_line' id='line_1_75' title="bbox 2021 3327 3670 3401; baseline 0 -16"><span class='ocrx_word' id='word_1_537' title='bbox 2021 3330 2081 3385; x_wconf 93' lang='lat' dir='ltr'><strong>in</strong></span> <span class='ocrx_word' id='word_1_538' title='bbox 2114 3347 2229 3399; x_wconf 91' lang='lat' dir='ltr'><strong>me,</strong></span> <span class='ocrx_word' id='word_1_539' title='bbox 2261 3328 2318 3385; x_wconf 93' lang='lat' dir='ltr'><strong>id</strong></span> <span class='ocrx_word' id='word_1_540' title='bbox 2350 3333 2457 3398; x_wconf 89' lang='lat' dir='ltr'><strong>est,</strong></span> <span class='ocrx_word' id='word_1_541' title='bbox 2493 3333 2806 3401; x_wconf 90' lang='lat' dir='ltr'><strong>antequam</strong></span> <span class='ocrx_word' id='word_1_542' title='bbox 2867 3327 3123 3398; x_wconf 87' lang='lat' dir='ltr'><strong>moriar;</strong></span> <span class='ocrx_word' id='word_1_543' title='bbox 3182 3330 3283 3386; x_wconf 89' lang='lat' dir='ltr'><strong>sed</strong></span> <span class='ocrx_word' id='word_1_544' title='bbox 3337 3329 3526 3397; x_wconf 83' lang='lat' dir='ltr'><strong>donec,</strong></span> <span class='ocrx_word' id='word_1_545' title='bbox 3567 3345 3670 3401; x_wconf 90' lang='lat' dir='ltr'><strong>pro</strong></span> 
     </span>
    </p>
   </div>
   <div class='ocr_carea' id='block_1_76' title="bbox 2018 3417 3667 3492">
    <p class='ocr_par' dir='ltr' id='par_1_76' title="bbox 2018 3417 3667 3492">
     <span class='ocr_line' id='line_1_76' title="bbox 2018 3417 3667 3492; baseline 0.001 -17"><span class='ocrx_word' id='word_1_546' title='bbox 2018 3435 2232 3492; x_wconf 83' lang='lat' dir='ltr'><strong>semper</strong></span> <span class='ocrx_word' id='word_1_547' title='bbox 2261 3422 2435 3490; x_wconf 91' lang='lat' dir='ltr'><strong>atque</strong></span> <span class='ocrx_word' id='word_1_548' title='bbox 2473 3422 2734 3490; x_wconf 89' lang='lat' dir='ltr'><strong>perpetuo</strong></span> <span class='ocrx_word' id='word_1_549' title='bbox 2760 3417 2869 3473; x_wconf 89' lang='lat' dir='ltr'><strong>hoc</strong></span> <span class='ocrx_word' id='word_1_550' title='bbox 2899 3417 3025 3474; x_wconf 91' lang='lat' dir='ltr'><strong>loco</strong></span> <span class='ocrx_word' id='word_1_551' title='bbox 3056 3418 3280 3476; x_wconf 91' lang='lat' dir='ltr'><strong>dictum</strong></span> <span class='ocrx_word' id='word_1_552' title='bbox 3334 3434 3464 3476; x_wconf 90' lang='lat' dir='ltr'><strong>esse</strong></span> <span class='ocrx_word' id='word_1_553' title='bbox 3493 3435 3667 3476; x_wconf 88' lang='lat' dir='ltr'><strong>nove-</strong></span> 
     </span>
    </p>
   </div>
   <div class='ocr_carea' id='block_1_77' title="bbox 2020 3506 3670 3581">
    <p class='ocr_par' dir='ltr' id='par_1_77' title="bbox 2020 3506 3670 3581">
     <span class='ocr_line' id='line_1_77' title="bbox 2020 3506 3670 3581; baseline 0.001 -18"><span class='ocrx_word' id='word_1_554' title='bbox 2020 3508 2226 3564; x_wconf 91' lang='lat' dir='ltr'><strong>rimus.</strong></span> <span class='ocrx_word' id='word_1_555' title='bbox 2260 3508 2419 3564; x_wconf 92' lang='lat' dir='ltr'><strong>Sicut</strong></span> <span class='ocrx_word' id='word_1_556' title='bbox 2448 3506 2530 3563; x_wconf 90' lang='lat' dir='ltr'><strong>ait</strong></span> <span class='ocrx_word' id='word_1_557' title='bbox 2587 3506 2713 3580; x_wconf 89' lang='lat' dir='ltr'><strong>ipse</strong></span> <span class='ocrx_word' id='word_1_558' title='bbox 2767 3507 3051 3565; x_wconf 91' lang='lat' dir='ltr'><strong>Dominus</strong></span> <span class='ocrx_word' id='word_1_559' title='bbox 3107 3509 3179 3565; x_wconf 88' lang='lat' dir='ltr'><strong>ad</strong></span> <span class='ocrx_word' id='word_1_560' title='bbox 3226 3508 3511 3581; x_wconf 88' lang='lat' dir='ltr'><strong>populum</strong></span> <span class='ocrx_word' id='word_1_561' title='bbox 3567 3523 3670 3580; x_wconf 84' lang='lat' dir='ltr'><strong>per</strong></span> 
     </span>
    </p>
   </div>
   <div class='ocr_carea' id='block_1_78' title="bbox 2020 3597 3665 3671">
    <p class='ocr_par' dir='ltr' id='par_1_78' title="bbox 2020 3597 3665 3671">
     <span class='ocr_line' id='line_1_78' title="bbox 2020 3597 3665 3671; baseline 0.001 -19"><span class='ocrx_word' id='word_1_562' title='bbox 2020 3597 2405 3671; x_wconf 88' lang='lat' dir='ltr'><strong>prophetam:</strong></span> <span class='ocrx_word' id='word_1_563' title='bbox 2467 3598 2575 3668; x_wconf 87' lang='lat' dir='ltr'><strong>Ego</strong></span> <span class='ocrx_word' id='word_1_564' title='bbox 2629 3613 2772 3666; x_wconf 86' lang='lat' dir='ltr'><strong>sum,</strong></span> <span class='ocrx_word' id='word_1_565' title='bbox 2830 3598 2912 3652; x_wconf 92' lang='lat' dir='ltr'><strong>ait</strong></span> <span class='ocrx_word' id='word_1_566' title='bbox 2968 3599 3257 3665; x_wconf 82' lang='lat' dir='ltr'><strong>Dominus,</strong></span> <span class='ocrx_word' id='word_1_567' title='bbox 3316 3602 3367 3655; x_wconf 90' lang='lat' dir='ltr'><strong>et</strong></span> <span class='ocrx_word' id='word_1_568' title='bbox 3394 3598 3665 3655; x_wconf 81' lang='lat' dir='ltr'><strong>donecse-</strong></span> 
     </span>
    </p>
   </div>
   <div class='ocr_carea' id='block_1_79' title="bbox 2018 3686 3670 3758">
    <p class='ocr_par' dir='ltr' id='par_1_79' title="bbox 2018 3686 3670 3758">
     <span class='ocr_line' id='line_1_79' title="bbox 2018 3686 3670 3758; baseline -0.001 -15"><span class='ocrx_word' id='word_1_569' title='bbox 2018 3689 2255 3743; x_wconf 87' lang='lat' dir='ltr'><strong>nescatis</strong></span> <span class='ocrx_word' id='word_1_570' title='bbox 2284 3702 2381 3755; x_wconf 88' lang='lat' dir='ltr'><strong>ego</strong></span> <span class='ocrx_word' id='word_1_571' title='bbox 2411 3702 2552 3741; x_wconf 86' lang='lat' dir='ltr'><strong>sum.</strong></span> <span class='ocrx_word' id='word_1_572' title='bbox 2586 3686 2711 3742; x_wconf 90' lang='lat' dir='ltr'><strong>Non</strong></span> <span class='ocrx_word' id='word_1_573' title='bbox 2743 3686 2902 3741; x_wconf 88' lang='lat' dir='ltr'><strong>enim</strong></span> <span class='ocrx_word' id='word_1_574' title='bbox 2934 3692 3067 3758; x_wconf 89' lang='lat' dir='ltr'><strong>post</strong></span> <span class='ocrx_word' id='word_1_575' title='bbox 3095 3691 3458 3744; x_wconf 88' lang='lat' dir='ltr'><strong>senectutem</strong></span> <span class='ocrx_word' id='word_1_576' title='bbox 3488 3686 3670 3743; x_wconf 88' lang='lat' dir='ltr'><strong>homi-</strong></span> 
     </span>
    </p>
   </div>
   <div class='ocr_carea' id='block_1_80' title="bbox 2023 3773 3665 3849">
    <p class='ocr_par' dir='ltr' id='par_1_80' title="bbox 2023 3773 3665 3849">
     <span class='ocr_line' id='line_1_80' title="bbox 2023 3773 3665 3849; baseline -0.001 -16"><span class='ocrx_word' id='word_1_577' title='bbox 2023 3793 2166 3833; x_wconf 92' lang='lat' dir='ltr'><strong>num</strong></span> <span class='ocrx_word' id='word_1_578' title='bbox 2198 3781 2351 3833; x_wconf 90' lang='lat' dir='ltr'><strong>Deus</strong></span> <span class='ocrx_word' id='word_1_579' title='bbox 2383 3792 2501 3832; x_wconf 90' lang='lat' dir='ltr'><strong>non</strong></span> <span class='ocrx_word' id='word_1_580' title='bbox 2531 3773 2661 3843; x_wconf 91' lang='lat' dir='ltr'><strong>erit,</strong></span> <span class='ocrx_word' id='word_1_581' title='bbox 2686 3791 2822 3831; x_wconf 92' lang='lat' dir='ltr'><strong>cum</strong></span> <span class='ocrx_word' id='word_1_582' title='bbox 2845 3774 3065 3833; x_wconf 89' lang='lat' dir='ltr'><strong>eisdem</strong></span> <span class='ocrx_word' id='word_1_583' title='bbox 3108 3776 3304 3849; x_wconf 89' lang='lat' dir='ltr'><strong>potius</strong></span> <span class='ocrx_word' id='word_1_584' title='bbox 3334 3793 3507 3833; x_wconf 88' lang='lat' dir='ltr'><strong>senes</strong></span> <span class='ocrx_word' id='word_1_585' title='bbox 3536 3792 3665 3833; x_wconf 84' lang='lat' dir='ltr'><strong>cen-</strong></span> 
     </span>
    </p>
   </div>
   <div class='ocr_carea' id='block_1_81' title="bbox 2022 3864 3664 3938">
    <p class='ocr_par' dir='ltr' id='par_1_81' title="bbox 2022 3864 3664 3938">
     <span class='ocr_line' id='line_1_81' title="bbox 2022 3864 3664 3938; baseline -0.001 -15"><span class='ocrx_word' id='word_1_586' title='bbox 2022 3867 2201 3935; x_wconf 91' lang='lat' dir='ltr'><strong>tibus,</strong></span> <span class='ocrx_word' id='word_1_587' title='bbox 2225 3870 2375 3922; x_wconf 91' lang='lat' dir='ltr'><strong>Deus</strong></span> <span class='ocrx_word' id='word_1_588' title='bbox 2407 3869 2686 3938; x_wconf 87' lang='lat' dir='ltr'><strong>perpetuo</strong></span> <span class='ocrx_word' id='word_1_589' title='bbox 2716 3868 2968 3921; x_wconf 88' lang='lat' dir='ltr'><strong>maneat.</strong></span> <span class='ocrx_word' id='word_1_590' title='bbox 3002 3866 3088 3921; x_wconf 90' lang='lat' dir='ltr'><strong>Ad</strong></span> <span class='ocrx_word' id='word_1_591' title='bbox 3118 3864 3262 3921; x_wconf 90' lang='lat' dir='ltr'><strong>illud</strong></span> <span class='ocrx_word' id='word_1_592' title='bbox 3294 3870 3491 3921; x_wconf 91' lang='lat' dir='ltr'><strong>autem</strong></span> <span class='ocrx_word' id='word_1_593' title='bbox 3514 3865 3664 3938; x_wconf 89' lang='lat' dir='ltr'><strong>quod</strong></span> 
     </span>
    </p>
   </div>
   <div class='ocr_carea' id='block_1_82' title="bbox 2020 3953 3667 4025">
    <p class='ocr_par' dir='ltr' id='par_1_82' title="bbox 2020 3953 3667 4025">
     <span class='ocr_line' id='line_1_82' title="bbox 2020 3953 3667 4025; baseline -0.001 -14"><span class='ocrx_word' id='word_1_594' title='bbox 2020 3955 2337 4012; x_wconf 89' lang='lat' dir='ltr'><strong>Psalmista</strong></span> <span class='ocrx_word' id='word_1_595' title='bbox 2365 3954 2477 4011; x_wconf 88' lang='lat' dir='ltr'><strong>ait:</strong></span> <span class='ocrx_word' id='word_1_596' title='bbox 2512 3953 2665 4009; x_wconf 75' lang='lat' dir='ltr'><strong>Dixit</strong></span> <span class='ocrx_word' id='word_1_597' title='bbox 2696 3956 2963 4011; x_wconf 86' lang='lat' dir='ltr'><strong>Dominus</strong></span> <span class='ocrx_word' id='word_1_598' title='bbox 3002 3956 3232 4012; x_wconf 86' lang='lat' dir='ltr'><strong>Domino</strong></span> <span class='ocrx_word' id='word_1_599' title='bbox 3287 3970 3430 4025; x_wconf 87' lang='lat' dir='ltr'><strong>meo,</strong></span> <span class='ocrx_word' id='word_1_600' title='bbox 3487 3954 3604 4011; x_wconf 85' lang='lat' dir='ltr'><strong>sede</strong></span> <span class='ocrx_word' id='word_1_601' title='bbox 3630 3971 3667 4010; x_wconf 77' lang='grc' dir='ltr'><strong><em>α</em></strong></span> 
     </span>
    </p>
   </div>
   <div class='ocr_carea' id='block_1_83' title="bbox 2018 4044 3666 4118">
    <p class='ocr_par' dir='ltr' id='par_1_83' title="bbox 2018 4044 3666 4118">
     <span class='ocr_line' id='line_1_83' title="bbox 2018 4044 3666 4118; baseline -0.004 -14"><span class='ocrx_word' id='word_1_602' title='bbox 2018 4048 2231 4104; x_wconf 72' lang='lat' dir='ltr'><strong>dextris</strong></span> <span class='ocrx_word' id='word_1_603' title='bbox 2260 4046 2418 4117; x_wconf 85' lang='lat' dir='ltr'><strong>meis,</strong></span> <span class='ocrx_word' id='word_1_604' title='bbox 2450 4044 2616 4101; x_wconf 84' lang='lat' dir='ltr'><strong>donec</strong></span> <span class='ocrx_word' id='word_1_605' title='bbox 2641 4059 2847 4118; x_wconf 80' lang='lat' dir='ltr'><strong>ponam</strong></span> <span class='ocrx_word' id='word_1_606' title='bbox 2896 4044 3151 4101; x_wconf 85' lang='lat' dir='ltr'><strong>inimicos</strong></span> <span class='ocrx_word' id='word_1_607' title='bbox 3206 4048 3327 4101; x_wconf 87' lang='lat' dir='ltr'><strong>tuos</strong></span> <span class='ocrx_word' id='word_1_608' title='bbox 3367 4045 3666 4101; x_wconf 80' lang='lat' dir='ltr'><strong>scabellum</strong></span> 
     </span>
    </p>
   </div>
   <div class='ocr_carea' id='block_1_84' title="bbox 269 4132 3671 4212">
    <p class='ocr_par' dir='ltr' id='par_1_84' title="bbox 269 4132 3671 4212">
     <span class='ocr_line' id='line_1_84' title="bbox 269 4132 3671 4212; baseline -0.001 -19"><span class='ocrx_word' id='word_1_609' title='bbox 269 4137 443 4209; x_wconf 91' lang='lat' dir='ltr'><strong>tueri)</strong></span> <span class='ocrx_word' id='word_1_610' title='bbox 481 4160 510 4189; x_wconf 85' lang='grc'><strong>››</strong></span> <span class='ocrx_word' id='word_1_611' title='bbox 533 4142 653 4195; x_wconf 84' lang='grc' dir='ltr'><strong>Ηοο</strong></span> <span class='ocrx_word' id='word_1_612' title='bbox 668 4138 810 4195; x_wconf 92' lang='lat' dir='ltr'><strong>dicit</strong></span> <span class='ocrx_word' id='word_1_613' title='bbox 832 4156 845 4195; x_wconf 89' lang='lat'><strong>:</strong></span> <span class='ocrx_word' id='word_1_614' title='bbox 869 4139 919 4195; x_wconf 93' lang='lat' dir='ltr'><strong>si</strong></span> <span class='ocrx_word' id='word_1_615' title='bbox 967 4140 1293 4212; x_wconf 89' lang='lat' dir='ltr'><strong>assumptio</strong></span> <span class='ocrx_word' id='word_1_616' title='bbox 1345 4140 1544 4195; x_wconf 66' lang='lat' dir='ltr'><strong>formae</strong></span> <span class='ocrx_word' id='word_1_617' title='bbox 1585 4139 1734 4196; x_wconf 89' lang='lat' dir='ltr'><strong>servi</strong></span> <span class='ocrx_word' id='word_1_618' title='bbox 1767 4155 1909 4211; x_wconf 87' lang='lat' dir='ltr'><strong>pene</strong></span> <span class='ocrx_word' id='word_1_619' title='bbox 2011 4136 2216 4210; x_wconf 84' lang='lat' dir='ltr'><strong>pedum</strong></span> <span class='ocrx_word' id='word_1_620' title='bbox 2237 4139 2455 4191; x_wconf 83' lang='lat' dir='ltr'><strong>tuorum</strong></span> <span class='ocrx_word' id='word_1_621' title='bbox 2476 4133 2646 4206; x_wconf 87' lang='lat' dir='ltr'><strong>(Psal.</strong></span> <span class='ocrx_word' id='word_1_622' title='bbox 2665 4150 2775 4202; x_wconf 81' lang='lat' dir='ltr'><strong>CIX,</strong></span> <span class='ocrx_word' id='word_1_623' title='bbox 2803 4134 2877 4207; x_wconf 86' lang='grc'><strong>1),</strong></span> <span class='ocrx_word' id='word_1_624' title='bbox 2903 4132 3045 4206; x_wconf 91' lang='lat' dir='ltr'><strong>quid</strong></span> <span class='ocrx_word' id='word_1_625' title='bbox 3069 4133 3322 4190; x_wconf 89' lang='lat' dir='ltr'><strong>dicimus</strong></span> <span class='ocrx_word' id='word_1_626' title='bbox 3342 4137 3367 4188; x_wconf 73' lang='lat'><strong>.9</strong></span> <span class='ocrx_word' id='word_1_627' title='bbox 3390 4134 3548 4206; x_wconf 90' lang='lat' dir='ltr'><strong>quod</strong></span> <span class='ocrx_word' id='word_1_628' title='bbox 3575 4149 3671 4205; x_wconf 88' lang='lat' dir='ltr'><strong>po-</strong></span> 
     </span>
    </p>
   </div>
   <div class='ocr_carea' id='block_1_85' title="bbox 269 4226 1908 4301">
    <p class='ocr_par' dir='ltr' id='par_1_85' title="bbox 269 4226 1908 4301">
     <span class='ocr_line' id='line_1_85' title="bbox 269 4226 1908 4301; baseline 0.002 -21"><span class='ocrx_word' id='word_1_629' title='bbox 269 4226 663 4284; x_wconf 78' lang='lat' dir='ltr'><strong>inetlabilibus</strong></span> <span class='ocrx_word' id='word_1_630' title='bbox 692 4228 987 4301; x_wconf 83' lang='lat' dir='ltr'><strong>mysteriis</strong></span> <span class='ocrx_word' id='word_1_631' title='bbox 1017 4229 1369 4297; x_wconf 85' lang='lat' dir='ltr'><strong>continetur,</strong></span> <span class='ocrx_word' id='word_1_632' title='bbox 1400 4233 1457 4285; x_wconf 90' lang='lat' dir='ltr'><strong>et</strong></span> <span class='ocrx_word' id='word_1_633' title='bbox 1486 4230 1558 4286; x_wconf 91' lang='lat' dir='ltr'><strong>ad</strong></span> <span class='ocrx_word' id='word_1_634' title='bbox 1602 4244 1908 4301; x_wconf 85' lang='lat' dir='ltr'><strong>compara-</strong></span> 
     </span>
    </p>
   </div>
   <div class='ocr_carea' id='block_1_86' title="bbox 268 4317 1907 4392">
    <p class='ocr_par' dir='ltr' id='par_1_86' title="bbox 268 4317 1907 4392">
     <span class='ocr_line' id='line_1_86' title="bbox 268 4317 1907 4392; baseline -0.002 -16"><span class='ocrx_word' id='word_1_635' title='bbox 268 4318 491 4377; x_wconf 90' lang='lat' dir='ltr'><strong>tionem</strong></span> <span class='ocrx_word' id='word_1_636' title='bbox 560 4318 919 4375; x_wconf 89' lang='lat' dir='ltr'><strong>assumentis</strong></span> <span class='ocrx_word' id='word_1_637' title='bbox 986 4317 1088 4374; x_wconf 90' lang='lat' dir='ltr'><strong>Dei</strong></span> <span class='ocrx_word' id='word_1_638' title='bbox 1149 4317 1307 4374; x_wconf 88' lang='lat' dir='ltr'><strong>stilla</strong></span> <span class='ocrx_word' id='word_1_639' title='bbox 1388 4318 1725 4392; x_wconf 89' lang='lat' dir='ltr'><strong>permodica</strong></span> <span class='ocrx_word' id='word_1_640' title='bbox 1780 4323 1907 4374; x_wconf 87' lang='lat' dir='ltr'><strong>est:</strong></span> 
     </span>
    </p>
   </div>
   <div class='ocr_carea' id='block_1_87' title="bbox 269 4406 1911 4484">
    <p class='ocr_par' dir='ltr' id='par_1_87' title="bbox 269 4406 1911 4484">
     <span class='ocr_line' id='line_1_87' title="bbox 269 4406 1911 4484; baseline -0.002 -17"><span class='ocrx_word' id='word_1_641' title='bbox 269 4413 488 4484; x_wconf 90' lang='lat' dir='ltr'><strong>quanto</strong></span> <span class='ocrx_word' id='word_1_642' title='bbox 518 4408 708 4481; x_wconf 82' lang='lat' dir='ltr'><strong>magis</strong></span> <span class='ocrx_word' id='word_1_643' title='bbox 753 4408 1002 4480; x_wconf 89' lang='lat' dir='ltr'><strong>quisque</strong></span> <span class='ocrx_word' id='word_1_644' title='bbox 1059 4423 1175 4463; x_wconf 91' lang='lat' dir='ltr'><strong>non</strong></span> <span class='ocrx_word' id='word_1_645' title='bbox 1228 4406 1441 4479; x_wconf 90' lang='lat' dir='ltr'><strong>poterit</strong></span> <span class='ocrx_word' id='word_1_646' title='bbox 1485 4407 1769 4463; x_wconf 89' lang='lat' dir='ltr'><strong>tonitrum</strong></span> <span class='ocrx_word' id='word_1_647' title='bbox 1795 4425 1911 4464; x_wconf 85' lang='lat' dir='ltr'><strong>ma-</strong></span> 
     </span>
    </p>
   </div>
   <div class='ocr_carea' id='block_1_88' title="bbox 2020 4222 3667 4296">
    <p class='ocr_par' dir='ltr' id='par_1_88' title="bbox 2020 4222 3667 4296">
     <span class='ocr_line' id='line_1_88' title="bbox 2020 4222 3667 4296; baseline -0.002 -14"><span class='ocrx_word' id='word_1_648' title='bbox 2020 4230 2323 4296; x_wconf 89' lang='lat' dir='ltr'><strong>steaquam</strong></span> <span class='ocrx_word' id='word_1_649' title='bbox 2348 4222 2571 4279; x_wconf 88' lang='lat' dir='ltr'><strong>inimici</strong></span> <span class='ocrx_word' id='word_1_650' title='bbox 2593 4222 2845 4295; x_wconf 87' lang='lat' dir='ltr'><strong>subjecti</strong></span> <span class='ocrx_word' id='word_1_651' title='bbox 2866 4222 3101 4291; x_wconf 86' lang='lat' dir='ltr'><strong>fuerint,</strong></span> <span class='ocrx_word' id='word_1_652' title='bbox 3118 4222 3385 4280; x_wconf 88' lang='lat' dir='ltr'><strong>Christus</strong></span> <span class='ocrx_word' id='word_1_653' title='bbox 3398 4239 3518 4279; x_wconf 89' lang='lat' dir='ltr'><strong>non</strong></span> <span class='ocrx_word' id='word_1_654' title='bbox 3540 4238 3667 4278; x_wconf 79' lang='lat' dir='ltr'><strong>ses-</strong></span> 
     </span>
    </p>
   </div>
   <div class='ocr_carea' id='block_1_89' title="bbox 2019 4310 3666 4384">
    <p class='ocr_par' dir='ltr' id='par_1_89' title="bbox 2019 4310 3666 4384">
     <span class='ocr_line' id='line_1_89' title="bbox 2019 4310 3666 4384; baseline -0.003 -12"><span class='ocrx_word' id='word_1_655' title='bbox 2019 4333 2087 4372; x_wconf 92' lang='lat' dir='ltr'><strong>su</strong></span> <span class='ocrx_word' id='word_1_656' title='bbox 2095 4331 2195 4370; x_wconf 92' lang='lat' dir='ltr'><strong>rus</strong></span> <span class='ocrx_word' id='word_1_657' title='bbox 2208 4313 2286 4369; x_wconf 88' lang='lat' dir='ltr'><strong>sit</strong></span> <span class='ocrx_word' id='word_1_658' title='bbox 2298 4312 2368 4369; x_wconf 89' lang='lat' dir='ltr'><strong>ad</strong></span> <span class='ocrx_word' id='word_1_659' title='bbox 2384 4313 2680 4369; x_wconf 85' lang='lat' dir='ltr'><strong>dexteram</strong></span> <span class='ocrx_word' id='word_1_660' title='bbox 2694 4311 2796 4369; x_wconf 91' lang='lat' dir='ltr'><strong>Dei</strong></span> <span class='ocrx_word' id='word_1_661' title='bbox 2809 4311 2997 4369; x_wconf 90' lang='lat' dir='ltr'><strong>Patris</strong></span> <span class='ocrx_word' id='word_1_662' title='bbox 3010 4311 3104 4369; x_wconf 67' lang='lat' dir='ltr'><strong>Yet</strong></span> <span class='ocrx_word' id='word_1_663' title='bbox 3117 4312 3216 4368; x_wconf 90' lang='lat' dir='ltr'><strong>ubi</strong></span> <span class='ocrx_word' id='word_1_664' title='bbox 3230 4311 3497 4369; x_wconf 90' lang='lat' dir='ltr'><strong>eritillud</strong></span> <span class='ocrx_word' id='word_1_665' title='bbox 3512 4310 3666 4384; x_wconf 91' lang='lat' dir='ltr'><strong>quod</strong></span> 
     </span>
    </p>
   </div>
   <div class='ocr_carea' id='block_1_90' title="bbox 2020 4400 3668 4476">
    <p class='ocr_par' dir='ltr' id='par_1_90' title="bbox 2020 4400 3668 4476">
     <span class='ocr_line' id='line_1_90' title="bbox 2020 4400 3668 4476; baseline -0.002 -16"><span class='ocrx_word' id='word_1_666' title='bbox 2020 4405 2105 4461; x_wconf 90' lang='lat' dir='ltr'><strong>ait</strong></span> <span class='ocrx_word' id='word_1_667' title='bbox 2131 4401 2374 4476; x_wconf 89' lang='lat' dir='ltr'><strong>angelus</strong></span> <span class='ocrx_word' id='word_1_668' title='bbox 2398 4419 2411 4458; x_wconf 91' lang='lat'><strong>:</strong></span> <span class='ocrx_word' id='word_1_669' title='bbox 2446 4406 2516 4460; x_wconf 87' lang='lat' dir='ltr'><strong>Et</strong></span> <span class='ocrx_word' id='word_1_670' title='bbox 2544 4402 2699 4474; x_wconf 80' lang='lat' dir='ltr'><strong>regni</strong></span> <span class='ocrx_word' id='word_1_671' title='bbox 2724 4402 2843 4473; x_wconf 86' lang='lat' dir='ltr'><strong>ejus</strong></span> <span class='ocrx_word' id='word_1_672' title='bbox 2872 4417 2986 4457; x_wconf 85' lang='lat' dir='ltr'><strong>non</strong></span> <span class='ocrx_word' id='word_1_673' title='bbox 3014 4402 3120 4457; x_wconf 89' lang='lat' dir='ltr'><strong>erit</strong></span> <span class='ocrx_word' id='word_1_674' title='bbox 3149 4401 3280 4470; x_wconf 78' lang='lat' dir='ltr'><strong>ﬁnis</strong></span> <span class='ocrx_word' id='word_1_675' title='bbox 3308 4401 3460 4471; x_wconf 86' lang='lat' dir='ltr'><strong>(Luc.</strong></span> <span class='ocrx_word' id='word_1_676' title='bbox 3496 4402 3616 4471; x_wconf 89' lang='lat'><strong>133)</strong></span> <span class='ocrx_word' id='word_1_677' title='bbox 3637 4400 3668 4455; x_wconf 66' lang='grc' dir='ltr'>ἵ</span> 
     </span>
    </p>
   </div>
   <div class='ocr_carea' id='block_1_91' title="bbox 270 4489 3667 4576">
    <p class='ocr_par' dir='ltr' id='par_1_91' title="bbox 270 4489 3667 4576">
     <span class='ocr_line' id='line_1_91' title="bbox 270 4489 3667 4576; baseline -0.003 -20"><span class='ocrx_word' id='word_1_678' title='bbox 270 4498 599 4575; x_wconf 85' lang='lat' dir='ltr'><strong>gnitudinis</strong></span> <span class='ocrx_word' id='word_1_679' title='bbox 630 4498 884 4554; x_wconf 87' lang='lat' dir='ltr'><strong>intueri:</strong></span> <span class='ocrx_word' id='word_1_680' title='bbox 919 4497 977 4553; x_wconf 91' lang='lat' dir='ltr'><strong>id</strong></span> <span class='ocrx_word' id='word_1_681' title='bbox 1010 4502 1116 4569; x_wconf 89' lang='lat' dir='ltr'><strong>est,</strong></span> <span class='ocrx_word' id='word_1_682' title='bbox 1140 4496 1332 4569; x_wconf 88' lang='lat' dir='ltr'><strong>ipsam</strong></span> <span class='ocrx_word' id='word_1_683' title='bbox 1364 4496 1747 4564; x_wconf 86' lang='lat' dir='ltr'><strong>divinitatem,</strong></span> <span class='ocrx_word' id='word_1_684' title='bbox 1782 4513 1909 4570; x_wconf 68' lang='lat' dir='ltr'><strong>qua:</strong></span> <span class='ocrx_word' id='word_1_685' title='bbox 1940 4511 1988 4576; x_wconf 75' lang='grc' dir='ltr'>ι)</span> <span class='ocrx_word' id='word_1_686' title='bbox 2020 4494 2263 4566; x_wconf 86' lang='lat' dir='ltr'><strong>Propter</strong></span> <span class='ocrx_word' id='word_1_687' title='bbox 2292 4492 2450 4566; x_wconf 90' lang='lat' dir='ltr'><strong>quod</strong></span> <span class='ocrx_word' id='word_1_688' title='bbox 2480 4491 2666 4561; x_wconf 81' lang='lat' dir='ltr'><strong>donec,</strong></span> <span class='ocrx_word' id='word_1_689' title='bbox 2698 4490 2759 4546; x_wconf 91' lang='lat' dir='ltr'><strong>in</strong></span> <span class='ocrx_word' id='word_1_690' title='bbox 2806 4489 3025 4547; x_wconf 89' lang='lat' dir='ltr'><strong>talibus</strong></span> <span class='ocrx_word' id='word_1_691' title='bbox 3076 4489 3243 4559; x_wconf 90' lang='lat' dir='ltr'><strong>locis,</strong></span> <span class='ocrx_word' id='word_1_692' title='bbox 3294 4495 3361 4546; x_wconf 88' lang='lat' dir='ltr'><strong>ut</strong></span> <span class='ocrx_word' id='word_1_693' title='bbox 3390 4490 3533 4557; x_wconf 82' lang='lat' dir='ltr'><strong>dixi,</strong></span> <span class='ocrx_word' id='word_1_694' title='bbox 3565 4506 3667 4562; x_wconf 88' lang='lat' dir='ltr'><strong>pro</strong></span> 
     </span>
    </p>
   </div>
   <div class='ocr_carea' id='block_1_92' title="bbox 270 4587 1914 4658">
    <p class='ocr_par' dir='ltr' id='par_1_92' title="bbox 270 4587 1914 4658">
     <span class='ocr_line' id='line_1_92' title="bbox 270 4587 1914 4658; baseline -0.004 -10"><span class='ocrx_word' id='word_1_695' title='bbox 270 4592 400 4648; x_wconf 92' lang='lat' dir='ltr'><strong>ideo</strong></span> <span class='ocrx_word' id='word_1_696' title='bbox 427 4588 704 4647; x_wconf 83' lang='lat' dir='ltr'><strong>tronitrui</strong></span> <span class='ocrx_word' id='word_1_697' title='bbox 735 4588 973 4644; x_wconf 90' lang='lat' dir='ltr'><strong>nomine</strong></span> <span class='ocrx_word' id='word_1_698' title='bbox 1006 4587 1161 4643; x_wconf 87' lang='lat' dir='ltr'><strong>dicta</strong></span> <span class='ocrx_word' id='word_1_699' title='bbox 1190 4590 1315 4644; x_wconf 88' lang='lat' dir='ltr'><strong>est:</strong></span> <span class='ocrx_word' id='word_1_700' title='bbox 1349 4587 1488 4658; x_wconf 92' lang='lat' dir='ltr'><strong>quia</strong></span> <span class='ocrx_word' id='word_1_701' title='bbox 1535 4603 1670 4642; x_wconf 90' lang='lat' dir='ltr'><strong>cum</strong></span> <span class='ocrx_word' id='word_1_702' title='bbox 1717 4588 1788 4643; x_wconf 91' lang='lat' dir='ltr'><strong>de</strong></span> <span class='ocrx_word' id='word_1_703' title='bbox 1816 4602 1914 4642; x_wconf 89' lang='lat' dir='ltr'><strong>ex-</strong></span> 
     </span>
    </p>
   </div>
   <div class='ocr_carea' id='block_1_93' title="bbox 270 4676 1913 4749">
    <p class='ocr_par' dir='ltr' id='par_1_93' title="bbox 270 4676 1913 4749">
     <span class='ocr_line' id='line_1_93' title="bbox 270 4676 1913 4749; baseline -0.003 -11"><span class='ocrx_word' id='word_1_704' title='bbox 270 4681 425 4739; x_wconf 90' lang='lat' dir='ltr'><strong>celso</strong></span> <span class='ocrx_word' id='word_1_705' title='bbox 456 4681 613 4737; x_wconf 83' lang='lat' dir='ltr'><strong>fama</strong></span> <span class='ocrx_word' id='word_1_706' title='bbox 641 4678 898 4734; x_wconf 89' lang='lat' dir='ltr'><strong>nominis</strong></span> <span class='ocrx_word' id='word_1_707' title='bbox 922 4679 1050 4749; x_wconf 89' lang='lat' dir='ltr'><strong>ejus</strong></span> <span class='ocrx_word' id='word_1_708' title='bbox 1079 4678 1140 4733; x_wconf 91' lang='lat' dir='ltr'><strong>in</strong></span> <span class='ocrx_word' id='word_1_709' title='bbox 1170 4676 1400 4733; x_wconf 85' lang='lat' dir='ltr'><strong>Christo</strong></span> <span class='ocrx_word' id='word_1_710' title='bbox 1425 4677 1565 4733; x_wconf 88' lang='lat' dir='ltr'><strong>Jesu</strong></span> <span class='ocrx_word' id='word_1_711' title='bbox 1622 4676 1767 4733; x_wconf 91' lang='lat' dir='ltr'><strong>Filio</strong></span> <span class='ocrx_word' id='word_1_712' title='bbox 1806 4692 1913 4733; x_wconf 91' lang='lat' dir='ltr'><strong>suo</strong></span> 
     </span>
    </p>
   </div>
   <div class='ocr_carea' id='block_1_94' title="bbox 270 4763 1913 4838">
    <p class='ocr_par' dir='ltr' id='par_1_94' title="bbox 270 4763 1913 4838">
     <span class='ocr_line' id='line_1_94' title="bbox 270 4763 1913 4838; baseline -0.005 -11"><span class='ocrx_word' id='word_1_713' title='bbox 270 4771 444 4827; x_wconf 86' lang='lat' dir='ltr'><strong>terris</strong></span> <span class='ocrx_word' id='word_1_714' title='bbox 475 4769 756 4837; x_wconf 91' lang='lat' dir='ltr'><strong>insonuit,</strong></span> <span class='ocrx_word' id='word_1_715' title='bbox 792 4773 849 4823; x_wconf 92' lang='lat' dir='ltr'><strong>et</strong></span> <span class='ocrx_word' id='word_1_716' title='bbox 876 4766 1217 4822; x_wconf 91' lang='lat' dir='ltr'><strong>hominibus</strong></span> <span class='ocrx_word' id='word_1_717' title='bbox 1246 4766 1356 4821; x_wconf 88' lang='lat' dir='ltr'><strong>hoc</strong></span> <span class='ocrx_word' id='word_1_718' title='bbox 1413 4766 1642 4838; x_wconf 85' lang='lat' dir='ltr'><strong>fragore</strong></span> <span class='ocrx_word' id='word_1_719' title='bbox 1695 4763 1913 4821; x_wconf 88' lang='lat' dir='ltr'><strong>teribili</strong></span> 
     </span>
    </p>
   </div>
   <div class='ocr_carea' id='block_1_95' title="bbox 271 4854 1915 4929">
    <p class='ocr_par' dir='ltr' id='par_1_95' title="bbox 271 4854 1915 4929">
     <span class='ocr_line' id='line_1_95' title="bbox 271 4854 1915 4929; baseline -0.004 -14"><span class='ocrx_word' id='word_1_720' title='bbox 271 4860 547 4928; x_wconf 89' lang='lat' dir='ltr'><strong>innotuit,</strong></span> <span class='ocrx_word' id='word_1_721' title='bbox 579 4875 751 4917; x_wconf 88' lang='lat' dir='ltr'><strong>nemo</strong></span> <span class='ocrx_word' id='word_1_722' title='bbox 780 4862 976 4915; x_wconf 89' lang='lat' dir='ltr'><strong>tamen</strong></span> <span class='ocrx_word' id='word_1_723' title='bbox 1007 4873 1208 4914; x_wconf 91' lang='lat' dir='ltr'><strong>eorum</strong></span> <span class='ocrx_word' id='word_1_724' title='bbox 1241 4855 1453 4929; x_wconf 88' lang='lat' dir='ltr'><strong>poterit</strong></span> <span class='ocrx_word' id='word_1_725' title='bbox 1480 4859 1661 4911; x_wconf 88' lang='lat' dir='ltr'><strong>totam</strong></span> <span class='ocrx_word' id='word_1_726' title='bbox 1706 4854 1915 4911; x_wconf 89' lang='lat' dir='ltr'><strong>divini-</strong></span> 
     </span>
    </p>
   </div>
   <div class='ocr_carea' id='block_1_96' title="bbox 269 4943 1910 5021">
    <p class='ocr_par' dir='ltr' id='par_1_96' title="bbox 269 4943 1910 5021">
     <span class='ocr_line' id='line_1_96' title="bbox 269 4943 1910 5021; baseline -0.004 -16"><span class='ocrx_word' id='word_1_727' title='bbox 269 4949 406 5005; x_wconf 87' lang='lat' dir='ltr'><strong>tatis</strong></span> <span class='ocrx_word' id='word_1_728' title='bbox 438 4950 566 5019; x_wconf 87' lang='lat' dir='ltr'><strong>ejus</strong></span> <span class='ocrx_word' id='word_1_729' title='bbox 595 4948 1062 5021; x_wconf 89' lang='lat' dir='ltr'><strong>magnitudinem</strong></span> <span class='ocrx_word' id='word_1_730' title='bbox 1094 4946 1481 5021; x_wconf 88' lang='lat' dir='ltr'><strong>intelligentia</strong></span> <span class='ocrx_word' id='word_1_731' title='bbox 1536 4944 1820 5016; x_wconf 86' lang='lat' dir='ltr'><strong>contueri,</strong></span> <span class='ocrx_word' id='word_1_732' title='bbox 1851 4943 1910 4999; x_wconf 89' lang='lat' dir='ltr'><strong>id</strong></span> 
     </span>
    </p>
   </div>
   <div class='ocr_carea' id='block_1_97' title="bbox 270 5034 1913 5110">
    <p class='ocr_par' dir='ltr' id='par_1_97' title="bbox 270 5034 1913 5110">
     <span class='ocr_line' id='line_1_97' title="bbox 270 5034 1913 5110; baseline -0.002 -17"><span class='ocrx_word' id='word_1_733' title='bbox 270 5042 377 5104; x_wconf 91' lang='lat' dir='ltr'><strong>est,</strong></span> <span class='ocrx_word' id='word_1_734' title='bbox 436 5037 605 5109; x_wconf 90' lang='lat' dir='ltr'><strong>illud,</strong></span> <span class='ocrx_word' id='word_1_735' title='bbox 663 5043 728 5093; x_wconf 86' lang='lat' dir='ltr'><strong>In</strong></span> <span class='ocrx_word' id='word_1_736' title='bbox 779 5039 1065 5110; x_wconf 84' lang='lat' dir='ltr'><strong>principio</strong></span> <span class='ocrx_word' id='word_1_737' title='bbox 1117 5044 1236 5093; x_wconf 85' lang='lat' dir='ltr'><strong>erat</strong></span> <span class='ocrx_word' id='word_1_738' title='bbox 1293 5036 1521 5093; x_wconf 84' lang='lat' dir='ltr'><strong>Verbum</strong></span> <span class='ocrx_word' id='word_1_739' title='bbox 1574 5043 1628 5090; x_wconf 86' lang='lat' dir='ltr'><strong>et</strong></span> <span class='ocrx_word' id='word_1_740' title='bbox 1682 5034 1913 5091; x_wconf 84' lang='lat' dir='ltr'><strong>Verbum</strong></span> 
     </span>
    </p>
   </div>
   <div class='ocr_carea' id='block_1_98' title="bbox 270 5126 1907 5200">
    <p class='ocr_par' dir='ltr' id='par_1_98' title="bbox 270 5126 1907 5200">
     <span class='ocr_line' id='line_1_98' title="bbox 270 5126 1907 5200; baseline -0.002 -17"><span class='ocrx_word' id='word_1_741' title='bbox 270 5130 388 5183; x_wconf 87' lang='lat' dir='ltr'><strong>erat</strong></span> <span class='ocrx_word' id='word_1_742' title='bbox 405 5127 552 5200; x_wconf 86' lang='lat' dir='ltr'><strong>apud</strong></span> <span class='ocrx_word' id='word_1_743' title='bbox 578 5128 770 5199; x_wconf 89' lang='lat' dir='ltr'><strong>Deum,</strong></span> <span class='ocrx_word' id='word_1_744' title='bbox 802 5136 854 5183; x_wconf 87' lang='lat' dir='ltr'><strong>et</strong></span> <span class='ocrx_word' id='word_1_745' title='bbox 906 5134 1050 5184; x_wconf 87' lang='lat' dir='ltr'><strong>Deus</strong></span> <span class='ocrx_word' id='word_1_746' title='bbox 1076 5132 1194 5184; x_wconf 86' lang='lat' dir='ltr'><strong>erat</strong></span> <span class='ocrx_word' id='word_1_747' title='bbox 1226 5126 1457 5183; x_wconf 84' lang='lat' dir='ltr'><strong>Verbum</strong></span> <span class='ocrx_word' id='word_1_748' title='bbox 1514 5127 1692 5199; x_wconf 90' lang='lat' dir='ltr'><strong>(Joan.</strong></span> <span class='ocrx_word' id='word_1_749' title='bbox 1753 5142 1792 5194; x_wconf 88' lang='lat' dir='ltr'><strong>I,</strong></span> <span class='ocrx_word' id='word_1_750' title='bbox 1835 5126 1907 5196; x_wconf 91' lang='grc'><strong>1).</strong></span> 
     </span>
    </p>
   </div>
   <div class='ocr_carea' id='block_1_99' title="bbox 835 5217 1338 5273">
    <p class='ocr_par' dir='ltr' id='par_1_99' title="bbox 835 5217 1338 5273">
     <span class='ocr_line' id='line_1_99' title="bbox 835 5217 1338 5273; baseline 0 0"><span class='ocrx_word' id='word_1_751' title='bbox 835 5217 1064 5273; x_wconf 87' lang='lat' dir='ltr'><strong>CAPUT</strong></span> <span class='ocrx_word' id='word_1_752' title='bbox 1119 5217 1338 5273; x_wconf 82' lang='lat' dir='ltr'><strong>XXVII.</strong></span> 
     </span>
    </p>
   </div>
   <div class='ocr_carea' id='block_1_100' title="bbox 344 5304 1909 5380">
    <p class='ocr_par' dir='ltr' id='par_1_100' title="bbox 344 5304 1909 5380">
     <span class='ocr_line' id='line_1_100' title="bbox 344 5304 1909 5380; baseline -0.002 -17"><span class='ocrx_word' id='word_1_753' title='bbox 344 5330 374 5361; x_wconf 86' lang='grc'><strong>‹‹</strong></span> <span class='ocrx_word' id='word_1_754' title='bbox 430 5307 671 5363; x_wconf 87' lang='lat' dir='ltr'><strong>Addidit</strong></span> <span class='ocrx_word' id='word_1_755' title='bbox 725 5322 961 5380; x_wconf 89' lang='lat' dir='ltr'><strong>quoque</strong></span> <span class='ocrx_word' id='word_1_756' title='bbox 1015 5307 1145 5379; x_wconf 88' lang='lat' dir='ltr'><strong>Job,</strong></span> <span class='ocrx_word' id='word_1_757' title='bbox 1200 5323 1512 5364; x_wconf 90' lang='lat' dir='ltr'><strong>assumens</strong></span> <span class='ocrx_word' id='word_1_758' title='bbox 1570 5304 1909 5380; x_wconf 89' lang='lat' dir='ltr'><strong>parabolam</strong></span> 
     </span>
    </p>
   </div>
   <div class='ocr_carea' id='block_1_101' title="bbox 2019 4579 3665 4658">
    <p class='ocr_par' dir='ltr' id='par_1_101' title="bbox 2019 4579 3665 4658">
     <span class='ocr_line' id='line_1_101' title="bbox 2019 4579 3665 4658; baseline -0.003 -19"><span class='ocrx_word' id='word_1_759' title='bbox 2019 4585 2290 4658; x_wconf 85' lang='lat' dir='ltr'><strong>perpetuo</strong></span> <span class='ocrx_word' id='word_1_760' title='bbox 2315 4586 2405 4639; x_wconf 91' lang='lat' dir='ltr'><strong>est</strong></span> <span class='ocrx_word' id='word_1_761' title='bbox 2436 4579 2909 4654; x_wconf 88' lang='lat' dir='ltr'><strong>intelligendum.</strong></span> <span class='ocrx_word' id='word_1_762' title='bbox 2940 4580 3057 4637; x_wconf 89' lang='lat' dir='ltr'><strong>Nec</strong></span> <span class='ocrx_word' id='word_1_763' title='bbox 3090 4596 3205 4636; x_wconf 91' lang='lat' dir='ltr'><strong>non</strong></span> <span class='ocrx_word' id='word_1_764' title='bbox 3235 4583 3293 4636; x_wconf 91' lang='lat' dir='ltr'><strong>et</strong></span> <span class='ocrx_word' id='word_1_765' title='bbox 3332 4579 3478 4635; x_wconf 90' lang='lat' dir='ltr'><strong>illud</strong></span> <span class='ocrx_word' id='word_1_766' title='bbox 3510 4579 3665 4652; x_wconf 88' lang='lat' dir='ltr'><strong>quod</strong></span> 
     </span>
    </p>
   </div>
   <div class='ocr_carea' id='block_1_102' title="bbox 2024 4666 3667 4744">
    <p class='ocr_par' dir='ltr' id='par_1_102' title="bbox 2024 4666 3667 4744">
     <span class='ocr_line' id='line_1_102' title="bbox 2024 4666 3667 4744; baseline -0.004 -15"><span class='ocrx_word' id='word_1_767' title='bbox 2024 4674 2097 4730; x_wconf 87' lang='lat' dir='ltr'><strong>de</strong></span> <span class='ocrx_word' id='word_1_768' title='bbox 2120 4671 2363 4744; x_wconf 87' lang='lat' dir='ltr'><strong>Joseph,</strong></span> <span class='ocrx_word' id='word_1_769' title='bbox 2402 4674 2460 4727; x_wconf 92' lang='lat' dir='ltr'><strong>et</strong></span> <span class='ocrx_word' id='word_1_770' title='bbox 2513 4670 2684 4726; x_wconf 91' lang='lat' dir='ltr'><strong>beata</strong></span> <span class='ocrx_word' id='word_1_771' title='bbox 2742 4668 2925 4725; x_wconf 90' lang='lat' dir='ltr'><strong>Maria</strong></span> <span class='ocrx_word' id='word_1_772' title='bbox 2981 4666 3339 4741; x_wconf 88' lang='lat' dir='ltr'><strong>evangelista</strong></span> <span class='ocrx_word' id='word_1_773' title='bbox 3393 4667 3496 4741; x_wconf 89' lang='lat' dir='ltr'><strong>ait,</strong></span> <span class='ocrx_word' id='word_1_774' title='bbox 3554 4668 3667 4724; x_wconf 75' lang='lat' dir='ltr'><strong>Non</strong></span> 
     </span>
    </p>
   </div>
   <div class='ocr_carea' id='block_1_103' title="bbox 2022 4758 3667 4835">
    <p class='ocr_par' dir='ltr' id='par_1_103' title="bbox 2022 4758 3667 4835">
     <span class='ocr_line' id='line_1_103' title="bbox 2022 4758 3667 4835; baseline -0.005 -16"><span class='ocrx_word' id='word_1_775' title='bbox 2022 4764 2377 4835; x_wconf 86' lang='lat' dir='ltr'><strong>cognoscebat</strong></span> <span class='ocrx_word' id='word_1_776' title='bbox 2434 4761 2602 4817; x_wconf 87' lang='lat' dir='ltr'><strong>donec</strong></span> <span class='ocrx_word' id='word_1_777' title='bbox 2650 4760 2868 4833; x_wconf 84' lang='lat' dir='ltr'><strong>peperit</strong></span> <span class='ocrx_word' id='word_1_778' title='bbox 2936 4760 3115 4830; x_wconf 84' lang='lat' dir='ltr'><strong>ﬁlium</strong></span> <span class='ocrx_word' id='word_1_779' title='bbox 3190 4758 3399 4829; x_wconf 77' lang='lat' dir='ltr'><strong>(Matth.</strong></span> <span class='ocrx_word' id='word_1_780' title='bbox 3460 4775 3500 4827; x_wconf 85' lang='grc' dir='ltr'><strong>ι,</strong></span> <span class='ocrx_word' id='word_1_781' title='bbox 3554 4758 3667 4825; x_wconf 82' lang='grc'><strong>25).</strong></span> 
     </span>
    </p>
   </div>
   <div class='ocr_carea' id='block_1_104' title="bbox 2021 4846 3668 4923">
    <p class='ocr_par' dir='ltr' id='par_1_104' title="bbox 2021 4846 3668 4923">
     <span class='ocr_line' id='line_1_104' title="bbox 2021 4846 3668 4923; baseline -0.004 -16"><span class='ocrx_word' id='word_1_782' title='bbox 2021 4853 2162 4919; x_wconf 89' lang='lat' dir='ltr'><strong>Quis</strong></span> <span class='ocrx_word' id='word_1_783' title='bbox 2193 4852 2349 4908; x_wconf 88' lang='lat' dir='ltr'><strong>enim</strong></span> <span class='ocrx_word' id='word_1_784' title='bbox 2381 4855 2470 4907; x_wconf 91' lang='lat' dir='ltr'><strong>est</strong></span> <span class='ocrx_word' id='word_1_785' title='bbox 2500 4865 2680 4923; x_wconf 89' lang='lat' dir='ltr'><strong>super</strong></span> <span class='ocrx_word' id='word_1_786' title='bbox 2706 4849 3046 4906; x_wconf 68' lang='lat' dir='ltr'><strong>venerandae</strong></span> <span class='ocrx_word' id='word_1_787' title='bbox 3077 4848 3255 4904; x_wconf 79' lang='lat' dir='ltr'><strong>beatae</strong></span> <span class='ocrx_word' id='word_1_788' title='bbox 3275 4846 3470 4904; x_wconf 77' lang='lat' dir='ltr'><strong>Maria:</strong></span> <span class='ocrx_word' id='word_1_789' title='bbox 3491 4846 3668 4919; x_wconf 86' lang='lat' dir='ltr'><strong>virgi-</strong></span> 
     </span>
    </p>
   </div>
   <div class='ocr_carea' id='block_1_105' title="bbox 2020 4936 3670 5013">
    <p class='ocr_par' dir='ltr' id='par_1_105' title="bbox 2020 4936 3670 5013">
     <span class='ocr_line' id='line_1_105' title="bbox 2020 4936 3670 5013; baseline -0.005 -14"><span class='ocrx_word' id='word_1_790' title='bbox 2020 4942 2203 5000; x_wconf 87' lang='lat' dir='ltr'><strong>nitate</strong></span> <span class='ocrx_word' id='word_1_791' title='bbox 2231 4941 2315 4997; x_wconf 88' lang='lat' dir='ltr'><strong>ita</strong></span> <span class='ocrx_word' id='word_1_792' title='bbox 2343 4938 2746 5013; x_wconf 90' lang='lat' dir='ltr'><strong>blasphemus,</strong></span> <span class='ocrx_word' id='word_1_793' title='bbox 2780 4942 2846 4993; x_wconf 90' lang='lat' dir='ltr'><strong>ut</strong></span> <span class='ocrx_word' id='word_1_794' title='bbox 2877 4938 2986 4994; x_wconf 94' lang='lat' dir='ltr'><strong>hoc</strong></span> <span class='ocrx_word' id='word_1_795' title='bbox 3017 4937 3224 4994; x_wconf 91' lang='lat' dir='ltr'><strong>saltem</strong></span> <span class='ocrx_word' id='word_1_796' title='bbox 3264 4937 3479 4995; x_wconf 86' lang='lat' dir='ltr'><strong>audeat</strong></span> <span class='ocrx_word' id='word_1_797' title='bbox 3508 4936 3670 5009; x_wconf 82' lang='lat' dir='ltr'><strong>cogi-</strong></span> 
     </span>
    </p>
   </div>
   <div class='ocr_carea' id='block_1_106' title="bbox 2022 5025 3670 5103">
    <p class='ocr_par' dir='ltr' id='par_1_106' title="bbox 2022 5025 3670 5103">
     <span class='ocr_line' id='line_1_106' title="bbox 2022 5025 3670 5103; baseline -0.005 -15"><span class='ocrx_word' id='word_1_798' title='bbox 2022 5035 2165 5102; x_wconf 89' lang='lat' dir='ltr'><strong>tare,</strong></span> <span class='ocrx_word' id='word_1_799' title='bbox 2197 5035 2264 5086; x_wconf 90' lang='lat' dir='ltr'><strong>ut</strong></span> <span class='ocrx_word' id='word_1_800' title='bbox 2292 5034 2422 5103; x_wconf 90' lang='lat' dir='ltr'><strong>post</strong></span> <span class='ocrx_word' id='word_1_801' title='bbox 2452 5029 2638 5086; x_wconf 89' lang='lat' dir='ltr'><strong>Deum</strong></span> <span class='ocrx_word' id='word_1_802' title='bbox 2664 5026 3044 5099; x_wconf 84' lang='lat' dir='ltr'><strong>Salvatorem,</strong></span> <span class='ocrx_word' id='word_1_803' title='bbox 3075 5026 3263 5083; x_wconf 80' lang='lat' dir='ltr'><strong>filium</strong></span> <span class='ocrx_word' id='word_1_804' title='bbox 3322 5042 3522 5097; x_wconf 90' lang='lat' dir='ltr'><strong>suum,</strong></span> <span class='ocrx_word' id='word_1_805' title='bbox 3569 5025 3670 5081; x_wconf 90' lang='lat' dir='ltr'><strong>illa</strong></span> 
     </span>
    </p>
   </div>
   <div class='ocr_carea' id='block_1_107' title="bbox 2020 5116 3665 5194">
    <p class='ocr_par' dir='ltr' id='par_1_107' title="bbox 2020 5116 3665 5194">
     <span class='ocr_line' id='line_1_107' title="bbox 2020 5116 3665 5194; baseline -0.004 -18"><span class='ocrx_word' id='word_1_806' title='bbox 2020 5122 2213 5176; x_wconf 91' lang='lat' dir='ltr'><strong>virum</strong></span> <span class='ocrx_word' id='word_1_807' title='bbox 2262 5118 2640 5194; x_wconf 80' lang='lat' dir='ltr'><strong>cognoverit?</strong></span> <span class='ocrx_word' id='word_1_808' title='bbox 2697 5117 2947 5175; x_wconf 87' lang='lat' dir='ltr'><strong>Proinde</strong></span> <span class='ocrx_word' id='word_1_809' title='bbox 3004 5117 3330 5174; x_wconf 89' lang='lat' dir='ltr'><strong>secundum</strong></span> <span class='ocrx_word' id='word_1_810' title='bbox 3360 5116 3665 5172; x_wconf 85' lang='lat' dir='ltr'><strong>veritatem</strong></span> 
     </span>
    </p>
   </div>
   <div class='ocr_carea' id='block_1_108' title="bbox 2022 5205 3667 5278">
    <p class='ocr_par' dir='ltr' id='par_1_108' title="bbox 2022 5205 3667 5278">
     <span class='ocr_line' id='line_1_108' title="bbox 2022 5205 3667 5278; baseline -0.004 -11"><span class='ocrx_word' id='word_1_811' title='bbox 2022 5210 2157 5267; x_wconf 83' lang='lat' dir='ltr'><strong>ﬁdei</strong></span> <span class='ocrx_word' id='word_1_812' title='bbox 2190 5208 2512 5278; x_wconf 65' lang='lat' dir='ltr'><strong>catholicae,</strong></span> <span class='ocrx_word' id='word_1_813' title='bbox 2571 5210 2747 5265; x_wconf 88' lang='lat' dir='ltr'><strong>donec</strong></span> <span class='ocrx_word' id='word_1_814' title='bbox 2775 5211 2833 5263; x_wconf 88' lang='lat' dir='ltr'><strong>et</strong></span> <span class='ocrx_word' id='word_1_815' title='bbox 2885 5206 2983 5263; x_wconf 91' lang='lat' dir='ltr'><strong>hic</strong></span> <span class='ocrx_word' id='word_1_816' title='bbox 3032 5207 3185 5262; x_wconf 90' lang='lat' dir='ltr'><strong>sicut</strong></span> <span class='ocrx_word' id='word_1_817' title='bbox 3232 5222 3412 5278; x_wconf 88' lang='lat' dir='ltr'><strong>supra</strong></span> <span class='ocrx_word' id='word_1_818' title='bbox 3440 5205 3667 5261; x_wconf 88' lang='lat' dir='ltr'><strong>dictum</strong></span> 
     </span>
    </p>
   </div>
   <div class='ocr_carea' id='block_1_109' title="bbox 2020 5294 3671 5373">
    <p class='ocr_par' dir='ltr' id='par_1_109' title="bbox 2020 5294 3671 5373">
     <span class='ocr_line' id='line_1_109' title="bbox 2020 5294 3671 5373; baseline -0.004 -16"><span class='ocrx_word' id='word_1_819' title='bbox 2020 5304 2129 5370; x_wconf 89' lang='lat' dir='ltr'><strong>est,</strong></span> <span class='ocrx_word' id='word_1_820' title='bbox 2165 5317 2268 5373; x_wconf 92' lang='lat' dir='ltr'><strong>pro</strong></span> <span class='ocrx_word' id='word_1_821' title='bbox 2316 5313 2534 5369; x_wconf 81' lang='lat' dir='ltr'><strong>semper</strong></span> <span class='ocrx_word' id='word_1_822' title='bbox 2589 5295 3013 5369; x_wconf 84' lang='lat' dir='ltr'><strong>intelligamus.</strong></span> <span class='ocrx_word' id='word_1_823' title='bbox 3064 5294 3163 5351; x_wconf 83' lang='lat' dir='ltr'><strong>Ait</strong></span> <span class='ocrx_word' id='word_1_824' title='bbox 3219 5311 3357 5369; x_wconf 86' lang='lat' dir='ltr'><strong>ergo</strong></span> <span class='ocrx_word' id='word_1_825' title='bbox 3386 5294 3671 5351; x_wconf 89' lang='lat' dir='ltr'><strong>Dominus</strong></span> 
     </span>
    </p>
   </div>
   <div class='ocr_carea' id='block_1_110' title="bbox 269 5384 3664 5472">
    <p class='ocr_par' dir='ltr' id='par_1_110' title="bbox 269 5384 3664 5472">
     <span class='ocr_line' id='line_1_110' title="bbox 269 5384 3664 5472; baseline -0.005 -16"><span class='ocrx_word' id='word_1_826' title='bbox 269 5415 460 5472; x_wconf 88' lang='lat' dir='ltr'><strong>suam,</strong></span> <span class='ocrx_word' id='word_1_827' title='bbox 490 5402 549 5455; x_wconf 89' lang='lat' dir='ltr'><strong>et</strong></span> <span class='ocrx_word' id='word_1_828' title='bbox 592 5397 771 5455; x_wconf 82' lang='lat' dir='ltr'><strong>dixit:</strong></span> <span class='ocrx_word' id='word_1_829' title='bbox 804 5397 958 5453; x_wconf 89' lang='lat' dir='ltr'><strong>Vivit</strong></span> <span class='ocrx_word' id='word_1_830' title='bbox 985 5401 1160 5465; x_wconf 89' lang='lat' dir='ltr'><strong>Deus,</strong></span> <span class='ocrx_word' id='word_1_831' title='bbox 1193 5396 1294 5469; x_wconf 91' lang='lat' dir='ltr'><strong>qui</strong></span> <span class='ocrx_word' id='word_1_832' title='bbox 1323 5396 1568 5455; x_wconf 88' lang='lat' dir='ltr'><strong>abstulit</strong></span> <span class='ocrx_word' id='word_1_833' title='bbox 1618 5395 1907 5468; x_wconf 90' lang='lat' dir='ltr'><strong>judicium</strong></span> <span class='ocrx_word' id='word_1_834' title='bbox 2017 5388 2209 5460; x_wconf 84' lang='lat' dir='ltr'><strong>Jesus,</strong></span> <span class='ocrx_word' id='word_1_835' title='bbox 2241 5389 2384 5462; x_wconf 88' lang='lat' dir='ltr'><strong>quia</strong></span> <span class='ocrx_word' id='word_1_836' title='bbox 2409 5402 2641 5461; x_wconf 89' lang='lat' dir='ltr'><strong>semper</strong></span> <span class='ocrx_word' id='word_1_837' title='bbox 2688 5384 2910 5443; x_wconf 86' lang='lat' dir='ltr'><strong>halitus</strong></span> <span class='ocrx_word' id='word_1_838' title='bbox 2963 5384 3284 5442; x_wconf 83' lang='lat' dir='ltr'><strong>divinitatis</strong></span> <span class='ocrx_word' id='word_1_839' title='bbox 3339 5384 3398 5440; x_wconf 89' lang='lat' dir='ltr'><strong>in</strong></span> <span class='ocrx_word' id='word_1_840' title='bbox 3431 5400 3527 5441; x_wconf 92' lang='lat' dir='ltr'><strong>me</strong></span> <span class='ocrx_word' id='word_1_841' title='bbox 3555 5389 3664 5449; x_wconf 86' lang='lat' dir='ltr'><strong>est,</strong></span> 
     </span>
    </p>
   </div>
   <div class='ocr_carea' id='block_1_111' title="bbox 266 5472 3665 5563">
    <p class='ocr_par' dir='ltr' id='par_1_111' title="bbox 266 5472 3665 5563">
     <span class='ocr_line' id='line_1_111' title="bbox 266 5472 3665 5563; baseline -0.005 -16"><span class='ocrx_word' id='word_1_842' title='bbox 266 5505 487 5563; x_wconf 89' lang='lat' dir='ltr'><strong>meum,</strong></span> <span class='ocrx_word' id='word_1_843' title='bbox 512 5486 1074 5562; x_wconf 86' lang='lat' dir='ltr'><strong>etomnipotensqui</strong></span> <span class='ocrx_word' id='word_1_844' title='bbox 1097 5487 1170 5543; x_wconf 89' lang='lat' dir='ltr'><strong>ad</strong></span> <span class='ocrx_word' id='word_1_845' title='bbox 1191 5488 1647 5546; x_wconf 86' lang='lat' dir='ltr'><strong>amaritudinem</strong></span> <span class='ocrx_word' id='word_1_846' title='bbox 1670 5483 1914 5543; x_wconf 85' lang='lat' dir='ltr'><strong>adduxit</strong></span> <span class='ocrx_word' id='word_1_847' title='bbox 2019 5474 2160 5554; x_wconf 79' lang='lat' dir='ltr'><strong>quia</strong></span> <span class='ocrx_word' id='word_1_848' title='bbox 2189 5478 2515 5536; x_wconf 88' lang='lat' dir='ltr'><strong>secundum</strong></span> <span class='ocrx_word' id='word_1_849' title='bbox 2562 5476 2622 5533; x_wconf 90' lang='lat' dir='ltr'><strong>id</strong></span> <span class='ocrx_word' id='word_1_850' title='bbox 2679 5475 2837 5551; x_wconf 90' lang='lat' dir='ltr'><strong>quod</strong></span> <span class='ocrx_word' id='word_1_851' title='bbox 2891 5473 3069 5563; x_wconf 82' lang='lat' dir='ltr'><strong>homo</strong></span> <span class='ocrx_word' id='word_1_852' title='bbox 3128 5490 3285 5545; x_wconf 91' lang='lat' dir='ltr'><strong>sum,</strong></span> <span class='ocrx_word' id='word_1_853' title='bbox 3345 5477 3403 5530; x_wconf 86' lang='lat' dir='ltr'><strong>et</strong></span> <span class='ocrx_word' id='word_1_854' title='bbox 3456 5472 3518 5530; x_wconf 88' lang='lat' dir='ltr'><strong>in</strong></span> <span class='ocrx_word' id='word_1_855' title='bbox 3549 5472 3665 5530; x_wconf 87' lang='lat' dir='ltr'><strong>Deo</strong></span> 
     </span>
    </p>
   </div>
   <div class='ocr_carea' id='block_1_112' title="bbox 268 5560 3665 5655">
    <p class='ocr_par' dir='ltr' id='par_1_112' title="bbox 268 5560 3665 5655">
     <span class='ocr_line' id='line_1_112' title="bbox 268 5560 3665 5655; baseline -0.006 -12"><span class='ocrx_word' id='word_1_856' title='bbox 268 5560 529 5655; x_wconf 76' lang='lat' dir='ltr'><strong>animam</strong></span> <span class='ocrx_word' id='word_1_857' title='bbox 559 5560 774 5640; x_wconf 43' lang='lat' dir='ltr'><strong>meam:</strong></span> <span class='ocrx_word' id='word_1_858' title='bbox 802 5601 832 5631; x_wconf 85' lang='grc'><strong>››</strong></span> <span class='ocrx_word' id='word_1_859' title='bbox 889 5580 1041 5641; x_wconf 81' lang='lat' dir='ltr'><strong>Dum</strong></span> <span class='ocrx_word' id='word_1_860' title='bbox 1088 5594 1225 5636; x_wconf 90' lang='lat' dir='ltr'><strong>eum</strong></span> <span class='ocrx_word' id='word_1_861' title='bbox 1273 5578 1641 5638; x_wconf 87' lang='lat' dir='ltr'><strong>innocentem</strong></span> <span class='ocrx_word' id='word_1_862' title='bbox 1709 5590 1912 5651; x_wconf 80' lang='lat' dir='ltr'><strong>poenas</strong></span> <span class='ocrx_word' id='word_1_863' title='bbox 2020 5568 2294 5633; x_wconf 85' lang='lat' dir='ltr'><strong>conditus</strong></span> <span class='ocrx_word' id='word_1_864' title='bbox 2324 5584 2459 5631; x_wconf 83' lang='lat' dir='ltr'><strong>sum</strong></span> <span class='ocrx_word' id='word_1_865' title='bbox 2489 5570 2548 5630; x_wconf 86' lang='lat' dir='ltr'><strong>et</strong></span> <span class='ocrx_word' id='word_1_866' title='bbox 2575 5569 2830 5642; x_wconf 79' lang='lat' dir='ltr'><strong>creatus,</strong></span> <span class='ocrx_word' id='word_1_867' title='bbox 2887 5560 3074 5627; x_wconf 86' lang='lat' dir='ltr'><strong>habeo</strong></span> <span class='ocrx_word' id='word_1_868' title='bbox 3123 5563 3186 5625; x_wconf 78' lang='lat' dir='ltr'><strong>in</strong></span> <span class='ocrx_word' id='word_1_869' title='bbox 3241 5579 3337 5625; x_wconf 87' lang='lat' dir='ltr'><strong>me</strong></span> <span class='ocrx_word' id='word_1_870' title='bbox 3382 5562 3665 5642; x_wconf 74' lang='lat' dir='ltr'><strong>spiritum</strong></span> 
     </span>
    </p>
   </div>
  </div>
