3980 6184
1503 177 1538 188 κ

239 336 358 397 733

207 466 432 536 ,Patris
487 465 626 534 mei,
680 480 998 537 meumque
1046 463 1512 521 substantialiter

237 572 375 629 ergo
405 555 488 610 ita
529 554 734 610 dicens
772 572 785 611 :
818 554 1010 610 Donec
1063 554 1328 610 deliciam
1376 569 1493 608 non
1524 551 1790 608 recedam
1823 550 1894 605 ab

239 643 573 702 innocentia
603 660 755 701 mea.
780 644 926 709 Quia
945 658 1081 715 ergo
1110 642 1502 698 innocentiam
1527 658 1639 696 non
1663 657 1893 695 morum

237 733 534 790 industria
583 732 891 803 acquisivi,
934 732 1034 787 sed
1086 730 1146 786 in
1197 747 1264 786 ea
1295 735 1359 786 ut
1405 735 1579 786 natus
1628 746 1780 798 sum,
1813 729 1895 784 ita

236 840 370 880 sum
393 824 617 894 justus,
651 825 708 876 et
737 820 1041 877 innocens.

307 962 337 990 α
369 939 564 994 Donec
613 935 906 1007 deﬁciam,
959 953 1074 992 non
1122 937 1388 993 recedam
1438 938 1509 992 ab
1559 935 1892 991 innocentia

233 1039 386 1084 mea.
423 1047 445 1076 ν
485 1027 603 1098 Ego
642 1024 800 1081 enim
847 1026 1021 1081 etiam
1055 1025 1194 1081 siin
1243 1025 1338 1081 his
1369 1025 1726 1081 cruciatibus
1771 1040 1890 1079 mo-

231 1117 372 1183 riar,
409 1131 526 1173 non
564 1115 838 1171 recedam
891 1114 964 1170 ab
995 1114 1328 1171 innocentia
1377 1130 1526 1182 mea,
1560 1128 1738 1185 quam
1784 1128 1888 1168 vos

234 1206 403 1278 quasi
435 1205 854 1278 blasphemum
886 1203 945 1259 in
977 1205 1062 1260 eis
1091 1219 1186 1260 me
1212 1204 1475 1260 asseritis
1505 1202 1850 1277 perdidisse.

313 1343 335 1370 ι
366 1321 856 1378 Justiﬁcationem
896 1336 1088 1375 meam
1141 1335 1318 1392 quam
1352 1319 1498 1392 coepi
1548 1325 1741 1375 tenere
1773 1335 1886 1373 non

233 1412 522 1467 deseram.
551 1431 580 1461 »
612 1409 811 1466 Potuit
839 1408 947 1464 hoc
979 1407 1242 1465 Salvator
1288 1409 1498 1476 dicere,
1528 1413 1593 1463 ut
1621 1408 1795 1463 homo
1828 1407 1886 1462 in

231 1501 418 1556 Deum
451 1503 811 1572 assumptus,
838 1499 1006 1570 cujus
1037 1497 1275 1554 initium
1301 1502 1389 1554 est
1421 1498 1744 1554 secundum
1769 1515 1890 1552 car-

231 1605 373 1644 nem
423 1604 490 1643 ex
542 1586 760 1660 virgine
805 1587 986 1642 Maria
1036 1603 1047 1642 :
1096 1592 1397 1659 peccatum
1450 1590 1645 1642 autem
1694 1586 1886 1642 homi-

232 1677 348 1746 nis,
380 1693 482 1733 nec
515 1677 808 1733 nascendo
839 1676 1066 1746 habuit,
1099 1692 1205 1732 nec
1254 1677 1544 1750 operando
1578 1677 1884 1744 contraxit,

231 1771 287 1822 et
318 1767 446 1822 ideo
477 1765 636 1822 solus
665 1765 947 1822 veraciter
975 1763 1117 1820 dicit
1148 1783 1161 1821 :

302 1904 332 1934 ‹‹
363 1875 562 1956 Neque
591 1883 751 1939 enim
774 1883 1148 1956 reprehendit
1181 1899 1273 1939 me
1294 1899 1392 1938 cor
1422 1899 1619 1938 meum
1642 1883 1700 1937 in
1725 1881 1886 1938 omni

223 1972 345 2028 vita
374 1987 526 2028 mea.
570 1971 734 2028 Sicut
772 1972 1016 2046 impius,
1062 1973 1338 2028 inimicus
1371 1988 1559 2040 meus,
1591 1976 1648 2026 et
1680 1971 1886 2027 adver—

228 2061 426 2117 sarius
457 2077 648 2132 meus,
673 2062 841 2134 quasi
869 2061 1134 2134 iniquus.
1161 2084 1189 2113 »
1225 2062 1342 2118 Hoc
1372 2061 1497 2117 loco
1521 2060 1714 2116 omnis
1743 2061 1884 2128 vita,

225 2167 488 2224 praesens
531 2151 652 2207 vita
698 2149 1079 2225 intelligenda
1128 2155 1238 2219 est,
1285 2167 1401 2223 quo
1447 2155 1709 2222 tempore
1766 2150 1886 2204 haec

225 2241 480 2308 dicebat,
515 2248 794 2312 tanquam
841 2240 890 2296 si
943 2241 1206 2296 diceret:
1258 2244 1402 2295 Tota
1451 2256 1606 2294 nunc
1653 2254 1885 2294 conver-

227 2330 382 2385 satio
431 2345 563 2385 mea
608 2328 1139 2401 irreprehensibilis
1172 2334 1279 2384 est.
1326 2329 1453 2384 Non
1501 2329 1657 2384 enim
1698 2344 1890 2400 repre-

224 2418 434 2474 hendit
476 2435 570 2474 me
617 2435 716 2474 cor
761 2435 958 2474 meum
990 2418 1051 2473 in
1097 2417 1258 2474 omni
1307 2417 1426 2473 vita
1473 2433 1602 2472 mea
1635 2435 1647 2472 :
1683 2416 1740 2471 id
1773 2421 1882 2483 est,

225 2506 382 2563 male
414 2507 822 2574 suadentibus,
844 2511 909 2562 ut
937 2512 994 2564 et
1018 2524 1117 2564 vos
1138 2507 1329 2563 facitis
1365 2507 1435 2563 ad
1460 2505 1885 2576 blaSphemiam

223 2595 604 2652 hortantibus
631 2613 746 2652 non
779 2597 1158 2652 consensensi
1182 2614 1193 2652 :
1216 2597 1371 2668 quod
1402 2600 1458 2651 et
1484 2613 1628 2652 uxor
1648 2599 1712 2650 ut
1743 2596 1889 2652 face-

231 2702 388 2753 rem,
439 2687 742 2742 suadebat.
801 2686 928 2742 Non
985 2687 1143 2742 enim
1203 2686 1578 2760 reprehendit
1636 2702 1727 2741 me
1789 2702 1886 2740 cor

226 2791 435 2832 meum
475 2775 536 2830 in
584 2775 742 2832 omni
791 2775 907 2831 vita
954 2792 1103 2832 mea.
1137 2777 1296 2831 Sicut
1338 2776 1557 2848 impius
1606 2774 1882 2830 inimicus

227 2881 423 2931 meus,
473 2868 530 2920 et
585 2865 952 2922 adversarius
1010 2883 1176 2922 meus
1226 2865 1392 2936 quasi
1448 2864 1708 2936 iniquus.
1756 2864 1879 2919 Non

226 2954 562 3010 secundum
611 2954 888 3010 meritum
947 2953 1206 3026 loquitur
1254 2954 1562 3010 hominum
1614 2959 1880 3025 peccato-

225 3058 365 3097 rum
400 3059 412 3097 :
446 3042 766 3113 praedicens
793 3041 931 3114 quid
983 3041 1391 3114 unusquisque
1441 3057 1790 3113 permanens
1819 3040 1878 3094 in

227 3131 489 3203 peccatis
521 3135 862 3203 recepturus
890 3132 962 3188 ab
993 3148 1059 3189 eo
1091 3131 1185 3188 sit.
1218 3132 1384 3188 Nunc
1417 3131 1488 3186 ad
1521 3147 1656 3186 eum
1685 3130 1878 3186 locum

227 3224 594 3276 revertamur
625 3239 638 3276 :

307 3357 342 3387 ‹‹
369 3338 502 3401 Quae
531 3340 620 3393 est
648 3337 808 3392 enim
840 3353 975 3410 spes
1023 3337 1337 3410 hypocrita;
1386 3336 1434 3392 si
1466 3352 1635 3392 avare
1665 3335 1875 3408 rapiat,

226 3428 285 3480 et
318 3439 438 3480 non
467 3424 672 3482 liberet
700 3431 849 3482 Deus
873 3426 1130 3482 animam
1153 3427 1318 3498 ejus?
1340 3427 1669 3500 Hypocrita,
1702 3426 1878 3480 ﬁctus

223 3514 284 3570 in
322 3513 603 3582 amicitia,
633 3515 720 3572 vel
759 3516 998 3572 dolosus
1046 3515 1412 3589 intelligitur.
1459 3518 1745 3582 Quantam
1776 3531 1877 3570 vos

224 3603 636 3678 cupiditatem,
665 3610 722 3661 et
769 3605 938 3678 quasi
987 3605 1236 3660 avaritiae
1267 3606 1427 3661 sitim
1475 3605 1766 3678 patimini,
1796 3604 1879 3659 in-

227 3693 384 3766 quit,
416 3693 475 3749 in
507 3693 744 3750 interitu
778 3709 926 3761 meo,
953 3698 1016 3749 ut
1046 3710 1138 3750 me
1169 3693 1317 3750 votis
1343 3696 1465 3765 jam
1499 3695 1557 3749 in
1589 3697 1876 3749 tartarum

225 3782 478 3855 rapiatis
509 3783 536 3837 ?
585 3784 771 3856 Super
816 3782 926 3838 hac
978 3782 1158 3855 igitur
1212 3783 1463 3838 nefanda
1516 3781 1813 3838 voluntate
1863 3797 1876 3836 :

229 3887 414 3943 quam
440 3887 605 3943 spem
635 3872 813 3927 veniae
844 3875 979 3927 ante
1007 3871 1191 3927 Deum
1221 3870 1530 3940 habebitis,
1564 3870 1614 3926 si
1645 3887 1762 3926 non
1793 3887 1884 3925 ac-

230 3959 553 4031 quiescetis
585 3965 716 4032 Deo,
750 3963 816 4017 ut
845 3977 948 4017 vos
978 3958 1039 4016 in
1073 3959 1180 4016 hac
1225 3959 1345 4017 vita
1374 3960 1685 4016 emendare
1714 3974 1878 4016 cure-

226 4049 334 4105 tis.

302 4155 608 4227 Numquid
641 4161 792 4211 Deus
840 4157 1037 4213 audiet
1082 4156 1394 4214 clamarem
1427 4157 1576 4229 ejus,
1609 4172 1741 4212 cum
1785 4171 1879 4212 ve-

231 4243 388 4301 nerit
420 4260 600 4316 super
628 4260 765 4300 eum
796 4246 1089 4317 angustia.
1122 4268 1150 4295 »
1183 4248 1244 4302 In
1274 4252 1536 4319 tempore
1565 4246 1762 4317 itaque
1792 4262 1880 4300 re-

231 4333 606 4402 tributionis,
649 4333 880 4405 quando
927 4333 1109 4406 impio
1161 4339 1404 4392 ventura
1451 4341 1540 4393 est
1587 4335 1879 4407 angustia,

231 4421 474 4479 nullum
521 4423 630 4478 erit
657 4423 984 4479 remedium
1016 4419 1424 4494 peccatoribus
1459 4440 1471 4478 :
1506 4426 1644 4494 quia
1682 4440 1882 4496 preces

232 4527 444 4570 eorum
476 4511 761 4569 Dominus
791 4511 852 4566 in
883 4511 974 4566 die
1006 4510 1246 4567 ultionis
1276 4529 1391 4568 non
1423 4512 1722 4584 suscipiet.

309 4649 340 4680 ‹‹
367 4630 488 4685 Aut
515 4628 728 4702 poterit
755 4627 816 4683 in
859 4627 1256 4700 omnipotente
1308 4626 1598 4696 delectari,
1632 4633 1688 4684 et
1717 4628 1878 4684 invo-

235 4735 371 4775 care
414 4723 594 4774 Deum
645 4717 805 4773 omni
850 4716 1158 4789 tempore?
1189 4739 1218 4767 »
1259 4717 1312 4772 Is
1358 4715 1419 4771 in
1464 4718 1577 4772 Deo
1607 4717 1880 4774 delectari

235 4808 472 4881 poterit,
515 4812 572 4862 et
613 4807 880 4862 invocare
926 4822 1082 4872 eum,
1117 4805 1218 4878 qui
1265 4805 1374 4860 sibi
1422 4806 1569 4862 bene
1615 4808 1881 4863 conscius

236 4902 396 4953 recte
426 4897 746 4969 praesumit,
770 4900 824 4952 et
857 4894 958 4967 qui
990 4911 1051 4950 se
1080 4895 1257 4951 talem
1280 4895 1623 4963 exhibuerit,
1659 4900 1722 4952 ut
1745 4914 1886 4968 quo-

232 4985 380 5042 libet
406 4989 666 5057 tempore
695 4988 989 5041 mereatur
1017 4983 1226 5040 audiri.

317 5127 345 5155 u
380 5103 607 5159 Docebo
637 5119 740 5159 vos
772 5119 874 5176 per
919 5119 1161 5159 manum
1196 5101 1298 5158 Dei
1348 5119 1471 5174 quae
1521 5103 1888 5176 omnipotens

239 5190 480 5261 habeat,
514 5206 617 5246 nec
647 5189 1020 5246 abscondam.
1052 5191 1196 5246 Ecce
1226 5207 1327 5246 vos
1366 5207 1570 5246 omnes
1600 5191 1805 5256 nostis,
1836 5197 1892 5248 et

243 5279 388 5351 quid
437 5279 564 5336 sine
613 5296 792 5335 causa
836 5295 986 5334 vana
1028 5279 1338 5352 loquimini
1369 5278 1397 5334 ?
1445 5279 1576 5335 Haec
1622 5285 1708 5336 est
1755 5298 1892 5354 pars

242 5369 505 5425 hominis
547 5369 712 5442 impii
756 5368 908 5440 apud
940 5373 1144 5439 Deum,
1175 5374 1232 5426 et
1261 5369 1572 5426 haereditas
1615 5371 1890 5428 violento-

244 5474 381 5515 rum
413 5474 591 5530 quam
623 5457 694 5514 ab
721 5457 1132 5531 Omnipotente
1179 5459 1523 5532 suscipient.
1564 5481 1584 5510 ι
1622 5458 1727 5514 Illa
1755 5459 1896 5516 dicit

243 5563 378 5622 quas
406 5547 582 5606 habet
609 5547 765 5605 Deus
795 5547 857 5605 in
885 5563 1065 5608 manu
1095 5564 1160 5607 ac
1188 5552 1495 5626 potestate,
1527 5553 1584 5610 et
1611 5549 1673 5607 in
1702 5565 1892 5608 secre-

241 5637 332 5708 tis
353 5637 593 5716 judiciis
621 5637 768 5700 suis.

1283 316 1804 394 COMMENTAR.
1851 327 1930 387 IN
1973 325 2109 386 .1013
2154 324 2320 385 CAP.
2371 326 2621 388 xxvu.

1562 479 1575 518 :
1623 459 1891 534 sequitur
1919 458 1975 525 Α

3533 328 3651 388 734

2078 480 2106 508 ‹‹
2138 457 2196 513 Si
2228 456 2598 528 multiplicati
2623 457 2838 513 fuerint
2865 457 2968 511 ﬁlii
3000 459 3150 528 ejus,
3172 459 3232 513 in
3263 459 3456 532 gladio
3479 466 3650 517 erunt

2008 551 2061 602 et
2092 551 2328 619 nepotes
2374 547 2502 618 ejus
2534 541 2647 600 non
2697 547 3122 602 saturabuntur
3148 565 3315 619 pane.
3352 573 3381 600 ››
3415 552 3479 606 In
3509 550 3648 606 filiis

2006 641 2060 691 et
2091 636 2396 708 nepotibus
2442 635 2723 708 reliquam
2776 651 3007 690 omnem
3055 637 3451 706 posteritatem
3484 641 3647 696 malae

2003 724 2394 797 generationis
2427 724 2698 796 signavit.
2723 723 3053 796 Aliquando
3078 725 3135 779 in
3166 726 3502 796 Scripturis,
3533 746 3646 784 non

2002 813 2193 869 solum
2235 815 2450 869 carnali
2503 813 2797 886 progenie,
2831 831 3032 870 verum
3081 813 3257 869 etiam
3309 821 3537 871 morum
3569 817 3644 872 si-

2001 901 2335 958 militudine
2367 902 2471 958 iilii
2504 903 2892 975 appellantur.

2076 1041 2096 1067 «ι
2133 1020 2240 1082 Qui
2281 1018 2488 1090 reliqui
2538 1018 2754 1074 iuerint
2801 1035 2868 1074 ex
2898 1035 2984 1088 eo,
3018 1018 3374 1092 sepelientur
3403 1020 3461 1074 in
3495 1020 3646 1076 inte-

1999 1107 2138 1179 ritu,
2173 1112 2231 1164 et
2259 1109 2443 1164 viduae
2492 1107 2652 1164 illius
2686 1125 2798 1163 non
2850 1108 3180 1180 plorabant.
3216 1131 3244 1160 »
3277 1108 3394 1165 Hoc
3425 1109 3649 1181 signiﬁ-

1998 1213 2130 1253 care
2160 1197 2306 1252 mihi
2335 1197 2584 1266 videtur,
2621 1198 2771 1269 quod
2821 1213 2925 1269 per
2953 1205 3216 1271 tempora
3247 1199 3318 1254 ad
3349 1216 3649 1255 summam

1996 1290 2336 1359 egestatem,
2388 1285 2506 1342 sive
2554 1287 2871 1351 miseriam,
2917 1287 3107 1359 proles
3158 1287 3323 1359 impii
3368 1288 3646 1355 hominis,

1999 1377 2117 1432 sive
2147 1376 2442 1448 generatio
2474 1376 2813 1432 deducenda
2845 1377 2939 1444 sit,
2973 1382 3030 1432 et
3075 1377 3264 1432 vidua:
3293 1394 3496 1432 eorum
3526 1395 3644 1450 pra

1998 1466 2179 1521 nimio
2211 1467 2466 1522 instante
2497 1466 2609 1522 sibi
2650 1465 2824 1537 malo,
2859 1467 2992 1522 ﬂere
3024 1484 3138 1521 non
3171 1472 3463 1538 poterunt.
3646 1467 3654 1472 ’

2074 1605 2100 1632 ‹‹
2131 1581 2188 1636 Si
2237 1582 2685 1654 comportaverit
2732 1582 2902 1654 quasi
2954 1586 3168 1638 terram
3216 1588 3546 1655 argentum,
3591 1588 3648 1639 et

1998 1669 2150 1726 sicut
2186 1671 2374 1726 lutum
2425 1671 2834 1744 praeparaverit
2881 1671 3249 1727 vestimenta.
3287 1695 3314 1721 »
3346 1673 3648 1728 Insatiabi-

1996 1758 2108 1814 lem
2157 1759 2536 1831 cupiditatem
2569 1777 2635 1816 ac
2663 1760 2995 1832 voraginem
3040 1762 3356 1834 quamdam
3389 1761 3643 1833 inexple-

1871 1881 1880 1920 ς
1915 1834 1962 1900 Β
1994 1847 2128 1904 bilis
2158 1848 2335 1920 hujus
2367 1848 2534 1920 impii
2564 1849 2722 1904 dicit.

2071 1978 2098 2006 «
2131 1957 2481 2028 Prmparavit
2521 1957 2781 2029 quidem,
2815 1958 2914 2013 sed
2959 1959 3161 2029 justus
3189 1959 3470 2014 vestietur
3502 1958 3640 2029 illis,

1997 2049 2054 2100 et
2086 2050 2390 2117 argentum
2439 2045 2720 2102 innocens
2751 2047 2986 2101 dividet.
3021 2069 3048 2096 »
3095 2048 3164 2102 Et
3191 2047 3463 2102 Salomon
3514 2049 3594 2101 ait
3627 2066 3640 2103 :

1999 2136 2105 2203 Qui
2153 2136 2455 2206 ampliﬁcat
2507 2135 2735 2191 divit-ias
2778 2152 2903 2192 suas
2946 2153 3068 2190 cum
3116 2138 3299 2191 usuris
3346 2136 3651 2190 abundanti

1998 2225 2177 2294 (Prov.
2206 2242 2404 2297 xxvm,
2435 2225 2489 2297 8)
2526 2243 2538 2280 :
2575 2224 2674 2296 qui
2708 2225 3022 2280 miseretur
3053 2242 3377 2298 pauperum
3411 2241 3649 2298 congre-

1997 2317 2094 2385 gat
2121 2330 2239 2370 eas.

2069 2441 2099 2473 «
2129 2420 2451 2476 fEdilicavit
2497 2421 2648 2476 sicut
2676 2421 2834 2476 tinea
2882 2422 3120 2476 domum
3171 2437 3362 2494 suam,
3395 2425 3452 2476 et
3491 2422 3644 2477 sicut

1997 2515 2192 2567 custos
2219 2511 2352 2566 fecit
2374 2509 2805 2566 umbraculum.
2837 2532 2863 2563 ι)
2895 2511 2996 2566 Ilis
3017 2511 3206 2567 verbis
3226 2511 3335 2566 hoc
3365 2511 3466 2581 ait,
3485 2511 3640 2582 quod

1995 2600 2170 2657 homo
2202 2599 2423 2672 impius
2456 2601 2672 2656 frustra
2713 2599 3061 2656 laboraverit
3095 2617 3106 2655 :
3142 2599 3639 2672 quandoquidem,

1994 2690 2082 2745 vel
2115 2690 2228 2745 cito
2259 2689 2702 2744 transeuntibus
2744 2689 2940 2756 rebus,
2964 2687 3051 2744 vel
3076 2689 3249 2744 tineis
3281 2688 3643 2744 demolienti-

1992 2779 2125 2849 bus,
2178 2783 2367 2834 status
2414 2777 2574 2833 illius
2622 2779 2832 2833 domus
2881 2781 3270 2849 comparatur.
3318 2776 3541 2832 Aliter:
3579 2777 3637 2832 Si

1994 2867 2441 2938 comportaverit
2471 2865 2638 2937 quasi
2672 2871 2886 2920 terram
2926 2871 3255 2937 argentum,
3283 2871 3340 2920 et
3367 2864 3520 2919 sicut
3546 2864 3637 2919 lu-

1990 2960 2116 3012 tum
2142 2954 2965 3028 prmparaveritvestimentum
2983 2972 2993 3009 :
3011 2953 3357 3026 praeparabit
3378 2954 3637 3024 quidem,

1992 3045 2092 3101 sed
2116 3045 2315 3114 justus
2343 3045 2627 3099 vestietur
2651 3042 2786 3110 illis,
2822 3048 2877 3098 et
2907 3047 3212 3114 argentum
3245 3042 3526 3097 innocens
3556 3041 3640 3096 di-

1990 3133 2165 3188 videt.
2186 3133 2511 3188 zEdiﬁcavit
2542 3133 2692 3187 sicut
2717 3131 2872 3186 tinea
2903 3131 3143 3186 domum
3175 3148 3365 3199 suam,
3398 3131 3638 3206 et‘slicut

1911 3205 1954 3272 (ἶ
1995 3226 2190 3279 custos
2222 3222 2357 3277 fecit
2403 3220 2835 3276 umbraculum.
2871 3221 2972 3276 Ilic
3021 3237 3156 3291 ergo
3187 3220 3426 3292 impius,
3461 3205 3635 3290 quem

1987 3311 2285 3367 diabolum
2317 3327 2446 3367 esse
2475 3311 2745 3383 superius
2773 3311 3049 3376 diximus,
3074 3309 3131 3363 in
3164 3310 3636 3380 praevaricatione

1984 3402 2121 3456 Adae
2156 3401 2440 3473 pretiosos
2463 3417 2728 3473 quosque
2758 3405 2815 3456 et
2837 3399 3022 3454 claros
3050 3398 3224 3466 viros,
3249 3403 3314 3454 ut
3344 3403 3557 3454 terram
3581 3403 3638 3453 et

1991 3490 2181 3546 lutum
2197 3490 2338 3547 viles
2357 3490 2719 3562 constituit,a
2740 3489 2958 3561 quibus
2977 3487 3152 3543 etiam
3165 3487 3408 3543 virtutes
3420 3492 3476 3543 et
3489 3490 3640 3543 bona

1990 3585 2209 3636 natura)
2239 3579 2396 3635 velut
2425 3580 2778 3636 vestimenta
2807 3579 3076 3646 detraxit,
3101 3581 3157 3632 et
3175 3594 3376 3632 eorum
3400 3594 3632 3643 aurum,

1989 3688 2104 3743 quo
2135 3670 2346 3725 divitiae
2371 3669 2582 3724 mentis
2605 3669 3034 3741 signiﬁcantur.
3061 3667 3126 3720 Hi
3149 3667 3304 3721 enim
3329 3666 3542 3721 divitiis
3563 3666 3634 3719 ad

1986 3759 2303 3831 imaginem
2317 3757 2830 3814 etsimilitudinem
2844 3756 3130 3812 Creatoris
3143 3755 3234 3812 sui
3249 3755 3477 3828 pulchri
3501 3753 3635 3809 facti

1989 3849 2238 3915 fuerant,
2265 3851 2320 3902 et
2349 3847 2653 3919 compositi
2683 3864 2696 3902 :
2730 3847 2828 3918 qui
2857 3863 2955 3902 eas
2986 3846 3301 3901 auferendo
3331 3845 3402 3900 ab
3433 3844 3536 3911 eis,
3562 3844 3632 3898 ad

1990 3954 2280 3994 summam
2301 3953 2400 3993 eos
2421 3937 2804 4010 indigentiam
2817 3935 3217 4006 vilitatemque
3235 3932 3635 4007 perduxit.His

1989 4027 2170 4098 igitur
2191 4026 2366 4081 rebus
2387 4025 2656 4082 homines
2681 4024 3183 4098 comparantur,in
3203 4019 3633 4091 Adam,utdixi,

1990 4116 2215 4172 seducti
2265 4134 2299 4171 a
2327 4115 2579 4184 diabolo,
2611 4132 2738 4186 quae
2789 4115 2846 4169 in
2879 4119 3148 4168 creatura
3197 4111 3403 4166 mundi
3432 4108 3638 4164 viliora

1988 4205 2276 4261 videntur.
2312 4205 2422 4262 Sed
2446 4207 2650 4277 justus
2681 4204 2981 4274 Dominus,
3015 4207 3070 4257 et
3100 4202 3253 4257 Deus
3282 4204 3498 4266 noster,
3533 4215 3637 4254 au-

1993 4296 2228 4352 ferendo
2277 4313 2311 4351 a
2361 4294 2612 4362 diabolo,
2647 4295 2924 4361 praedicta
2973 4291 3159 4364 spolia
3205 4291 3565 4363 captivorum
3621 4305 3633 4342 :

1990 4384 2150 4456 ipsos
2201 4400 2434 4455 quoque
2464 4384 2724 4455 captivos
2762 4382 3038 4452 liberans,
3071 4397 3218 4454 quos
3270 4379 3546 4436 inimicus
3577 4380 3635 4435 in

1992 4473 2296 4528 interitum
2345 4478 2788 4546 praaparaverat,
2843 4470 3160 4527 Ecclesium
3209 4475 3474 4527 sanctam
3523 4470 3636 4526 sibi

1991 4563 2254 4619 exhibuit
2275 4579 2340 4618 ex
2375 4563 2459 4618 eis
2484 4580 2496 4619 :
2525 4563 2818 4618 mundans
2842 4579 2968 4617 eam
2992 4560 3219 4617 lavacro
3253 4577 3414 4632 aqua:
3438 4560 3497 4613 in
3518 4575 3637 4614 vcr-

1988 4656 2086 4721 bo,
2118 4663 2291 4724 atque
2320 4670 2448 4709 eam
2471 4653 2598 4708 sine
2629 4651 2858 4707 macula
2877 4656 2931 4707 et
2956 4668 3101 4723 ruga
3129 4649 3386 4706 efﬁciens
3416 4648 3631 4718 (Ephes.

1990 4763 2045 4814 ν,
2078 4745 2167 4811 26,
2200 4745 2288 4815 27)
2323 4760 2335 4798 ε
2371 4743 2428 4797 id
2462 4747 2571 4813 est,
2605 4759 2813 4814 puram
2845 4759 2877 4798 a
2907 4744 3163 4814 peccato,
3187 4745 3244 4796 et
3273 4738 3635 4802 confessione

1997 4832 2134 4888 ﬁdei
2163 4832 2512 4905 simplicem,
2538 4833 2790 4905 pretioso
2814 4831 3004 4887 induit
3028 4829 3395 4886 vestimento.
3420 4835 3639 4900 Argen-

1996 4928 2124 4978 tum
2156 4923 2330 4978 etiam
2385 4939 2498 4994 quo
2533 4922 2824 4995 perspicui
2875 4922 3114 4994 quique,
3148 4926 3213 4976 ut
3251 4921 3378 4991 jam
3407 4919 3639 4975 locutus

1999 5030 2152 5080 sum,
2186 5017 2244 5068 et
2271 5011 2409 5068 clari
2443 5007 2648 5067 mundi
2676 5011 2856 5083 hujus
2877 5011 3326 5084 intelliguntur:
3363 5010 3642 5064 innocens

1997 5105 2197 5173 Agnus
2226 5101 2347 5167 Dei,
2380 5107 2436 5156 et
2464 5100 2883 5157 immaculatus
2915 5102 3144 5171 dividit,
3177 5116 3312 5156 cum
3342 5099 3642 5155 credentes

2000 5190 2057 5244 in
2092 5191 2317 5246 beatam
2348 5190 2524 5244 vitam
2555 5195 2612 5246 et
2650 5194 2926 5245 aeternam
2957 5189 3203 5262 gloriam
3237 5191 3436 5256 mittit,
3469 5192 3527 5244 et
3557 5189 3643 5242 in-

2003 5278 2266 5334 credulos
2295 5279 2354 5334 in
2377 5280 2762 5351 perditionem
2785 5280 2982 5334 mittit.
3009 5280 3136 5335 Sive
3163 5284 3471 5352 argentum
3493 5277 3650 5333 clara

2003 5374 2059 5424 et
2109 5367 2424 5440 splendens
2466 5369 2800 5441 eloquentia
2844 5368 3164 5435 saecularis,
3195 5386 3229 5425 a
3276 5369 3497 5424 mundo
3547 5383 3648 5439 per

2003 5459 2300 5515 Christum
2332 5459 2595 5514 aufertur
2618 5479 2632 5530 -,
2660 5463 2723 5514 ut
2737 5459 3101 5515 credentium
3128 5454 3648 5528 facundia,nitenti

2004 5552 2062 5604 et
2094 5564 2238 5619 puro
2282 5547 2532 5620 eloquio,
2565 5547 2694 5620 ejus
2726 5549 3105 5623 Evangelium
3153 5549 3475 5620 vestiatur;
3508 5545 3647 5619 quia

2005 5636 2504 5718 quemadmodum
2528 5638 2734 5696 animae
2755 5639 3061 5697 hominum
3079 5639 3361 5697 virtutum
3387 5636 3647 5696 vestibus
