3980 6184
438 342 554 400 ’735
1933 335 2354 397 ΑΡΡΕΝΠΙΧ.
3657 337 3753 401 ’136

438 470 768 526 induuntur
799 486 812 525 :
840 466 925 524 ita
953 469 1011 524 et
1040 482 1254 525 sensus
1302 467 1444 523 dum
1474 466 1883 540 praedicatione
1912 484 2083 525 evan-
2114 469 2172 537 Α
2199 467 2538 524 missionem
2582 470 2975 539 peccatorum,
3037 462 3500 537 signiﬁcationem
3541 465 3755 541 spiritus,

438 558 813 632 gelizantium
859 556 1218 624 enuntiatur,
1251 557 1684 629 quodammodo
1715 557 2087 613 sermonibus
2198 556 2410 630 pignus
2458 557 2632 613 etiam
2681 554 2969 612 Dominici
3018 552 3293 625 corporis,
3341 556 3395 608 et
3436 553 3754 613 hereditatem

436 649 789 706 vestiuntur.
822 645 1146 702 jEdificavit
1177 647 1326 703 sicut
1356 647 1513 702 tinea
1534 648 1774 703 domum
1805 664 1996 718 suam,
2030 651 2089 702 et
2199 664 2332 703 cum
2363 646 2582 703 sanctis
2610 644 2831 719 angelis
2864 643 3024 716 regni
3055 641 3321 699 coelestis.
3354 641 3416 701 Hi
3456 657 3575 714 ergo
3600 659 3753 702 omnes

440 738 593 794 sicut
622 742 822 793 custos
855 736 988 792 fecit
1016 736 1449 792 umbraculum.
1484 736 1555 791 Ut
1584 736 1741 792 tinea
1771 736 2085 802 consumit,
2198 737 2316 792 sive
2349 736 2485 808 quia
2535 735 2725 792 crucis
2774 733 3115 791 scandalum
3164 730 3479 804 patiuntur,
3524 731 3623 787 sive
3648 750 3756 803 pra-

440 833 497 883 et
526 826 841 883 demolitur
887 826 1289 881 habitaculum
1331 842 1507 882 suum
1538 844 1551 881 :
1587 826 1665 882 ita
1716 831 1771 882 et
1819 824 2087 881 diabolus
2197 826 2532 898 sumptione
2562 825 2752 881 cordis
2785 824 2896 891 sui,
2932 827 2996 879 ut
3023 822 3083 878 in
3115 836 3305 877 errore
3336 818 3624 888 ambulent,
3647 823 3756 876 veri-

440 917 683 971 domum
724 914 933 987 perditi
964 914 1164 987 populi
1196 915 1287 971 sui
1338 916 1396 970 in
1427 916 1727 971 interitum
1759 916 1885 987 ejus
1918 914 2089 971 mdifi-
2195 915 2332 971 tatis
2364 915 2660 971 tramitem
2707 913 3087 985 reliquerunt.
3122 911 3251 966 Sive
3300 909 3433 981 quia
3458 908 3756 967 obscuratum

441 1005 576 1060 ficat
606 1020 619 1060 :
657 1004 759 1076 qui
790 1004 1211 1061 habitationem
1246 1005 1358 1060 sibi
1389 1005 1824 1077 temporariam,
1856 1009 1913 1061 et
1942 1022 2085 1076 pau-
2195 1004 2481 1061 habentes
2528 1003 2909 1070 intellectum,
2942 1001 3245 1074 proprium
3272 999 3459 1055 liberae
3502 996 3751 1055 voluntatis

438 1093 603 1148 latim
660 1092 971 1149 solubilem
1021 1094 1383 1166 praeparavit,
1433 1111 1815 1167 possessurus
1872 1098 2089 1150 aeterna
2196 1094 2527 1160 arbitrium,
2560 1094 2619 1148 in
2668 1092 3009 1149 infidelitate
3039 1090 3375 1162 perdurant.
3406 1085 3503 1143 Vel
3532 1087 3645 1158 quia
3666 1088 3757 1143 abc-

441 1180 749 1254 supplicia.
782 1182 888 1237 Hic
936 1187 1027 1239 est
1073 1199 1209 1255 ergo
1241 1183 1337 1239 ille
1384 1184 1605 1256 impius
1655 1184 1957 1257 hypocrita
1987 1182 2085 1255 qui
2198 1182 2508 1239 minabiles
2559 1183 2691 1239 facti
2741 1186 2923 1238 sunt:
2974 1178 3298 1236 exaltantes
3345 1194 3439 1233 cor
3474 1192 3625 1232 suum
3661 1182 3752 1247 post

440 1287 609 1327 avare
640 1270 809 1343 rapit.
844 1273 906 1326 In
958 1289 1073 1327 non
1124 1277 1494 1329 convertente
1526 1272 1687 1328 nulla
1734 1289 1870 1345 spes
1908 1272 2085 1328 veniae
2198 1273 2496 1329 somnium
2527 1272 2754 1341 mortis,
2783 1271 2843 1326 in
2891 1268 3316 1326 resurrectione
3347 1265 3587 1339 aperient
3610 1263 3751 1320 oculos

439 1360 569 1427 erit,
601 1377 737 1416 cum
790 1360 966 1416 etiam
1017 1378 1193 1432 super
1243 1363 1381 1428 haec,
1415 1361 1670 1434 quadam
1718 1361 1961 1417 avaritia
1990 1379 2092 1418 δω-
2199 1377 2358 1429 suos,
2390 1365 2447 1417 et
2478 1361 2623 1415 nihil
2654 1360 2968 1415 invenient.

437 1450 629 1505 viente
661 1449 850 1522 rapiat
898 1451 1165 1507 homines
1216 1452 1287 1507 ad
1334 1451 1658 1507 interitum.
1691 1450 1839 1515 Quid
1870 1450 2086 1507 idcirco
2275 1470 2297 1498 α
2346 1449 2755 1522 Apprehendet
2799 1465 2933 1505 eum
2983 1446 3153 1519 quasi
3202 1462 3365 1518 aqua:
3431 1442 3607 1515 inopia
3643 1445 3756 1497 nocte

438 1538 739 1609 hypocrita
768 1539 981 1595 dicitur
1013 1557 1025 1595 :
1062 1540 1201 1611 quia
1224 1544 1280 1595 te
1310 1540 1691 1612 transfigurat
1721 1541 1779 1594 in
1812 1539 2086 1612 angelum
2198 1540 2488 1611 opprimet
2513 1555 2649 1595 eum
2671 1542 3008 1610 tempestas.
3032 1559 3058 1587 »
3080 1535 3349 1592 Subitam
3371 1535 3652 1605 egestatem
3666 1547 3757 1602 pre-

439 1626 591 1684 lucis
622 1629 692 1700 (Il
721 1630 842 1685 Cor.
876 1646 952 1697 χι,
986 1629 1072 1700 14)
1106 1645 1118 1683 :
1154 1630 1324 1700 cujus
1374 1630 1549 1685 etiam
1584 1629 1899 1685 clamorem
1946 1645 2085 1685 serae
2198 1628 2370 1684 dictis
2401 1629 2702 1695 divitibus,
2725 1627 2883 1683 velut
2912 1642 3127 1697 aquam
3158 1627 3616 1696 superventuram
3634 1618 3756 1691 signi-

439 1716 865 1788 deprecationis
897 1734 1013 1773 non
1046 1721 1133 1773 est
1161 1718 1446 1775 Dominus
1468 1718 1799 1785 auditurus,
1837 1736 1971 1774 cum
2002 1719 2089 1774 in-
2199 1718 2353 1789 ficat,
2387 1718 2487 1789 qui
2529 1718 2784 1787 miseria,
2818 1721 2875 1772 et
2924 1714 3229 1787 inopinata
3258 1712 3368 1769 sibi
3395 1710 3651 1783 angustia,
3674 1725 3758 1779 qua

440 1806 865 1909 trapoenarum
913 1805 1217 1909 alngus‘tia‘s
1268 1806 1443 1861 fuerit
1494 1811 1839 1909 coarctatus:
1876 1808 1936 1862 In
1970 1807 2085 1909 Deo
2118 1844 2164 1909 Β
2197 1807 2563 1909 tempestatis
2595 1804 3016 1909 n‘ominedicta‘
3044 1808 3152 1871 est,
3185 1801 3458 1909 poeta-id
3486 1802 3759 1909 est‘re‘pen‘te

442 1907 675 1963 quoque
708 1908 823 1947 non
854 1892 962 1948 erit
992 1893 1041 1948 ei
1082 1896 1150 1949 de
1180 1894 1331 1950 bono
1363 1896 1731 1952 conscientias
1761 1896 1959 1968 aliqua
1986 1897 2084 1952 de-
2118 1885 2164 1909 υ
2196 1897 2338 1952 dum
2376 1896 2647 1952 nesciunt
2695 1894 3100 1967 opprimentur
3132 1909 3145 1948 ε
3174 1894 3344 1964 juxta
3390 1889 3526 1945 illud
3551 1885 3759 1959 Apostoli,

438 1977 765 2037 lectationis
797 1981 1030 2049 fiducia,
1064 1983 1164 2038 sed
1196 2000 1318 2039 .nec
1347 1983 1407 2038 in
1438 1983 1673 2039 laudem
1704 1984 2087 2040 confessionis
2199 1988 2332 2041 Cum
2373 1986 2619 2041 dixerint
2644 2002 2759 2057 pax
2801 1988 2855 2038 et
2900 1983 3187 2049 securitas,
3239 1984 3369 2035 tunc
3412 1979 3682 2051 repentinus
3710 1976 3760 2028 eis

441 2084 575 2123 eum
609 2070 819 2141 poterit
849 2088 1179 2142 provocare,
1212 2072 1311 2144 qui
1343 2073 1402 2127 in
1436 2072 1881 2130 similitudinem
1912 2073 2084 2129 innu-
2194 2077 2539 2148 superveniet
2566 2076 2845 2130 interitus.
2882 2074 2929 2145 (Ι
2958 2072 3133 2128 Thess.
3167 2089 3227 2138 v,
3257 2071 3331 2141 3).

441 2158 811 2215 merabilium
844 2160 1097 2217 filiorum
1126 2178 1371 2218 suorum
1421 2162 1619 2219 divina
1665 2164 1954 2220 sententia
1984 2164 2086 2220 Dei
2274 2185 2300 2218 (ι
2326 2164 2513 2221 Tollet
2556 2181 2689 2220 eum
2736 2167 2945 2220 ventus
2976 2178 3176 2229 urens,
3223 2165 3280 2216 et
3310 2158 3539 2223 auferet,
3568 2157 3615 2211 et
3654 2150 3760 2207 velut

440 2247 633 2319 gladio
666 2247 921 2304 ferietur.
955 2250 1204 2321 Nepotes
1254 2252 1429 2306 etiam
1458 2251 1519 2306 in
1553 2252 1768 2323 quibus
1798 2252 1884 2306 illi
1926 2253 2091 2309 intel-
2196 2256 2367 2311 turbo
2418 2253 2606 2325 rapiet
2653 2269 2788 2308 eum
2838 2252 2908 2307 de
2956 2250 3082 2306 loco
3134 2266 3264 2305 suo.
3304 2271 3323 2298 ι
3358 2244 3521 2302 Venti
3568 2241 3759 2302 nomine,

438 2337 704 2408 liguntur
732 2337 831 2407 qui
866 2338 937 2392 ab
969 2338 1086 2394 illis
1128 2340 1490 2395 seducuntur
1519 2357 1666 2411 quos
1698 2342 1861 2413 prius
1891 2342 2088 2399 diabo-
2198 2344 2553 2400 sententiam
2594 2342 2759 2408 dixit,
2793 2358 2910 2413 qua
2938 2340 3097 2395 velut
3125 2338 3319 2410 pulvis
3366 2335 3594 2408 quisque
3618 2343 3759 2387 eorum

440 2425 535 2480 lus
567 2425 690 2495 ipse
723 2426 1028 2497 deceperat
1053 2444 1065 2483 :
1096 2434 1358 2499 nepotes,
1391 2430 1657 2500 inquam,
1689 2431 1817 2501 ejus
1847 2448 1963 2486 non
1995 2449 2086 2488 sa-
2198 2433 2537 2506 projicietur
2566 2449 2599 2487 a
2627 2431 2774 2486 facie
2803 2434 2989 2486 terra.
3022 2433 3090 2485 Et
3109 2432 3321 2484 ventus
3350 2424 3441 2481 hic
3469 2422 3646 2479 divinze
3670 2433 3758 2506 sen-

441 2514 797 2569 turabuntur
835 2532 984 2586 pane
1032 2516 1275 2573 visionis
1305 2518 1427 2585 Dei,
1462 2518 1662 2590 utique
1716 2520 1930 2576 famem
1962 2521 2088 2577 ino-
2198 2504 2391 2579 tentia:
2423 2539 2601 2578 urens
2648 2520 2884 2588 dicitur,
2918 2535 2984 2575 eo
3016 2518 3174 2590 quod
3225 2518 3296 2572 ad
3351 2514 3602 2589 gehennae
3629 2504 3761 2565 uredi-

442 2604 719 2675 piamque
742 2604 1148 2675 passuri.Quia
1176 2623 1380 2663 omnes
1411 2608 1599 2663 sancti
1627 2610 2089 2681 contemplantes
2200 2628 2333 2668 nem
2366 2612 2485 2668 sive
2519 2609 2835 2682 compellit.

442 2692 649 2761 Deum,
674 2694 969 2749 reficiendi
994 2695 1066 2750 ab
1096 2712 1162 2751 eo
1193 2700 1351 2765 sunt,
1375 2701 1431 2752 et
1460 2698 1757 2769 pascendi,
1790 2716 1906 2770 quo
1933 2716 2089 2755 nunc
2278 2722 2299 2750 α
2332 2701 2567 2756 Emittet
2616 2716 2793 2771 super
2841 2715 2999 2766 eum,
3029 2700 3088 2753 et
3130 2713 3248 2753 non
3302 2698 3507 2768 parcet.
3539 2713 3562 2741 »
3600 2688 3762 2742 Ventus

443 2782 635 2855 angeli
683 2786 1042 2840 saturantur.
1095 2784 1390 2857 Reliquias
1441 2804 1673 2859 quoque
1722 2787 1957 2857 diaboli,
1993 2806 2089 2845 ex-
2200 2790 2401 2862 utique
2433 2789 2733 2846 sententiae
2756 2787 2878 2855 Dei,
2906 2787 3025 2843 sive
3054 2786 3182 2859 ipse
3199 2786 3352 2842 Deus
3369 2800 3465 2856 per
3493 2773 3762 2837 sententiam

443 2875 689 2927 tremam
721 2872 1155 2945 generationem
1204 2876 1331 2946 ejus
1380 2874 1701 2949 intelligere
1748 2894 2087 2948 possumus,
2191 2879 2436 2952 justitize
2468 2896 2607 2947 suae,
2642 2878 2831 2933 mittet
2858 2894 3034 2949 super
3054 2892 3192 2932 eum
3226 2890 3423 2948 pmnas
3454 2888 3466 2928 :
3497 2870 3544 2925 id
3574 2870 3764 2931 est,me-

444 2978 570 3034 quae
621 2962 911 3034 similiter,
946 2967 1007 3018 ut
1038 2963 1164 3035 ipse
1212 2964 1501 3036 diabolus,
1533 2971 1588 3021 et
1621 2965 1724 3021 ﬁlii
1756 2983 1821 3022 ac
1851 2974 2091 3039 nepotes
2201 2970 2380 3025 ritum
2413 2968 2735 3024 facinorum
2769 2983 3011 3023 suorum
3039 2965 3342 3038 suscipiet.
3374 2963 3492 3018 Non
3521 2957 3651 3016 enim
3675 2966 3764 3023 par-

443 3052 593 3122 ejus,
644 3068 777 3106 cum
825 3056 941 3108 toto
988 3068 1227 3125 corpore
1256 3053 1456 3126 populi
1504 3054 1596 3111 sui
1645 3056 1948 3112 interitum
2001 3074 2090 3113 se-
2200 3064 2308 3131 cet,
2342 3076 2474 3114 cum
2502 3058 2704 3114 reddet
2732 3057 2783 3112 ei
2815 3056 3143 3112 secundum
3171 3070 3347 3127 opera
3376 3068 3494 3109 sua.

443 3139 751 3211 pelientur.
788 3139 903 3196 Ille
952 3158 1184 3214 quoque
1212 3144 1420 3215 viduae,
1452 3144 1510 3199 id
1560 3148 1668 3213 est,
1701 3145 1909 3201 animae
1943 3163 2089 3218 quas
2137 3215 2161 3218 μ
2274 3127 2302 3199 (ξ
2334 3149 2414 3204 De
2446 3164 2623 3202 manu
2654 3147 2783 3218 ejus
2831 3146 3063 3217 fugiens
3096 3144 3301 3217 fugiet.
3336 3166 3363 3193 ››
3394 3141 3457 3197 Et
3484 3153 3583 3194 non
3609 3127 3766 3189 tenebi-

441 3227 595 3283 vitiis
627 3229 771 3297 suis,
800 3234 857 3285 et
885 3229 1177 3288 illecebris
1224 3232 1591 3304 voluptatum
1624 3235 1892 3292 diabolus
1924 3215 2089 3293 ener-
2122 3215 2164 3283 (ἶ
2203 3242 2319 3308 tur,
2354 3237 2568 3309 inquit,
2603 3215 2781 3292 manu
2805 3215 2999 3290 Dei—ut
3029 3215 3308 3299 salvetur,
3331 3234 3398 3287 de
3428 3245 3536 3301 qua
3560 3223 3686 3279 velut
3706 3218 3764 3271 fu-

439 3322 691 3387 vaverat,
716 3318 1038 3393 mollesque
1068 3321 1419 3394 reddiderat,
1445 3326 1510 3378 ut
1538 3340 1772 3380 omnem
1796 3325 2090 3380 fortitudi-
2200 3342 2282 3399 gae
2314 3324 2700 3395 modo,veloci
2723 3322 2893 3396 lapsu
2925 3324 2984 3378 in
3008 3322 3183 3378 ruina
3201 3322 3441 3380 decidet.
3460 3315 3603 3383 Quod
3623 3312 3764 3399 autem

447 3422 581 3463 nem
616 3412 672 3463 et
699 3407 1035 3465 virilitatem
1068 3410 1427 3480 amitterent,
1451 3411 1614 3468 nulla
1643 3413 1995 3469 correctione
2025 3431 2091 3470 ac
2200 3396 2300 3483 ait,
2332 3414 2565 3488 fugiens
2595 3414 2797 3486 fugiet,
2823 3413 2944 3469 sive
2973 3416 3038 3468 ut
3065 3411 3166 3467 alii
3198 3412 3483 3477 dixerunt,
3502 3409 3617 3479 fuga
3637 3396 3764 3488 Μία

446 3496 847 3554 satisfactione
878 3498 1283 3568 deflebunt,ut
1311 3501 1520 3557 saltem
1539 3500 1853 3573 aliquando
1886 3502 2090 3575 resipi-
2201 3486 2544 3577 pereuntem
2607 3503 2667 3557 in
2719 3506 3069 3575 perpetuum
3117 3505 3473 3573 peccatorem
3525 3486 3763 3577 signiﬁffl-v

448 3590 617 3641 scant
654 3586 727 3640 ad
758 3586 963 3654 Deum,
996 3604 1170 3659 quem
1200 3594 1483 3661 tanquam
1514 3590 1702 3647 virum
1750 3573 2089 3661 amiserant,
2201 3573 2346 3665 quia
2393 3608 2696 3663 nunquam
2721 3573 2844 3648 ﬁsit—
2872 3591 3236 3647 revocandus
3280 3591 3351 3647 ad
3398 3588 3582 3653 vitam,
3608 3584 3653 3635 et
3682 3573 3764 3629 illic

443 3673 599 3728 vitiis
630 3673 789 3730 velut
820 3676 1100 3733 adulteris
1130 3678 1494 3736 cohaerendo.
2201 3681 2554 3755 poenitentiae
2583 3679 2745 3737 locus
2777 3696 2893 3736 non
2924 3680 3052 3736 erit.

520 3763 748 3820 «Dives
805 3781 939 3821 cum
996 3767 1318 3837 dormierit,
1360 3769 1504 3826 nihil
1564 3786 1763 3826 secum
1823 3771 2088 3828 auferet:
2201 3749 2221 3755 “
2273 3796 2303 3822 ‹‹
2334 3771 2593 3844 Stringet
2639 3786 2817 3842 super
2856 3786 2991 3825 eum
3040 3785 3256 3826 manus
3300 3783 3450 3835 suas,
3482 3766 3532 3819 et
3570 3749 3766 3815 sibilabit

447 3853 667 3926 aperiet
717 3854 915 3911 oculos
974 3872 1135 3924 suos,
1167 3862 1223 3913 et
1278 3858 1425 3913 nihil
1482 3858 1755 3917 inveniet.
1806 3884 1834 3912 ››
1895 3860 2091 3917 Multis
2202 3877 2377 3934 super
2406 3843 2595 3931 illum,
2627 3859 2865 3916 intuens
2917 3857 3113 3915 locum
3165 3860 3313 3930 ejus.
3350 3880 3375 3905 )›
3406 3852 3513 3909 Alii
3539 3843 3764 3934 dixerunt.

449 3944 642 4001 modis
712 3944 875 4001 dives
941 3944 1290 4019 intelligitur
1346 3948 1407 4003 in
1484 3949 1800 4021 Scripturis
1856 3950 2089 4007 divinis.
2200 3926 2432 4022 Plange!
2476 3926 2643 4023 super
2691 3965 2814 4005 eum
2858 3948 3113 4005 manibus
3154 3926 3294 4018 sitis,
3332 3950 3379 4001 et
3407 3941 3571 3999 trahet
3609 3926 3767 3991 eamdi

445 4034 549 4090 Est
578 4034 737 4091 dives
788 4035 1163 4092 facultatibus
1193 4037 1440 4093 terrenis
1473 4054 1485 4093 :
1517 4039 1617 4094 sed
1658 4038 1708 4094 si
1762 4040 2003 4095 confidit
2032 4040 2091 4095 in
2204 4044 2315 4099 loco
2331 4058 2451 4097 suo.
2472 4040 2723 4096 Nutibus
2741 4037 3099 4110 quibusdam
3121 4051 3425 4109 corperum
3446 4029 3764 4087 humanorum

446 4124 592 4198 ipsis
620 4125 859 4198 divitiis,
892 4127 1083 4184 cadet.
1124 4127 1229 4183 Hic
1272 4143 1409 4199 ergo
1439 4128 1599 4184 dives
1630 4146 1764 4184 cum
1794 4129 1855 4185 in
1886 4146 2091 4186 somno
2202 4147 2513 4188 censuram
2564 4127 2928 4201 indignantis
2976 4126 3100 4195 Dei,
3131 4130 3190 4182 et
3235 4128 3430 4182 contra
3478 4116 3764 4205 peccattu'tlt1

449 4196 654 4272 mortis
678 4196 871 4286 fuerit,
896 4215 1043 4272 nihil
1066 4216 1136 4273 de
1158 4217 1282 4273 suis
1304 4196 1681 4274 facultatibus
1703 4234 1902 4274 secum
1926 4218 2087 4275 feret:
2203 4222 2441 4277 divitem
2474 4196 2804 4285 irascentis,
2836 4217 2945 4272 hoc
2978 4232 3250 4272 sermone
3299 4209 3558 4270 describit
3586 4222 3596 4259 :
3626 4196 3703 4255 ubi
3724 4196 3763 4247 et

450 4306 728 4376 quoniam
760 4307 958 4362 nudus
987 4306 1143 4363 venit
1186 4308 1478 4364 nascendo
1514 4325 1527 4365 :
1560 4309 1754 4364 nudus
1788 4307 2095 4365 revertitur
2194 4312 2321 4384 jam
2352 4308 2522 4381 quasi
2570 4306 2816 4365 sibilans
2861 4306 3080 4362 indicet
3108 4320 3283 4377 quam
3328 4308 3483 4359 atrox
3525 4294 3601 4351 illi
3627 4297 3769 4384 13031.18-

448 4394 509 4449 in
540 4399 759 4450 terram
810 4396 1131 4453 moriendo.
1165 4397 1355 4454 Hicin
1404 4398 1827 4456 resurrectione
1874 4398 2095 4472 aperiet
2194 4373 2335 4456 rum
2366 4398 2529 4455 locus
2578 4400 2927 4455 reservetur.
2961 4396 3046 4452 Ad
3096 4394 3273 4452 talem
3323 4394 3504 4449 locum
3548 4387 3596 4440 et
3633 4373 3767 4435 JudaS

449 4483 652 4541 oculos
681 4488 841 4554 suos,
876 4489 932 4541 et
962 4485 1193 4541 nullum
1238 4487 1515 4544 meritum
1546 4488 1683 4544 boni
1715 4488 1906 4561 operis
1936 4488 2091 4543 inve-
2201 4488 2476 4547 Iscarioth
2507 4487 2667 4545 abiit.

449 4574 587 4631 niet.
620 4574 957 4631 Judmorum
988 4592 1219 4647 quoque
1267 4577 1533 4649 populos,
1566 4577 2097 4650 propter‘innume-
2127 4592 2173 4657 ι)
2766 4574 2995 4633 CAPUT
3034 4574 3277 4631 XXVIII.
3525 4654 3533 4657 _
3608 4649 3617 4657 .
3657 4644 3667 4657 ο

450 4663 658 4724 rabilia
686 4665 883 4722 divina
901 4665 1219 4722 beneﬁcia:
1255 4666 1674 4738 prophetarum
1706 4684 1938 4740 quoque
1970 4685 2097 4724 ora-
2130 4640 2171 4657 υ
2280 4694 2308 4722 ‹‹
2344 4669 2527 4727 Habet
2553 4669 2859 4740 argentum
2891 4682 3174 4722 venarum
3197 4675 3428 4720 suarum
3458 4640 3765 4740 primiplavet

453 4756 606 4823 cula,
656 4756 777 4812 sive
829 4755 1251 4828 promissiones
1300 4755 1608 4828 plurimas,
1658 4738 1740 4812 et_
1761 4738 1862 4812 Dei
1909 4756 2096 4828 ipsius
2208 4777 2352 4818 auro
2382 4760 2546 4817 locus
2576 4738 2686 4824 est,
2717 4757 2778 4813 in
2829 4772 2944 4828 quo
2994 4759 3295 4812 conflatur.
3325 4751 3546 4807 Ferrum
3573 4741 3633 4828 de
3658 4738 3767 4789 tem

451 4847 727 4918 frequens
758 4826 1105 4917 alloquium,
1129 4826 1409 4902 dives'est
1437 4847 1649 4902 dictus.
1683 4845 1845 4901 Unde
1874 4826 2096 4902 eisdem
2208 4850 2455 4916 tollitur,
2488 4852 2546 4904 et
2585 4845 2756 4919 lapis,
2790 4826 3022 4902 solutus
3072 4843 3278 4907 calore,
3312 4841 3368 4895 in
3411 4852 3482 4892 ωε
3508 4826 3766 4919 vertitur.

452 4901 672 4991 Judaeis
701 4901 787 4992 ait
809 4901 1103 4993 Do‘minus'
1124 4935 1183 4991 in
1215 4934 1522 5008 Evangelia
1556 4952 1568 4990 :
1608 4941 1705 4993 Vae
1733 4936 1880 4992 vobis
1910 4901 2097 4991 diviti-
2482 4901 2814 5008 ‘qu’od
2846 4950 2949 5007 per
2979 4933 3228 5006 aenigma
3256 4901 3311 4987 et
3342 4919 3659 5013 parabplw}:
3686 4901 3763 5013 53b

455 5024 551 5079 bus
600 5028 755 5094 (Luc.
804 5043 884 5097 v1,
915 5027 1027 5098 24).
1080 5025 1329 5099 Superbi
1379 5042 1611 5098 quoque
1658 5042 1773 5081 non
1816 5025 2099 5082 habentes
2206 5029 2418 5086 horum
2462 5024 2801 5084 nominibus
2850 5023 3243 5091 metallorum,
3276 5032 3454 5074 mores
3499 5008 3762 5099 homini“?

454 5088 699 5186 spiritus
729 5088 1798 5190 Paupertatem,divites-appellantur.
1834 5116 2098 5172 Philoso-
2207 5122 2265 5174 et
2309 5117 2553 5173 virtutes
2598 5115 2933 5172 animorum
2981 5088 3291 5179 describat,
3335 5103 3555 5194 minime
3595 5088 3764 5194 οτάίξλξθ

455 5203 558 5277 phi
588 5202 763 5261 etiam
795 5205 1077 5263 habentes
1111 5178 1471 5273 facundiam:
1492 5178 1558 5263 et
1588 5206 1893 5262 scientiam
1926 5223 2098 5261 mun-
2208 5205 2662 5272 observantiam,
2686 5201 3105 5277 prophetarum
3136 5214 3311 5262 more,
3350 5185 3661 5277 custodiens.

453 5292 690 5366 dialem,
721 5294 932 5351 divites
963 5302 1398 5369 nuncupantur.
1430 5296 1500 5352 Hi
1530 5313 1665 5353 cum
1695 5295 1755 5351 in
1786 5296 1879 5351 die
1910 5312 2099 5352 resur-
2208 5267 3761 5372 gentivero,etaurivocabulum,secundumauctorllﬁll‘f1

460 5346 690 5366 ———--—,
727 5346 930 5351 -----η
963 5346 1398 5369 “MT—mw-
1430 5346 1500 5352 ---
1534 5346 1665 5353 πη
1696 5346 1755 5351 --
1791 5346 1875 5351 ---
1911 5346 2065 5352 ηη-
2208 5346 2367 5369 om"
2392 5346 2730 5363 νν-ην--ν--κ
2758 5346 2764 5349 -
3101 5346 3113 5356 ι
3629 5352 3670 5366 ..
3737 5346 3745 5352 -

452 5383 727 5441 rectionis
759 5384 979 5441 fuerint
1001 5385 1289 5454 suscitati,
1314 5386 1460 5442 nihil
1480 5386 1721 5443 remedii
1742 5402 1856 5458 quo
1880 5385 2099 5442 salven-
2208 5386 2664 5458 Scripturarum,
2682 5382 2843 5440 verbi
2873 5379 3171 5453 eloquium
3190 5382 3244 5433 et
3266 5385 3465 5431 sensus
3488 5362 3640 5419 animi
3659 5346 3763 5458 lid‘l'

449 5479 550 5532 tur
586 5475 898 5532 invenient.
933 5474 1251 5532 Haareticus
1282 5475 1457 5533 etiam
1512 5476 1761 5550 quisque
1791 5476 1950 5532 dives
1984 5475 2098 5531 dici
2209 5492 2339 5533 care
2368 5475 2571 5533 voluit.
2593 5478 2725 5530 Haec
2751 5473 3105 5529 disserentes
3124 5470 3247 5539 {nos
3278 5440 3761 5553 ita‘dicatnUBLE:

450 5569 643 5640 potest
674 5582 689 5623 :
722 5565 995 5639 quoniam
1040 5565 1227 5623 multa
1256 5566 1374 5625 imo
1420 5534 1618 5625 omnia
1646 5534 1718 5625 de
1748 5570 1962 5623 sanctaa
1992 5566 2096 5623 Ec-
2205 5566 2304 5625 bet
2334 5567 2642 5641 argentum
2684 5576 2965 5622 venarum
3014 5571 3253 5616 suarum
3284 5542 3563 5642 principii};
3589 5534 3760 5642 (ξειδξίξο

452 5610 641 5722 glacies
672 5610 1249 5719 mhumerationibus
1278 5673 1341 5715 se
1388 5657 1603 5716 habere
1632 5656 1935 5733 praesumit
1967 5673 1980 5713 :
2014 5662 2099 5716 re-
2208 5657 2371 5720 locus
2400 5610 2490 5719 tepet
2518 5656 2579 5719 in
2627 5671 2742 5735 quo
2791 5652 3097 5715 conﬂatur.
3129 5652 3297 5709 Venae
3338 5629 3581 5717 argenti:
3607 5619 3655 5678 id
3678 5610 3756 5681 est.
