3980 6184
232 365 352 428 737

1262 360 1782 424 COMMENTAR.
1829 361 1909 423 IN
1954 362 2096 424 JOB
2142 363 2315 425 CAP.
2361 363 2630 428 XXVIII.

3534 375 3652 437 738

235 497 477 556 initium
505 494 722 568 eloquii
755 494 826 551 ab
857 493 1064 552 anima
1087 493 1362 551 sensibus
1395 493 1582 552 oritur
1611 509 1626 550 :
1675 510 1889 551 sensus
1920 510 1976 578 Α
2087 516 2116 547 ‹‹
2145 500 2321 553 Terra
2348 498 2421 554 de
2445 515 2562 570 qua
2591 499 2891 556 oriebatur
2917 503 3176 574 panis,in
3209 505 3334 564 loco
3366 525 3495 575 suo,
3527 510 3651 583 igni

233 604 372 646 vero
394 601 629 654 aureus,
662 585 904 641 rationis
933 601 998 641 ac
1029 585 1325 657 sapientia
1363 583 1588 656 judicio
1646 584 1889 642 fabrica-

235 682 361 747 tur,
395 680 452 732 et
480 682 544 730 ut
568 672 644 730 sit
673 674 1032 746 optimus,ab
1051 673 1184 746 igne
1210 673 1418 730 divina
1440 673 1892 730 examinationis

239 765 589 841 probatione
620 763 926 819 conﬂatur.
959 762 1260 818 Fortitudo
1291 779 1447 831 vero,
1481 780 1607 836 qua
1631 763 1766 818 ferri
1791 781 1892 819 no-

239 857 404 911 mine
425 853 775 927 appellatur,
804 855 893 908 est
945 869 1062 924 qua
1108 855 1351 919 terram,
1411 852 1468 907 id
1528 857 1637 921 est,
1698 853 1895 908 carnis

240 948 458 1002 nostra
486 941 768 998 malitiam
805 941 866 996 in
891 941 1059 997 nobis
1081 941 1342 997 tollimus
1377 957 1390 998 :
1424 943 1732 998 adversum
1765 957 1893 998 eam

239 1043 446 1092 contra
475 1049 582 1088 nos
633 1030 1008 1097 militantem,
1063 1034 1121 1086 et
1166 1036 1368 1086 contra
1405 1030 1592 1104 legem
1651 1032 1895 1104 spiritus

240 1123 684 1180 conversantem
733 1119 908 1190 (Rom.
956 1137 1057 1189 v11,
1118 1121 1232 1190 23),
1286 1119 1475 1192 rigore
1560 1119 1765 1191 animi,
1842 1125 1899 1176 et

235 1213 462 1268 virtute
493 1225 911 1282 repugnemus.
939 1209 1174 1281 Lapidis
1192 1225 1425 1282 quoque
1447 1209 1683 1266 nomine
1704 1210 1897 1266 cordis

237 1303 535 1375 ﬁguratur
563 1297 825 1368 durities,
851 1314 977 1370 quae
1008 1315 1112 1370 per
1140 1298 1392 1354 calorem
1430 1303 1486 1354 et
1515 1299 1797 1355 fervorem
1830 1300 1898 1353 fi-

237 1392 338 1449 dei
364 1389 622 1446 resoluta
651 1386 983 1443 mollescit:
1044 1392 1110 1443 ut
1166 1388 1422 1461 primum
1482 1390 1667 1461 possit
1722 1389 1783 1444 in
1831 1405 1894 1444 se

236 1481 426 1537 verba
455 1477 764 1534 scribentis
795 1477 1070 1548 recipere.
1105 1477 1322 1533 Deinde
1351 1477 1506 1533 velut
1527 1478 1586 1532 in
1613 1495 1690 1533 as
1739 1478 1892 1548 quod

241 1585 537 1627 canorum
569 1567 883 1638 est,merito
917 1566 1245 1623 sanctitatis
1261 1566 1670 1639 proﬁciens,ad
1695 1566 1898 1622 laudes

243 1663 310 1716 et
339 1657 558 1731 gratias
586 1661 694 1712 Deo
723 1657 1073 1726 oflerendas,
1101 1655 1234 1712 fidei
1258 1655 1552 1712 soliditate
1581 1656 1896 1728 perveniet.

321 1771 352 1798 ‹‹
382 1749 636 1819 Tempus
665 1746 863 1818 posuit
887 1745 1166 1812 tenebris,
1195 1750 1254 1801 et
1285 1746 1694 1801 universorum
1718 1746 1898 1800 finem

233 1836 376 1910 ipse
408 1834 754 1892 considerat.
793 1856 820 1883 »
851 1838 918 1890 In
948 1834 1267 1906 Scripturis
1308 1834 1542 1900 divinis,
1566 1837 1900 1906 peccatores

234 1925 537 1995 homines,
569 1924 862 1980 daemones
891 1923 1302 1995 etignorantia
1351 1927 1524 1996 atque
1573 1923 1900 1978 tribulatio-

236 2031 370 2083 nes,
404 2015 524 2070 sive
547 2020 800 2087 peccata,
820 2029 922 2084 pro
943 2013 1137 2081 modo,
1157 2016 1215 2069 et
1262 2011 1407 2069 locis
1451 2014 1701 2069 tenebra
1747 2030 1900 2068 nun-

242 2107 565 2177 cupantur.

321 2218 350 2244 «
382 2192 662 2265 Lapidem
693 2207 928 2263 quoque
951 2191 1242 2264 caliginis,
1266 2195 1323 2246 et
1343 2192 1613 2248 umbram
1636 2191 1902 2247 mortis.»

241 2287 422 2339 Hunc
452 2280 710 2354 lapidem
741 2281 1139 2354 metaphorice
1169 2280 1467 2336 diabolum
1498 2280 1608 2336 hoc
1640 2280 1764 2336 loco
1815 2279 1904 2334 in-

241 2372 520 2444 telligere
545 2387 897 2442 possumus:
931 2370 1028 2442 qui
1052 2374 1287 2442 propter
1314 2386 1538 2426 errores
1577 2387 1716 2426 suos
1771 2368 1908 2440 qui—

249 2464 377 2518 bus
400 2464 585 2516 totum
620 2461 912 2516 mundum
942 2459 1282 2527 involverat,
1312 2458 1464 2532 lapis
1496 2458 1766 2532 caliginis
1795 2459 1910 2513 dic-

246 2556 361 2609 tus
391 2554 499 2607 est.
532 2550 639 2616 Qui
671 2566 802 2604 cum
836 2548 1000 2605 fortis
1031 2553 1089 2604 et
1120 2553 1326 2621 potens
1358 2549 1453 2616 sit,
1489 2565 1593 2620 per
1641 2552 1910 2603 naturam

264 2659 390 2714 qua
413 2644 502 2697 est
530 2658 564 2695 a
597 2641 708 2696 Deo
731 2638 1009 2696 conditus
1042 2656 1056 2694 :
1092 2639 1391 2694 confidens
1415 2655 1518 2711 per
1573 2638 1912 2716 superbiam

261 2731 331 2786 in
361 2730 574 2785 virtute
604 2746 730 2796 sua,
759 2733 816 2785 et
846 2745 963 2784 non
986 2728 1045 2784 in
1079 2727 1346 2796 Domino,
1377 2733 1435 2783 et
1489 2732 1602 2784 Deo
1661 2732 1916 2784 creatore

265 2837 402 2887 suo,
436 2818 697 2874 amiserit
727 2817 1022 2888 sapientia
1052 2816 1272 2886 lumen,
1307 2833 1620 2875 conversus
1665 2817 1726 2872 in
1771 2816 1915 2873 stul-

268 2909 470 2965 titiam
517 2911 575 2963 et
604 2907 897 2972 tenebras,
932 2910 988 2962 et
1038 2907 1254 2962 idcirco
1302 2907 1454 2978 lapis
1500 2906 1745 2979 calignis
1802 2905 1918 2961 dici

267 2997 484 3072 potuit,
519 2997 840 3053 secundum
872 2995 1040 3064 illud,
1075 2996 1282 3052 Stultus
1302 2998 1362 3050 in
1388 2997 1625 3051 tenebris
1671 2996 1920 3050 ambulat

265 3088 564 3160 (Eccle.n,
604 3085 706 3157 14).
741 3086 903 3141 Sicut
933 3101 1067 3158 ergo
1127 3085 1277 3158 lapis
1334 3085 1602 3158 caliginis
1652 3084 1920 3140 diabolus

267 3177 638 3240 nominatur,
670 3175 752 3229 ita
781 3179 838 3230 et
862 3175 1074 3230 umbra
1103 3174 1308 3230 mortis
1347 3174 1582 3229 dicitur.
1636 3173 1921 3238 Quoniam

1931 1881 1980 1947 B

2004 587 2288 644 subversa
2318 592 2426 643 est.
2463 610 2491 638 »
2520 588 2790 646 Diversae
2818 607 2912 646 res
2941 595 2999 647 et
3027 592 3308 651 obscuras
3337 600 3650 668 connectit,

2004 679 2071 731 ut
2157 693 2292 732 cum
2376 678 2774 751 superioribus
2847 678 3124 736 inferiora
3188 700 3304 738 non
3394 687 3654 745 haereant

2003 765 2254 822 Proinde
2285 767 2433 822 mihi
2465 769 2715 840 videtur,
2759 769 2900 842 quia
2927 770 3036 826 hoc
3088 770 3214 827 loco
3272 776 3490 832 terram
3549 780 3650 834 So-

2006 856 2318 911 domorum
2349 857 2662 927 describat,
2695 860 2866 931 cujus
2890 860 3313 917 abundantiam
3373 868 3430 919 et
3477 881 3655 922 ama-

2005 944 2253 1001 nitatem
2285 963 2417 1002 cum
2450 947 2834 1004 admiratione
2863 948 3173 1006 collaudat.
3205 952 3382 1008 Terra
3414 954 3485 1010 de
3543 972 3661 1028 qua

2007 1036 2306 1092 oriebatur
2356 1037 2527 1109 panis
2586 1038 2645 1093 in
2688 1038 2815 1094 loco
2864 1055 2992 1108 suo,
3043 1040 3165 1112 igni
3211 1043 3494 1100 subversa
3549 1049 3658 1113 est,

2008 1125 2136 1180 Hac
2175 1129 2332 1181 terra
2360 1130 2554 1198 potest
2583 1128 2865 1183 etJudaa
2895 1128 3164 1203 intelligi,
3200 1131 3259 1186 in
3309 1148 3426 1204 qua
3489 1135 3660 1206 panis

2006 1213 2155 1286 legis
2217 1215 2334 1287 Dei,
2395 1232 2498 1287 per
2554 1217 2885 1272 doctrinam
2943 1219 3367 1291 prophetarum
3424 1223 3658 1296 populis

2009 1304 2378 1375 nascebatur,
2413 1321 2530 1375 qua
2558 1321 2754 1361 amore
2783 1305 2885 1361 Dei
2911 1323 3014 1378 per
3040 1307 3216 1363 fidem
3265 1308 3477 1367 Christi
3535 1328 3661 1368 car-

2009 1391 2163 1447 nalis
2194 1391 2340 1464 legis
2371 1391 2763 1466 intelligentia
2792 1395 3076 1450 subversa
3105 1402 3213 1467 est,
3259 1403 3317 1452 et
3375 1399 3435 1454 in
3471 1405 3658 1458 rectos

2007 1480 2303 1552 tramites,
2337 1487 2394 1537 et
2415 1481 2753 1553 spirituales
2773 1500 2984 1540 sensus
3025 1486 3368 1559 constituta,
3421 1493 3488 1545 ut
3526 1490 3654 1561 jam
3722 1550 3727 1554 _

2008 1570 2371 1625 occidentem
2401 1569 2656 1627 litteram
2687 1589 2803 1628 non
2834 1578 3133 1645 sequatur.

2085 1679 2108 1708 ¢
2148 1659 2334 1713 Locus
2375 1659 2636 1732 sapphiri
2691 1660 2916 1733 lapides
2975 1664 3124 1734 ejus,
3158 1668 3214 1719 et
3263 1665 3445 1736 gleba
3501 1667 3664 1725 illius

2015 1745 2268 1802 aurium.
2304 1770 2333 1796 ››
2364 1747 2472 1804 Per
2489 1749 2894 1820 metaphoram
2925 1751 3087 1821 dicit,
3122 1755 3276 1826 quod
3308 1754 3366 1809 in
3397 1757 3666 1814 Sodomis

2011 1836 2309 1893 uberrima
2343 1837 2559 1893 fuerint
2588 1839 2786 1894 omnia
2806 1843 2864 1895 et
2892 1841 3138 1912 optima,
3163 1860 3290 1915 qua
3313 1844 3489 1901 etiam
3523 1863 3666 1904 auro

2011 1929 2069 1981 et
2099 1925 2370 1997 pretiosis
2399 1926 2696 1998 lapidibus
2727 1937 3161 2002 comparentur.
3193 1933 3380 1989 Locus
3402 1936 3665 2008 sapphiri
3744 1983 3749 1990 .

2009 2014 2235 2087 lapide
2266 2016 2416 2086 ejus.
2449 2016 2544 2071 Sic
2575 2016 2717 2072 dicit
2741 2019 2794 2073 ei
2817 2019 3103 2075 Dominus
3134 2037 3238 2092 per
3266 2023 3612 2094 prophetam
3651 2044 3665 2080 :

2013 2109 2148 2161 Ecce
2177 2120 2271 2175 ego
2299 2113 2541 2160 sternam
2556 2122 2659 2178 per
2687 2107 2938 2162 ordinem
2963 2109 3171 2180 lapides
3228 2117 3368 2176 tuos,
3424 2120 3475 2167 et
3525 2115 3667 2183 fun-

2013 2194 2150 2249 dabo
2176 2202 2230 2248 te
2259 2195 2319 2247 in
2339 2194 2619 2264 sapphiris
2648 2196 2780 2266 (Isa.
2813 2213 2923 2264 LIV,
2981 2196 3088 2268 ll),
3142 2201 3201 2252 et
3247 2198 3491 2271 reliqua.
3553 2201 3669 2258 Hoc

2015 2281 2172 2338 enim
2205 2282 2410 2338 decore
2431 2283 2818 2354 pretiosorum
2850 2283 3136 2356 lapidum,
3167 2285 3226 2341 id
3258 2292 3366 2355 est,
3400 2290 3666 2346 omnium

2017 2371 2249 2428 Christo
2273 2372 2634 2427 credentium
2656 2389 2760 2445 per
2779 2377 2958 2429 Deum
2979 2374 3375 2442 Patrem,tunc
3389 2378 3671 2435 adornata

2018 2464 2108 2516 est
2132 2460 2354 2527 Judaa,
2387 2462 2623 2533 quando
2654 2463 2913 2534 gentium
2937 2463 3190 2536 populus
3220 2465 3270 2520 ei
3331 2482 3434 2538 per
3489 2467 3667 2524 fidem

2019 2549 2234 2604 Christi
2266 2553 2355 2605 est
2383 2550 2711 2622 copulatus,
2751 2555 2935 2608 Locus
2966 2552 3228 2625 sapphiri
3259 2553 3485 2627 lapides
3516 2557 3666 2629 ejus,

2022 2643 2081 2695 et
2110 2637 2290 2710 gleba
2320 2638 2480 2695 illius
2510 2657 2738 2697 aurum.
2771 2641 3017 2712 Lapides
3049 2643 3309 2714 pretiosi,
3355 2647 3413 2700 et
3463 2663 3670 2702 aurum

2024 2745 2143 2784 non
2174 2727 2232 2782 in
2263 2728 2485 2799 optima
2513 2732 2687 2796 terra,
2723 2731 2824 2785 sed
2852 2730 2911 2784 in
2960 2732 3222 2797 remotis,
3277 2737 3333 2788 et
3389 2735 3678 2804 squalidis

2024 2815 2272 2874 inveniri
2305 2817 2600 2872 dicuntur.
2637 2818 2823 2890 Igitur
2855 2820 3178 2874 secundum
3210 2820 3368 2876 hunc
3423 2824 3669 2878 modum

2025 2905 2224 2961 Judaa
2248 2905 2466 2961 sterilis
2496 2905 2629 2972 fide,
2661 2911 2717 2961 et
2746 2907 3059 2962 infecunda
3078 2909 3418 2977 virtutibus,
3449 2910 3676 2980 habuit,

2027 2995 2088 3048 in
2118 3012 2180 3050 se
2209 2990 2316 3050 hos
2347 2995 2573 3067 lapides
2605 2995 2914 3067 pretiosos,
2939 2996 2996 3050 id
3025 3000 3133 3063 est,
3195 2998 3562 3068 patriarchas
3622 3003 3683 3054 et

2030 3083 2367 3156 prophetas,
2427 3087 2484 3138 et
2522 3101 2755 3141 omnem
2817 3089 3152 3140 sanctorum
3214 3086 3679 3144 multitudinem.

2034 3174 2223 3228 Locus
2253 3172 2516 3244 sapphiri
2546 3172 2770 3244 lapides
2795 3174 2943 3244 ejus,
2977 3178 3033 3229 et
3061 3173 3241 3246 gleba
3290 3177 3418 3248 ejus
3448 3194 3684 3233 aurum.

266 3266 334 3321 hi
363 3265 462 3336 qui
489 3281 550 3320 se
579 3265 652 3319 ab
683 3279 748 3319 eo
780 3263 1010 3319 defendi
1051 3280 1117 3320 ac
1155 3263 1379 3335 protegi
1410 3266 1620 3335 putant
1650 3278 1663 3316 :
1696 3261 1926 3318 aternis
1957 3249 2000 3316 C
2039 3261 2251 3317 Glebas
2282 3265 2494 3316 sancta
2526 3264 2690 3316 terra
2720 3262 3011 3329 Ecclesia,
3045 3268 3279 3319 sanctos
3301 3265 3429 3336 ejus
3450 3270 3688 3338 propter

271 3362 345 3409 ut
374 3352 498 3424 ipse
517 3351 788 3408 diabolus
808 3352 1086 3425 gehenna
1101 3352 1337 3424 ignibus
1357 3351 1730 3423 mancipandi
1761 3355 1921 3406 sunt.

359 3463 390 3494 α
420 3441 628 3496 Dividit
654 3446 885 3496 torrens
911 3459 944 3496 a
974 3440 1188 3514 populo
1213 3441 1620 3513 peregrinante
1651 3456 1926 3511 eos,quos

275 3531 502 3589 oblitus
530 3535 619 3586 est
647 3546 750 3601 pes
783 3529 1006 3602 egentis
1033 3530 1314 3597 hominis,
1364 3536 1424 3585 et
1478 3530 1685 3586 invios.
1723 3552 1751 3578 »
1809 3530 1927 3584 Hoc

275 3621 426 3676 dicit
459 3638 474 3687 ;
504 3618 778 3686 invios,id
809 3624 918 3688 est,
953 3624 1234 3689 errantes,
1267 3623 1322 3674 et
1350 3618 1482 3674 illos
1515 3635 1662 3690 quos
1711 3619 1928 3674 oblitus

277 3713 374 3766 est
402 3725 502 3781 pes
534 3708 757 3782 egentis
784 3707 1368 3779 bominis,separabit
1397 3712 1626 3764 torrens
1649 3725 1681 3764 a
1711 3707 1927 3780 populo

275 3798 710 3872 peregrinante,
742 3813 807 3853 eo
840 3797 995 3868 quod
1028 3797 1244 3851 oblitus
1275 3813 1476 3852 eorum
1537 3798 1614 3852 sit
1668 3813 1926 3868 gressus.

215 3901 220 3904 '
274 3889 414 3944 Sive
443 3903 698 3958 prasens
756 3885 1115 3941 conversatio
1171 3886 1395 3957 egentis
1453 3885 1711 3941 hominis
1765 3887 1930 3958 pedis

273 3976 522 4032 nomine
553 3975 882 4047 significata
912 3978 1019 4030 est.
1055 3973 1284 4030 Oblitus
1343 3978 1433 4029 est
1488 3974 1656 4042 dixit,
1715 3991 1819 4046 pro
1865 3991 1931 4029 eo

276 4065 443 4138 quod
465 4063 806 4137 pramissus
837 4080 1162 4136 egens,non
1187 4068 1277 4119 est
1307 4068 1486 4119 Deum
1503 4079 1608 4135 pro
1625 4063 1932 4135 hujusmo-

275 4155 342 4210 di
377 4154 743 4224 deprecatus,
777 4169 913 4207 cum
945 4157 1139 4208 tamen
1172 4152 1543 4225 eleemosyna
1572 4157 1752 4209 Deum
1802 4169 1933 4225 pre-

275 4249 472 4308 cetur,
495 4242 552 4297 id
576 4246 682 4310 est,
714 4242 910 4314 ipsum
932 4258 1079 4313 opus
1100 4242 1319 4297 bonum
1343 4243 1494 4314 quod
1517 4242 1691 4297 homo
1714 4241 1934 4306 fecerit,

276 4332 543 4405 quadam
599 4330 1075 4386 manifestatione
1134 4331 1231 4385 sui
1288 4330 1564 4402 loquatur
1622 4331 1692 4386 ad
1750 4335 1933 4385 Deum

2036 3349 2453 3406 fecunditatem
2504 3351 2791 3406 bonorum
2852 3367 3092 3422 operum
3144 3353 3475 3425 appellavit,
3537 3371 3686 3426 quos

2038 3439 2213 3494 etiam
2247 3443 2304 3494 et
2325 3444 2564 3511 propter
2592 3440 2919 3510 gratiarum
2952 3440 3288 3509 divisiones,
3315 3442 3515 3515 glebas
3547 3461 3682 3500 san-

2037 3531 2166 3583 ctus
2197 3527 2452 3599 Spiritus
2483 3528 2669 3582 voluit
2713 3545 3054 3601 nuncupare
3087 3546 3100 3583 :
3138 3547 3253 3601 quo
3286 3531 3412 3586 auri
3472 3533 3682 3588 merito

2037 3620 2438 3680 censerentur,
2469 3615 2528 3670 in
2565 3633 2816 3687 quarum
2876 3618 3124 3674 occultis
3179 3619 3344 3675 venis
3400 3625 3684 3693 tanquam

2039 3704 2371 3760 animarum
2404 3697 2751 3772 seminibus,
2810 3722 3020 3762 sensus
3075 3708 3276 3781 magni
3332 3709 3688 3781 pretiosique

2039 3797 2378 3849 nascantur.

2115 3904 2142 3930 ‹‹
2172 3883 2451 3938 Semitam
2483 3882 2770 3954 ignoravit
2801 3884 2943 3940 avis.
2981 3908 3008 3935 »
3031 3887 3233 3942 Exitus
3283 3886 3570 3958 plurimos
3629 3888 3688 3941 in

2043 3972 2245 4027 eadem
2281 3972 2516 4042 regione
2547 3972 2862 4028 multitudo
2889 3974 3287 4032 habitatorum
3348 3976 3580 4041 fecerat,
3637 3980 3692 4028 et

2042 4060 2172 4116 ideo
2229 4061 2420 4115 forsan
2473 4061 2639 4131 dixit,
2687 4063 2842 4132 quod
2921 4064 3126 4134 avibus
3211 4080 3326 4134 pra
3399 4062 3690 4134 frequenti

2042 4149 2351 4204 hominum
2382 4150 2548 4222 copia
2578 4153 2818 4205 semitas
2837 4151 3126 4220 intuendi,
3157 4151 3245 4207 vel
3278 4150 3526 4207 facultas
3573 4149 3694 4206 illic

2046 4238 2438 4309 respondendi
2468 4239 2848 4294 incedendive
2880 4257 2994 4294 non
3029 4239 3220 4295 fuerit.

2119 4351 2146 4378 «
2178 4328 2293 4383 Nec
2323 4327 2571 4383 intuitus
2602 4331 2691 4382 est
2719 4343 2846 4382 eam
2889 4329 3093 4384 oculus
3148 4328 3419 4385 vulturis.
3457 4352 3486 4379 »
3545 4327 3692 4394 Quia

279 4423 408 4477 Hoc
439 4436 572 4492 ergo
603 4420 744 4474 dicit
774 4424 1015 4475 sanctus
1043 4420 1176 4485 Job,
1209 4421 1364 4490 quod
1416 4419 1603 4475 invios
1661 4420 1790 4475 sine
1846 4417 1938 4473 via
2046 4423 2169 4473 tam
2219 4416 2530 4472 condensis
2587 4416 2842 4483 frutetis,
2901 4421 2959 4472 et
3014 4419 3311 4491 contiguis
3385 4418 3694 4474 arboribus

277 4525 435 4566 vera
467 4507 764 4581 religionis
786 4508 1061 4578 viventes,
1093 4514 1149 4563 et
1174 4508 1271 4579 qui
1305 4508 1767 4564 misericordiam
1798 4525 1940 4581 pau-

281 4599 550 4671 peribus,
579 4598 734 4669 quod
767 4602 856 4652 est
890 4596 1104 4653 Christi
1160 4597 1439 4652 fratribus
1490 4613 1605 4652 non
1653 4597 1935 4668 fecerunt,

283 4695 520 4742 torrens
551 4685 704 4759 ignis
737 4685 1172 4757 separet,simul
1195 4689 1252 4740 et
1272 4703 1306 4739 a
1338 4690 1674 4741 sanctorum
1706 4703 1940 4742 consor-

287 4777 376 4830 tio
407 4775 646 4830 dividet.
680 4775 806 4830 Sive
832 4774 925 4830 hic
947 4788 1165 4845 egenus
1201 4775 1434 4846 proprie
1453 4774 1718 4830 Salvator
1741 4778 1941 4830 noster

283 4862 657 4934 intelligitur,
692 4863 790 4935 qui
823 4867 1060 4936 propter
1088 4880 1196 4918 nos
1226 4879 1466 4935 egenus,
1492 4869 1548 4918 et
1579 4880 1801 4936 pauper
1828 4864 1940 4918 fac-

287 4956 391 5006 tus
412 4956 502 5006 est
528 4967 662 5006 cum
691 4951 852 5005 dives
882 4954 1035 5007 esset
1081 4951 1153 5023 (II
1203 4951 1322 5006 Cor.
1381 4969 1501 5018 vm,
1557 4952 1635 5023 9).
1690 4957 1751 5006 In
1798 4953 1943 5024 pede

287 5039 1226 5112 quoqueeius,dispensationem,
1274 5040 1360 5094 vel
1421 5041 1778 5097 assumentis
1837 5041 1942 5097 ho-

286 5129 536 5192 minem,
569 5128 658 5184 vel
681 5130 970 5183 mundum
1030 5129 1412 5202 ingredientis
1462 5130 1717 5186 adverte.
1780 5130 1943 5185 Unde

287 5215 578 5289 propheta
605 5217 724 5270 ait:
761 5218 937 5272 Existi
974 5217 1034 5272 in
1079 5219 1314 5273 salutem
1364 5219 1557 5290 populi
1612 5221 1697 5274 tui
1744 5219 1946 5290 (Ilabac

289 5323 382 5371 Ill,
418 5306 522 5372 13).
551 5306 617 5359 Hi
641 5321 776 5378 ergo
810 5306 909 5377 qui
939 5307 1439 5379 dispensationem
1470 5307 1683 5363 salutis
1715 5325 1832 5363 sua
1884 5308 1943 5362 in

289 5393 603 5465 Evangelio
627 5411 743 5450 non
775 5400 1138 5466 receperunt,
1173 5397 1447 5452 oblivioni
1481 5397 1600 5463 dati
1640 5402 1797 5467 sunt,
1845 5397 1946 5468 qui

289 5485 533 5541 credere
565 5501 667 5556 per
697 5485 974 5540 duritiam
1000 5486 1242 5558 propria
1273 5486 1590 5542 voluntatis
1609 5487 1943 5555 noluerunt,

291 5574 368 5630 Et
396 5571 614 5628 idcirco
645 5573 782 5628 invii
815 5573 953 5628 dicti
988 5579 1144 5642 sunt,
1179 5576 1317 5647 quia
1347 5575 1667 5647 Christum,
1711 5576 1810 5650 qui
1861 5581 1950 5632 est

289 5661 412 5730 via,
442 5678 559 5716 non
591 5666 953 5734 receperunt.

2048 4505 2273 4561 consita
2301 4510 2468 4560 erat:
2503 4511 2568 4559 ut
2612 4522 2740 4560 eam
2802 4523 2934 4562 aves
2983 4507 3237 4579 desuper
3278 4506 3542 4562 volantes
3600 4507 3695 4561 de-

1968 4618 2017 4684 D
2049 4609 2285 4667 pascere
2315 4611 2428 4648 non
2452 4598 2710 4665 possent.
2741 4595 3018 4650 Semitam
3050 4595 3338 4668 ignoravit
3366 4594 3487 4650 avis
3523 4611 3534 4648 :
3592 4610 3698 4648 nec

2047 4682 2296 4737 intuitus
2327 4687 2417 4737 est
2440 4698 2568 4738 eam
2601 4682 2808 4738 oculus
2829 4683 3103 4739 vulturis.
3150 4688 3331 4738 Avem
3393 4687 3449 4738 et
3503 4682 3698 4736 vultu-

2050 4787 2196 4840 rem,
2219 4771 2413 4842 ipsum
2445 4770 2744 4826 diabolum
2776 4788 2911 4826 cum
2943 4773 3067 4827 suis
3110 4788 3430 4843 possumus
3487 4771 3698 4836 dicere,

2051 4861 2152 4932 qui
2175 4861 2444 4916 semitam
2504 4859 2829 4932 spiritualis
2887 4861 3283 4932 intelligentia
3325 4861 3384 4914 in
3440 4859 3587 4932 lege,
3646 4861 3705 4914 et

2051 4949 2396 5022 prophetis:
2431 4949 2540 5004 hoc
2570 4953 2678 5013 est,
2711 4966 2838 5020 qua
2896 4951 2956 5004 in
3014 4950 3214 5005 Judao
3274 4949 3498 5005 occulte
3552 4965 3704 5022 pra-

2051 5039 2416 5102 dicebantur,
2451 5053 2623 5094 nosse
2656 5037 2899 5094 minime
2930 5042 3270 5110 potuerunt.
3311 5037 3426 5095 Nec
3481 5037 3699 5093 intueri

2053 5127 2250 5199 aliquo
2279 5127 2522 5198 vestigio
2551 5125 2804 5182 scientia
2834 5126 3442 5198 valuerunt,asaculis
3464 5127 3702 5199 dispen-

2055 5217 2303 5272 sationis
2335 5217 2541 5270 tutura
2576 5215 2918 5271 abscondita
2949 5221 3337 5272 sacramenta.
3373 5220 3451 5272 De
3481 5217 3699 5287 quibus

2056 5306 2138 5360 ait
2166 5304 2479 5376 Apostolus
2504 5321 2518 5361 :
2545 5306 2643 5360 Dei
2669 5306 3002 5376 sapientiam
3034 5306 3314 5376 loquimur
3341 5306 3402 5359 in
3425 5306 3709 5376 mysteriis

2054 5412 2179 5470 quae
2209 5395 2522 5451 abscondita
2542 5403 2621 5451 est
2650 5413 2668 5450 :
2709 5413 2876 5468 quam
2930 5411 3095 5452 nemo
3143 5398 3486 5469 principium
3543 5395 3707 5467 hujus

2057 5487 2249 5543 saecuti
2275 5487 2523 5555 cognovit
2553 5485 2600 5554 (Ι
2625 5487 2751 5541 Cor.
2789 5503 2846 5554 ιι,
2886 5487 2942 5552 7,
2996 5485 3072 5556 8).
3131 5485 3412 5541 Semitam
3471 5483 3706 5557 ignora-

2054 5575 2139 5630 vit
2170 5574 2339 5629 avis:
2382 5589 2488 5628 nec
2544 5573 2799 5628 intuitus
2851 5578 2941 5630 est
2997 5590 3128 5630 eam
3165 5574 3372 5630 oculus
3422 5573 3696 5630 vulturis.

2057 5667 2316 5721 Possunt
2341 5662 2437 5720 hic
2462 5663 2576 5719 duo
2607 5662 2810 5736 populi
2839 5662 3088 5736 intelligi
3139 5681 3255 5720 non
3313 5662 3588 5733 absurde,
3647 5661 3705 5720 id
