3980 6184
191 362 312 426 ’137
1221 358 1741 421 COMMENTAR.
1788 359 1869 421 IN
1913 361 2055 424 JOB
2101 363 2274 424 CAP.
2320 363 2590 428 XXVIII.
3493 376 3611 438 738

194 494 436 553 initium
464 491 680 564 eloquii
713 491 785 548 ab
816 491 1024 549 anima
1047 490 1322 548 sensibus
1355 491 1541 550 oritur
1570 507 1584 548 :
1635 508 1848 550 sensus
1880 509 1936 578 Α
2046 516 2075 546 ‹‹
2105 499 2280 552 Terra
2307 497 2380 554 de
2405 515 2522 570 qua
2550 499 2850 556 oriebatur
2877 503 3134 574 panis,in
3167 505 3293 565 loco
3325 526 3453 577 suo,
3485 511 3609 584 igm

191 601 332 643 vero
353 598 588 650 aureus,
622 581 863 638 rationis
892 599 958 638 ac
988 582 1284 654 sapientia
1321 581 1546 653 judicio
1605 582 1848 640 fabrica—
1963 586 2247 642 subversa
2277 591 2385 642 est.
2423 609 2450 638 »
2479 588 2749 646 Diversas
2777 607 2871 647 res
2901 595 2958 647 et
2986 593 3267 652 obscuras
3295 581 3608 669 connectit,

194 678 320 743 tur,
354 677 411 729 et
439 679 503 727 ut
527 669 603 726 sit
632 671 991 742 optimus,ab
1012 671 1143 743 igne
1169 671 1376 727 divina
1398 671 1852 729 examinationis
1963 679 2030 730 ut
2116 692 2250 732 cum
2335 678 2733 750 superioribus
2806 679 3082 737 inferiora
3147 701 3263 739 non
3353 688 3612 746 hareant

199 761 548 837 probatione
579 761 884 816 conﬂatur.
918 760 1218 815 Fortitudo
1249 776 1406 828 vero,
1439 778 1565 834 qua
1589 762 1724 816 ferri
1750 779 1851 818 no-
1962 764 2214 821 Proinde
2244 766 2391 821 mihi
2424 767 2673 839 videtur,
2717 770 2858 841 quia
2886 770 2995 826 hoc
3047 771 3172 828 loco
3231 777 3448 832 terram
3507 781 3608 835 So-

198 853 362 908 mine
383 849 733 923 appellatur,
762 853 852 905 est
904 866 1021 921 qua
1067 853 1309 917 terram,
1370 851 1426 906 id
1486 856 1596 919 est,
1657 851 1854 907 carnis
1965 855 2276 910 domorum
2308 856 2620 926 describat,
2654 860 2824 930 cujus
2849 860 3271 918 abundantiam
3331 869 3388 920 et
3435 883 3614 923 ama-

199 945 417 998 nostra
445 938 726 994 malitiam
765 938 824 993 in
849 938 1018 994 nobis
1041 939 1300 995 tollimus
1335 955 1348 996 :
1382 941 1690 996 adversum
1723 955 1853 996 eam
1964 943 2211 1000 nitatem
2243 962 2376 1000 cum
2409 947 2793 1004 admiratione
2821 948 3131 1006 collaudet.
3163 953 3340 1009 Terra
3371 955 3443 1010 de
3501 973 3619 1028 qua

198 1039 405 1088 contra
434 1045 541 1084 nos
592 1027 966 1094 militantem,
1021 1033 1079 1084 et
1124 1034 1326 1084 contra
1364 1028 1550 1102 legem
1610 1030 1854 1102 spiritus
1965 1035 2264 1091 oriebatur
2315 1037 2486 1108 panis
2545 1038 2603 1092 in
2646 1037 2773 1094 loco
2822 1056 2950 1108 suo,
3001 1041 3123 1112 igni
3170 1043 3452 1100 subversa
3507 1027 3616 1114 est,

198 1119 642 1176 conversantem
691 1117 866 1188 (Rom.
915 1135 1016 1186 vn,
1076 1118 1190 1188 23),
1244 1117 1433 1190 rigore
1518 1119 1723 1189 animi,
1799 1124 1856 1175 et
1966 1124 2094 1179 Hac
2133 1127 2290 1180 terra
2319 1130 2512 1197 potest
2542 1127 2824 1183 etJudaa
2852 1128 3122 1203 intelligi,
3157 1131 3217 1186 in
3267 1149 3384 1204 qua
3447 1136 3618 1206 panis

194 1209 420 1264 virtute
451 1221 869 1296 repugnemus.
896 1207 1383 1296 Lapidisquoque
1406 1208 1641 1264 nomine
1663 1208 1854 1264 cordis
1964 1212 2113 1285 legis
2175 1213 2292 1286 Dei,
2354 1231 2456 1286 per
2513 1216 2842 1272 doctrinam
2901 1219 3324 1290 prophetarum
3382 1224 3616 1296 populis

197 1299 493 1372 ﬁguratur
521 1295 783 1365 durities,
809 1311 935 1367 qua
966 1313 1070 1367 per
1098 1295 1350 1352 calorem
1388 1300 1444 1352 et
1474 1297 1755 1353 fervorem
1789 1298 1856 1351 ﬁ-
1965 1303 2337 1374 nascebatur,
2371 1319 2487 1374 qua
2515 1321 2712 1361 amore
2741 1305 2843 1360 Dei
2868 1323 2971 1377 per
2998 1307 3173 1364 ﬁdem
3222 1295 3434 1368 Christi
3461 1295 3618 1368 ίοειιι-

197 1388 295 1445 dei
321 1385 580 1442 resoluta
609 1383 940 1440 mollescit:
1001 1389 1068 1440 ut
1123 1385 1380 1458 primum
1440 1388 1625 1460 possit
1680 1386 1740 1442 in
1788 1403 1852 1442 se
1967 1391 2121 1446 nalis
2152 1390 2298 1463 legis
2329 1391 2720 1464 intelligentia
2750 1394 3033 1450 subversa
3062 1403 3171 1466 est,
3217 1403 3275 1452 et
3333 1399 3392 1454 in
3427 1405 3615 1458 rectos

195 1477 383 1533 verba
413 1474 721 1530 scribentis
753 1474 1028 1546 recipere.
1062 1475 1280 1531 Deinde
1307 1475 1464 1531 velut
1485 1476 1544 1530 in
1571 1493 1648 1531 as
1697 1476 1849 1546 quod
1966 1479 2260 1551 tramites,
2294 1485 2352 1536 et
2373 1480 2710 1552 spirituales
2730 1499 2942 1540 sensus
2982 1486 3325 1560 constituta,
3379 1494 3445 1545 ut
3483 1491 3611 1562 jam
3679 1551 3684 1555 _

199 1581 494 1624 canorum
527 1565 840 1634 est,merito
874 1563 1202 1620 sanctitatis
1218 1565 1627 1636 proﬁciens,ad
1652 1564 1855 1620 laudes
1965 1569 2328 1624 occidentem
2359 1568 2614 1626 litteram
2644 1589 2760 1627 non
2791 1578 3090 1645 sequatur.

201 1660 267 1712 et
297 1653 515 1728 gratias
543 1657 652 1710 Deo
681 1654 1030 1723 oﬂerendas,
1058 1653 1191 1710 ﬁdei
1215 1653 1509 1710 soliditate
1538 1654 1853 1726 perveniet.
2043 1678 2065 1707 ι
2105 1657 2292 1712 Locus
2333 1659 2594 1732 sapphiri
2649 1660 2874 1732 lapides
2932 1664 3081 1734 ejus,
3115 1668 3170 1719 et
3220 1665 3402 1736 gleba
3458 1668 3620 1726 illius

277 1768 308 1795 ‹‹
339 1745 594 1816 Tempus
622 1743 820 1814 posuit
843 1742 1123 1810 tenebris,
1152 1748 1211 1798 et
1242 1743 1652 1799 universorum
1676 1744 1855 1798 ﬁnem
1972 1745 2226 1801 aurium.
2263 1769 2290 1795 ››
2320 1747 2429 1802 Per
2446 1748 2851 1820 metaphoram
2882 1751 3044 1822 dicit,
3079 1755 3232 1826 quod
3265 1755 3322 1810 in
3353 1758 3622 1815 Sodomis

193 1833 334 1906 ipse
365 1831 711 1888 considerat.
750 1854 777 1880 »
807 1835 874 1886 In
905 1831 1224 1903 Scripturis
1265 1832 1498 1898 divinis,
1523 1835 1856 1904 peccatores
1888 1880 1938 1946 Β
1969 1835 2266 1892 uberrima
2299 1837 2516 1892 fuerint
2545 1837 2743 1893 omnia
2763 1842 2821 1894 et
2849 1841 3096 1912 optima,
3121 1860 3247 1916 qua
3269 1844 3446 1902 etiam
3479 1865 3622 1904 auro

195 1921 472 1946 L-__.'_-_
529 1921 817 1946 .I__.-..-..
852 1921 1257 1946 -L:—_-_-_12..
1308 1925 1479 1946 -ι-.-..
1529 1921 1829 1946 ι..εῑ..--1..ιζ..
1975 1928 2023 1946 ,Δ
2057 1924 2324 1946 __-12-_!_
2357 1925 2564 1946 1__3j!l,
2604 1945 2642 1946 κγ
2695 1945 2704 1946 κ
2772 1945 2799 1946 η
3007 1938 3015 1946 .
3151 1933 3174 1946 1·
3507 1937 3521 1946 .
3555 1939 3565 1946 .
3609 1939 3618 1946 .

195 1921 493 1991 homines,
526 1921 818 1978 daemones
848 1921 1259 1993 etignorantia
1307 1925 1480 1994 atque
1529 1921 1857 1977 tribulatio-
1888 1921 1938 1946 ”
1968 1928 2026 1980 et
2055 1924 2327 1996 pretiosis
2357 1925 2653 1998 lapidibus
2684 1938 3118 2001 comparentur.
3150 1933 3337 1990 Locus
3359 1937 3620 2008 sapphiri
3701 1983 3704 1991 .

195 2029 328 2079 nes,
361 2012 480 2067 sive
503 2017 757 2084 peccata,
776 2026 879 2081 pro
901 2011 1094 2079 modo,
1114 2014 1172 2066 et
1219 2009 1364 2066 locis
1407 2013 1658 2067 tenebra
1704 2029 1856 2067 nun-
1966 2013 2192 2086 lapides
2223 2015 2372 2085 ejus.
2405 2015 2500 2071 Sic
2531 2016 2673 2072 dicit
2698 2018 2750 2073 ei
2773 2019 3059 2075 Dominus
3092 2037 3195 2092 per
3223 2024 3568 2094 pr0phetam
3607 2045 3620 2081 :

200 2105 520 2173 cupantur.
1970 2108 2105 2160 Ecce
2133 2119 2227 2174 ego
2255 2111 2498 2159 sternam
2513 2121 2616 2178 per
2643 2107 2894 2162 ordinem
2920 2109 3128 2180 lapides
3185 2118 3325 2176 tuos,
3381 2121 3432 2168 et
3481 2116 3623 2184 fun-

273 2213 305 2240 ‹‹
339 2189 619 2262 Lapidem
650 2205 884 2260 quoque
907 2189 1198 2261 caliginis,
1223 2193 1279 2244 et
1299 2191 1569 2246 umbram
1593 2189 1858 2245 mortis.»
1969 2193 2106 2248 dabo
2132 2201 2186 2248 te
2216 2194 2276 2247 in
2295 2193 2575 2264 sapphiris
2604 2196 2736 2266 (Isa.
2769 2213 2879 2264 LIV,
2937 2197 3044 2267 il),
3099 2201 3157 2252 et
3204 2199 3447 2272 reliqua.
3508 2202 3626 2258 Hoc

199 2283 378 2335 Hunc
408 2277 666 2350 lapidem
697 2278 1096 2350 metaphorice
1125 2277 1422 2334 diabolum
1454 2279 1564 2334 hoc
1596 2279 1720 2334 loco
1771 2279 1860 2332 in-
1972 2280 2129 2336 enim
2161 2281 2366 2337 decore
2387 2283 2774 2354 pretiosorum
2806 2283 3092 2356 lapidum,
3124 2285 3182 2341 id
3214 2292 3322 2355 est,
3357 2291 3622 2346 omnium

201 2367 476 2440 telligere
502 2384 818 2439 possumus
836 2385 853 2420 :
887 2368 985 2440 qui
1008 2372 1242 2439 propter
1269 2384 1494 2424 errores
1533 2385 1672 2424 suos
1727 2367 1864 2439 qui-
1973 2370 2205 2427 Christo
2229 2371 2590 2426 credentium
2613 2389 2715 2444 per
2735 2378 2915 2429 Deum
2935 2374 3331 2442 Patrem,tunc
3345 2378 3628 2436 adornata

205 2461 334 2514 bus
357 2461 542 2512 totum
575 2457 868 2512 mundum
899 2457 1237 2524 involverat,
1268 2456 1419 2530 lapis
1452 2457 1722 2530 caliginis
1751 2457 1866 2512 dic-
1974 2463 2065 2515 est
2088 2460 2310 2526 Judaa,
2343 2462 2579 2532 quando
2609 2463 2869 2534 gentium
2893 2464 3146 2536 populus
3176 2466 3226 2520 ei
3287 2482 3391 2538 per
3445 2468 3622 2526 ﬁdem

204 2552 317 2605 tus
347 2551 455 2603 est.
488 2546 594 2612 Qui
627 2563 758 2602 cum
791 2546 956 2602 fortis
987 2551 1045 2602 et
1076 2550 1281 2618 potens
1313 2547 1409 2614 sit,
1445 2563 1548 2618 per
1596 2551 1866 2602 naturam
1975 2547 2191 2603 Christi
2222 2553 2310 2604 est
2339 2549 2666 2621 copulatus,
2707 2555 2891 2608 Locus
2922 2553 3182 2626 sapphiri
3215 2553 3442 2628 lapides
3472 2558 3622 2629 ejus,

217 2656 346 2711 qua
369 2640 458 2693 est
486 2655 520 2692 a
553 2637 664 2692 Deo
687 2635 964 2693 conditus
998 2654 1012 2691 :
1047 2636 1346 2692 conﬁdens
1370 2652 1474 2709 per
1529 2637 1868 2714 superbiam
1978 2641 2037 2694 et
2066 2637 2246 2709 gleba
2276 2637 2436 2694 illius
2466 2656 2694 2697 aurum.
2726 2641 2973 2713 Lapides
3005 2643 3265 2714 pretiosi,
3311 2648 3368 2700 et
3418 2663 3627 2703 aurum

215 2728 282 2783 in
318 2727 529 2782 virtute
560 2743 684 2792 sua,
713 2730 772 2782 et
802 2742 918 2780 non
941 2726 1000 2781 in
1034 2725 1302 2793 Domino,
1332 2729 1389 2781 et
1445 2730 1557 2782 Deo
1615 2731 1872 2782 creatore
1980 2743 2098 2782 non
2130 2726 2188 2781 in
2219 2727 2441 2798 optima
2469 2732 2642 2796 terra,
2679 2731 2779 2784 sed
2807 2730 2866 2784 in
2915 2731 3178 2797 remotis,
3232 2737 3289 2788 et
3344 2736 3634 2805 squalidis

217 2833 358 2883 suo,
393 2815 652 2871 amiserit
681 2815 978 2885 sapientia
1007 2813 1228 2883 lumen,
1261 2831 1575 2872 conversus
1620 2815 1681 2870 in
1726 2814 1870 2871 stul-
1980 2814 2226 2872 inveniri
2260 2815 2556 2872 dicuntur.
2592 2817 2778 2889 Igitur
2810 2820 3133 2874 secundum
3166 2821 3323 2876 hunc
3379 2825 3625 2878 modum

219 2905 425 2962 titiam
472 2908 530 2960 et
560 2904 852 2968 tenebras,
887 2907 943 2960 et
993 2903 1209 2960 idcirco
1258 2904 1409 2976 lapis
1455 2904 1700 2978 calignis
1757 2904 1872 2960 dici
1980 2905 2180 2960 Judaa
2204 2905 2421 2961 sterilis
2451 2905 2584 2971 ﬁde,
2616 2910 2672 2961 et
2702 2906 3014 2962 infecunda
3033 2908 3373 2977 virtutibus,
3404 2910 3632 2978 habuit,

218 2994 438 3069 potuit,
475 2993 794 3049 secundum
827 2992 995 3061 illud,
1030 2993 1237 3049 Stultus
1257 2995 1316 3048 in
1342 2995 1580 3049 tenebris
1627 2993 1875 3049 ambulat
1982 2993 2042 3048 in
2073 3011 2135 3048 se
2165 2993 2272 3049 hos
2303 2994 2528 3066 lapides
2560 2995 2870 3066 pretiosos,
2894 2996 2952 3050 id
2981 3000 3088 3063 est,
3150 2998 3517 3068 patriarchas
3577 3003 3638 3054 et

215 3084 518 3157 (Eccle.n,
560 3084 661 3153 14).
696 3082 858 3138 Sicut
888 3099 1022 3155 ergo
1081 3083 1232 3156 lapis
1289 3083 1556 3156 caliginis
1607 3083 1876 3138 diabolus
1985 3081 2322 3154 prophetas,
2382 3087 2439 3138 et
2477 3100 2710 3141 omnem
2771 3088 3107 3142 sanctorum
3169 3086 3634 3144 multitudinem.

218 3173 594 3237 nominatur,
626 3171 707 3226 ita
736 3176 792 3227 et
817 3172 1029 3227 umbra
1057 3172 1263 3228 mortis
1301 3173 1537 3228 dicitur.
1590 3171 1876 3236 Quoniam
1930 3248 1936 3249 γ
1990 3172 2178 3226 Locus
2209 3171 2471 3243 sapphiri
2501 3171 2724 3244 lapides
2749 3174 2898 3244 ejus,
2931 3179 2988 3229 et
3016 3174 3196 3247 gleba
3245 3177 3373 3249 ejus
3403 3194 3639 3233 aurum.

218 3262 287 3317 hi
319 3261 417 3332 qui
444 3277 505 3316 se
535 3261 606 3316 ab
638 3275 702 3316 eo
735 3260 966 3316 defendi
1005 3278 1071 3316 ac
1109 3261 1332 3333 protegi
1364 3264 1574 3333 putant
1605 3277 1617 3314 :
1650 3260 1880 3316 aternis
1911 3248 1954 3315 C
1993 3259 2206 3316 Glebas
2237 3264 2449 3314 sancta
2480 3264 2644 3316 terra
2675 3262 2965 3328 Ecclesia,
2999 3269 3234 3320 sanctos
3255 3248 3384 3337 ejus
3405 3271 3642 3338 propter

222 3359 299 3406 ut
330 3348 452 3420 ipse
471 3347 742 3404 diabolus
763 3349 1291 3421 gehennaignibus
1311 3349 1685 3421 mancipandi
1716 3354 1876 3404 sunt.
1991 3349 2407 3404 fecunditatem
2459 3350 2746 3405 bonorum
2806 3368 3047 3422 operum
3099 3353 3430 3426 appellavit,
3491 3372 3640 3428 quos

315 3459 345 3490 α
375 3437 583 3493 Dividit
610 3444 840 3493 torrens
865 3455 899 3493 a
928 3438 1142 3510 populo
1169 3439 1574 3510 peregrinante
1605 3455 1880 3510 eos,quos
1992 3438 2168 3493 etiam
2201 3443 2258 3493 et
2280 3444 2518 3510 propter
2547 3439 2874 3510 gratiarum
2906 3440 3243 3510 divisiones,
3270 3443 3470 3515 glebas
3501 3463 3636 3500 san-

224 3527 456 3586 oblitus
485 3531 573 3582 est
602 3543 704 3597 pes
737 3527 960 3599 egentis
988 3527 1268 3599 hominis,
1319 3534 1379 3582 et
1434 3528 1639 3584 invios.
1679 3551 1705 3576 ››
1763 3529 1881 3582 Hoc
1991 3531 2120 3582 ctus
2152 3526 2407 3598 Spiritus
2439 3528 2623 3582 voluit
2668 3545 3007 3601 nuncupare
3041 3547 3054 3583 :
3092 3547 3208 3601 quo
3241 3531 3367 3586 auri
3427 3534 3638 3588 merito

225 3617 380 3672 dicit
413 3634 428 3683 ;
459 3605 732 3680 invios,id
763 3621 872 3684 est,
907 3621 1188 3686 errantes,
1221 3620 1278 3672 et
1305 3616 1437 3672 illos
1469 3633 1616 3688 quos
1666 3617 1882 3672 oblitus
1991 3619 2392 3679 censerentur,
2424 3614 2482 3669 in
2519 3633 2770 3686 quarum
2830 3619 3077 3673 occultis
3133 3619 3298 3674 venis
3355 3625 3638 3693 tanquam

226 3709 329 3762 est
355 3721 456 3777 pes
489 3705 712 3778 egentis
739 3704 1322 3777 bominis,separabit
1351 3710 1580 3762 torrens
1603 3724 1635 3762 a
1665 3706 1881 3779 populo
1993 3704 2324 3758 animarum
2358 3696 2705 3772 seminibus,
2764 3722 2974 3762 sensus
3030 3708 3230 3781 magni
3286 3709 3642 3781 pretiosique

225 3794 664 3868 peregrinante,
696 3810 761 3850 eo
794 3795 948 3865 quod
983 3794 1198 3849 oblitus
1229 3811 1430 3850 eorum
1491 3796 1568 3850 sit
1623 3811 1880 3868 gressus.
1993 3796 2331 3848 nascantur.

177 3897 180 3899 ’
226 3885 368 3940 Sive
397 3900 652 3954 praesens
710 3883 1069 3938 conversatio
1125 3884 1350 3955 egentis
1408 3883 1666 3939 hominis
1719 3885 1885 3956 pedis
2068 3904 2096 3930 «
2126 3881 2404 3936 Semitam
2437 3881 2724 3954 ignoravit
2755 3883 2897 3939 avis.
2935 3887 3186 3942 nExitus
3237 3885 3524 3958 plurimos
3583 3889 3642 3942 in

228 3973 476 4028 nomine
508 3972 836 4044 signiﬁcata
866 3975 972 4027 est.
1008 3971 1238 4028 Oblitus
1297 3976 1387 4027 est
1443 3972 1610 4038 dixit,
1669 3989 1772 4044 pro
1819 3989 1885 4028 eo
1996 3971 2197 4025 eadem
2233 3971 2469 4042 regione
2502 3971 2815 4028 multitudo
2843 3973 3241 4031 habitatorum
3303 3976 3534 4041 fecerat,
3591 3981 3646 4029 et

230 4062 397 4135 quod
419 4060 760 4134 pramissus
791 4077 1116 4132 egens,non
1141 4066 1230 4116 est
1261 4061 1886 4134 Deumprohujusmo-
1995 4059 2125 4114 ideo
2182 4060 2373 4115 forsan
2426 4061 2592 4132 dixit,
2641 4062 2796 4132 quod
2875 4064 3080 4132 avibus
3165 4081 3279 4134 pra
3353 4062 3642 4134 frequenti

229 4151 298 4206 di
331 4150 696 4221 deprecatus,
731 4166 867 4204 cum
899 4155 1093 4205 tamen
1126 4149 1496 4223 eleemosyna
1526 4155 1706 4207 Deum
1756 4167 1887 4224 pre-
1996 4149 2303 4204 hominum
2335 4149 2501 4222 copia
2531 4153 2771 4206 semitas
2791 4152 3079 4220 intuendi,
3111 4151 3199 4207 vel
3232 4150 3480 4207 facultas
3527 4149 3647 4206 illic

229 4245 425 4305 cetur,
449 4239 506 4293 id
529 4243 635 4307 est,
668 4239 863 4311 ipsum
886 4255 1033 4310 opus
1054 4239 1272 4295 bonum
1296 4241 1447 4312 quod
1471 4241 1645 4296 homo
1668 4239 1888 4305 fecerit,
2000 4238 2390 4308 respondendi
2420 4239 2801 4294 incedendive
2833 4258 2948 4294 non
2984 4240 3173 4296 fuerit.

230 4328 496 4401 quadam
552 4327 1028 4382 manifestatione
1087 4329 1184 4383 sui
1243 4328 1518 4400 loquatur
1576 4330 1645 4384 ad
1705 4333 1887 4383 Deum
2072 4327 2245 4381 «Nec
2277 4327 2524 4381 intuitus
2555 4331 2644 4382 est
2672 4343 2800 4381 eam
2843 4329 3046 4383 oculus
3101 4329 3372 4384 vulturis.
3410 4352 3439 4378 »
3497 4327 3645 4394 Quia

233 4419 360 4473 Hoc
392 4433 526 4488 ergo
557 4417 698 4472 dicit
728 4421 968 4472 sanctus
997 4417 1129 4482 Job,
1163 4419 1317 4488 quod
1369 4417 1556 4473 invios
1615 4418 1743 4472 sine
1800 4416 1891 4470 via
1999 4421 2122 4472 tam
2171 4415 2483 4470 condensis
2540 4415 2795 4481 frutetis,
2854 4421 2911 4471 et
2967 4418 3263 4490 contiguis
3337 4418 3646 4474 arboribus

232 4521 388 4563 vera
420 4504 718 4578 religionis
739 4505 1014 4574 viventes,
1046 4512 1102 4560 et
1128 4506 1224 4577 qui
1259 4506 1720 4562 misericordiam
1752 4523 1892 4579 pau-
2001 4503 2226 4560 consita
2253 4508 2377 4558 erat
2409 4523 2422 4559 :
2456 4509 2520 4558 ut
2565 4521 2693 4559 eam
2755 4522 2887 4560 aves
2936 4506 3189 4578 desuper
3230 4505 3494 4561 volantes
3552 4507 3647 4561 de-

235 4595 503 4667 peribus,
531 4595 687 4665 quod
720 4599 809 4648 est
843 4593 1057 4649 Christi
1113 4594 1394 4650 fratribus
1444 4612 1558 4650 non
1606 4595 1888 4665 fecerunt,
1920 4616 1970 4681 D
2001 4609 2237 4681 pascere
2267 4609 2381 4648 non
2405 4594 2971 4681 possent.Semitam
3003 4593 3289 4666 ignoravit
3319 4593 3440 4649 avis
3475 4611 3486 4647 :
3545 4610 3650 4648 nec

236 4690 472 4738 torrens
503 4682 657 4755 ignis
690 4681 1126 4754 separet,simul
1148 4687 1205 4738 et
1226 4701 1259 4736 a
1291 4689 1626 4738 sanctorum
1659 4701 1892 4740 consor-
1923 4680 1934 4681 ί
2001 4680 2249 4736 intuitus
2280 4685 2370 4736 est
2393 4697 2520 4736 eam
2553 4680 2761 4737 oculus
2781 4681 3056 4737 vulturis.
3103 4687 3283 4737 Avem
3345 4687 3402 4738 et
3456 4682 3650 4736 vultu-

240 4773 328 4827 tio
360 4772 598 4827 dividet.
633 4772 758 4828 Sive
785 4771 879 4828 hic
899 4785 1118 4842 egenus
1155 4772 1388 4843 proprie
1407 4771 1671 4828 Salvator
1693 4777 1893 4829 noster
2003 4786 2150 4838 rem,
2172 4770 2366 4841 ipsum
2397 4769 2696 4824 diabolum
2729 4787 2863 4826 cum
2896 4773 3020 4826 suis
3062 4787 3382 4844 possumus
3439 4771 3650 4836 dicere,

237 4859 610 4931 intelligitur,
645 4861 742 4933 qui
777 4866 1012 4934 propter
1042 4877 1148 4916 nos
1179 4876 1419 4932 egenus,
1445 4867 1501 4915 et
1533 4879 1753 4933 pauper
1781 4862 1892 4917 fac-
2004 4859 2104 4932 qui
2127 4859 2395 4914 semitam
2456 4859 2782 4931 spiritualis
2840 4860 3235 4931 intelligentia
3277 4861 3336 4914 in
3392 4859 3539 4932 lege,
3598 4861 3657 4915 et

241 4952 342 5003 tus
365 4953 454 5003 est
481 4965 613 5003 cum
645 4949 804 5004 dives
834 4953 987 5006 esset
1032 4950 1106 5021 (II
1155 4949 1274 5005 Cor.
1334 4965 1454 5016 vm,
1510 4949 1588 5020 9).
1643 4954 1704 5003 In
1751 4951 1895 5022 pede
2003 4948 2348 5020 prophetis:
2383 4948 2492 5004 hoc
2522 4953 2630 5014 est,
2663 4966 2790 5020 qua
2850 4950 2909 5004 in
2967 4949 3167 5004 Judao
3226 4949 3450 5004 occulte
3505 4966 3656 5022 pra-

241 5053 481 5109 quoque
499 5038 1178 5109 ejus,dispensationem,
1226 5038 1312 5092 vel
1373 5039 1730 5094 assumentis
1789 5039 1894 5094 ho-
2004 5037 2368 5102 dicebantur,
2403 5054 2574 5094 nosse
2608 5037 2851 5094 minime
2881 5041 3223 5111 potuerunt.
3264 5037 3378 5094 Nec
3435 5038 3652 5094 intueri

241 5126 490 5188 minem,
523 5125 612 5180 vel
634 5127 921 5181 mundum
982 5127 1364 5199 ingredientis
1414 5128 1670 5184 adverte.
1732 5127 1895 5183 Unde
2005 5125 2202 5198 aliquo
2233 5126 2474 5197 vestigio
2503 5126 2756 5182 scientia
2786 5126 3395 5197 valuerunt,asaculis
3416 5128 3654 5199 dispen-

240 5213 530 5285 propheta
558 5213 676 5266 ait:
714 5214 889 5268 Existi
926 5215 986 5269 in
1031 5217 1266 5271 salutem
1315 5217 1508 5288 populi
1563 5219 1649 5272 tui
1696 5217 1898 5288 (llabac
2008 5215 2255 5271 sationis
2288 5216 2494 5269 futura
2528 5216 2871 5270 abscondita
2901 5221 3289 5272 sacramenta.
3325 5221 3403 5272 De
3433 5217 3652 5287 quibus

243 5319 332 5367 In,
375 5303 475 5368 13).
504 5302 569 5355 Hi
593 5318 730 5375 ergo
763 5303 861 5374 qui
893 5304 1390 5375 dispensationem
1421 5306 1634 5361 salutis
1667 5323 1784 5362 sua
1836 5307 1896 5360 in
2008 5305 2090 5359 ait
2118 5303 2470 5375 Apostolus:
2498 5305 2595 5359 Dei
2621 5306 2953 5376 sapientiam
2986 5305 3266 5376 loquimur
3292 5306 3355 5360 in
3376 5306 3660 5376 mysteriis

244 5389 556 5461 Evangelio
579 5408 695 5447 non
729 5397 1090 5464 receperunt,
1124 5393 1399 5450 oblivioni
1433 5395 1551 5448 dati
1592 5400 1749 5466 sunt,
1797 5396 1897 5467 qui
2005 5411 2132 5469 quae
2161 5394 2474 5450 abscondita
2494 5403 2574 5450 est
2601 5413 2620 5450 :
2661 5412 2827 5467 quam
2883 5411 3047 5452 nemo
3095 5398 3437 5469 principium
3495 5395 3659 5467 hujus

244 5481 486 5536 credere
517 5497 620 5552 per
650 5482 928 5537 duritiam
953 5483 1193 5554 propria
1224 5483 1542 5539 voluntatis
1562 5485 1894 5553 noluerunt,
2008 5486 2201 5543 arcuit
2227 5486 2475 5554 cognovit
2505 5486 2551 5553 (I
2577 5486 2702 5540 Cor.
2740 5502 2797 5554 ιι,
2837 5486 2894 5552 7,
2947 5484 3024 5555 8).
3083 5485 3363 5540 Semitam
3422 5483 3658 5556 ignora-

246 5569 319 5624 Et
348 5567 567 5624 idcirco
599 5569 734 5624 invii
767 5570 905 5625 dicti
940 5577 1097 5639 sunt,
1131 5574 1268 5644 quia
1297 5572 1619 5644 Christum,
1663 5574 1761 5647 qui
1813 5580 1901 5630 est
2006 5575 2090 5629 vit
2121 5573 2244 5628 avis
2277 5590 2290 5628 :
2335 5588 2440 5627 nec
2496 5573 2750 5628 intuitus
2802 5578 2892 5629 est
2948 5590 3079 5630 eam
3115 5574 3324 5630 oculus
3373 5572 3648 5629 vulturis.

245 5657 364 5726 via,
395 5674 511 5713 non
545 5662 905 5730 receperunt.
2009 5666 2268 5725 Possunt
2293 5661 2389 5718 hic
2414 5661 2528 5717 duo
2559 5661 2762 5735 populi
2791 5663 3039 5736 intelligi
3090 5680 3206 5719 non
3263 5661 3539 5732 absurde,
3598 5661 3656 5718 id
