3980 6184
399 393 519 454 739

1889 388 2305 453 APPENDIX.

3632 382 3727 455 ut

400 530 508 597 est,
539 525 876 583 Judzsorum
907 527 966 582 et
994 524 1281 600 gentium.
1328 524 1589 584 Carnalis
1647 541 1784 600 ergo
1841 526 2044 584 Judaea

2169 544 2378 613 factum
2399 530 2488 602 est
2517 541 2647 611 istis
2668 539 3213 616 Evangelizantibus
3239 538 3493 612 verbum,
3518 544 3578 605 ut
3600 561 3736 607 mons

400 619 572 673 ﬁdem
608 616 667 671 in
725 615 954 671 Christo
1009 631 1125 671 non
1183 615 1445 672 habens:
1496 618 1598 672 sed
1654 618 1850 690 potius
1902 616 2048 690 legis

398 708 675 780 operibus
732 706 952 773 vivens,
1010 707 1284 761 eumdem
1345 706 1644 763 Christum
1702 725 1805 780 pro
1878 707 2049 763 nobis

399 799 617 854 factum
649 795 919 851 semitam
945 793 1062 850 sive
1081 794 1256 863 viam,
1283 813 1400 867 qua
1425 796 1650 851 reditur
1681 797 1751 852 ad
1774 796 2045 868 patriam,

399 892 463 943 ut
492 885 795 941 incredula
827 885 1114 957 ignoravit
1156 903 1167 941 :
1201 887 1437 956 propter
1484 882 1795 943 elationem
1856 902 2046 953 suam,

399 994 516 1050 qua
554 991 615 1031 se
637 975 879 1046 putabat
909 973 1053 1046 legis
1076 973 1352 1046 operibus
1369 991 1543 1046 posse
1565 975 2048 1045 justiﬁcari.Avis

395 1066 553 1122 dicta
583 1068 691 1132 est,
722 1061 865 1119 levis
914 1064 1139 1136 utique,
1200 1067 1257 1119 et
1314 1080 1498 1137 vaga:
1548 1069 1725 1136 atque
1784 1066 1843 1120 in
1903 1065 2049 1137 ipsis

390 1155 667 1227 operibus
697 1152 844 1226 legis
875 1152 1195 1209 instabilis.
1231 1152 1463 1209 Vulturi
1494 1170 1627 1209 vero
1659 1154 1922 1229 gentium
1955 1172 2049 1228 po-

388 1244 565 1318 pulus
594 1243 721 1299 ideo
754 1241 1071 1299 assimilari
1099 1242 1348 1311 videtur,
1374 1244 1651 1315 quoniam
1672 1261 1787 1316 -per
1825 1260 2048 1300 errores

390 1338 757 1389 mortuorum
781 1331 1089 1388 hominum
1112 1331 1558 1404 discurrebat,et
1587 1333 1762 1389 rebus
1800 1334 2049 1390 mortuis

395 1420 763 1496 pascebatur.
799 1421 867 1476 Hi
899 1438 1034 1493 ergo
1066 1421 1365 1477 Christum
1422 1421 1569 1495 legis
1629 1421 1827 1478 littera
1887 1423 2048 1478 obte-

399 1517 580 1582 ctum,
615 1515 672 1568 et
700 1515 915 1567 terram
939 1510 1412 1582 repromissionis
1436 1528 1538 1583 per
1565 1510 1860 1568 Christum
1892 1511 2049 1583 futu-

400 1619 546 1670 ram,
570 1600 880 1673 opacitatis
903 1601 1400 1673 signiﬁcationum
1418 1601 1779 1657 umbraculis
1801 1618 1916 1657 non
1947 1618 2046 1674 po-

398 1695 642 1747 tuerunt
672 1690 910 1745 omnino
940 1689 1575 1762 perspicere.Semitam
1606 1690 2046 1764 ignoravitavis:

398 1795 504 1835 nec
534 1778 784 1835 intuitus
813 1782 903 1834 est
932 1792 1061 1835 eam
1085 1778 1292 1834 oculus
1323 1779 1828 1836 vulturis.Subhis
1860 1779 2049 1835 nomi-

401 1868 576 1923 nibus
609 1867 730 1923 avis
759 1866 867 1939 (Al.
902 1868 1047 1939 auri)
1080 1871 1137 1924 et
1164 1867 1725 1940 vulturis,§inimicos
1782 1868 2048 1925 Ecclesiae

404 1955 830 2029 intelligamus,
881 1957 982 2030 qui
1026 1957 1283 2014 tenebris
1342 1959 1721 2014 obscuratum
1770 1958 2052 2015 habentes

399 2045 784 2118 intellectum,
816 2048 1150 2102 nescierunt
1192 2048 1463 2103 semitam
1521 2048 1841 2104 vocationis
1898 2049 2052 2119 ejus,

401 2152 519 2207 qua
540 2138 613 2191 ad
630 2136 815 2192 Deum
833 2135 1145 2192 ambulans
1168 2154 1272 2209 per
1294 2137 1467 2192 ﬁdem
1490 2137 2051 2210 revertitur.Quique

399 2224 643 2282 diversis
708 2227 1004 2282 erroribus
1061 2232 1427 2282 mortuorum
1513 2227 1822 2283 hominum
1879 2227 2050 2300 rapti,

399 2315 568 2387 quasi
590 2314 783 2371 volare
807 2315 1126 2371 arbitrandi
1162 2320 1318 2370 sunt.

471 2428 499 2455 ‹‹
532 2406 655 2461 Non
697 2405 1066 2459 calcaverunt
1111 2421 1237 2460 eam
1296 2404 1402 2459 filii
1458 2405 1816 2461 institorum.
1851 2427 1880 2455 »
1935 2405 2052 2462 Hoc

402 2494 503 2560 ait,
536 2494 690 2565 quod
747 2493 832 2547 ita
890 2491 1065 2547 fuerit
1120 2496 1276 2548 terra
1330 2493 1717 2549 Sodomorum
1777 2493 2050 2549 omnibus

396 2582 568 2637 bonis
598 2580 808 2636 referta
836 2598 848 2636 :
880 2585 944 2636 ut
973 2580 1191 2637 nullius
1222 2582 1420 2655 patria:
1461 2582 1686 2655 eguerit
1744 2582 2049 2638 mercimo-

397 2671 533 2727 niis.
564 2668 693 2726 Non
724 2670 1238 2727 calcaverunteam
1295 2670 1400 2727 filii
1457 2671 1817 2728 institorum.
1877 2672 2048 2728 Insti-

397 2765 554 2816 tores
583 2761 703 2817 sive
730 2760 1118 2835 negotiatores
1132 2761 1394 2834 praedicti
1422 2761 1851 2835 intelliguntur.
1902 2762 2048 2817 Nam

395 2850 784 2923 negotiatores
816 2855 955 2906 sunt
984 2849 1124 2905 mali
1154 2855 1211 2906 et
1240 2851 1477 2924 superbi
1512 2867 1525 2906 :
1559 2852 1714 2923 quod
1764 2851 1942 2907 etiam
1975 2851 2048 2905 ad

397 2940 593 3010 ipsum
626 2937 923 2994 diabolum
957 2939 1207 3010 pertinet
1233 2956 1244 2995 :
1272 2940 1372 3012 qui
1399 2941 1736 3014 superbiam
1768 2939 2050 2995 delictum

398 3029 722 3085 maximum
754 3028 1072 3085 adinvenit.
1107 3030 1176 3086 Et
1196 3030 1526 3101 negotiator
1556 3035 1795 3103 propter
1843 3030 2047 3085 multi-

396 3119 662 3173 tudinem
702 3123 1073 3190 peccatorum
1105 3118 1441 3192 appellatus‘
1460 3125 1567 3190 est,
1609 3137 1736 3192 quin
1795 3120 1914 3175 sive
1975 3119 2048 3175 ad

401 3224 463 3262 se
489 3207 707 3278 ipsum,
740 3206 859 3262 sive
887 3208 958 3262 ad
990 3208 1353 3280 perdendum
1383 3209 1682 3265 hominem
1716 3207 2045 3281 exquisivit.

2158 634 2426 695 Christus
2456 633 2519 690 in
2549 650 2710 691 mare
2735 632 3004 707 gentium
3032 631 3562 705 transplantaretur.
3608 634 3739 695 Unde

2160 728 2216 780 et
2244 724 2305 780 in
2329 723 2553 797 psalmo
2576 723 2705 780 ait:
2756 725 2821 779 Et
2876 723 3296 794 transferentur,
3336 729 3526 781 metues
3574 723 3627 785 in
3668 723 3742 783 'car

2155 816 2327 870 maris
2357 815 2531 886 (Psal.
2560 830 2686 884 xnv,
2719 813 2796 887 3),
2836 812 2895 869 id
2924 814 3034 880 est,
3075 811 3164 869 vel
3222 810 3632 887 prophetarum,
3672 814 3741 871 vel

2157 901 2654 976 cvangelistarum
2703 900 2963 967 oracula,
3031 900 3105 959 ad
3164 899 3481 959 credituros
3531 901 3742 977 gentium

2158 989 2403 1064 populos
2434 990 2885 1049 transferentur.
2918 989 3044 1047 Non
3089 987 3455 1047 calcaverunt
3507 1006 3620 1056 eam
3663 990 3745 1046 ﬁlii

2158 1080 2519 1137 institorum.
2556 1079 2620 1135 Hi
2651 1079 2954 1137 institores
2983 1077 3107 1135 sive
3136 1076 3519 1153 negotiatores
3561 1079 3746 1155 reprobi

2158 1173 2321 1239 sunt,
2353 1174 2409 1227 et
2436 1169 2610 1225 laude
2634 1167 2883 1242 indigni,
2915 1167 3017 1239 qui
3049 1171 3287 1240 peccata
3331 1166 3585 1240 peccatis,
3629 1167 3749 1224 velut

2158 1258 2392 1315 divitias
2423 1257 2536 1314 sibi
2565 1257 3018 1331 congregant;de
3049 1255 3268 1330 quibus
3300 1255 3381 1318 ait
3406 1254 3744 1333 Apocalypsis

2162 1350 2375 1406 Omnia
2402 1347 2564 1404 clara
2591 1351 2642 1403 et
2669 1347 2902 1419 pinguia
2926 1346 3215 1418 perierunt
3244 1361 3279 1401 a
3310 1349 3365 1403 te.
3409 1344 3577 1425 (Apoc.
3625 1362 3744 1417 xvni,

2161 1437 2271 1509 14).
2304 1437 2372 1493 Hi
2402 1435 2582 1511 igitur
2610 1434 3001 1510 negotiatores
3045 1433 3201 1493 circa
3258 1432 3486 1491 divitias
3538 1438 3745 1511 peccato-

2159 1543 2312 1595 rum,
2346 1542 2462 1582 non
2491 1525 2801 1582 calcabunt
2828 1522 3169 1592 Ecclesium,
3202 1523 3263 1579 id
3290 1526 3397 1596 est,
3428 1540 3537 1595 non
3571 1522 3745 1583 habita-

2160 1615 2308 1671 bunt
2338 1615 2397 1670 in
2428 1631 2517 1681 ea,
2550 1615 2692 1689 quia
2739 1618 3007 1671 sanctam
3067 1628 3220 1685 eam,
3277 1616 3337 1669 et
3372 1610 3745 1685 immaculatum

2160 1704 2446 1761 Dominus
2476 1705 2822 1780 possidebit.

2234 1815 2263 1846 ι(
2293 1794 2407 1849 Nec
2428 1793 2803 1867 pertransivit
2830 1810 2932 1866 per
2963 1809 3095 1853 eam
3125 1791 3330 1850 leena.
3367 1813 3395 1843 υ
3426 1790 3507 1853 Ob
3533 1790 3747 1864 frequen-

2160 1883 2305 1938 tiam
2337 1881 2858 1943 innumerabilium
2888 1882 3240 1956 populorum
3288 1882 3350 1940 in
3394 1880 3636 1941 Sodomis
3676 1878 3748 1935 ha—

2163 1971 2503 2043 bitantium,
2531 1972 2733 2028 bestiae
2756 1988 2859 2044 per
2888 1971 3153 2031 medium
3178 1971 3434 2045 regionis
3460 1969 3603 2029 illius
3627 1972 3747 2027 tran-

2163 2060 2276 2116 sire
2308 2077 2424 2116 non
2456 2063 2740 2132 poterant.
2776 2061 2891 2116 Nec
2919 2060 3267 2132 pertansivit
3296 2076 3398 2132 per
3442 2075 3563 2117 eam
3594 2058 3747 2115 leaena-

2162 2151 2366 2206 Leaana
2392 2153 2582 2222 potest
2608 2149 2828 2206 diaboli
2859 2148 3186 2207 dominatio
3222 2147 3566 2217 sentiri,sive
3593 2160 3749 2221 super-

2160 2239 2259 2294 bia
2285 2239 2643 2295 Judaeorum.
2677 2238 2841 2304 Quod
2868 2242 3063 2294 autem
3097 2237 3266 2304 dicit,
3298 2254 3414 2296 non
3443 2231 3752 2309 pertransivit

2160 2329 2271 2384 hoc
2302 2329 2382 2384 ait
2416 2346 2429 2384 :
2464 2345 2581 2385 non
2613 2327 2854 2385 recessit
2884 2344 2918 2384 a
2944 2327 3284 2396 Judaaa,sed
3312 2326 3520 2383 ibidem
3551 2320 3747 2387 inﬁdelis

2161 2416 2436 2487 superbia
2465 2415 2808 2487 permansit.
2842 2413 3027 2471 Aliter
3057 2418 3274 2486 potest,
3331 2418 3389 2471 et
3441 2413 3509 2475 de
3545 2406 3746 2471 Ecclesia

2160 2504 2427 2578 intelligi.
2464 2505 2528 2561 In
2555 2503 2656 2561 illa
2690 2504 2892 2577 utique
2919 2503 3109 2578 gloria
3136 2504 3427 2563 virtutum
3448 2514 3659 2563 suarum
3702 2494 3744 2549 in

2161 2593 2285 2650 loco
2314 2592 2644 2650 necessario
2666 2592 3091 2666 redemptionis
3122 2594 3333 2662 suae,in
3355 2608 3466 2664 quo
3496 2606 3589 2663 per
3612 2585 3745 2644 fidem

2159 2688 2296 2751 stat,
2328 2683 2469 2755 igne
2493 2682 2772 2738 subversa
2802 2686 2910 2747 est,
2943 2680 3043 2738 illo
3090 2681 3300 2755 utique
3355 2681 3501 2754 igne,
3557 2678 3620 2734 de
3660 2684 3750 2747 quo

2159 2772 2284 2844 ipse
2314 2770 2595 2828 Dominus
2627 2770 2707 2827 ait
2740 2787 2753 2825 :
2783 2772 2971 2842 Ignem
3020 2773 3152 2826 veni
3216 2772 3431 2828 mittere
3484 2770 3540 2825 in
3588 2773 3748 2823 terram

2159 2862 2309 2933 (Luc.
2344 2860 2581 2931 xu,49).
2642 2864 2761 2915 Hoc
2814 2859 2997 2932 igitur
3051 2859 3192 2932 igne
3249 2858 3517 2924 Ecclesia,
3568 2855 3618 2909 id
3663 2858 3747 2914 est,

2156 2955 2313 3005 terra
2362 2953 2724 3015 sanctorum,
2783 2948 3002 3004 amoris
3049 2948 3155 3003 Dei
3226 2945 3502 3007 desiderio
3545 2943 3744 3015 ﬂagrans

2158 3037 2536 3104 subvertitur,
2569 3041 2636 3092 ut
2684 3053 2813 3091 eam
2859 3036 3112 3092 carnalis
3176 3030 3619 3107 concupiscentia
3660 3041 3744 3082 non

2157 3127 2474 3199 possideat.
2507 3126 2624 3181 Hoc
2654 3126 2834 3198 igitur
2861 3125 3036 3181 modo
3068 3125 3443 3195 subvertitur,
3466 3126 3525 3178 ut
3549 3120 3599 3175 in
3626 3122 3741 3172 terra

2162 3216 2355 3272 carnis
2385 3233 2504 3271 suae
2535 3214 2755 3279 vivens,
2787 3213 2982 3271 carnis
3008 3213 3068 3273 in
3098 3230 3173 3270 ea
3197 3213 3337 3270 vitia
3365 3211 3673 3271 moriantur,
3696 3202 3744 3256 ut

400 3296 504 3351 Isti
535 3295 717 3368 igitur
737 3296 1146 3368 promissionis
1178 3302 1395 3354 terram
1429 3315 1555 3370 quae
1588 3297 1936 3365 mansuetis,
1998 3301 2055 3353 et
2086 3287 2127 3355 C
2166 3305 2247 3359 ait
2272 3303 2587 3377 Apostolus
2622 3319 2634 3357 :
2670 3304 2779 3372 Qui
2794 3305 2945 3359 enim
2969 3307 3102 3359 sunt
3134 3304 3362 3370 Christi,
3391 3314 3596 3357 carnem
3616 3305 3743 3353 suam

400 3385 571 3441 corde
630 3384 956 3442 humilibus
1014 3392 1362 3454 reservatur,
1407 3394 1471 3442 ut
1523 3389 1584 3441 in
1642 3404 1709 3442 ea
1766 3386 2052 3455 habitent,

404 3473 628 3530 calcare
656 3490 772 3528 non
805 3478 1095 3546 poterunt,
1123 3475 1260 3546 quia
1290 3492 1396 3531 nec
1454 3475 1623 3547 quasi
1672 3475 1898 3543 incolae,
1955 3491 2057 3547 per

403 3579 533 3617 eam
565 3560 909 3616 transeundi
942 3562 1242 3617 habebunt
1272 3563 1592 3618 licentiam.
1644 3565 1788 3619 Item
1840 3563 2006 3619 aliter
2038 3581 2052 3619 :

405 3651 535 3705 Haec
565 3650 747 3722 igitur
769 3650 991 3717 Judaeo,
1026 3652 1118 3705 cui
1168 3651 1263 3706 hic
1318 3652 1489 3724 panis
1548 3653 1823 3708 doctrinae
1882 3653 2054 3707 mini-

410 3738 737 3794 strantibus
767 3737 1087 3809 prophetis,
1112 3745 1169 3795 et
1213 3741 1637 3809 sacerdotibus,
1695 3742 2060 3812 praebebatur

408 3826 469 3882 in
502 3826 627 3881 loco
652 3843 755 3880 suo
786 3844 799 3880 :
834 3843 940 3881 suo
972 3827 1199 3899 utique,
1251 3835 1309 3883 et
1365 3846 1480 3884 non
1539 3830 1660 3902 Dei,
1719 3830 1779 3885 id
1836 3836 1942 3899 est,
1996 3832 2056 3886 in

407 3915 534 3972 loco
586 3913 986 3971 delectationis
1040 3933 1177 3983 sure,
1241 3918 1340 3972 ubi
1396 3918 1796 3992 voluptatibus
1884 3926 2059 3993 atque

409 4005 702 4063 illecebris
723 4005 1294 4079 conﬂagrabat,igne
1341 4007 1613 4063 vitiorum
1665 4027 1906 4064 suorum
1967 4027 2056 4064 ar-

409 4097 556 4151 dens
588 4096 869 4151 subversa
912 4099 999 4149 est
1055 4096 1208 4151 sicut
1264 4095 1405 4151 dicit
1452 4098 1782 4168 propheta:
1865 4098 2058 4155 Omnes

409 4185 803 4252 adulterantes,
833 4187 979 4241 sicut
1006 4186 1257 4240 clibanus
1305 4186 1468 4241 corda
1522 4203 1711 4242 eorum
1750 4186 1922 4261 (Osee,
1954 4207 2055 4257 v11,

408 4276 464 4345 7)
499 4290 513 4341 ;
547 4275 685 4328 etin
710 4274 942 4330 Psalmo
974 4276 1045 4330 de
1076 4292 1144 4330 ea
1174 4275 1388 4330 dicitur
1444 4277 1615 4347 (Psal.
1672 4294 1856 4341 Lxxxv,
1920 4278 2007 4347 l7)
2041 4294 2054 4332 :

411 4365 644 4417 Incensa
674 4365 791 4433 igni
816 4367 869 4418 et
897 4366 1126 4436 sit/fossa
1157 4382 1334 4419 manu
1366 4365 1559 4437 operis
1590 4366 1682 4421 sui
1740 4366 2061 4438 exstirpata

409 4450 668 4516 omnino,
696 4456 754 4506 et
781 4452 992 4507 effossa
1019 4457 1125 4509 est.
1160 4453 1318 4509 Licet
1339 4454 1526 4525 possit
1546 4454 1697 4528 ignis
1737 4454 1847 4510 iste
1880 4457 2057 4511 etiam

398 4557 587 4614 super
642 4539 867 4596 ultione
923 4547 1295 4613 peccatorum
1338 4543 1606 4616 intelligi,
1685 4543 1836 4599 sicut
1920 4545 2062 4600 dicit

2161 3394 2557 3466 cruciﬁxerunt
2581 3409 2708 3447 cum
2762 3394 2934 3461 vitiis,
2992 3400 3045 3449 et
3097 3391 3543 3465 concupiscentiis
3569 3380 3743 3457 {(Galal-

2162 3501 2218 3552 v,
2250 3484 2363 3552 24).
2396 3483 2511 3538 Nec
2539 3480 2912 3553 perlransivit
2939 3498 3044 3552 per
3078 3497 3213 3537 eam
3270 3480 3464 3538 leaena.
3522 3474 3632 3533 Sive
3671 3471 3747 3535 ιιθ.

2165 3577 2231 3629 ut
2256 3572 2356 3628 alii
2384 3571 2675 3626 dixerunt.
2736 3575 2849 3626 Leo
2906 3569 3002 3625 hic
3062 3586 3182 3627 non
3242 3567 3488 3627 absurde
3535 3557 3747 3626 diabolus

2166 3659 2535 3732 intelligitur,
2568 3659 2670 3730 qui
2702 3675 2805 3731 per
2836 3662 3048 3716 sanctze
3080 3656 3348 3717 Ecclesiae
3378 3661 3575 3714 terram
3604 3656 3746 3707 trans-

2168 3751 2251 3805 ire
2282 3766 2398 3806 non
2430 3747 2639 3821 potuit,
2675 3764 2741 3804 eo
2774 3748 2929 3819 quod
2977 3747 3257 3821 gravibus
3313 3736 3749 3821 persecutionibus

2168 3856 2298 3898 eam
2329 3839 2556 3895 vincere
2594 3854 2709 3894 non
2739 3836 3005 3895 valuerit.

2240 3950 2269 3979 ‹‹
2298 3928 2383 3984 Ad
2415 3926 2640 3983 silicem
2666 3927 2925 3983 extendit
2971 3942 3218 3985 manum
3271 3940 3452 3983 suam.
3484 3944 3506 3974 ι
3561 3915 3749 3971 Videt!"

2168 4017 2315 4072 mihi
2334 4016 2689 4072 sanctuslob
2712 4014 2869 4070 aliud
2888 4014 3141 4088 aenigma
3154 4012 3539 4088 protulisse,“
3564 4003 3747 4077 propter

2168 4105 2521 4163 soliditatem
2556 4121 2745 4172 suam,
2779 4107 2836 4160 et
2887 4103 3314 4168 fortitudinem,
3370 4097 3635 4163 Christum
3680 4100 3744 4141 se-

2169 4195 2427 4250 cundum
2458 4193 2780 4257 hominem,
2813 4208 2989 4263 quem
3021 4185 3600 4265 assumpsit,scilicem
3621 4185 3749 4265 ρος)εέ

2170 4282 2509 4355 signiﬁcari,
2541 4280 2640 4353 qui
2664 4261 2849 4336 etiam
2870 4286 3034 4352 petra
3074 4287 3129 4337 et
3189 4261 3357 4352 lapis,
3411 4265 3672 4350 prophetis
3707 4261 3749 4355 et

2171 4345 2448 4444 apostolis
2478 4345 2671 4424 dictus
2704 4373 2809 4425 est.
2846 4345 2998 4425 Deus
3033 4385 3172 4443 ergo
3223 4345 3387 4424 Dater
3413 4345 3657 4419 extendit
3697 4345 3748 4402 ad

2173 4460 2397 4515 silicem
2428 4474 2673 4513 manum
2704 4474 2898 4528 suam,
2931 4458 2988 4514 id
3022 4463 3132 4530 est,
3194 4456 3398 4513 Filium
3453 4462 3627 4509 suum.
3676 4449 3750 4511 Per

2171 4565 2347 4622 quem
2377 4547 2653 4604 universa
2672 4546 2980 4602 condidit:
3036 4564 3214 4619 quem
3264 4545 3435 4602 etiam
3488 4538 3748 4622 dexteram.

406 4628 723 4703 Apostolus
756 4648 768 4685 :
805 4631 967 4685 Terra
995 4647 1122 4702 quae
1152 4634 1364 4704 spinas,
1425 4636 1479 4687 et
1536 4633 1766 4687 tribulos
1820 4636 2052 4705 profert,

2171 4618 2228 4694 et
2256 4637 2563 4694 brachium
2584 4639 2771 4707 vocat,
2805 4640 2862 4691 et
2892 4636 2965 4692 ad
3013 4618 3448 4709 suscipiendum
3502 4618 3745 4718 homines)

410 4720 639 4793 reproba
655 4722 753 4787 est,
800 4728 851 4775 et
903 4720 1186 4776 maledicto
1231 4723 1537 4792 proxima:
1590 4723 1747 4792 cujus
1802 4737 2060 4776 consum-

407 4811 581 4865 matio
611 4810 672 4864 in
692 4794 1122 4865 combustionem
1152 4811 1332 4881 (Hebr.
1366 4828 1442 4877 v1,
1473 4812 1551 4878 8).
1613 4811 1693 4867 De
1750 4828 1865 4883 quo
1924 4811 2057 4884 igne

408 4898 506 4954 irae
538 4898 621 4954 ait
653 4899 827 4954 David
854 4916 866 4954 :
898 4901 1129 4955 Iuvenes
1159 4916 1354 4955 eorum.
1386 4900 1618 4954 comedit
1674 4902 1828 4971 ignis
1886 4900 2057 4972 (Psat.

413 5004 617 5055 Lxxvn,
648 4989 761 5060 63).
794 4989 917 5043 Non
950 4988 1319 5044 calcaverunt
1374 5006 1503 5044 eam
1562 4988 1663 5043 filii
1719 4988 2058 5045 institorum

411 5073 541 5129 Filii
581 5073 941 5148 institorum,
975 5078 1373 5149 apostolorum
1396 5076 1691 5157 discipuli,
1727 5082 1783 5133 et
1836 5083 2063 5150 aposto-

408 5162 508 5218 lici
537 5163 646 5219 viri
678 5163 1043 5238 intelligendi
1077 5172 1235 5235 sunt,
1269 5167 1367 5239 qui
1390 5167 1662 5239 gentibus
1680 5167 2059 5241 Evangelium

408 5252 889 5326 praedicaverunt.
922 5254 991 5309 Hi
1022 5254 1202 5327 igitur
1228 5257 1514 5322 Judaeam,
1544 5262 1760 5312 terram
1792 5257 2063 5314 videlicet

410 5341 763 5415 inﬁdelium,
797 5347 863 5399 ut
891 5344 943 5399 ei
1003 5345 1424 5401 annuntiarent
1478 5345 1885 5419 Evangelium,
1946 5364 2059 5401 non

411 5430 798 5489 calcaverunt.
831 5434 912 5489 De
943 5434 1155 5505 quibus
1185 5434 1400 5491 dicitur
1428 5436 1487 5490 in
1535 5436 1778 5491 Actibus
1836 5441 2065 5508 aposto-

410 5519 601 5577 lorum
639 5539 651 5575 :
693 5523 844 5578 Vobis
874 5527 1187 5595 oportuerat
1211 5526 1458 5594 primum
1488 5524 1713 5578 verbum
1747 5526 1845 5578 Dei
1891 5526 2059 5595 loqui,

407 5610 500 5669 Sed
530 5613 662 5685 quia
688 5612 943 5681 indignos
971 5628 1064 5668 vos
1109 5612 1402 5685 judieastis
1457 5619 1682 5669 {uter-nae
1738 5615 1891 5681 vitae,
1946 5630 2065 5670 ecce

409 5704 782 5763 convertimur
811 5703 882 5761 ad
936 5706 1120 5773 gentes
1178 5702 1314 5773 (Aet.
1371 5718 1490 5766 xm,
1544 5702 1654 5771 46).
1714 5701 1807 5757 Sic
1866 5702 2063 5774 itaque

2172 4726 2354 4793 misit,
2389 4731 2455 4781 ut
2482 4698 2800 4798 Apostolus
2830 4723 2977 4779 dixit
3003 4740 3015 4780 :
3049 4698 3195 4781 Deui
3223 4723 3421 4779 Filium
3447 4728 3589 4773 suum
3621 4698 3747 4798 νιηιξίξ

2169 4820 2232 4872 in
2278 4786 2645 4871 similitudine
2690 4816 2876 4869 carnis
2926 4815 3136 4886 peccati
3192 4813 3361 4885 (Rom.
3425 4820 3537 4860 vm.
3587 4786 3748 4886 3).“???

2170 4906 2386 4961 idcirco
2418 4905 2479 4959 in
2511 4902 2847 4960 extensione
2878 4919 3114 4974 manus,
3164 4900 3261 4957 Dei
3319 4894 3510 4962 Patris,
3557 4890 3605 4943 et
3652 4873 3745 4935 F11“

2169 4995 2299 5066 ejus
2331 4993 2402 5048 ad
2435 5009 2542 5048 nos
2594 4992 2910 5047 adventum
2969 4973 3287 5065 significari
3342 4979 3660 5042 noverimus.
3698 4973 3744 5016 ⁸ο

2168 5100 2276 5157 per
2303 5099 2438 5139 eum
2472 5081 2627 5137 sicut
2656 5080 2926 5152 sequitur
2958 5097 2972 5136 :

2246 5196 2269 5222 α
2319 5170 2615 5228 Subvertit
2678 5186 2713 5225 a
2768 5168 3068 5225 radicibus
3126 5171 3367 5227 montes:
3418 5181 3445 5211 »
3488 5155 3624 5220 QUOS
3662 5152 3740 5214 Ρθτ

2170 5261 2573 5334 metaphoram
2605 5259 2899 5314 daemones
2921 5258 3043 5314 sive
3072 5256 3335 5314 homines
3359 5238 3742 5334 superbos}???

2171 5320 2347 5406 recte.
2371 5350 2706 5406 sentimus:
2764 5347 2903 5420 quia
2961 5346 3337 5419 principatus,
3393 5345 3443 5393 el
3490 5320 3742 5420 ΡΟῘῨέξδίῶ

2172 5438 2367 5512 palam
2389 5411 2861 5511 triumphavit-in
2896 5411 3213 5509 semetipso
3244 5429 3546 5512 (Coless._ll.
3572 5411 3660 5512 l5)-

2248 5550 2274 5577 ‹‹
2309 5530 2369 5583 In
2394 5504 2762 5600 petris-rivos
2821 5526 3056 5581 excidit.
3085 5547 3112 5575 »
3170 5520 3336 5578 Duris
3391 5504 3741 5601 scilicet???

2174 5586 2706 5688 cordiis‘gentium,
2737 5620 2795 5671 et
2823 5615 3007 5672 nimia
3056 5609 3390 5671 infidelitate
3435 5586 3740 5688 constrictis“:

2174 5674 2602 5764 abundantiam
2634 5674 2956 5778 gratiarum
3005 5694 3245 5765 suarum
3305 5691 3533 5765 largitus
3579 5675 3667 5740 θεῖν
3702 5674 3743 5725 δι
