3980 6184
241 314 356 379 741

1277 303 1794 371 COMMENTAR.
1840 304 1923 369 1N
1964 303 2103 370 JOB
2148 307 2320 370 CAP.
2364 306 2629 370 XXVIII.

3537 308 3659 369 ’742

239 448 407 509 velut
434 444 593 509 rivos
621 462 788 521 aqua
817 442 1087 515 ﬂuentes,
1118 442 1361 502 uberem
1412 442 1641 519 ecpiam
1688 442 1900 501 doctri-
1929 443 2093 512 Αιι,
2140 442 2231 512 23,
2288 443 2402 517 27).
2461 444 2528 500 Et
2581 442 2710 500 ideo
2769 438 3027 499 suaviter
3081 440 3219 499 dicti
3275 447 3415 501 sunt
3469 443 3657 501 vivere

243 556 462 600 narum
490 537 722 595 tribuit.
756 537 875 593 Hoc
905 535 1101 609 ipsum
1131 535 1505 593 distribuisse
1535 534 1905 609 intelligitur,

250 632 416 704 quod
466 627 715 685 scidisse
761 630 1141 696 memoratur,
1191 625 1343 682 sicut
1402 626 1483 681 ait
1540 625 1904 698 Apostolus:

248 721 367 779 Alii
394 719 549 775 enim
570 734 674 790 per
701 717 966 787 spiritum
1010 714 1174 771 datur
1222 731 1396 771 sermo
1446 716 1757 787 sapientiae,
1806 716 1910 770 alii

252 826 434 867 sermo
462 808 706 864 scientia
737 804 783 878 (Ι
823 805 944 861 Cor.
989 822 1095 871 xu,
1142 806 1218 877 8).
1269 804 1382 860 Alii
1405 805 1678 860 dixerunt
1706 821 1720 860 :
1747 806 1911 876 Ripas

250 901 553 974 ﬂuminum
582 896 845 967 disrupit,
876 899 941 949 ut
966 892 1127 949 illam
1169 894 1496 950 doctrinam
1544 893 1910 967 spiritualem

255 988 517 1062 Legis,et
547 984 968 1058 prophetarum
989 985 1062 1040 de
1093 999 1211 1055 qua
1229 984 1416 1040 Isaias
1438 984 1522 1039 ait
1544 1002 1558 1039 :
1583 985 1698 1056 Qui
1716 986 1911 1053 sititis,

254 1079 331 1133 ite
360 1076 681 1145 adaquam
710 1072 839 1144 (15a.
876 1089 961 1140 LV,
996 1072 1070 1144 1),
1114 1088 1240 1144 qua:
1287 1073 1350 1128 in
1397 1089 1517 1129 una
1563 1077 1734 1145 gente
1781 1076 1911 1128 tan-

257 1182 439 1239 quam
500 1164 659 1220 intra
709 1161 999 1233 quasdam
1048 1162 1355 1233 angustias
1412 1162 1723 1229 deﬂuebat,
1784 1178 1915 1234 qum

258 1255 438 1312 etiam
496 1251 761 1309 Mosaicae
807 1249 953 1323 legis
997 1250 1321 1322 praeceptis,
1352 1250 1511 1307 velut
1553 1251 1912 1322 quibusdam

261 1343 434 1417 quasi
493 1342 754 1415 riparum
804 1339 1071 1396 obicibus
1122 1339 1449 1395 claudatur.
1492 1341 1914 1413 Hujuscemodi

260 1431 551 1504 disruptis
605 1428 946 1496 obstaculis,
988 1428 1158 1500 quasi
1209 1429 1282 1485 de
1329 1428 1490 1485 alveo
1540 1429 1687 1503 legis
1740 1446 1918 1502 super

264 1538 507 1579 omnem
532 1525 744 1576 terram
775 1517 1087 1590 Evangelia
1117 1518 1455 1574 abundante
1475 1519 1919 1575 diﬂ‘udit.A1iter

265 1626 589 1684 possumus
617 1608 767 1664 hanc
797 1613 1016 1663 terram
1045 1606 1363 1663 Ecclesiam
1396 1608 1606 1663 dicere.
1641 1608 1804 1664 Unde
1837 1607 1920 1664 ait

265 1699 553 1772 propheta
586 1715 601 1754 :
630 1696 983 1753 Fluminibus
1032 1696 1315 1752 scindetur
1362 1700 1512 1753 terra
1557 1696 1778 1770 (Habac.
1828 1715 1916 1769 III,

2015 534 2100 590 illi
2157 533 2259 607 qui
2314 533 2479 590 nullo
2539 535 2677 608 iugo
2733 532 3053 607 disciplinae
3109 537 3401 601 tenentur,
3460 539 3517 591 et
3581 536 3661 592 ef-

2019 626 2211 681 frenes
2242 642 2308 681 ac
2347 624 2673 698 pracipites
2719 623 2778 679 in
2827 622 3018 680 labem
3062 614 3454 698 prorumpunt
3498 625 3663 682 vitio-

2018 732 2149 771 rum
2161 758 2173 771 .

2090 827 2120 855 «
2151 805 2415 878 Abyssus
2446 803 2739 873 dicit,non
2760 807 2849 859 est
2877 803 2935 858 in
2968 821 3081 877 me,
3105 807 3162 859 et
3192 820 3354 860 mare
3383 803 3663 876 loquitur,

2021 912 2137 950 non
2168 899 2257 950 est
2287 911 2538 950 mecum.
2576 916 2605 943 »
2635 894 2930 967 Abyssum
2962 892 3071 949 hoc
3102 893 3227 950 loco
3256 887 3551 950 infernum
3577 894 3664 949 in-

2019 984 2358 1057 telligamus
2390 984 2542 1039 sicut
2582 983 2724 1039 dicit
2770 983 3083 1056 Apostolus
3117 1001 3129 1038 :
3162 985 3269 1040 Aut
3298 986 3417 1056 quis
3445 984 3672 1040 descen-

2020 1073 2101 1129 dit
2128 1075 2189 1128 in
2210 1074 2465 1145 abyssum
2497 1074 2670 1146 (Rom.
2700 1091 2757 1140 x,
2786 1073 2887 1145 7)?
2915 1073 2985 1128 Et
3015 1088 3175 1129 mare
3213 1073 3322 1129 hoc
3372 1073 3675 1137 saeculum,

2022 1167 2088 1218 ut
2116 1161 2366 1218 Psalmis
2400 1166 2642 1217 canente
2672 1160 3051 1233 cognovimus
3077 1178 3090 1215 :
3116 1163 3223 1216 Hoc
3240 1178 3393 1218 mare
3413 1179 3677 1233 magnum

2023 1254 2395 1325 etspatiosum
2424 1251 2594 1323 (Psal.
2636 1267 2755 1318 cm,
2803 1251 2916 1322 25).
2964 1250 3234 1307 Infernus
3264 1268 3422 1325 ergo,
3473 1256 3533 1308 et
3578 1251 3673 1308 hic

2024 1342 2284 1397 mundus
2315 1340 2660 1413 sapientiam
2688 1339 2918 1396 timoris
2956 1339 3057 1395 Dei
3092 1356 3154 1395 se
3176 1357 3292 1396 non
3317 1340 3532 1397 habere
3553 1346 3669 1399 tes-

2022 1434 2241 1487 tantur.
2275 1430 2425 1485 Loca
2456 1429 2600 1485 dicit
2640 1429 2823 1501 loqui,
2870 1445 2972 1502 pro
3020 1429 3113 1485 his
3162 1429 3262 1501 qui
3294 1430 3350 1484 in
3382 1428 3548 1498 locis,
3579 1428 3669 1486 vel

2026 1518 2255 1587 mundi,
2287 1519 2376 1574 vel
2435 1518 2756 1575 inferorum
2809 1522 2966 1574 sunt.
3000 1518 3104 1573 Hic
3135 1519 3206 1574 de
3234 1518 3353 1575 illis
3408 1518 3672 1591 loquitur

2026 1609 2124 1681 qui
2158 1607 2375 1665 carnali
2407 1608 2847 1664 conversatione
2892 1608 3100 1663 mundi
3156 1607 3446 1664 illecebris
3476 1608 3668 1681 possi—

2027 1699 2243 1754 dentur
2276 1715 2288 1755 :
2319 1698 2443 1753 haec
2498 1696 2673 1753 dictio
2729 1696 3137 1771 prosopopmia
3193 1696 3520 1770 appellatur
3572 1698 3673 1754 ubi

262 1791 344 1863 9).
378 1786 574 1844 Scindi
602 1802 740 1843 vero
769 1802 901 1843 eam
948 1790 1123 1858 atque
1171 1786 1461 1860 disrumpi
1503 1804 1571 1844 eo
1603 1788 1776 1843 modo
1807 1805 1920 1845 no-
1948 1824 1998 1890 B
2028 1804 2278 1861 persona
2305 1786 2601 1858 loquentis
2632 1803 2767 1842 cum
2796 1785 3080 1860 loquinon
3111 1787 3315 1859 possit,
3350 1786 3678 1843 assumitur

258 1878 545 1945 verimus,
576 1876 814 1948 quando
846 1892 908 1932 se
939 1874 1012 1931 ad
1047 1875 1494 1948 suscipiendum
1516 1878 1761 1933 verbum
1792 1878 1916 1945 Dei,

264 1966 595 2040 capabilem
624 1964 1038 2037 praebet.Hanc
1069 1982 1303 2037 quoque
1332 1967 1650 2037 quemdam
1681 1968 1921 2039 adaper-

261 2058 488 2114 tionem
522 2054 882 2126 capacitatis,
912 2071 1041 2126 quae
1073 2055 1139 2109 ﬁt
1167 2071 1268 2126 per
1313 2055 1709 2111 obedientiam
1755 2061 1921 2112 terrae

264 2145 563 2203 rationem
592 2143 885 2213 habentis,
935 2143 1277 2199 eorumdem
1320 2143 1635 2200 ﬂuminum
1666 2144 1924 2217 impetus

272 2238 613 2309 operantur.

355 2346 384 2375 «
412 2325 483 2380 Et
512 2338 686 2379 omne
715 2321 1037 2394 pretiosum
1082 2322 1230 2378 vidit
1276 2322 1483 2379 oculus
1535 2324 1686 2395 ejus.
1723 2346 1745 2373 ι
1781 2323 1930 2379 Edu-

276 2415 396 2471 ctis
447 2413 628 2486 igitur
669 2412 810 2468 rivis
853 2412 1175 2484 gratiarum
1221 2412 1345 2480 Dei,
1377 2412 1522 2468 vidit
1567 2413 1721 2469 Deus
1750 2430 1930 2486 quam

275 2505 577 2560 immensa
604 2506 662 2558 et
688 2499 1142 2557 innumerabilia
1179 2500 1413 2571 pietatis
1459 2518 1579 2557 suae
1627 2502 1931 2558 beneﬁcia.

279 2593 449 2649 Vidit
471 2596 667 2649 autem
697 2589 863 2656 dixit,
896 2607 963 2646 eo
994 2590 1150 2662 quod
1198 2597 1330 2646 ante
1380 2595 1758 2663 conspectum
1805 2593 1935 2663 ejus

284 2681 631 2754 adimpletio
663 2680 782 2736 sive
811 2679 1050 2736 eﬂ‘ectus
1096 2696 1214 2735 suae
1262 2678 1601 2753 voluntatis,
1653 2682 1939 2738 exstiterit

280 2772 352 2828 in
384 2770 642 2828 Ecclesia
670 2787 797 2826 sua.

366 2883 394 2911 ‹‹
426 2859 722 2915 Profunda
751 2874 986 2931 quoque
1032 2857 1346 2914 ﬂuviorum
1399 2863 1695 2917 scrutatus
1744 2865 1854 2932 est,
1887 2865 1945 2916 et

287 2948 643 3005 abscondita
672 2947 947 3020 produxit
971 2946 1035 3002 in
1060 2946 1272 3003 lucem.
1311 2970 1339 2997 »
1369 2948 1485 3005 Hos
1514 2949 1694 3022 igitur
1733 2950 1944 3005 ﬂuvios

292 3055 417 3094 non
460 3037 715 3093 absurde
768 3034 1031 3109 singulos
1079 3035 1261 3092 libros
1309 3037 1520 3093 veteris
1566 3037 1947 3094 instrumenti

2029 1883 2087 1935 et
2117 1878 2274 1950 quod
2304 1877 2561 1932 continet
2590 1893 2694 1949 pro
2723 1892 2790 1932 eo
2821 1877 2976 1947 quod
3025 1876 3377 1931 continetur.
3406 1875 3678 1932 Continet

2031 1967 2271 2039 quidem
2302 1966 2395 2021 hic
2425 1966 2705 2031 mundus,
2737 1964 2825 2021 vel
2856 1965 3122 2020 infernus
3157 1983 3169 2019 :
3204 1965 3538 2019 continetur
3569 1981 3675 2019 au-

2031 2060 2153 2112 tem
2186 2056 2383 2111 homo.
2416 2060 2576 2110 Hanc
2604 2070 2741 2127 ergo
2763 2054 3116 2126 sapientiam
3163 2071 3278 2109 non
3312 2054 3488 2110 habet
3519 2070 3679 2109 mare

2034 2145 2241 2201 mundi
2262 2145 2453 2213 istius,
2488 2149 2696 2216 praeter
2738 2143 2924 2199 solam
2968 2143 3309 2212 Ecclesiam,
3342 2152 3469 2216 quas
3501 2160 3682 2219 prop—

2036 2240 2127 2291 ter
2155 2234 2513 2291 servientium
2546 2234 2763 2289 ﬂuctus
2794 2233 3191 2304 inimicorum,
3223 2231 3421 2288 insula
3469 2224 3687 2289 dicitur

2036 2324 2098 2379 in
2129 2322 2446 2396 Scripturis
2495 2324 2622 2391 (Isa,
2681 2339 2815 2390 XLII,
2886 2322 2996 2395 12),
3064 2322 3562 2393 quemadmodum
3632 2324 3688 2378 et

2039 2413 2310 2470 navicula
2368 2428 2472 2485 per
2527 2413 2777 2484 figuram
2847 2410 2909 2467 in
2983 2409 3293 2484 Evangelio
3349 2402 3690 2467 nominatur

2042 2504 2249 2575 (Matth.
2282 2520 2383 2567 v11,
2416 2502 2528 2573 24).

2124 2614 2152 2646 α
2179 2596 2303 2648 Non
2336 2591 2573 2647 dabitur
2602 2608 2814 2647 aurum
2867 2591 3129 2647 obrizum
3162 2608 3267 2663 pro
3293 2609 3361 2648 ea
3395 2609 3408 2648 :
3446 2608 3549 2649 nec
3597 2609 3695 2665 ap-

2047 2682 2336 2754 pendetur
2374 2686 2787 2753 argumentum
2847 2679 2907 2735 in
2966 2681 3424 2737 commutatione
3482 2683 3632 2752 ejus.
3668 2704 3698 2731 ››

2051 2770 2172 2825 Hoc
2204 2770 2303 2836 ait,
2329 2771 2484 2841 quod
2508 2769 2670 2825 nulla
2699 2786 2792 2824 res
2824 2768 3095 2841 quamvis
3126 2769 3379 2842 pretiosa
3410 2769 3701 2842 sit,possit

2051 2860 2186 2915 huic
2211 2858 2511 2931 sapientiae
2543 2857 2889 2931 comparari.
2922 2857 3050 2913 Sive
3073 2858 3212 2930 quia
3233 2874 3440 2914 aurum
3457 2858 3516 2913 in
3542 2859 3698 2914 Scri-

2054 2950 2266 3022 pturis,
2298 2949 2387 3004 vel
2419 2948 3125 3020 argumentum,tropicus
3156 2965 3387 3017 sensus,
3422 2953 3479 3003 et
3508 2964 3700 3004 sermo

2054 3038 2421 3111 intelligitur,
2454 3037 2564 3093 hoc
2594 3036 2754 3103 dicit,
2789 3037 3137 3110 sapientiam
3166 3038 3341 3093 istam
3373 3036 3575 3094 nullus
3597 3054 3701 3110 pro

287 3143 426 3183 esse
448 3125 759 3191 sentimus,
792 3125 853 3179 in
883 3141 1136 3196 quorum
1186 3126 1418 3198 magnis
1473 3125 1735 3183 latibulis
1782 3132 1949 3183 erant
1986 3192 2016 3198 _
2057 3129 2264 3183 merito
2297 3127 2511 3182 sentire
2542 3132 2759 3198 posset,
2792 3131 2895 3182 aut
2923 3126 3140 3198 eloqui.

287 3214 562 3272 Ecclesia:
594 3218 980 3282 sacramenta,
1036 3230 1163 3286 quae
1211 3213 1271 3269 in
1322 3218 1585 3285 tempora
1627 3215 1945 3274 Salvatoris
1976 3192 2019 3259 Ο

290 3306 459 3362 Deus
486 3305 652 3361 Pater
691 3307 990 3360 scrutatus
1030 3304 1129 3371 sit,
1179 3305 1250 3360 ad
1299 3303 1699 3376 impletionem
1746 3323 1949 3363 eorum

294 3394 501 3452 omnia
532 3411 658 3466 qua:
689 3393 965 3466 praedicta
1011 3399 1151 3449 sunt
1198 3393 1603 3451 manifestans.
1637 3395 1768 3451 Sive
1811 3396 1953 3467 quia

294 3485 613 3541 fluviorum
659 3483 914 3547 nomine,
976 3482 1331 3555 populorum
1387 3483 1798 3540 multitudines
1847 3484 1951 3539 ali-

295 3574 541 3648 quando
570 3571 999 3643 intelliguntur,
1034 3572 1532 3643 quemadmodum
1563 3572 1795 3629 Nahum
1826 3591 1955 3645 pro-

295 3663 483 3736 pheta
531 3661 611 3715 ait
653 3678 665 3715 :
712 3662 902 3717 Porta?
946 3662 1247 3731 ﬂuviorum
1290 3669 1496 3732 aperta?
1539 3670 1669 3718 sunt
1719 3663 1957 3735 (Nahum

297 3770 367 3819 ιι,
399 3752 475 3823 6).
510 3749 804 3805 Profunda
833 3749 1140 3805 ﬂuviorum
1188 3749 1298 3805 hoc
1344 3751 1489 3818 loco,
1533 3756 1757 3806 secreta
1786 3767 1955 3807 cons-

300 3840 533 3897 cientias
563 3838 868 3893 hominum
910 3839 1284 3894 advertamus
1318 3856 1330 3894 :
1367 3855 1618 3910 quorum
1668 3844 1960 3896 scrutator

301 3934 368 3985 et
397 3929 661 4001 cognitor
688 3932 840 3983 Deus
871 3932 980 3992 est,
1014 3927 1115 3999 qui
1147 3928 1206 3982 in
1229 3927 1321 3982 die
1344 3927 1554 3999 judicii
1585 3929 1956 3999 producendo

304 4018 508 4074 omnia
538 4022 759 4073 secreta
801 4010 1091 4087 cordium,
1139 4016 1343 4072 reddet
1393 4016 1712 4089 unicuique
1758 4035 1963 4074 secun-

303 4108 456 4163 dum
485 4124 661 4180 ppera
681 4123 808 4162 sua.
844 4107 1016 4177 (Rom.
1044 4123 1105 4183 xi,
1137 4106 1215 4178 6).

384 4197 666 4267 Sapientia
694 4212 819 4251 vero
848 4196 948 4250 ubi
975 4198 1336 4267 invenitur,et
1363 4200 1483 4267 quis
1512 4200 1594 4251 est
1624 4198 1773 4253 locus
1798 4199 1964 4253 intel-

306 4287 591 4354 ligentiae?
619 4285 782 4348 Quod
814 4284 924 4339 hoc
954 4285 1122 4356 quasi
1151 4284 1480 4356 inquirens,
1514 4285 1614 4352 ait,
1666 4286 1966 4342 difficilem

306 4391 463 4442 rem,
513 4378 569 4429 et
622 4391 751 4447 qua:
801 4373 896 4428 vix
942 4373 1256 4440 invenitur,
1304 4373 1488 4429 voluit
1534 4374 1815 4441 indicare,
1850 4376 1967 4431 imo

310 4480 445 4534 quae
477 4462 591 4517 nisi
624 4480 658 4517 a
686 4462 802 4518 Deo
829 4462 1288 4525 demonstrante,
1324 4478 1429 4517 nec
1469 4461 1719 4517 inveniri
1772 4468 1973 4535 posset

2133 3239 2161 3267 «
2194 3217 2318 3271 Non
2369 3215 2697 3270 conferetur
2752 3214 2951 3270 tinctis
3011 3216 3183 3271 India:
3243 3215 3557 3281 coloribus,
3602 3233 3707 3273 nec

2060 3305 2240 3379 lapidi
2284 3304 2633 3361 sardonicbo
2694 3304 3141 3376 pretiosissimo,
3194 3304 3284 3361 vel
3343 3306 3639 3377 supphiro.
3675 3328 3706 3356 »

2060 3395 2316 3451 Diversis
2346 3395 2542 3461 rebus,
2568 3393 2986 3465 pretiosis,ha3c
3019 3394 3307 3465 sapientia
3337 3394 3533 3450 divina
3561 3412 3707 3468 pre-

2063 3486 2268 3539 fertur.
2300 3484 2418 3538 Hoc
2448 3488 2644 3537 tamen
2679 3482 3171 3554 sciendum,quod
3206 3482 3460 3539 maxime
3489 3484 3549 3538 in
3584 3500 3708 3540 me-

2065 3572 2293 3628 ridiano
2324 3571 2558 3626 climate
2583 3571 2706 3626 haec
2764 3571 3004 3627 metalla
3061 3572 3319 3644 pretiosa
3371 3577 3710 3628 nascantur.

2065 3663 2134 3717 Et
2164 3660 2265 3733 qui
2295 3661 2353 3716 in
2393 3661 2558 3716 India
2605 3677 2809 3716 omnes
2859 3660 3151 3717 idolorum
3181 3661 3435 3718 cultores
3488 3662 3714 3736 signiﬁ-

2067 3756 2278 3808 cantur
2309 3768 2322 3805 :
2358 3749 2417 3805 in
2450 3768 2566 3822 qua
2589 3749 2829 3817 colores,
2863 3756 2929 3805 ut
2979 3750 3117 3819 dixi,
3168 3751 3408 3822 pretiosi
3467 3751 3554 3807 vel
3612 3769 3716 3807 na-

2070 3845 2333 3906 scuntur,
2366 3840 2452 3895 vel
2479 3840 2630 3893 fiunt
2661 3857 2673 3894 :
2707 3839 2764 3894 id
2796 3845 2937 3911 puto
2963 3856 3135 3911 posse
3164 3839 3435 3912 intelligi,
3470 3841 3610 3908 quia
3656 3840 3716 3894 in

2069 3929 2344 4003 gentibus
2375 3929 2475 3984 ubi
2531 3929 2708 3983 timor
2744 3929 2859 3983 veri
2920 3929 3024 3984 Dei
3080 3945 3195 3984 non
3253 3934 3360 3995 est,
3422 3929 3613 3984 fucata
3661 3932 3720 3983 et

2073 4018 2506 4091 quodammodo
2527 4023 2759 4073 terrena
2778 4016 2981 4089 religio
3008 4018 3085 4072 sit
3115 4035 3128 4072 :
3162 4035 3288 4087 quae
3310 4018 3421 4072 sub
3439 4021 3719 4088 praetextu

2074 4107 2332 4163 nominis
2397 4107 2498 4162 Dei
2559 4106 2616 4161 in
2674 4122 2937 4161 errorum
2988 4106 3316 4171 mendacio,
3374 4106 3600 4162 diverso
3660 4123 3726 4161 ac

2072 4196 2232 4252 vario
2265 4211 2601 4251 sermonum
2633 4193 2822 4249 colore
2852 4192 3011 4249 velut
3050 4194 3280 4265 pictura
3333 4195 3722 4268 componitur,

2078 4292 2136 4342 et
2165 4285 2335 4357 quasi
2366 4284 2514 4355 lapis
2546 4283 2836 4351 pretiosus
2858 4283 3088 4354 eloquio
3121 4283 3444 4355 splendeat,
3477 4285 3598 4341 sive
3628 4302 3729 4340 n0-

2080 4375 2239 4430 mine
2270 4372 2489 4445 fulgeat
2520 4372 2771 4439 dcitatis,
2797 4378 2853 4427 et
2883 4372 3050 4428 India
3070 4374 3191 4429 sive
3212 4374 3388 4430 etiam
3413 4375 3726 4446 Ethiopia.

2080 4462 2471 4535 nigredinem,
2503 4460 2592 4516 vel
2623 4463 2897 4517 tenebras
2955 4467 3330 4535 peccatorum
3386 4464 3680 4535 signiﬁcat
3712 4480 3727 4518 :

312 4552 391 4607 ab
422 4550 679 4616 homine,
711 4567 817 4606 nec
839 4550 1063 4606 haberi.
1098 4550 1260 4613 Quod
1292 4554 1348 4604 et
1375 4550 1501 4622 ipse
1528 4551 1639 4605 Job
1671 4551 1732 4606 in
1763 4552 1971 4608 subse-
2004 4567 2050 4631 D
2083 4571 2210 4626 quas
2241 4550 2571 4624 specialiter
2602 4550 2660 4605 in
2688 4550 2980 4606 idolorum
3013 4550 3260 4607 culturis
3292 4552 3601 4608 habentur.

313 4640 640 4711 quentibus
671 4639 1006 4706 declaravit,
1038 4639 1123 4694 ita
1151 4638 1352 4693 dicens
1386 4655 1399 4692 :
1435 4664 1461 4688 α
1495 4639 1565 4693 Et
1594 4638 1741 4695 dixit
1782 4640 1972 4696 homi-

313 4729 402 4795 ni,
438 4729 642 4800 utique
673 4729 828 4784 Deus
857 4746 870 4783 :
904 4730 1048 4784 Ecce
1078 4728 1256 4783 timor
1291 4726 1518 4782 Domini
1564 4726 1696 4799 ipsa
1744 4732 1833 4784 est
1880 4746 1971 4785 sa-

315 4817 561 4890 pientia,
595 4823 652 4874 et
678 4818 943 4873 recedere
976 4834 1009 4873 a
1039 4816 1192 4872 malo
1223 4814 1633 4888 intelligentia.
1678 4837 1706 4863 »

396 4930 424 4957 ‹‹
458 4906 655 4962 Nescit
700 4907 873 4962 homo
932 4908 1186 4979 pretium
1247 4908 1395 4973 ejus.
1453 4928 1482 4954 ››
1534 4908 1668 4958 Haec
1707 4904 1976 4974 dicendo,

321 4994 797 5052 inaestimabilem
828 5011 957 5051 esse
988 4993 1337 5067 sapientiam
1370 4992 1598 5048 timoris
1635 4993 1977 5065 Ueisigniﬁ-

319 5085 498 5140 cavit.
1388 5068 1399 5079 “

406 5195 432 5225 α
463 5173 576 5230 Nec
606 5174 906 5229 invenitur
957 5174 1015 5228 in
1067 5179 1225 5230 terra
1254 5171 1511 5228 suaviter
1553 5171 1894 5228 viventium.
1951 5196 1973 5223 ιο

321 5263 489 5319 Hanc
518 5263 701 5339 igitur
732 5262 1079 5334 sapientiam
1101 5262 1331 5318 timoris
1363 5260 1461 5317 Dei
1487 5276 1600 5315 non
1621 5260 1793 5317 habet
1818 5261 1978 5333 quis-

323 5368 533 5424 quam,
564 5351 676 5407 nisi
709 5368 945 5407 carncm
977 5369 1146 5407 suam
1179 5349 1530 5407 crucilixerit
1560 5367 1693 5404 cum
1725 5350 1883 5406 vitiis
1923 5355 1982 5407 et

324 5441 823 5513 concupiscentiis
853 5442 1062 5513 (Galat.
1095 5458 1149 5512 v,
1179 5442 1291 5513 24),
1324 5439 1439 5495 nisi
1470 5438 1679 5493 vixerit
1719 5444 1784 5493 ut
1832 5440 1978 5495 Pau-

323 5531 423 5587 lus
453 5530 778 5602 apostolus,
812 5536 878 5586 ut
909 5547 1112 5587 omnes
1143 5531 1354 5602 sancti,
1386 5529 1447 5584 in
1478 5527 1977 5602 tribulationibus,

322 5619 864 5693 persecutionibus,
913 5618 1226 5693 angustiis,
1287 5624 1343 5675 et
1400 5618 1694 5691 pressaris
1738 5618 1810 5689 (II
1857 5618 1975 5676 Cor.

2158 4664 2185 4691 ‹‹
2218 4641 2345 4696 Non
2378 4638 2783 4711 adaequabitur
2820 4639 2867 4694 ei
2920 4657 3152 4709 aurum,
3206 4640 3294 4696 vel
3351 4640 3590 4708 vitrum,
3625 4657 3731 4697 nec

2085 4729 2610 4786 commutabuntur
2638 4745 2742 4800 pro
2773 4744 2841 4785 ea
2886 4746 3026 4784 vasa
3073 4730 3222 4785 auri.
3285 4752 3313 4779 »
3370 4732 3595 4785 Aurum
3642 4730 3733 4785 vel

2084 4820 2324 4888 vitrum,
2357 4823 2413 4874 et
2442 4818 2617 4873 etiam
2639 4835 2778 4874 vasa
2806 4819 3204 4890 auri,pretiosi
3235 4820 3473 4891 quippe,
3508 4823 3567 4875 et
3591 4819 3735 4875 clari

2087 4909 2495 4980 intelliguntur
2523 4924 2535 4962 :
2572 4907 2668 4979 qui
2700 4908 2761 4962 in
2793 4907 2899 4962 hoc
2930 4906 3141 4963 saeculo
3164 4908 3400 4965 nomine
3431 4908 3737 4983 dignitatis

2088 5003 2145 5054 et
2196 4997 2534 5053 divitiarum
2595 4995 2781 5067 gloria
2854 4996 3211 5068 splendent:
3247 4997 3307 5052 hi
3365 4999 3571 5071 utique
3617 5017 3736 5055 non

2089 5087 2372 5141 habentes
2402 5102 2548 5140 verae
2579 5085 2880 5157 religionis
2910 5085 3205 5155 timorem,
3256 5105 3360 5159 pro
3409 5087 3593 5145 nihilo
3632 5089 3737 5144 ha-

2089 5175 2388 5230 bebuntur
2420 5192 2432 5229 :
2467 5190 2533 5228 eo
2564 5174 2719 5244 quod
2753 5190 2868 5228 non
2900 5181 3148 5247 possunt
3201 5177 3358 5232 velut
3398 5194 3500 5249 pro
3527 5178 3736 5234 merito

2090 5264 2287 5338 gloriae
2318 5280 2459 5329 suae,
2493 5263 2566 5319 ad
2598 5264 3118 5321 commutationem
3178 5266 3478 5339 sapientiae
3534 5267 3736 5341 singu-

2087 5354 2231 5411 laris
2262 5352 2553 5408 accedere.

2164 5465 2192 5494 ‹‹
2224 5441 2463 5497 Excelsa
2492 5445 2549 5495 et
2578 5440 2900 5498 eminentia
2947 5460 3062 5501 non
3115 5447 3738 5504 commemorabuntur

2090 5535 2151 5588 in
2182 5530 2613 5602 comparatione
2641 5531 2789 5601 ejus.
2824 5553 2853 5581 ι)
2884 5533 3072 5591 Etiam
3107 5536 3158 5591 si
3227 5536 3455 5593 excelsa
3512 5536 3651 5603 sint,
3683 5540 3740 5590 et

2092 5620 2416 5694 plurimum
2446 5610 2765 5679 eminentia
2793 5636 3157 5696 quascunque
3175 5624 3236 5681 in
3267 5628 3553 5682 creaturis
3575 5628 3734 5680 sunt:
