3980 6184
228 380 346 445 7-45

1277 379 1792 442 COMMENTAR.
1838 378 1926 441 ΙΝ
1962 377 2124 443 JOB.
2167 380 2342 446 CAP.
2385 383 2600 448 XXIX.

3525 383 3644 450 746

229 531 345 590 que
373 512 446 572 ad
493 511 658 574 illam
707 509 953 588 gloriam
1002 510 1261 587 pristina
1307 511 1624 586 felicitatis,
1673 512 1733 573 in
1766 532 1884 590 qua
1911 512 1968 584 Α
1993 512 2184 572 viduas
2214 516 2551 576 consolatus
2571 533 2779 575 sum.»
2805 515 3089 591 Pupillus,
3115 535 3336 595 pauper
3355 522 3412 579 et
3440 518 3642 600 vidua,

227 606 566 679 aliquando,
597 605 846 662 Domino
876 608 1274 677 prosperante,
1308 605 1563 677 degerat,

303 720 326 747 ιι
363 695 605 763 Quando
654 693 1000 766 splendebat
1047 693 1286 758 lucerna
1332 695 1464 766 ejus
1501 712 1680 767 super
1709 703 1886 769 caput

223 802 448 843 meum.
481 804 509 837 ι
562 783 764 840 Multis
812 782 1004 840 modis
1052 783 1111 840 in
1164 783 1482 856 Scripturis
1528 785 1739 842 divinis
1779 804 1880 859 ap-

220 874 476 948 pellatur
529 872 789 929 lucerna.
850 871 954 927 Hie
1010 888 1146 928 vero
1195 873 1385 944 potuit
1440 891 1569 930 eam
1625 874 1733 931 Job
1779 893 1882 948 pro

218 963 412 1038 gloria
458 959 766 1035 temporali
818 959 1056 1028 dixisse,
1111 977 1290 1033 quam
1341 979 1374 1017 a
1403 963 1519 1018 Deo
1563 970 1882 1036 acceperat,

220 1057 279 1110 et
329 1067 507 1125 quam
556 1051 616 1108 in
663 1049 902 1106 honoris
950 1049 1212 1121 potentia
1257 1054 1314 1106 et
1360 1051 1582 1108 divitiis
1620 1053 1880 1126 posside-

219 1143 348 1200 bat.

305 1254 328 1283 ι
363 1232 431 1288 Et
484 1230 558 1288 ad
590 1228 791 1285 lumen
822 1228 950 1299 ejus
982 1228 1359 1285 ambulabam
1417 1229 1478 1285 in
1525 1231 1803 1288 tenebris.
1849 1252 1874 1284 ιο

217 1325 380 1379 Inter
435 1323 674 1393 peccata
756 1317 979 1390 utique,
1055 1322 1113 1372 et
1169 1335 1236 1374 ea
1311 1335 1442 1390 quae
1517 1321 1881 1392 ignorabam,

217 1411 395 1484 quasi
453 1409 606 1464 inter
663 1425 893 1480 aspera,
953 1410 1010 1463 et
1081 1408 1331 1464 obscura
1385 1408 1514 1465 vitae
1573 1409 1753 1480 hujus
1810 1412 1881 1467 ad

216 1501 429 1556 lumen
477 1499 780 1568 virtutum,
829 1496 920 1552 vel
969 1497 1384 1554 consolationis
1435 1497 1598 1554 illius
1645 1500 1883 1557 incede-

217 1592 389 1650 bam.
853 1601 857 1604 '

299 1706 330 1735 «
365 1681 527 1738 Sicut
556 1678 637 1735 fui
667 1679 729 1733 in
762 1677 972 1734 diebus
995 1665 1397 1733 adolescentize
1421 1694 1582 1744 meae,
1617 1681 1672 1733 et
1703 1695 1886 1751 quan-

215 1773 302 1830 do
349 1773 570 1828 seereto
619 1768 774 1823 Deus
827 1769 951 1822 erat
996 1765 1056 1821 in
1108 1765 1483 1823 tabernaculo
1531 1783 1680 1822 meo.
1716 1789 1744 1817 ››
1777 1769 1885 1824 Se—

211 1863 447 1916 cretum
497 1873 718 1928 suum,
749 1859 1008 1911 mentem
1060 1871 1229 1910 suam
1277 1856 1407 1911 ideo
1457 1856 1648 1912 dicere
1676 1855 1880 1924 voluit,

212 1950 361 2022 quia
387 1947 508 2003 illic
538 1931 918 2014 tumultuosae
948 1943 1226 2007 vitiorum
1257 1945 1442 2001 turba
1476 1944 1722 2001 minime
1751 1961 1883 2018 per-

209 2037 580 2110 strepebant.

287 2149 320 2178 ιι
353 2125 596 2191 Quando
627 2127 752 2180 erat
798 2121 1182 2194 Omnipotens
1227 2138 1480 2190 mecum,
1515 2129 1570 2179 et
1599 2124 1660 2179 in
1691 2124 1879 2180 circu-

213 2216 372 2272 mitu
405 2230 533 2270 meo
565 2212 732 2285 pueri
778 2213 912 2268 mei.
943 2231 969 2262 ι
1029 2213 1272 2278 Quando
1304 2215 1485 2268 Deum
1537 2213 1790 2270 habebat
1819 2213 1880 2268 in

210 2303 599 2361 tabernaculo
632 2317 742 2358 suo
767 2317 782 2358 :
812 2300 1059 2357 virtutes
1087 2305 1222 2357 ante
1251 2317 1387 2357 eum
1411 2306 1566 2358 stare
1594 2307 1878 2375 tanquam

207 2393 385 2466 pueri
416 2391 816 2464 perhibentur,
869 2407 996 2462 quae
1042 2390 1170 2445 ideo
1202 2389 1450 2446 masculi
1483 2390 1876 2462 appellantur,

206 2485 455 2555 propter
503 2480 757 2550 vigorem
804 2482 1006 2535 contra
1055 2478 1193 2534 vitia
1254 2479 1607 2536 resistendi:
1657 2480 1878 2538 talibus

209 2569 508 2627 ministris
537 2569 647 2625 Job
678 2569 884 2624 beatus
915 2567 1303 2626 ambiebatur.

290 2682 320 2709 «
354 2657 596 2722 Quando
643 2656 914 2712 lavabam
963 2657 1141 2729 pedes
1187 2674 1349 2713 meos
1402 2657 1632 2731 butyro.
1691 2681 1720 2709 »
1773 2660 1874 2715 Pe-

207 2748 360 2804 dum
393 2745 674 2802 vocabulo
723 2745 786 2800 in
834 2744 1151 2818 Scripturis
1199 2746 1435 2816 divinis,
1486 2748 1696 2805 modius
1739 2751 1876 2820 qui-

211 2838 359 2891 dam
418 2834 691 2891 humanae
766 2835 1224 2892 conversationis
1299 2837 1646 2909 plerumque
1703 2837 1874 2894 intel-

207 2925 492 2997 ligendus
547 2928 652 2980 est.
707 2923 1018 2991 Lavabam,
1077 2924 1289 2996 inquit,
1338 2925 1410 2981 ab
1455 2926 1616 2981 omni
1655 2926 1874 2997 peccati

211 3013 455 3070 macula
483 3018 648 3068 actus
681 3028 865 3085 meos,
897 3017 955 3068 et
983 3029 1116 3069 cum
1147 3015 1482 3070 innocentia
1512 3018 1568 3070 et
1598 3014 1876 3087 simplici-

208 3109 340 3159 tate
372 3102 663 3159 versabar.

293 3214 324 3242 α
353 3192 423 3246 Et
452 3196 616 3264 petra
644 3191 926 3248 fundebat
949 3191 1091 3247 mihi
1116 3191 1268 3248 rivos
1294 3191 1425 3247 olei.
1459 3214 1488 3242 ››
1509 3192 1688 3249 Juxta
1716 3192 1872 3248 hunc

1992 622 2164 662 omne
2191 623 2378 680 genus
2400 607 2714 664 humilium
2746 613 2920 682 atque
2942 608 3290 666 afflictarum
3325 610 3639 684 signiﬁcat,

1991 712 2245 766 quorum
2297 697 2527 754 nullum
2582 701 2821 754 sanctus
2876 697 2984 754 Job
3048 698 3341 771 praeteriit,
3398 700 3486 756 vel
3542 701 3642 756 de-

1991 786 2205 859 spexit.

2065 894 2092 922 ‹‹
2125 873 2365 930 Justitia
2393 873 2637 931 indutus
2688 892 2845 944 sum,
2877 881 2935 932 et
2977 875 3207 932 vestivit
3245 893 3339 932 me
3370 877 3523 934 sicut
3549 895 3645 936 ve-

1992 960 2289 1035 stimento,
2322 969 2380 1020 et
2409 964 2734 1021 diademate
2765 964 2989 1036 judicio
3019 982 3167 1022 meo.
3199 987 3228 1016 »
3256 965 3519 1034 Justitia,
3545 967 3644 1037 ju-

1993 1049 2216 1108 dicium
2266 1059 2512 1126 rectum,
2573 1054 2991 1124 misericordia,
3042 1055 3163 1111 base
3217 1060 3385 1112 erant
3436 1055 3644 1112 animai

1991 1138 2154 1198 illius
2178 1140 2544 1199 indumenta.

2040 1229 2092 1279 ἰ
2127 1231 2344 1288 Oculus
2400 1231 2484 1286 fui
2541 1247 2712 1300 caeco,
2769 1236 2826 1287 et
2881 1248 2983 1305 pes
3057 1231 3344 1288 claudo.»
3384 1234 3650 1290 Affectus

1993 1319 2226 1392 pietatis
2257 1321 2386 1392 ejus
2414 1325 2590 1393 atque
2622 1321 3031 1381 misericordiae
3063 1322 3121 1376 in
3152 1321 3242 1377 his
3273 1323 3649 1380 sermonibus

1994 1409 2456 1476 demonstratur,
2481 1410 2602 1466 sive
2621 1415 2789 1466 erant
2809 1411 3149 1483 ignorantia:
3170 1411 3424 1468 tenebris
3448 1412 3648 1469 lumen

1996 1498 2222 1570 praebui
2270 1499 2557 1571 veritatis,
2609 1503 2666 1556 et
2720 1499 3076 1556 claudicanti
3126 1500 3186 1554 in
3240 1499 3349 1556 viis
3397 1501 3651 1574 Domini,

2000 1591 2168 1643 recte
2198 1589 2303 1644 viae
2335 1588 2548 1644 itinera
2577 1589 2995 1644 demonstravi.

2074 1698 2103 1726 «
2138 1675 2309 1732 Pater
2335 1691 2498 1732 eram
2535 1693 2888 1750 pauperum,
2919 1681 2978 1733 et
3023 1693 3261 1734 causam
3315 1695 3492 1751 quam
3524 1695 3660 1736 nes-

2004 1763 2252 1833 ciebam,
2315 1765 2765 1838 diligentissime
2820 1765 3270 1838 investigabam.
3335 1790 3355 1818 ι
3418 1769 3661 1840 Negotia

1993 1869 2321 1926 causasque
2351 1871 2676 1927 pauperum
2713 1859 2916 1911 contra
2960 1860 3224 1927 potentes
3256 1856 3657 1929 suscipiendo,

1996 1943 2267 2000 defensor
2295 1960 2500 2000 eorum
2549 1944 2740 2001 factus
2787 1948 2930 2017 erat,
2979 1949 3037 2000 et
3070 1946 3271 2016 judex.
3330 1947 3399 2004 Et
3441 1947 3657 2004 idcirco

1993 2047 2066 2087 ne
2145 2031 2346 2104 aliqua
2422 2033 2858 2088 adversantium
2934 2039 3098 2106 parte
3163 2034 3656 2108 opprimerentur,

1994 2121 2224 2177 retectis
2254 2137 2456 2177 eorum
2501 2121 2829 2193 fraudibus,
2871 2138 2969 2178 eas
3019 2121 3368 2196 investigare
3399 2123 3651 2180 dicebat.

2063 2231 2091 2260 «
2123 2209 2508 2266 Conterebam
2561 2207 2748 2266 molas
2796 2209 3006 2282 iniqui,
3057 2216 3116 2266 et
3161 2211 3437 2267 dentibus
3491 2211 3653 2268 illius

1991 2298 2329 2367 auferebam
2361 2299 2639 2372 predam,
2671 2299 2776 2354 Hic
2805 2297 2966 2355 velut
3014 2316 3283 2372 rapacem
3316 2299 3563 2356 bestiam
3594 2306 3651 2356 et

1987 2387 2303 2444 violentam
2348 2388 2649 2444 hominem
2700 2387 2972 2460 iniquum
3021 2387 3334 2444 describit:
3369 2391 3440 2444 de
3473 2391 3645 2462 cujus

1987 2493 2085 2536 ore
2111 2477 2503 2534 substantiam
2536 2493 2862 2549 pauperum
2891 2477 2948 2533 vi
2977 2477 3304 2533 abstulerit.

2059 2589 2087 2617 ‹‹
2120 2566 2514 2630 Dieebamque
2541 2583 2554 2621 :
2610 2568 2674 2622 In
2723 2565 2925 2621 nidulo
2957 2583 3087 2622 meo
3137 2567 3374 2634 moriar,
3407 2572 3464 2623 et
3494 2568 3647 2625 sicut

1985 2655 2184 2728 palma
2230 2654 2635 2729 multiplicabo
2685 2655 2829 2712 dies.
2879 2680 2902 2708 ι
2959 2656 3146 2712 Nidus
3190 2657 3340 2728 ejus,
3397 2659 3646 2714 exterior

1984 2745 2160 2814 homo
2191 2746 2320 2816 ejus
2348 2743 2766 2817 intelligendus
2805 2749 2914 2816 est,
2955 2743 3056 2816 qui
3085 2745 3154 2800 de
3188 2746 3316 2801 feno
3349 2747 3542 2803 carnis
3572 2747 3641 2801 il-

1985 2832 2099 2889 lius
2131 2834 2494 2906 compositus
2525 2851 2558 2889 a
2578 2833 2694 2889 Deo
2725 2832 2931 2900 fuerat,
2959 2838 3014 2888 et
3044 2833 3416 2889 constrictus.
3451 2834 3641 2890 Omni:

1982 2929 2132 2978 enim
2159 2938 2286 2978 caro
2328 2925 2522 2993 fenum
2568 2923 2696 2990 (15a.
2747 2938 2839 2985 XL,
2888 2921 2963 2992 6).
3015 2921 3077 2975 In
3131 2920 3240 2977 hoc
3285 2920 3466 2992 igitur
3501 2923 3638 2978 nido

1983 3028 2215 3082 semper
2261 3027 2323 3065 se
2371 3009 2518 3064 mori
2568 3010 2676 3064 sub
2731 3008 3136 3064 testificatione
3186 3009 3435 3077 dicebat,
3495 3011 3637 3066 dum

1980 3100 2138 3157 vitiis
2169 3099 2399 3166 mundi,
2427 3104 2484 3156 et
2532 3099 2659 3170 ejus
2706 3098 3195 3171 concupiscentiis
3233 3115 3350 3154 non
3381 3098 3635 3168 vivebat,

1982 3197 2040 3246 et
2064 3191 2136 3246 ob
2165 3189 2272 3244 hoc
2301 3189 2362 3243 in
2383 3187 2829 3257 resurrectione,
2861 3187 3018 3243 velut
3038 3187 3256 3260 palma,
3279 3187 3635 3262 multiplices

209 3297 461 3339 sensum
516 3281 743 3353 Moyses
799 3281 914 3337 ait:
971 3281 1251 3337 Suxerunt
1299 3282 1408 3336 mel
1462 3281 1528 3337 de
1577 3290 1758 3354 petra,
1814 3287 1867 3337 et
1898 3265 1940 3332 C
1981 3279 2105 3336 dies
2135 3282 2191 3333 et
2219 3283 2465 3334 aeternos
2497 3277 2754 3333 habebit.

207 3372 406 3427 oleum
456 3370 518 3425 de
574 3369 894 3439 ﬁrmissima
947 3372 1105 3438 petra
1162 3371 1342 3440 (Deut.
1372 3387 1547 3438 xxxu,
1611 3371 1732 3442 13):
1779 3387 1870 3426 se-

210 3458 479 3514 cundum
537 3457 982 3513 delectationem
1032 3456 1373 3524 volentium,
1433 3475 1532 3514 ore
1584 3459 1868 3531 sapiebat.

209 3548 286 3602 Et
316 3562 452 3600 cum
483 3550 646 3617 petra
676 3545 777 3600 illa
825 3545 1120 3601 Christum
1171 3548 1492 3603 secundum
1527 3548 1869 3619 Apostolum

210 3637 496 3706 figuraret
526 3636 572 3705 (I
625 3634 748 3689 Cor.
781 3651 838 3700 x,
887 3636 964 3706 4),
993 3636 1118 3690 oleo
1167 3640 1363 3691 tamen
1395 3635 1506 3691 isto
1554 3637 1708 3692 dona
1737 3638 1872 3708 Spi-

210 3724 366 3779 ritus
397 3723 606 3794 sancti,
635 3727 874 3778 sanctus
903 3722 1011 3778 Job
1053 3721 1292 3796 largiter
1338 3725 1449 3780 sibi
1481 3726 1667 3781 effusa
1689 3725 1873 3783 voluit

209 3813 636 3868 demonstrare.
672 3812 776 3867 Hic
805 3817 896 3868 est
925 3829 1061 3884 ergo
1092 3811 1286 3868 oleum
1315 3815 1532 3885 vivum,
1560 3820 1617 3870 et
1645 3831 1868 3882 verum,

210 3901 316 3973 qui
365 3905 454 3956 est
503 3900 758 3972 Spiritus
805 3905 1046 3956 sanctus
1103 3903 1260 3958 Patri
1318 3907 1375 3957 et
1419 3902 1563 3958 Filio
1615 3904 1871 3959 consub-

210 3989 528 4046 stantialis.
560 3993 680 4045 Hoc
723 4005 861 4062 ergo
906 3989 1032 4046 oleo
1084 3994 1323 4045 sanctus
1371 3991 1481 4046 Job
1511 3991 1871 4059 abundabat,

212 4097 335 4152 quo
365 4084 424 4134 et
454 4079 757 4135 eharitatis
790 4078 1146 4151 pinguedine
1179 4079 1532 4151 replebatur.

289 4192 318 4218 ‹‹
348 4169 589 4233 Quando
645 4168 1030 4239 procedebam
1089 4169 1160 4223 ad
1215 4175 1443 4240 portam
1493 4170 1768 4238 civitatis,
1815 4177 1874 4227 et

212 4257 275 4312 in
308 4255 503 4328 platea
533 4256 812 4328 parabam
862 4257 1198 4313 cathedram
1231 4258 1396 4312 mihi.
1435 4283 1455 4310 ι
1495 4259 1869 4316 Manifestum

209 4352 326 4411 est,
359 4344 498 4415 quia
524 4345 862 4400 Judaaorum
881 4346 1120 4416 judices
1166 4347 1226 4401 in
1260 4348 1445 4419 portis
1473 4349 1774 4420 sedebant,
1807 4353 1873 4404 ut

207 4433 577 4488 vindicarent
607 4433 910 4505 populum.

284 4546 315 4573 «
345 4521 637 4578 Videbant
685 4539 778 4578 me
820 4525 1086 4594 juvenes,
1139 4528 1197 4578 et
1244 4525 1771 4595 abscondebantur,
1815 4531 1872 4581 et

2049 3388 2080 3418 ι(
2113 3366 2299 3422 Radix
2329 3380 2460 3422 mea
2488 3367 2690 3437 aperta
2722 3368 2812 3420 est
2857 3381 3027 3421 secus
3059 3381 3264 3437 aquas,
3293 3370 3351 3421 et
3383 3382 3478 3430 ros
3505 3383 3632 3422 mo-

1979 3455 2208 3511 rabitur
2232 3454 2292 3510 in
2321 3454 2612 3510 messione
2642 3470 2792 3510 mea.
2828 3476 2857 3504 »
2891 3460 3032 3527 Spes
3061 3471 3211 3521 mea,
3243 3460 3299 3510 et
3329 3455 3472 3510 fides
3503 3472 3632 3527 quae

1981 3563 2051 3601 ex
2079 3545 2187 3601 hac
2235 3543 2635 3616 expectatione
2681 3560 2812 3600 mea
2861 3549 3020 3614 sunt,
3069 3548 3270 3617 patent
3317 3545 3390 3599 ad
3437 3545 3634 3599 divina

1979 3633 2232 3706 eloquia,
2285 3649 2534 3705 quarum
2584 3632 3001 3702 consolatione,
3055 3650 3127 3688 ne
3174 3633 3233 3686 in
3288 3631 3634 3688 infidelitate

1980 3723 2194 3780 mentis
2226 3739 2364 3778 meai
2395 3721 2552 3777 viror
2581 3727 2824 3790 arescat,
2849 3722 3202 3777 infunditur.

2053 3836 2080 3863 ‹‹
2115 3811 2311 3868 Gloria
2340 3828 2470 3868 mea
2501 3827 2732 3884 semper
2758 3812 3154 3879 innovabitur,
3188 3816 3245 3868 et
3264 3829 3434 3867 arcus
3471 3828 3636 3868 meus

1979 3902 2042 3957 in
2094 3919 2276 3957 manu
2325 3918 2455 3957 mea
2500 3900 2946 3957 instaurabitur.
3001 3901 3108 3966 Qui
3160 3918 3252 3956 me
3297 3902 3636 3966 audiebant,

1981 3991 2398 4064 exspectabant
2454 3991 2826 4058 sententiam,
2886 3995 2944 4047 et
2990 3990 3196 4046 intenti
3255 3991 3526 4045 tacebant
3564 3989 3637 4044 ad

1982 4076 2294 4138 consilium
2323 4096 2540 4138 meum.
2575 4103 2602 4130 ››
2638 4079 2832 4134 Gloria
2863 4096 2992 4135 mea
3030 4084 3088 4133 et
3119 4084 3324 4133 caetera
3362 4081 3549 4149 potest
3577 4077 3638 4130 in

1979 4169 2296 4234 virtutibus
2346 4168 2661 4226 crescentis
2709 4169 2872 4224 bonae
2921 4167 3287 4224 conscientiae
3329 4167 3555 4222 fructus
3585 4170 3641 4220 et

1981 4276 2169 4316 novus
2224 4275 2455 4330 semper
2513 4258 2808 4328 profectus
2866 4255 3133 4328 intelligi.
3195 4257 3260 4310 1n
3319 4255 3455 4310 arcu
3503 4272 3634 4310 vero

1982 4348 2308 4404 resistentis
2333 4363 2399 4401 ac
2441 4345 2826 4417 repugnantis
2874 4346 3132 4416 vigorem
3165 4343 3482 4416 significari
3516 4345 3634 4400 exi-

1981 4435 2178 4498 stimo,
2211 4433 2309 4506 qui
2359 4433 2419 4488 in
2469 4449 2682 4487 manus
2733 4431 2921 4488 sancti
2969 4432 3161 4505 operis
3209 4439 3410 4487 contra
3438 4432 3636 4487 obvios

1982 4539 2267 4595 quosque,
2299 4527 2356 4576 et
2385 4520 2626 4578 hostiles
2653 4520 2929 4576 vitiorum
2969 4520 3226 4592 impetus
3256 4526 3636 4593 praeparetur.

221 4627 400 4667 senes
459 4617 833 4683 assurgentes
902 4613 1158 4668 stabant.
1219 4613 1519 4686 Principes
1579 4616 1890 4686 cessabant
1919 4629 1966 4695 D
1999 4611 2162 4668 Sicut
2211 4610 2293 4665 ait
2340 4609 2521 4664 David
2572 4610 2632 4663 in
2683 4608 2948 4682 psalmo:
2997 4612 3070 4664 Et
3094 4611 3329 4680 posuisti
3371 4613 3426 4663 ut
3456 4625 3644 4662 arcum

207 4699 399 4772 loqui,
431 4705 486 4754 et
536 4700 787 4773 digitum
838 4702 1310 4774 superponebant
1357 4702 1442 4756 ori
1493 4719 1620 4758 suo.
1664 4703 1878 4759 Vocem

207 4805 382 4844 suam
419 4788 772 4844 cohibebant
818 4790 1017 4860 duces,
1071 4795 1127 4845 et
1158 4790 1364 4864 lingua
1410 4807 1612 4846 eorum
1653 4791 1879 4864 gutturi

210 4895 323 4935 suo
361 4875 711 4933 adhaerebat.
745 4899 773 4928 »
822 4878 1222 4934 Reverentiam
1270 4879 1370 4950 pii,
1401 4886 1459 4936 et
1489 4881 1672 4935 sancti
1707 4881 1878 4936 timo-

215 4967 324 5032 ris,
360 4982 540 5038 quam
573 4965 622 5020 ei
655 4983 770 5022 non
805 4965 999 5022 solum
1040 4969 1232 5024 omnis
1281 4974 1440 5037 sitas,
1475 4985 1675 5024 verum
1705 4969 1878 5024 etiam

208 5057 499 5112 universae
534 5059 854 5128 potestates
901 5056 1111 5112 merito
1161 5057 1517 5126 deferebant,
1567 5058 1662 5114 his
1701 5057 1877 5116 versi-

207 5145 364 5202 culis
393 5145 840 5200 demonstravit.

284 5256 308 5283 α
348 5233 523 5289 Auris
601 5233 848 5289 audiens
923 5235 1292 5292 beatificabat
1373 5251 1486 5299 me,
1554 5241 1611 5291 et
1671 5235 1878 5292 oculus

201 5323 417 5379 videns
446 5323 850 5378 testimonium
907 5325 1187 5379 reddebat
1234 5324 1399 5394 mihi,
1450 5341 1516 5379 eo
1550 5325 1703 5395 quod
1735 5326 1878 5380 libe-

205 5428 438 5468 rassem
472 5428 790 5483 pauperem
843 5411 1276 5480 vociferantem,
1327 5419 1384 5468 et
1430 5413 1747 5485 pupillum,
1781 5413 1876 5468 cui

205 5518 326 5557 non
349 5507 506 5556 esset
527 5502 782 5573 adjutor.
811 5522 838 5549 ››
858 5501 1002 5555 Tam
1021 5507 1220 5556 saneta
1241 5507 1382 5566 erat,
1406 5508 1470 5556 ut
1493 5503 1590 5572 ait,
1616 5519 1873 5576 praesens

202 5589 574 5646 conversatio
605 5589 754 5658 ejus,
789 5603 969 5659 quam
996 5588 1149 5642 fama
1174 5590 1478 5646 referebat.

297 5697 323 5730 α
357 5677 690 5736 Benedictio
740 5675 982 5750 perituri
1013 5692 1190 5750 super
1239 5695 1331 5737 me
1379 5678 1665 5738 veniebat.
1699 5683 1757 5737 et
1785 5695 1886 5736 cor

549 5806 816 5871 Panos.
862 5805 1086 5870 XXVI.

1995 4717 2203 4756 aereum
2261 4700 2489 4754 brachia
2542 4714 2662 4755 mea
2717 4699 2890 4769 (Ρδαι.
2956 4715 3092 4764 xvn,
3147 4698 3258 4768 35),
3321 4699 3476 4769 quod
3533 4701 3640 4762 est,

1992 4790 2180 4845 fecisti
2207 4786 2627 4860 infatigabilem
2661 4787 3042 4844 intentionem
3082 4787 3370 4842 bonorum
3401 4801 3642 4858 operum

1990 4895 2275 4934 meorum.

2067 4990 2089 5016 σι
2126 4965 2334 5023 Verbis
2386 4964 2536 5020 meis
2562 4965 2774 5021 addere
2825 4964 2974 5019 nihil
3023 4965 3336 5032 audebant,
3380 4969 3438 5020 et
3469 4980 3646 5034 super

1987 5055 2120 5112 illos
2151 5055 2412 5111 stillabat
2456 5054 2753 5126 eloquium
2788 5070 3006 5120 meum,
3043 5076 3070 5103 ››
3119 5055 3264 5118 Quia
3288 5056 3412 5123 jam
3445 5059 3644 5109 aucto-

1989 5145 2132 5200 ritas
2191 5143 2487 5215 sapientiae
2545 5144 2762 5213 ubique
2822 5143 3009 5198 fuerat
3075 5143 3406 5215 divulgata:
3471 5158 3643 5197 nemo

1990 5232 2160 5307 quasi
2192 5233 2538 5300 detrectans,
2573 5234 2644 5287 ad
2693 5232 2872 5287 verba
2902 5234 3029 5302 ejus
3077 5232 3400 5305 quidquam
3434 5233 3645 5287 addere

1990 5323 2399 5395 praesumebat,
2461 5321 2726 5392 quinimo
2805 5320 3065 5376 stillabat
3131 5339 3306 5393 super
3372 5339 3470 5376 eos
3527 5321 3646 5377 elo-

1991 5411 2196 5482 quium
2249 5410 2431 5481 illius,
2491 5410 2550 5464 id
2599 5415 2707 5478 est,
2765 5425 2975 5465 sensus
3025 5411 3302 5466 interiora
3357 5409 3647 5465 viscerum

1992 5500 2356 5573 penetrabat,
2414 5503 2479 5554 ut
2533 5515 2734 5554 eorum
2793 5499 2990 5554 infusa
3046 5499 3405 5571 praecordiis,
3463 5517 3497 5554 a
3546 5496 3650 5552 tali

1990 5590 2274 5662 magistro
2327 5588 2564 5660 perfecti
2623 5593 2798 5659 atque
2849 5586 3056 5661 Optimi
3110 5589 3387 5662 discipuli
3440 5587 3646 5644 redde-

1989 5683 2211 5738 rentur.

3239 5805 3316 5866 24
