3980 6184
445 366 560 431 74⁸7

1941 371 2358 436 ᾹΡΡΕΝΠῙΧ.

3691 377 3786 442 Ἰιὸ

519 529 547 557 ‹‹
578 503 973 579 Expectabant
1023 520 1118 559 me
1166 500 1320 560 sicut
1369 503 1646 577 pluviam,
1697 508 1755 560 et
1807 520 1871 561 os
1919 521 2096 561 suum
2127 507 2182 573 Α
2210 505 2640 564 Ahominantur
2667 521 2780 580 me,
2813 510 2870 564 et
2897 506 3071 580 longe
3101 506 3337 581 fugiunt
3361 525 3396 565 a
3424 523 3529 576 me,
3557 513 3608 566 et
3635 510 3793 570 faciem

449 595 786 670 aperiebant
817 594 983 665 quasi
1034 594 1104 649 ad
1151 593 1399 650 imbrem
1445 594 1789 650 serotinum.
1823 616 1850 645 ››
1884 594 2096 650 Pluvia:

446 686 704 754 nomine,
735 685 1030 757 copiosam
1057 683 1224 738 valde
1271 683 1658 738 eruditionem
1691 701 1810 738 suae
1843 685 2096 740 scientia;

444 779 830 845 demonstrat,
863 779 920 830 et
947 774 1148 829 laudat
1179 773 1474 828 auditores
1515 789 1673 843 suos,
1709 773 1863 844 quod
1899 773 2099 845 dispu-

443 871 604 923 tante
635 883 722 936 eo,
755 881 888 919 cum
918 863 1127 936 grandi
1161 862 1449 918 desiderio
1478 863 1962 934 exspectaverint.

521 979 543 1007 ι
579 957 639 1012 Si
672 955 904 1027 quando
952 953 1213 1007 ridebam
1267 953 1338 1006 ad
1378 969 1496 1020 eos,
1550 969 1664 1008 non
1699 953 2030 1008 credebant.
2063 974 2093 1002 »

445 1048 652 1117 Tanta,
711 1043 920 1115 inquit,
973 1040 1291 1097 reverentia
1348 1044 1404 1095 et
1451 1039 1669 1096 honore
1714 1058 1747 1096 a
1802 1041 2094 1112 praedictis

443 1135 720 1200 habebar,
755 1138 818 1187 ut
843 1131 1140 1203 sapientiae
1172 1147 1332 1197 meae,
1361 1135 1419 1185 et
1449 1131 1716 1202 gravitati
1751 1147 1866 1186 non
1899 1134 2095 1202 posset

441 1222 814 1296 indulgentiae
862 1221 1084 1292 aliquid
1133 1237 1197 1275 ac
1247 1220 1632 1287 remissionis,
1678 1236 1804 1290 quae
1837 1221 1908 1274 ad
1941 1224 2094 1275 tem-

438 1318 842 1388 peramentum
867 1311 1053 1383 magis
1080 1326 1309 1364 morum
1332 1309 1718 1380 pertinebant,
1752 1325 2091 1380 congruere.

437 1405 508 1459 Et
537 1404 749 1458 idcirco
779 1401 905 1473 ipso
937 1417 970 1454 a
1018 1416 1111 1454 me
1147 1397 1381 1470 pietatis
1430 1398 1607 1453 fiebat
1656 1396 1876 1464 studio,
1915 1401 1978 1452 ut
2008 1397 2090 1451 af-

436 1493 622 1548 fectus
655 1491 871 1547 amoris
903 1506 968 1544 ac
989 1487 1314 1544 dilectionis
1338 1503 1540 1543 eorum
1565 1486 1676 1542 mei
1705 1486 2093 1542 admiratione

437 1581 760 1654 proficeret.

508 1692 535 1718 ‹‹
569 1670 640 1724 Et
689 1667 788 1722 lux
843 1665 1040 1720 vultus
1097 1665 1210 1720 mei
1245 1682 1359 1720 non
1418 1664 1665 1719 cadebat
1704 1663 1762 1718 in
1791 1667 2028 1720 terram.
2059 1687 2088 1714 »

436 1757 632 1813 Gratia
663 1754 1014 1820 reverentiae,
1048 1771 1226 1826 quam
1259 1754 1316 1808 in
1369 1753 1496 1824 ejus
1530 1753 1673 1808 facie
1704 1752 2088 1825 refulgentem

435 1846 886 1909 contuebantur,
936 1843 1090 1915 apud
1122 1843 1430 1914 praedictos
1477 1858 1592 1896 non
1636 1857 1738 1913 pro
1769 1841 1952 1898 nihilo
1983 1842 2084 1898 ha-

433 1936 701 1990 bebatur.
750 1933 876 1988 Non
926 1933 1081 1988 enim
1129 1930 1347 2003 aliquid
1399 1932 1527 2002 ejus
1578 1929 1819 1986 nutibus
1868 1931 2089 1988 frustra

432 2025 556 2080 fieri
589 2022 1018 2089 existimabant,
1055 2026 1110 2077 et
1140 2021 1357 2076 idcirco
1390 2020 1558 2092 quasi
1600 2036 1881 2091 magnum
1913 2025 2088 2092 atque

427 2112 786 2186 praecipuum
836 2111 894 2166 in
946 2127 1006 2166 se
1043 2109 1305 2182 praedicti
1348 2107 1763 2181 suscipiebant,
1798 2109 2085 2182 quidpuid

427 2203 486 2258 in
518 2201 826 2258 serenitate
856 2200 1050 2255 vultus
1085 2199 1240 2254 illius
1269 2197 1838 2271 contemplabantur.

505 2291 622 2347 «Si
677 2289 992 2346 voluissem
1055 2289 1136 2343 ire
1193 2288 1264 2342 ad
1323 2304 1444 2355 eos,
1503 2287 1781 2342 sedebam
1830 2287 2078 2359 primus.

424 2382 688 2452 Cumque
733 2379 1019 2448 sederem,
1074 2377 1242 2448 quasi
1299 2392 1398 2431 rex
1456 2375 1875 2432 circumstante
1920 2393 2080 2433 exer-

425 2471 563 2538 citu,
596 2485 756 2525 eram
785 2473 981 2523 tamen
1008 2465 1381 2520 maerentium
1425 2464 1774 2533 consolator,
1811 2487 1840 2514 »
1868 2466 2082 2538 Digna-

421 2559 642 2614 tionem
673 2573 841 2614 suam
873 2560 929 2612 et
974 2559 1238 2611 sanctam
1288 2553 1680 2609 humilitatem
1727 2553 1820 2609 his
1853 2570 2080 2610 sermo-

421 2648 597 2704 nibus
628 2645 989 2713 manifestat,
1018 2661 1136 2716 qua
1167 2644 1237 2698 ad
1271 2642 1570 2698 inferiores
1612 2659 1771 2708 suos,
1803 2644 1973 2714 quasi
2003 2645 2077 2700 ad

423 2737 643 2793 amicos
674 2734 902 2807 sibique
952 2731 1276 2806 coaequales
1335 2731 1561 2801 abierit,
1613 2736 1671 2788 et
1720 2748 1784 2789 se
1823 2733 1882 2787 in
1910 2733 2076 2806 regni

421 2824 702 2901 potentia,
737 2824 971 2882 miseris
1003 2827 1059 2878 et
1089 2820 1470 2880 maerentibus
1499 2821 1837 2893 praebuisse.

1044 2964 1270 3022 CAPUT
1309 2964 1453 3020 XXX

495 3121 523 3147 ‹‹
549 3097 716 3152 Nunc
745 3097 941 3149 autem
973 3092 1242 3150 derident
1289 3106 1382 3147 me
1411 3091 1680 3161 juniores
1726 3095 2007 3165 tempore.
2044 3115 2067 3146 ι

416 3184 794 3241 Manifestum
823 3187 930 3239 est.

2210 613 2399 652 meam
2433 613 2749 670 conspuere
2781 615 2898 654 non
2947 603 3241 655 verentur.
3278 620 3308 649 »
3359 599 3606 667 Obscuri,
3634 607 3682 656 et
3704 619 3796 658 me-

2206 686 2393 741 moria
2422 687 2662 758 penitus
2688 687 2936 760 indigni.

2275 815 2303 842 «
2338 792 2675 849 Pharetram
2705 794 2861 849 enim
2910 811 3079 849 suam
3127 795 3381 867 aperuit,
3414 801 3468 851 et
3504 797 3682 851 afflixit
3705 815 3794 864 me,

2203 885 2259 936 et
2289 882 2516 937 frenum
2551 883 2749 954 posuit
2781 883 2852 938 in
2889 900 2954 938 os
2989 901 3206 940 meum.
3244 883 3608 940 >>Pharetram
3635 887 3795 943 existi-

2204 987 2298 1025 mo
2329 970 2768 1027 multitudinem
2813 971 3143 1045 plagarum,
3185 973 3276 1028 vel
3309 973 3502 1045 ipsum
3533 975 3793 1044 diabolum,

2200 1059 2288 1114 vel
2335 1066 2681 1131 potestatem
2730 1061 2888 1116 illius
2938 1061 3045 1117 hoc
3096 1062 3220 1118 loco
3275 1061 3524 1135 intelligi
3570 1069 3794 1135 oportere.

2202 1149 2386 1213 Quam
2415 1151 2566 1206 sicut
2600 1152 2706 1206 Job
2738 1151 2837 1218 ait,
2872 1151 3026 1207 Deus
3073 1153 3326 1225 aperuit,
3365 1154 3507 1208 dum
3537 1154 3671 1209 circa
3694 1169 3793 1208 eum

2202 1238 2473 1296 diabolus
2499 1257 2664 1295 suam
2709 1240 2965 1296 exercuit
3011 1246 3391 1312 potestatem,
3437 1243 3584 1297 unde
3609 1258 3733 1311 eum,
3756 1247 3795 1296 et

2195 1328 2411 1399 jaculis
2441 1333 2865 1385 tormentorum
2899 1330 3123 1386 afﬂixit.
3160 1333 3410 1403 Insuper
3431 1333 3596 1387 etiam
3625 1332 3792 1387 frenum

2202 1417 2253 1471 ei
2285 1416 2503 1474 silentii
2534 1419 2593 1473 in
2626 1434 2723 1474 ore
2755 1436 2825 1475 ne
2857 1418 3195 1491 loqueretur
3224 1420 3530 1493 imposuit.

2275 1525 2417 1578 «Ad
2467 1525 2765 1581 dexteram
2819 1526 3064 1584 orientis
3113 1527 3484 1584 calamitates
3530 1545 3655 1583 mea;
3686 1527 3790 1582 illico

2200 1619 2597 1668 surrexerunt.
2634 1637 2662 1664 »
2696 1616 2755 1670 Id
2791 1620 2904 1684 est,
2935 1617 3021 1672 vel
3071 1616 3130 1671 in
3166 1617 3298 1688 ipso
3339 1621 3592 1690 tempore
3619 1616 3790 1672 felicita-

2199 1701 2296 1768 tis,
2333 1703 2487 1773 quod
2518 1703 2941 1776 gravissimum
2992 1706 3298 1776 probatur,
3348 1710 3549 1762 exorta:
3578 1710 3710 1773 sunt,
3734 1705 3791 1758 vel

2199 1791 2490 1861 permissu
2540 1792 2743 1848 divinae
2799 1794 3107 1866 potestatis
3166 1795 3462 1868 impositae
3512 1800 3652 1851 sunt.
3705 1795 3790 1866 Ipse

2116 1881 2281 1946 Best
2337 1881 2492 1935 enim
2553 1882 2746 1937 oriens
2803 1899 2871 1938 ex
2919 1882 3057 1950 alto,
3113 1883 3240 1955 ipse
3294 1885 3530 1940 dextera
3579 1889 3629 1940 et
3651 1883 3788 1938 virtus

2199 1967 2486 2026 Altissimi
2520 1971 2669 2042 (Luc.
2717 1989 2772 2040 x,
2804 1973 2913 2040 78;
2967 1973 3119 2028 Psat.
3165 1991 3357 2046 LXXVI,
3394 1976 3453 2028 11
3484 1992 3497 2028 :
3544 1976 3658 2028 Luc.
3689 1973 3786 2037 1,3}

2267 2101 2293 2125 ‹‹
2329 2078 2511 2132 Pedes
2582 2093 2745 2135 meos
2817 2079 3256 2147 snbverterunt,
3329 2086 3389 2137 et
3443 2081 3785 2152 oppresserunt

2194 2165 2358 2236 quasi
2389 2167 2663 2224 fluctibus
2713 2169 2942 2224 semitis
2990 2169 3136 2224 suis.
3169 2191 3200 2220 ››
3259 2171 3321 2225 Id
3352 2173 3461 2237 est,
3493 2167 3784 2224 calamitates

2123 2242 2136 2256 ’
2194 2271 2335 2310 meae
2392 2257 2681 2329 frequenti
2739 2258 3082 2330 repetitione
3140 2275 3238 2315 me
3297 2259 3628 2332 afﬂigentes,
3673 2254 3783 2310 velut

2193 2345 2468 2402 ﬂuctibus
2527 2363 2732 2404 omnes
2787 2347 2912 2402 vias
2971 2351 3160 2404 rectas
3213 2347 3652 2404 conversationis
3687 2359 3782 2399 mea

2191 2434 2624 2490 subverterunt.

2261 2546 2288 2573 ‹‹
2324 2523 2767 2596 Dissipaverunt
2796 2524 3010 2581 itinera
3040 2543 3193 2598 mea,
3218 2527 3480 2583 insidiati
3512 2528 3638 2582 sunt
3663 2519 3782 2589 mihi,

2188 2615 2244 2666 et
2275 2612 2728 2683 przevaluerunt,
2749 2619 2805 2669 et
2837 2631 2949 2669 non
2981 2615 3094 2670 fuit
3137 2615 3243 2686 qui
3287 2618 3459 2672 ferret
3487 2612 3780 2671 auxilium.»

2186 2700 2248 2756 Id
2280 2704 2368 2755 est
2400 2701 2610 2757 itinera
2651 2719 2800 2769 mea,
2853 2704 3071 2775 quibus
3103 2721 3211 2778 per
3251 2705 3408 2762 viam
3429 2703 3652 2776 justitize
3677 2713 3779 2770 quo-

2183 2789 2424 2844 tidianis
2472 2790 2826 2862 profectibus
2875 2793 3246 2865 incedebam,
3297 2794 3515 2850 inimici
3561 2789 3657 2846 mei
3680 2803 3774 2842 con-

2183 2879 2586 2947 turbaverunt,
2662 2879 2721 2936 in
2793 2880 3072 2952 injuriam
3131 2901 3332 2940 meam
3403 2900 3466 2939 ex
3521 2881 3771 2951 insperato,

2181 2967 2341 3023 velut
2371 2985 2439 3024 ex
2466 2967 2700 3026 insidiis
2743 2977 3121 3044 erumpentes
3151 2972 3502 3046 negantibus
3530 2967 3660 3030 mihi
3675 2978 3770 3036 pro-

2183 3056 2356 3114 ximis
2388 3057 2536 3114 meis
2565 3058 2981 3116 consolationis
3013 3061 3324 3118 auxilium.

2255 3187 2284 3214 «
2315 3166 2493 3230 Quasi
2522 3170 2693 3238 rupto
2748 3183 2938 3235 muro,
2985 3173 3044 3224 et
3090 3175 3298 3241 aperta
3334 3170 3515 3241 janua
3541 3161 3771 3220 irruerunt

494 3296 521 3326 α
553 3275 812 3340 Quorum
843 3289 959 3328 non
1006 3271 1294 3343 dignabar
1337 3274 1530 3343 patres
1569 3287 1783 3342 ponere
1809 3288 1942 3327 cum
1975 3289 2068 3329 ca-
2100 3253 2144 3321 C
2182 3269 2360 3326 super
2401 3271 2515 3321 me,
2567 3261 2624 3311 et
2671 3257 2743 3312 ad
2794 3273 2957 3313 meas
3009 3258 3285 3316 miserias
3333 3255 3574 3315 devoluti
3602 3253 3765 3307 sunt.»

417 3366 594 3420 nibus
623 3363 816 3437 gregis
842 3361 977 3418 mei.
1018 3383 1045 3409 ››
1077 3361 1202 3415 Non
1257 3359 1366 3415 hoc
1397 3365 1535 3432 typo
1584 3359 1867 3430 superbiae
1899 3366 2073 3432 atque

416 3454 775 3522 divitiarum,
790 3457 846 3506 et
863 3449 1253 3505 deridentium
1268 3448 1457 3520 illum,
1478 3464 1727 3519 quorum
1752 3453 1946 3519 patres
1969 3467 2074 3506 nec

417 3543 662 3597 canibus
695 3541 992 3612 quondam
1025 3539 1154 3608 ejus
1184 3538 1345 3609 digni
1373 3537 1586 3592 fuerint
1613 3537 1958 3609 comparari.

489 3653 516 3680 «
551 3629 806 3693 Quorum
837 3628 1024 3682 virtus
1055 3643 1340 3682 manuum
1391 3625 1535 3680 mihi
1577 3629 1698 3680 erat
1728 3643 1831 3696 pro
1864 3626 2066 3700 nihilo,

412 3723 467 3774 et
499 3718 617 3774 vita
645 3718 776 3790 ipsa
816 3717 1180 3789 putabantur
1232 3714 1479 3784 indigni.
1529 3714 1796 3786 Egestate
1825 3721 1882 3770 et
1912 3717 2067 3772 fame

409 3807 657 3865 steriles.
695 3828 718 3856 υ
754 3807 815 3860 Id
849 3809 956 3872 est,
992 3803 1325 3878 ignominiae
1355 3801 1578 3858 vilitate
1607 3804 1886 3875 despecti.

484 3922 504 3948 α
543 3896 650 3963 Qui
675 3895 958 3952 rodebant
987 3895 1045 3949 in
1078 3892 1412 3960 solitudine,
1463 3891 1796 3963 squalentes
1827 3893 2062 3950 calami-

403 3991 544 4054 tate,
575 3990 631 4042 et
678 3984 934 4042 miseria.
966 3985 1032 4039 Et
1059 3982 1494 4038 manducabant
1541 3981 1772 4051 herbas,
1808 3987 1862 4037 et
1894 3984 2063 4040 arbo-

402 4094 535 4134 rum
594 4076 861 4146 cortices,
921 4078 978 4130 et
1034 4072 1198 4128 radix
1245 4070 1658 4142 juniperorum
1718 4076 1842 4125 erat
1895 4072 2062 4129 cibus

401 4183 625 4223 eorum.
687 4165 794 4232 Qui
849 4165 920 4220 de
980 4161 1340 4219 convallibus
1399 4159 1513 4215 ista
1570 4159 1878 4230 rapientes,
1926 4177 2058 4218 cum

401 4254 633 4327 singula
656 4254 1028 4326 reperissent,
1055 4252 1126 4307 ad
1150 4267 1217 4306 ea
1239 4265 1373 4305 cum
1403 4247 1654 4304 clamore
1676 4249 2005 4306 currebant.
2029 4273 2058 4300 »

399 4344 520 4399 Pra:
552 4342 791 4398 miseria
845 4346 902 4397 et
958 4341 1253 4408 aviditate,
1315 4338 1438 4393 haec
1485 4337 1660 4393 etiam
1719 4353 1848 4409 qua:
1897 4343 2060 4394 extra

316 4491 326 4500 ,
401 4433 596 4490 cibum
626 4435 811 4497 erant,
843 4429 932 4486 vel
964 4429 1291 4496 hominum,
1337 4427 1429 4483 vel
1461 4427 1738 4496 ferarum,
1771 4433 2054 4500 tanquam

397 4520 604 4595 epulas
632 4536 698 4576 ac
729 4519 964 4575 delicias
1009 4517 1380 4587 invadebant,
1433 4515 1735 4572 humectas
1764 4517 2055 4574 convalles

397 4629 516 4686 prae
547 4609 730 4667 nimia
758 4611 1014 4682 egestate
1044 4610 1372 4678 surgentes.

469 4702 596 4756 «In
654 4697 900 4756 desertis
958 4695 1292 4752 habitatant
1348 4694 1722 4758 torrentium,
1780 4698 1837 4750 et
1883 4695 1939 4749 in
1973 4712 2063 4752 ca-

393 4790 591 4846 vernis
614 4794 802 4858 terraa,
851 4786 940 4842 vel
989 4801 1167 4857 super
1215 4782 1496 4856 glaream.
1531 4783 1639 4848 Qui
1675 4783 1828 4839 inter
1856 4785 2064 4856 hujus-

397 4879 624 4935 cemodi
672 4876 1042 4934 laetabantur.
1097 4896 1124 4923 ››
1175 4873 1282 4938 Qui
1332 4873 1531 4938 etiam,
1564 4875 1628 4926 ut
1674 4872 1774 4938 ait,
1820 4872 1879 4928 in
1913 4873 2056 4931 locis

395 4966 696 5023 sterilibus
727 4972 785 5022 et
812 4964 1106 5038 inaquosi,
1139 4963 1258 5019 sive
1307 4961 1605 5029 dumibus,
1648 4962 1816 5034 quasi
1850 4979 2053 5034 repen-

394 5056 479 5111 tia
499 5059 687 5126 terras,
717 5055 777 5109 in
801 5054 1190 5110 foraminibus
1215 5051 1597 5107 morabantur
1620 5075 1635 5120 ;
1664 5067 1811 5122 quos
1833 5052 2053 5108 imbres

395 5143 684 5200 montium
719 5143 932 5216 rigant.

465 5257 494 5284 ‹‹
528 5234 598 5288 Et
622 5248 750 5289 esse
781 5233 892 5288 sub
941 5233 1207 5288 sentibus
1253 5229 1492 5286 delicias
1543 5230 1982 5302 computabant.
2018 5257 2046 5284 ››

387 5324 446 5380 Si
477 5323 537 5379 in
569 5327 713 5378 aestu
744 5338 872 5390 suo,
923 5321 1349 5378 vilissimorum
1400 5319 1670 5392 stirpium
1703 5319 1858 5376 foliis
1891 5326 2047 5395 tege-

390 5418 613 5470 rentur.

463 5525 491 5552 α
551 5499 678 5557 Filii
739 5500 1051 5556 stultorum
1111 5504 1166 5554 et
1225 5497 1596 5571 ignobilium,
1657 5503 1714 5554 et
1773 5499 1831 5552 in
1891 5504 2044 5556 terra

385 5591 622 5665 penitus
654 5607 768 5645 non
826 5593 1118 5662 parentes.
1173 5589 1336 5642 Nunc
1385 5588 1445 5642 in
1505 5604 1706 5642 eorum
1749 5589 2040 5645 canticum

381 5697 586 5739 versus
634 5696 790 5748 sum,
849 5683 905 5734 et
962 5679 1150 5735 factus
1207 5692 1342 5734 sum
1395 5676 1479 5732 eis
1539 5676 1598 5731 in
1647 5676 2038 5748 proverbium.

2093 4627 2140 4692 D
2173 4625 2265 4663 me
2313 4609 2646 4678 comedunt,
2702 4627 2818 4665 non
2868 4591 3188 4670 dormiunt.
3226 4637 3246 4663 ι
3299 4606 3634 4665 Manifestum
3670 4591 3745 4692 8‘3“:

2185 3345 2329 3399 Tam
2360 3344 2561 3411 veloci,
2613 3345 2825 3418 inquit,
2873 3347 3096 3418 impetu
3146 3349 3427 3419 praedicta
3475 3343 3615 3400 mala
3640 3350 3766 3408 super

2183 3449 2276 3488 me
2305 3433 2624 3500 irruerunt,
2657 3439 2722 3490 ut
2751 3433 2911 3491 nullo
2943 3436 3258 3493 resistente
3296 3431 3599 3500 obstaculo,
3629 3428 3676 3481 in
3701 3435 3765 3477 me

2181 3523 2432 3594 desuper
2459 3522 2846 3582 volverentur.

2250 3633 2279 3659 ‹‹
2313 3611 2600 3666 Redactus
2632 3629 2764 3668 sum
2797 3614 2856 3668 in
2889 3614 3160 3670 nihilum.
3197 3614 3455 3672 Abstulit
3483 3607 3632 3683 quasi
3657 3616 3758 3657 ven-

2179 3704 2275 3754 tus
2301 3699 2655 3754 desiderium
2705 3717 2926 3773 mcum,
2957 3708 3015 3758 et
3062 3703 3224 3760 velut
3271 3704 3451 3759 nubes
3490 3686 3759 3771 pertransiit

2176 3787 2338 3844 salus
2369 3804 2517 3843 mea.
2553 3809 2581 3838 »
2633 3789 2754 3853 Quo
2803 3792 3308 3849 remunerationes
3352 3797 3479 3846 tuas
3520 3800 3610 3858 pro
3637 3791 3760 3834 man'

2174 3877 2446 3932 datorum
2505 3881 2742 3933 tuorum
2818 3881 3086 3936 custodia
3158 3879 3544 3954 praestolabar,
3595 3865 3757 3942 pariter

2174 3982 2307 4021 cum
2340 3965 2548 4036 salute,
2583 3967 2752 4038 quasi
2783 3969 2938 4024 venti
2988 3971 3241 4042 impetu,
3290 3975 3346 4026 et
3374 3965 3534 4040 quasi
3563 3967 3758 4045 transve-

2169 4056 2346 4120 1antis
2401 4056 2575 4112 nubis
2605 4058 2713 4127 (Al.
2775 4059 2965 4130 nobis]
3023 4059 3318 4116 celeritate
3375 4050 3616 4128 rapuisti,
3656 4053 3757 4112 quia

2170 4143 2357 4217 abripi
2389 4145 2730 4217 permisisti.

2247 4234 2456 4289 «Tunc
2505 4240 2690 4290 actem
2749 4236 2809 4292 in
2869 4239 3219 4310 memetipso
3279 4233 3566 4294 marcescit
3605 4222 3754 4316 animi

2169 4339 2316 4391 mea,
2343 4327 2400 4378 et
2427 4323 2729 4394 possident
2760 4342 2851 4381 me
2883 4327 3008 4382 dies
3049 4327 3400 4384 afﬂictionis.
3433 4349 3458 4374 ι»
3491 4311 3751 4376 Μαι-οθδεη,

2166 4411 2223 4466 id
2257 4416 2368 4482 est,
2399 4430 2433 4468 a
2462 4413 2659 4484 vigore
2690 4431 2808 4469 suae
2842 4416 3186 4473 intentionis
3220 4413 3559 4473 dissolvitur.

2241 4543 2260 4568 ι
2299 4520 2474 4574 Nocte
2524 4537 2588 4575 os
2640 4537 2837 4576 meum
2888 4525 3223 4595 perforatur
3270 4519 3567 4579 doloribus,
3591 4514 3638 4563 et
3675 4513 3747 4595 (ΙΨ

2171 4697 2310 4770 quia
2331 4714 2558 4754 vermes
2603 4699 2701 4770 qui
2751 4715 2957 4756 carnes
3006 4703 3135 4772 ejus
3191 4695 3568 4759 comededant,
3599 4681 3745 4739 noctes

2171 4787 2463 4842 ducebant
2495 4787 2827 4859 pervigiles.

2241 4900 2266 4925 ‹‹
2300 4876 2363 4932 In
2388 4875 2768 4932 multitudine
2792 4894 2995 4934 eorum
3018 4879 3379 4937 consumitur
3400 4867 3612 4926 vestime

2164 4981 2383 5032 meum.
2417 4970 2474 5020 et
2504 4965 2669 5038 quasi
2713 4967 2926 5039 capitio
2957 4970 3165 5025 tunica:
3197 4957 3578 5026 succinxerunt
3605 4958 3690 5001 me.
3717 4955 3734 4978 δ’

2163 5053 2524 5110 Scatentium
2573 5055 2860 5110 vermium
2913 5057 3243 5124 multitudo,
3295 5061 3507 5119 semper
3539 5053 3591 5093 5°
3615 5039 3730 5128 90m:

2161 5159 2419 5208 movens.
2452 5148 2510 5198 et
2538 5159 2639 5214 per
2688 5143 2946 5200 diversos
2995 5145 3297 5203 vulnerum
3343 5144 3578 5195 meorum
3605 5124 3728 5214 sinus

2159 5231 2515 5299 discurrens,
2565 5237 2784 5286 vestem
2831 5249 3065 5307 quoque
3114 5249 3319 5299 meam,
3367 5227 3492 5280 dum
3539 5211 3722 5307 Per.

2156 5337 2353 5394 repere
2401 5337 2514 5376 non
2577 5325 2784 5392 cessat,
2846 5299 3103 5381 attrivit:
3166 5337 3330 5397 quem
3384 5319 3551 5397 tow?“
3589 5299 3720 5397 δίίῖῗῗ

2155 5427 2221 5466 ex
2248 5410 2406 5466 omni
2466 5417 2627 5482 parte
2676 5410 3125 5481 circumdatum,
3182 5386 3237 5468 et
3288 5401 3441 5477 quasi
3493 5394 3542 5446 in
3578 5386 3713 5482 υηξξξη

2151 5499 2364 5555 vulnus
2416 5500 2714 5554 redactum
2761 5500 3097 5557 incessabili
3147 5517 3247 5558 esu
3298 5491 3589 5550 haustuque
3627 5465 3716 5518 δ’δ’

2151 5591 2390 5646 cruciat.

2290 5679 2321 5686 ,ι
2576 5683 2583 5686 _
2916 5679 2928 5686 .
2988 5684 2993 5686 _
3341 5661 3565 5686 ιμιιηιηα
3612 5645 3711 5686 sum

2222 5704 2247 5728 α
2283 5679 2667 5750 Comparatus
2724 5695 2858 5735 sum
2915 5679 3058 5748 luto,
3133 5687 3193 5739 et
3247 5661 3565 5732 assimilatas
3611 5653 3664 5708 ευ

3617 4859 3738 4911 ηιυω
