3980 6184
174 427 298 490 ’149

1245 419 1760 483 COMMENTAR.
1808 418 1889 481 IN
1932 417 2094 483 JOB.
2141 418 2312 481 CAP.
2360 421 2544 483 XXX.

3469 422 3591 484 750

181 557 392 618 favillis
433 561 490 614 et
532 555 737 614 cineri.
772 579 802 607 »
856 555 943 611 Ad
977 571 1272 612 summam
1303 553 1589 612 vilitatem
1620 555 1833 628 perdu-
1867 554 1920 623 Α
1947 554 2397 613 interficiuntur.
2429 556 2501 611 Et
2530 555 2726 612 socius
2757 555 3150 612 struthionum
3188 574 3200 614 :
3251 558 3446 615 fatuus
3477 558 3593 615 fac-

181 655 347 707 ctum
380 665 440 704 se
473 646 636 711 dicit,
661 645 760 718 qui
789 644 1129 700 vulneribus
1157 649 1216 700 et
1247 644 1431 711 sanie,
1461 644 1614 698 sicut
1641 642 1832 698 lutum

181 740 704 812 computresceret,
736 739 791 790 et
821 735 1038 789 faeteret
1071 751 1084 788 :
1132 731 1598 789 exsciccantibus
1630 747 1834 786 rursus

183 831 382 887 carnis
414 836 542 900 ejus
574 824 966 898 putredinem,
999 823 1271 878 sordibus
1311 821 1584 894 pulveris.

264 939 292 970 α
321 917 520 973 Clamo
569 916 640 970 ad
691 918 768 981 te,
800 918 856 968 et
899 930 1014 968 non
1055 913 1296 968 exaudis
1329 927 1458 976 me;
1493 916 1602 979 sto,
1637 915 1693 966 et
1721 927 1836 966 non

183 1007 432 1081 respicis
482 1022 595 1062 me.
636 1028 655 1054 ι
711 1005 773 1058 In
821 1001 1073 1058 clamore
1103 1001 1349 1057 intentio
1393 1007 1482 1057 est
1513 1000 1736 1056 orantis
1767 1001 1837 1055 ad

180 1100 394 1156 Deum.
429 1097 492 1151 In
523 1112 590 1151 eo
620 1110 752 1150 vero
784 1092 938 1164 quod
970 1097 1124 1146 stare
1156 1107 1220 1146 se
1251 1090 1540 1162 perhibet,
1576 1106 1836 1162 perseve-

179 1189 438 1245 rantiam
488 1202 550 1242 se
593 1185 665 1240 ad
699 1183 884 1238 Deum
915 1181 1129 1236 habere
1163 1179 1640 1235 indeclinabilem
1670 1178 1838 1234 dixit.

178 1276 424 1333 Fiducia
445 1273 815 1346 justitiarum
851 1287 1094 1327 suarum
1129 1271 1201 1325 ad
1233 1269 1414 1325 Deum
1451 1287 1463 1324 :
1512 1269 1632 1324 haec
1661 1267 1842 1323 libere

174 1368 296 1424 Job
329 1369 572 1422 sanctus
601 1361 888 1434 loquitur.

265 1480 293 1506 ‹‹
325 1455 587 1510 Mutatus
637 1469 700 1507 es
748 1449 893 1506 mihi
945 1450 1005 1504 in
1054 1449 1375 1519 crudelem,
1407 1452 1465 1504 et
1515 1447 1574 1503 in
1626 1446 1847 1503 duritia

182 1561 410 1603 manus
457 1548 568 1599 tuae
599 1540 928 1598 adversaris
959 1538 1125 1595 mihi.
1158 1538 1409 1594 Elevasti
1439 1554 1552 1607 me,
1585 1542 1644 1593 et
1674 1536 1844 1608 quasi

181 1651 376 1706 super
401 1637 638 1688 ventum
669 1645 896 1703 ponens
924 1627 1132 1686 elisisti
1164 1644 1256 1684 me
1283 1626 1470 1683 valde.
1505 1648 1536 1676 »
1586 1626 1758 1681 Pium
1790 1630 1848 1681 et

187 1720 635 1780 misericordem
669 1718 852 1774 Deum
891 1733 1020 1772 esse
1070 1715 1215 1772 dicit
1261 1715 1322 1770 in
1370 1713 1668 1786 prosperis
1721 1712 1846 1769 suis

183 1814 417 1868 durum
467 1812 640 1880 atque
693 1805 1013 1874 crudelem,
1045 1821 1178 1860 cum
1216 1821 1428 1860 manus
1459 1802 1763 1869 duritiam,
1791 1806 1850 1858 et

183 1916 400 1974 graves
430 1914 634 1971 pmnas
665 1895 920 1952 sustinet
949 1898 1006 1950 et
1036 1897 1284 1949 atroces.

267 2012 297 2040 ‹‹
330 1989 478 2058 Scio,
513 1986 654 2060 quia
698 1985 873 2040 morti
904 1983 1102 2039 trades
1133 1999 1248 2050 me,
1281 1981 1381 2037 ubi
1413 1981 1733 2038 constituta
1764 1986 1855 2036 est

184 2081 404 2136 domus
464 2075 625 2132 omni
681 2073 918 2130 viventi.
952 2094 981 2122 »
1035 2075 1176 2128 Post
1226 2071 1508 2128 delictum
1564 2071 1850 2142 parentis,

181 2168 408 2240 inquit,
441 2167 655 2221 domus
705 2162 1052 2218 inferiorum
1102 2165 1192 2216 est
1241 2159 1584 2223 constituta,
1632 2159 1689 2213 id
1739 2163 1856 2229 est,

191 2273 360 2313 mors
407 2254 555 2327 ipsa,
589 2269 706 2308 non
754 2251 1088 2307 conditione
1131 2251 1259 2320 ejus
1299 2252 1510 2304 creata.
1545 2247 1688 2302 Illuc
1719 2263 1856 2319 ergo

193 2351 259 2403 et
291 2361 383 2400 me
411 2349 693 2414 tanquam
724 2339 1047 2413 peccatoris
1093 2339 1230 2394 Adae
1283 2336 1494 2407 ﬁlium,
1527 2335 1858 2391 secundum

187 2436 429 2507 justam
461 2430 813 2489 sententiam
845 2428 1006 2484 abire
1036 2427 1294 2483 voluisti.

279 2547 308 2573 ‹‹
343 2523 756 2578 Verumtamen
789 2535 904 2574 non
936 2518 1008 2573 ad
1041 2514 1556 2588 consumptionem
1577 2531 1802 2570 eorum.
1831 2538 1854 2566 ι

1946 652 2044 702 tus
2074 663 2206 701 sum
2239 650 2294 702 et
2322 645 2628 718 insipiens,
2661 650 2728 700 ut
2755 645 3032 710 struthio,
3067 646 3188 701 avis
3219 648 3587 720 stultissime,

1943 742 2010 790 ut
2040 752 2153 807 prae
2185 734 2382 791 dolore
2412 735 2630 791 frustra
2659 751 2752 789 me
2781 733 3117 790 existiment
3145 734 3463 792 laborasse.

2020 847 2050 876 «
2080 824 2242 880 Cutis
2299 841 2430 880 mea
2486 825 2791 896 denigrata
2838 829 2928 879 est
2980 841 3158 896 super
3211 842 3325 893 me,
3358 830 3416 880 et
3460 843 3595 882 ossa

1947 931 2077 970 mea
2105 917 2385 970 aruerunt
2415 931 2528 986 prie
2560 918 2846 969 caumate.
2883 935 2912 963 »
2944 914 3012 968 Et
3045 915 3149 968 hoc
3181 914 3250 968 ad
3285 931 3590 982 pinnarum

1947 1005 2076 1076 ejus
2104 1003 2408 1058 cumulum
2459 1003 2808 1075 pertinebat,
2840 1007 2903 1057 ut
2932 1003 2989 1057 in
3023 1007 3275 1059 stercore
3305 1004 3593 1059 constitu-

1948 1097 2068 1158 tus,
2102 1109 2204 1164 per
2233 1091 2420 1148 multa
2448 1097 2734 1164 tempora,
2758 1091 2898 1148 solis
2929 1093 3378 1150 ardentissimos
3408 1110 3598 1166 usque

1949 1183 2018 1237 ad
2050 1199 2184 1238 ossa
2213 1186 2510 1254 pateretur
2538 1182 2754 1238 radios.

2025 1293 2054 1323 «
2083 1271 2267 1328 Versa
2294 1275 2385 1328 est
2413 1271 2473 1326 in
2502 1271 2728 1327 luctum
2760 1272 2984 1327 cithara
3015 1289 3166 1339 mea,
3207 1278 3264 1329 et
3310 1290 3598 1345 organum

1953 1379 2150 1418 meum
2197 1361 2258 1416 in
2300 1377 2500 1417 vocem
2530 1361 2819 1416 ﬂentium.
2854 1384 2883 1411 »
2933 1361 3035 1417 His
3079 1363 3272 1431 rebus,
3305 1363 3448 1418 dicit
3476 1364 3602 1419 feli-

1955 1451 2110 1507 cium
2143 1451 2371 1506 dierum
2403 1467 2646 1506 suorum
2673 1455 2852 1523 atque
2883 1451 3286 1522 prosperitatis
3315 1451 3603 1521 laatitiam,

1955 1545 2014 1597 et
2035 1540 2468 1612 jucunditatem
2501 1540 2560 1594 in
2592 1539 2815 1595 luctum
2845 1557 2975 1596 esse
3004 1557 3365 1598 conversam.

2682 1629 2879 1684 ITEM.

2168 1719 2248 1774 Ad
2294 1718 2497 1775 Chriin
2522 1733 2813 1790 personam
2841 1721 3076 1774 vertitur
3102 1723 3390 1792 expositio.

2031 1831 2059 1857 «
2092 1809 2232 1874 Quis
2263 1808 2408 1863 mihi
2438 1807 2681 1878 tribuat,
2714 1812 2780 1864 ut
2811 1808 2924 1864 sim
2947 1810 3118 1879 juxta
3147 1826 3380 1866 menses
3411 1809 3610 1882 pristi-

1882 1925 1930 1990 Β
1961 1915 2088 1965 nos,
2122 1920 2150 1990 ii
2203 1903 2310 1952 etc.
2346 1897 2408 1952 In
2460 1901 2767 1990 assumpto
2817 1897 3054 1954 homine
3089 1899 3231 1954 Jesu
3263 1899 3516 1966 Christo,
3551 1899 3610 1955 id

1964 1993 2074 2054 est,
2107 1987 2292 2042 Adam
2325 1987 2604 2053 secundo,
2633 1986 2753 2042 sive
2784 1987 3101 2042 novissimo
3127 2004 3140 2041 :
3173 2004 3283 2042 vox
3311 1992 3401 2043 est
3427 1989 3612 2042 Adam

1964 2074 2310 2148 protoplasti
2359 2075 2668 2131 recolentis
2711 2075 2852 2146 quid
2893 2075 3228 2147 perdiderit,
3263 2081 3319 2131 et
3351 2077 3424 2131 ad
3456 2077 3612 2148 quod

1967 2167 2188 2221 bonum
2240 2165 2430 2220 redire
2476 2163 2692 2236 cupiat.
2722 2163 3012 2220 Amiserat
3041 2164 3257 2236 quippe
3288 2181 3392 2238 per
3421 2165 3622 2220 inobe-

1966 2254 2196 2310 dientiaa
2253 2253 2498 2322 malum,
2559 2253 3021 2309 immortalitatis
3079 2255 3322 2324 bonum,
3383 2255 3620 2326 paradi-

1969 2343 2138 2416 sique
2184 2342 2468 2399 delicias:
2522 2342 2675 2398 hanc
2732 2343 2845 2398 sibi
2902 2360 3005 2414 per
3057 2343 3260 2398 Jesum
3318 2343 3618 2400 Christum

1968 2432 2285 2488 Dominum
2345 2437 2611 2488 nostrum
2671 2432 2986 2487 instaurari
3055 2432 3368 2488 desiderat.
3426 2433 3620 2488 Susci-

1970 2521 2184 2593 piendo
2214 2537 2470 2594 namque
2517 2521 2576 2576 in
2636 2537 2698 2577 se
2727 2521 2826 2576 Dei
2878 2521 3060 2576 Filius
3104 2521 3362 2577 hominis
3410 2521 3622 2591 filium,

204 2609 759 2670 Reconciliationem
791 2608 996 2663 mundi
1044 2605 1353 2678 prophetat
1400 2604 1460 2658 in
1509 2603 1734 2660 Christo
1765 2604 1862 2658 fu-

201 2707 427 2769 turam,
461 2700 603 2753 dum
634 2696 777 2752 dicit
804 2695 1073 2751 homines
1104 2711 1219 2749 non
1255 2694 1313 2748 in
1348 2696 1692 2765 perpetuam
1723 2708 1861 2747 con-

201 2789 608 2862 sumptionem
638 2785 1006 2858 redigendos,
1038 2783 1141 2840 sed
1173 2782 1485 2854 aliquando
1535 2782 1608 2838 ab
1659 2781 1864 2837 inferis

205 2877 590 2936 revocandos.

285 2991 316 3017 ‹‹
350 2965 582 3022 Emittis
625 2980 868 3019 manum
918 2966 1080 3017 tuam
1116 2979 1128 3016 :
1181 2965 1238 3016 et
1277 2961 1326 3017 si
1357 2961 1708 3030 corruerint,
1741 2959 1867 3031 ipse

205 3055 490 3114 salvabis.
528 3077 556 3104 ››
608 3054 668 3110 Si
721 3057 854 3125 post
897 3050 1380 3123 redemptionem,
1414 3067 1530 3122 qua
1560 3066 1662 3122 per
1691 3049 1866 3104 ﬁdem

208 3149 274 3203 in
308 3145 537 3201 Christo
569 3142 888 3208 sali/amur.
921 3142 1136 3196 iterum
1178 3157 1279 3212 P9P
1309 3144 1612 3210 Peccatum
1645 3138 1870 3192 ruerint
1977 3150 2197 3202 secreto
2220 3145 2376 3200 Deus
2401 3148 2525 3199 erat
2553 3145 2612 3198 in
2639 3143 3014 3199 tabernaculo
3038 3160 3186 3198 meo.
3210 3165 3236 3195 ι
3274 3144 3624 3200 Adolescen-

205 3234 508 3304 homines,
533 3249 710 3288 manu
737 3229 971 3303 pietatis
1000 3228 1304 3295 allevante,
1330 3245 1432 3300 per
1463 3226 1848 3300 pcenitentiarr

1981 3237 2069 3291 tize
2116 3234 2354 3290 nomine
2404 3238 2654 3306 possunt
2704 3233 3024 3305 primordia
3053 3234 3186 3288 Adae
3231 3233 3499 3306 intelligi,
3532 3233 3622 3290 vel

211 3328 349 3397 ipse
385 3303 650 3378 salvabit.
1899 3303 1942 3362 Ο
1979 3325 2108 3396 ipsa
2135 3303 2422 3378 felicitas;
2452 3323 2552 3377 ubi
2587 3303 2721 3377 ante
2749 3321 3376 3394 peccantum,juvenili
3405 3303 3624 3393 vigore,

294 3437 324 3461 α
360 3411 588 3466 Flebam
621 3409 915 3481 quondam
947 3424 1125 3480 super
1154 3424 1243 3474 60,
1278 3407 1377 3478 qui
1409 3406 1664 3462 afﬂictus
1693 3409 1816 3460 erat
1850 3422 1863 3459 ἒ
1978 3413 2105 3469 sine
2127 3412 2245 3468 ullo
2267 3413 2490 3467 defertu
2525 3411 2711 3466 aetatis
2733 3427 2964 3480 semper
2990 3410 3205 3477 virens,
3229 3411 3397 3482 quasi
3421 3411 3479 3466 in
3503 3413 3623 3467 die-

213 3509 276 3559 et
330 3499 792 3570 compatiebatur
843 3495 1040 3551 anima
1089 3513 1220 3551 mea
1262 3495 1524 3568 pauperi.
1559 3495 1868 3564 Exspecta-
1979 3504 2092 3558 bus
2123 3501 2524 3557 adolescentia;
2557 3499 2739 3556 fuisse
2769 3500 3000 3554 dicitur,

216 3594 360 3648 bam
410 3589 581 3653 bona,
631 3591 688 3642 et
737 3589 1018 3640 venerunt
1071 3585 1216 3639 mihi
1272 3585 1445 3655 mala,
1493 3582 1848 3656 praestolabat

2055 3613 2083 3640 «
2117 3591 2360 3656 Quando
2389 3595 2513 3644 erat
2533 3589 2904 3660 omnipotens
2935 3605 3187 3656 mecum,
3212 3594 3268 3643 et
3298 3590 3355 3644 in
3380 3590 3628 3645 circuitu

217 3681 438 3746 lucem,
473 3681 530 3732 et
555 3679 876 3748 eruperunt
905 3674 1178 3728 tenebrae.
1207 3697 1233 3722 »
1268 3674 1507 3728 Factum
1538 3677 1646 3739 est,
1671 3677 1736 3726 ut
1770 3688 1848 3742 pri

1985 3696 2114 3735 meo
2145 3680 2306 3750 pueri
2341 3678 2476 3733 mei.
2515 3702 2536 3727 ι
2595 3678 2760 3732 Pueri
2791 3678 2996 3743 Adam,
3028 3679 3274 3734 virtutes
3303 3681 3510 3734 animae
3541 3681 3632 3733 in-

218 3772 514 3825 bonorum
566 3763 1018 3836 exspectatione,
1050 3763 1189 3834 quia
1229 3763 1478 3817 miseros
1507 3760 1874 3825 consolabar.
1985 3768 2312 3839 telligendm
2345 3773 2502 3822 sunt.
2527 3767 2746 3822 Pueros
2777 3770 2971 3821 autem
2999 3766 3209 3822 Christi
3244 3767 3500 3838 angelos,
3535 3769 3638 3838 qui

222 3857 386 3914 mala
417 3871 572 3909 nunc
604 3852 803 3909 omnia
849 3853 1226 3917 sustinerem,
1260 3856 1315 3906 et
1345 3867 1448 3922 PFO
1479 3851 1607 3905 11108
1641 3865 1876 3921 PPOSPO-
1988 3855 2471 3912 ministraverunt
2522 3854 2572 3908 ei
2621 3853 2679 3907 in
2733 3852 2938 3910 diebus
2979 3852 3170 3908 carnis
3199 3853 3348 3923 ejus,
3379 3853 3466 3906 vel
3500 3869 3637 3922 apo-

223 3946 442 4012 ritatis,
477 3944 745 3999 tenebras
776 3941 1136 3996 incurrerem
1181 3944 1627 3995 tormentorum.

1990 3946 2193 4011 stolos,
2245 3943 2368 3998 sive
2426 3959 2630 3998 omnes
2686 3946 2920 3998 sanctos
2973 3957 3090 3996 non
3148 3941 3400 3996 absurde
3457 3938 3639 3995 senti-

305 4057 328 4085 ι
347 4061 350 4063 >
369 4032 648 4089 Interiora
670 4047 798 4086 mea
817 4030 1208 4085 efferbuerant
1239 4029 1463 4100 absque
1492 4026 1611 4082 ulla
1641 4026 1839 4099 requie
1865 4044 1878 4081 :
1992 4051 2147 4088 mus,

224 4125 636 4198 praevenerunt
667 4136 758 4174 me
788 4119 912 4174 dies
964 4115 1324 4172 afﬂictionis.
1363 4139 1384 4164 ι
1443 4115 1545 4172 Ubi
1594 4115 1693 4181 ait,
1728 4115 1883 4187 quod
2068 4145 2096 4173 «
2126 4123 2367 4188 Quando
2415 4121 2680 4176 lavabam
2732 4120 2908 4191 pedes
2940 4133 3100 4173 meos
3135 4118 3360 4189 butyro,
3394 4121 3450 4170 et
3482 4120 3647 4188 petra

225 4229 368 4270 eum
392 4210 518 4266 dies
537 4207 871 4264 afﬂictionis
894 4205 1293 4279 praevenerint,
1310 4211 1450 4277 puto
1476 4205 1630 4276 quod
1653 4210 1886 4275 tempus

221 4299 442 4374 judicii
461 4297 710 4354 voluerit
733 4296 990 4351 indicare
1014 4311 1026 4348 :
1058 4312 1172 4366 quo
1198 4299 1552 4366 praeventum
1579 4310 1640 4349 se
1672 4293 1888 4348 idcirco

228 4391 470 4447 videtur
513 4385 748 4451 dixisse,
783 4384 923 4456 quia
972 4400 1107 4438 cum
1153 4383 1261 4438 sibi
1297 4383 1547 4438 necdum
1579 4388 1891 4437 venturum

233 4477 532 4553 putaverit
564 4493 577 4530 :
633 4474 733 4530 ubi
781 4473 957 4528 etiam
991 4489 1274 4543 magnum
1305 4471 1564 4526 dolorem
1596 4471 1848 4542 gehenna

2005 4479 2183 4549 pedes
2231 4491 2370 4530 suos
2411 4475 2584 4530 Jesus
2614 4473 2899 4538 Christus,
2930 4473 3039 4527 Job
3090 4479 3306 4539 noster,
3341 4473 3488 4528 lacte
3537 4472 3656 4526 sive

235 4585 376 4625 rum
408 4564 723 4638 signiﬁcat,
756 4563 898 4617 dum
931 4578 1070 4616 suas
1101 4560 1221 4615 illis
1263 4565 1567 4630 comparat
1598 4576 1820 4630 ρωῐιειε.
2006 4567 2214 4637 butyro
2245 4563 2390 4618 eluit
2420 4568 2596 4634 atque
2639 4561 2934 4627 abstersit,
2970 4561 3202 4631 quando
3253 4577 3350 4615 eos
3399 4579 3432 4614 a
3480 4560 3663 4614 tribu-

315 4681 340 4706 (ι
381 4655 624 4710 Maerens
670 4651 1035 4714 incedebam.
1090 4649 1215 4704 Sine
1271 4649 1461 4703 furore
1512 4664 1898 4719 consurgens,
1931 4666 1978 4730 ι)
2008 4653 2294 4708 lationum
2329 4650 2625 4722 pressuris
2658 4649 2916 4704 sinceros
2949 4654 3121 4719 atque
3153 4648 3504 4720 purissimos
3538 4647 3663 4700 red-

242 4748 304 4802 in
341 4744 517 4799 turba
547 4741 894 4796 clamabam.
933 4763 954 4790 ι
998 4738 1209 4793 Tristis
1241 4742 1298 4791 et
1329 4737 1572 4792 affectus
1604 4736 1900 4805 moestitia,
2013 4743 2200 4798 didit:
2234 4741 2450 4796 docens
2473 4756 2572 4793 eos
2605 4755 2705 4808 per
2733 4737 3006 4808 spiritum
3041 4753 3235 4804 suum,
3260 4735 3548 4806 simplicis
3583 4735 3669 4788 in-

242 4835 388 4908 quia
441 4848 623 4904 pcenae
681 4828 954 4884 meritum
1005 4825 1358 4894 nesciebam,
1410 4830 1467 4879 et
1513 4825 1640 4879 sine
1688 4824 1904 4878 furoris
2012 4829 2291 4885 nocentiae
2320 4828 2521 4882 vitam.
2551 4829 2665 4881 Hoc
2695 4825 2876 4898 igitur
2905 4826 3077 4880 modo
3108 4826 3284 4896 pedes
3314 4822 3670 4880 annuntian-

246 4920 580 4986 iracundia,
629 4935 788 4974 eram
844 4917 904 4972 in
953 4933 1116 4988 spem
1173 4915 1354 4969 animi
1404 4914 1614 4968 virtute
1661 4929 1904 4968 consur-
2015 4919 2096 4974 tis
2126 4935 2328 4990 pacem
2361 4915 2653 4984 Evangelii
2687 4915 3153 4969 mundabuntur.
3188 4915 3272 4969 Ne
3301 4911 3662 4984 coinquinati

246 5029 395 5085 gens
447 5027 460 5064 :
522 5008 664 5080 quia
721 5006 876 5062 Deus
933 5006 1212 5061 docuerat
1269 5020 1360 5058 me
1417 5002 1782 5074 patientiam,
1846 5005 1910 5056 ut
2017 5013 2214 5062 essent
2246 5006 2498 5061 carnalis
2531 5004 2826 5075 sapientiae
2859 5003 3026 5058 luto:
3073 5003 3257 5072 Petra,
3293 5003 3504 5074 inquit,
3540 5002 3672 5055 fun-

247 5099 662 5173 aequanimiter
711 5097 942 5162 ferrem,
977 5093 1212 5166 publica
1259 5091 1657 5148 satisfactione
1699 5091 1908 5146 vocit'e-
2020 5097 2194 5152 debat
2225 5096 2368 5150 mihi
2404 5095 2556 5149 rivos
2586 5093 2717 5148 olei.
2749 5094 2896 5163 Ergo
2933 5098 3092 5163 petra
3121 5093 3403 5158 Ecclesia,
3429 5091 3676 5146 fundata

249 5206 419 5251 rane,
453 5193 511 5242 et
541 5201 808 5240 exorans.
2023 5200 2200 5255 super
2219 5183 2519 5238 Christum
2544 5181 2944 5235 firmissimam
2976 5185 3217 5251 petram,
3243 5182 3312 5236 de
3341 5198 3402 5236 se
3424 5179 3676 5252 gratiam

325 5304 355 5328 (ι
392 5277 595 5332 Frater
627 5274 707 5327 fui
740 5274 1083 5338 draconum,
1118 5278 1177 5327 et
1205 5270 1399 5326 socius
1434 5268 1854 5324 struthionum.
1878 5289 1903 5318 ιι
2023 5273 2274 5343 Spiritus
2306 5271 2514 5336 sancti,
2549 5269 2704 5324 velut
2733 5269 2886 5323 rivos
2916 5270 3164 5324 effundit
3198 5288 3210 5324 :
3247 5272 3401 5341 quod
3437 5269 3495 5324 in
3533 5274 3678 5323 Pen-

252 5367 532 5425 Cruciatu
584 5380 884 5434 poenarum
942 5362 1208 5424 affectus,
1240 5361 1468 5414 dolores
1524 5375 1683 5412 meos
1723 5359 1915 5413 sibilis
2026 5366 2267 5426 tecoste,
2291 5365 2346 5414 et
2377 5361 2550 5416 domo
2575 5357 2844 5423 Cornelii,
2869 5365 2926 5412 et
2956 5359 3012 5412 in
3049 5359 3166 5414 illis
3198 5359 3506 5415 duodecim
3546 5360 3687 5426 (Act.

258 5453 704 5525 temperabam:
740 5451 1238 5521 quemadmodum
1271 5450 1457 5502 facere
1491 5447 1770 5501 dicuntur
1789 5449 1918 5499 dra-
2029 5469 2066 5512 ι,
2102 5451 2173 5514 li;
2223 5451 2288 5502 44
2338 5451 2387 5502 et
2416 5449 2675 5518 passim).
2710 5447 2835 5500 sine
2885 5448 2944 5500 in
2994 5448 3151 5501 omni
3186 5448 3444 5504 Ecclesia
3493 5446 3688 5502 decla-

258 5561 462 5608 cones,
497 5541 732 5612 quando
766 5541 836 5594 ab
887 5539 1214 5609 elephantis
1260 5538 1576 5608 capiuntur
1610 5553 1623 5588 :
1677 5542 1739 5588 ut
1788 5552 1918 5606 pro-
2029 5544 2221 5594 ratum
2253 5543 2361 5600 est,
2395 5542 2450 5592 et
2482 5553 2670 5607 usque
2704 5535 2876 5590 hodie
2907 5538 3258 5592 declaratur.

263 5637 448 5709 pheta
474 5631 555 5684 ait
588 5646 600 5683 :
653 5631 881 5686 Faciam
909 5629 1188 5698 planctum
1219 5626 1368 5681 velut
1397 5626 1695 5679 draconum
1738 5624 1918 5690 (:llc'ch.
2107 5651 2127 5676 α
2163 5627 2404 5690 Quando
2436 5625 2818 5697 procedebam
2849 5625 2919 5679 ad
2961 5631 3188 5697 portam
3220 5625 3496 5690 civitatis,
3531 5628 3586 5678 et
3616 5623 3676 5676 in

261 5740 307 5793 ι,
340 5725 400 5794 8)
433 5737 450 5777 ς
483 5734 658 5790 quem
690 5717 932 5787 faciunt,
966 5723 1032 5772 ut
1061 5714 1202 5782 dixi,
1235 5715 1468 5786 quando
1498 5713 1570 5770 ab
1596 5711 1924 5785 elephantis
2032 5715 2222 5787 platea
2252 5713 2547 5787 ponebant
2578 5711 2914 5768 cathedram
2949 5713 3114 5768 mihi.
3153 5738 3180 5763 ››
3213 5712 3385 5768 Velut
3417 5728 3516 5766 rex
3548 5725 3686 5780 ergo

1971 2609 2233 2682 suscepit
2261 2609 2322 2664 in
2359 2627 2424 2666 eo
2456 2615 2513 2665 et
2542 2610 2787 2666 humani
2819 2611 3048 2682 generis
3078 2627 3300 2682 preces.

2045 2724 2072 2750 ‹‹
2107 2701 2351 2764 Quando
2403 2699 2751 2771 splendebat
2797 2699 3036 2754 lucerna
3083 2701 3212 2770 ejus
3242 2716 3420 2771 super
3447 2705 3622 2771 caput

1975 2807 2196 2856 meum,
2230 2793 2288 2844 et
2334 2789 2404 2843 ad
2451 2788 2650 2843 lumen
2682 2790 2811 2859 ejus
2843 2787 3219 2844 ambulabam
3251 2787 3311 2842 in
3341 2790 3622 2844 tenebris.

1976 2879 2234 2936 Gloriam
2285 2878 2493 2933 divinae
2543 2878 2764 2950 gratiae,
2798 2876 3034 2931 nomine
3083 2876 3331 2932 lucernis
3385 2893 3512 2948 qua;
3561 2877 3622 2930 in

1977 2967 2250 3041 paradiso
2278 2967 2573 3035 floruerat,
2603 2956 2978 3038 signiﬁcavit.

2053 3081 2073 3106 α
2111 3056 2274 3111 Sicut
2305 3056 2385 3110 fui
2417 3056 2477 3110 in
2509 3055 2716 3110 diebus
2747 3054 3150 3109 adolescentia:
3190 3071 3352 3120 meae,
3385 3056 3623 3128 quando

1997 4213 2279 4266 fundebat
2309 4209 2453 4264 mihi
2485 4209 2637 4263 rivos
2669 4208 2802 4262 olei.
2829 4229 2856 4254 »
2891 4207 3073 4260 Pedes
3106 4205 3286 4276 igitur
3308 4205 3646 4271 Salvatoris,

1998 4300 2407 4372 praedicatores
2435 4298 2716 4362 veritatis,
2751 4295 2847 4366 qui
2890 4295 2950 4348 in
2994 4295 3261 4349 universo
3295 4295 3512 4350 mundo
3546 4311 3648 4348 an-
3736 4321 3740 4324 -

2002 4388 2238 4444 nuntiat
2285 4385 2687 4456 Evangelium.
2720 4382 3080 4455 intelligendi
3133 4388 3289 4438 sunt.
3324 4383 3439 4438 Hos
3468 4384 3655 4456 igitur
