3980 6184
363 368 479 433 751
1425 436 1428 439 _
1861 371 2277 438 APPENDIX.
3643 383 3758 444 ’1δί

374 514 432 570 et
460 508 745 571 Dominus
779 512 1005 586 primus
1029 511 1280 571 civitatis
1309 527 1429 570 suae
1459 509 1749 582 Ecclesiae,
1782 512 1854 570 ad
1887 529 2018 586 por-
2047 510 2105 579 Α
2205 534 2237 565 α
2265 512 2504 593 iustitia
2531 512 2775 572 indutus
2807 530 2963 583 sum,
2996 514 3054 570 et
3080 512 3308 571 vestivit
3344 529 3438 572 me
3469 513 3624 572 sicut
3646 515 3762 574 dia-

377 606 502 658 tam
556 605 685 676 ejus
731 603 996 661 Christus
1043 603 1322 677 procedit,
1355 603 1413 659 id
1461 607 1569 675 est,
1603 604 1713 660 sub
1761 607 2024 676 tempore
2133 603 2362 661 demate
2403 605 2628 677 judicio
2677 621 2828 663 meo.
2861 627 2890 656 »
2939 604 3180 662 Justitia
3224 622 3360 679 ergo
3388 604 3512 662 haec
3541 605 3762 679 pietatis

373 691 679 750 initiorum
729 695 877 764 ejus,
912 697 1146 767 quando
1177 696 1508 768 ingressum
1553 709 1767 766 parans
1796 694 2024 751 dicebat
2132 710 2294 761 meae,
2327 694 2409 750 ait
2447 694 2752 760 Dominus,
2784 695 3018 752 vestivit
3061 711 3154 752 me
3202 695 3360 752 sicut
3401 695 3762 752 vestimento.

375 785 651 840 omnibus
683 801 696 840 :
737 787 919 842 Venite
946 787 1022 842 ad
1052 803 1136 842 me
1165 801 1351 841 omnes
1378 787 1476 855 qui
1504 784 1786 854 laboratis,
1820 788 1870 839 et
1899 800 2024 839 one-

371 876 489 928 rati
516 877 643 930 estis
673 877 878 940 (Matth.
912 894 990 946 x1,
1022 876 1135 946 28).
1185 875 1468 930 Cathedra
1513 877 1708 929 autem
1757 873 2020 929 eminens

375 962 624 1019 scientia
666 964 878 1020 Christi
910 965 1288 1037 intelligenda
1317 968 1442 1031 est;
1494 962 1684 1035 platea
1713 966 1908 1019 autem
1940 963 2019 1018 ci-

373 1052 693 1120 vitatis,vel
716 1056 871 1126 quod
894 1055 1123 1126 publice
1145 1052 1565 1125 praedicaverit,
1583 1051 1670 1107 vel
1693 1052 2018 1108 secundum

369 1140 698 1198 Psalmistze
729 1160 964 1200 sensum
999 1148 1088 1198 est
1117 1141 1494 1214 intelligenda
1526 1157 1538 1195 :
1587 1142 1759 1197 latum
1786 1141 2018 1196 manda-

371 1249 494 1287 sum
522 1235 679 1288 tuum
709 1235 878 1288 nimis
906 1234 1077 1304 (Psal.
1112 1249 1303 1298 cxvm,
1335 1232 1447 1302 96).
1481 1231 1643 1297 Quod
1677 1247 1792 1286 non
1824 1229 2017 1286 solum

371 1322 432 1376 in
464 1322 749 1394 triplicem
776 1322 1218 1394 expositionem,
1242 1322 1342 1376 sed
1375 1321 1554 1376 etiam
1584 1320 1645 1375 in
1667 1319 2016 1392 disputatio-

370 1428 504 1468 nem
537 1413 871 1485 porrigitur.

439 1526 466 1552 ‹‹
501 1503 790 1559 Videbant
836 1520 930 1558 me
975 1504 1241 1573 juvenes,
1287 1504 1345 1556 et
1389 1500 1916 1565 abscondebantur,
1960 1504 2019 1555 et

367 1607 536 1646 senes
566 1597 940 1662 assurgentes
985 1591 1298 1647 stabant.»
1355 1589 1458 1644 His
1508 1588 1713 1645 scribit
1759 1587 2014 1644 Joannes

367 1679 587 1746 dicens,
621 1680 808 1735 Scriba
837 1681 987 1736 vobis
1008 1681 1257 1750 juvenes,
1290 1681 1422 1750 quia
1465 1680 1633 1747 fortes
1661 1679 1812 1748 estis,
1845 1686 1896 1733 et
1924 1679 2014 1732 vi-

362 1769 518 1824 cistis
567 1771 878 1839 malignum
925 1771 971 1834 (I
995 1773 1151 1826 Joan.
1184 1785 1247 1833 Π,
1280 1769 1390 1840 13).
1424 1767 1494 1822 Hi
1533 1783 1636 1839 per
1678 1766 1852 1822 fidem
1904 1767 2012 1822 Do-

365 1856 533 1927 mini,
568 1857 922 1914 Salvatorem
953 1859 1152 1914 vident
1199 1859 1257 1912 in
1291 1857 1525 1928 spiritu,
1557 1856 1703 1912 etin
1734 1861 1890 1912 terra
1918 1855 2011 1911 sui
2039 1888 2088 1955 B

364 1947 623 2017 corporis
652 1948 1094 2004 abscondantur
1126 1965 1139 2002 :
1194 1947 1576 2018 reprimentes
1624 1943 1892 2001 videlicet
1921 1948 2006 2000 at-

360 2052 474 2107 que
496 2036 558 2091 in
588 2054 649 2092 se
671 2039 986 2110 pugnando
1008 2038 1149 2093 vitia
1175 2037 1550 2092 cohibentes:
1585 2033 2008 2090 mortiﬁcantes

359 2127 705 2198 semetipsos
754 2145 789 2182 a
831 2127 1083 2199 peccatis
1115 2132 1173 2182 et
1201 2124 1696 2196 concupiscentiis
1748 2123 1955 2179 mundi
1990 2139 2005 2178 :

358 2213 496 2270 hinc
527 2218 609 2272 ait
655 2217 941 2288 propheta
973 2233 986 2271 :
1038 2216 1359 2272 Abscondite
1385 2231 1476 2270 vos
1507 2216 1569 2269 in
1598 2217 1805 2270 terram
1835 2213 2004 2284 (Osee,

356 2322 412 2374 x,
444 2307 520 2374 8).
555 2307 733 2362 Senes
765 2323 896 2362 vero
927 2305 1033 2360 filii
1074 2303 1489 2370 consummati,
1522 2307 1579 2359 et
1609 2302 1870 2374 perfecti,
1903 2302 2005 2372 qui

357 2394 616 2465 quotidie
647 2398 841 2449 mente
867 2395 1167 2449 elevantur
1196 2393 1266 2448 ad
1291 2391 1524 2459 coelum,
1547 2395 1605 2446 et
1627 2395 1788 2447 stant
1817 2389 1876 2446 in
1899 2390 2005 2445 Do-

355 2482 540 2548 mino,
572 2484 687 2539 fide
721 2482 1040 2538 immobilis
1068 2483 1218 2537 vitae.

427 2594 455 2621 ‹‹
487 2571 785 2644 Principes
811 2571 1126 2627 cessabant
1171 2569 1354 2641 loqui,
1385 2573 1441 2625 et
1494 2568 1743 2640 digitum
1792 2585 2003 2639 super-

2129 783 2200 838 Et
2246 783 2574 841 diademate
2617 785 2841 856 judicio
2890 801 3039 841 meo.
3094 786 3234 853 Hoc,
3287 785 3553 858 inquam,
3596 786 3766 840 vcsti-

2130 878 2346 943 mento,
2376 873 2436 929 in
2467 891 2582 945 quo
2614 891 2717 944 per
2739 874 3114 946 Evangelium
3139 874 3378 945 justitia
3408 875 3592 948 patris
3623 891 3766 930 reve-

2128 960 2328 1018 latur:
2383 963 2442 1018 in
2495 963 2754 1019 Ecclesia
2805 963 2948 1019 dicit
2998 979 3063 1020 se
3109 979 3239 1020 esse
3293 963 3763 1020 circumdatum:

2129 1051 2300 1121 cujus
2331 1052 2582 1124 figuram
2597 1052 2994 1108 habuitvestis
3013 1052 3141 1123 ejus
3161 1053 3222 1108 in
3247 1058 3444 1109 monte
3467 1053 3764 1110 clariﬁcati

2126 1139 2346 1208 (Matth.
2378 1157 2516 1211 xvn,
2550 1141 2639 1212 17,
2669 1142 2746 1213 2).

2201 1251 2228 1279 «
2261 1229 2478 1286 Oculus
2521 1230 2605 1286 fui
2634 1247 2808 1297 cmco,
2840 1235 2898 1286 et
2925 1246 3030 1302 pes
3058 1231 3289 1287 claudo.
3321 1253 3351 1281 »
3403 1232 3648 1300 Lumen,
3679 1232 3764 1287 in-

2128 1318 2274 1389 quit,
2308 1336 2439 1374 sum
2487 1321 2775 1392 peccatori
2823 1319 2884 1374 in
2931 1319 3207 1376 vitiorum
3237 1337 3480 1377 suorum
3513 1323 3763 1378 tenebris

2127 1407 2474 1479 ambulanti,
2525 1414 2583 1465 et
2633 1409 2692 1464 in
2746 1412 3171 1481 praceptorum
3224 1427 3492 1467 meorum
3539 1412 3756 1468 semitis

2126 1494 2478 1554 claudicanti
2500 1498 2691 1554 factus
2719 1515 2852 1554 sum
2884 1515 3143 1571 gressus.
3173 1499 3334 1557 Unde
3361 1501 3486 1572 ipse
3509 1501 3630 1557 ait:
3660 1504 3759 1573 Ego

2121 1601 2247 1640 sum
2277 1588 2371 1642 via
2407 1589 2584 1655 (Joan.
2619 1605 2734 1655 x1v,
2763 1589 2841 1660 6).

2194 1697 2222 1726 «
2257 1676 2428 1733 Pater
2481 1693 2642 1734 eram
2698 1693 3044 1751 pauperum,
3095 1701 3116 1729 ι
3170 1679 3228 1734 id
3281 1684 3388 1748 est,
3445 1679 3758 1738 humilium

2123 1765 2311 1821 corde.

2195 1875 2223 1904 «
2254 1855 2322 1910 Et
2351 1872 2590 1912 causam
2621 1873 2756 1912 cum
2786 1857 3141 1925 nesciebam,
3174 1859 3482 1932 diligenter
3527 1860 3764 1917 investi-

2117 1944 2352 2016 gabam.
2377 1966 2406 1994 »
2437 1945 2597 2001 Hanc
2626 1945 2806 2019 igitur
2835 1963 3073 2003 causam
3104 1948 3511 2020 peccaminum
3542 1950 3765 2006 miseri-

2117 2033 2314 2090 cordia
2335 2034 2566 2106 pietatis
2593 2051 2734 2091 mete
2764 2036 3124 2105 indulturus,
3153 2037 3603 2111 diligentissime
3633 2057 3762 2112 per-

2117 2123 2441 2192 scrutabar,
2465 2128 2532 2179 ut
2559 2125 2814 2182 radicem
2843 2125 3152 2182 vulnerum
3175 2127 3435 2184 curando
3462 2131 3760 2202 perquire-

2116 2227 2239 2268 rem
2265 2229 2278 2267 :
2311 2217 2379 2269 ut
2407 2218 2792 2285 peccatorem,
2822 2215 3209 2287 investigante
3239 2233 3353 2284 me,
3382 2218 3756 2275 conﬁtentem

2115 2301 2318 2372 culpas
2365 2319 2524 2370 suas,
2557 2303 2629 2360 ab
2669 2304 2830 2359 omni
2863 2309 3098 2377 peccato
3129 2306 3396 2362 criminis
3426 2306 3755 2364 liberarem.

2113 2390 2241 2446 Sive
2262 2390 2466 2447 aliter:
2496 2391 2750 2449 Nescivit
2774 2409 2981 2450 causas
3007 2395 3227 2466 peccati
3251 2395 3536 2452 Dominus
3561 2403 3759 2454 noster

2109 2479 2284 2536 Jesus
2316 2480 2583 2537 Christus
2617 2499 2631 2536 :
2663 2499 2814 2552 quas
2844 2483 2917 2538 ab
2948 2499 3015 2538 eo
3042 2484 3231 2539 Judaei
3264 2487 3622 2556 quaerebant.

2182 2592 2211 2618 «
2244 2569 2625 2625 Conterebam
2659 2570 2844 2627 molas
2877 2571 3090 2643 iniqui,
3117 2576 3179 2627 et
3203 2573 3274 2628 de
3304 2573 3579 2630 dentibus
3627 2577 3754 2645 ejus

355 2661 650 2732 ponebant
679 2661 764 2716 ori
793 2677 901 2716 suo
935 2677 948 2716 :
980 2676 1181 2715 vocem
1215 2675 1385 2714 suam
1417 2657 1769 2726 cohibebant
1798 2659 2000 2725 duces,
2110 2657 2440 2712 auferebam
2464 2658 2742 2728 praedam.
2771 2681 2799 2709 »
2823 2659 2991 2716 Hunc
3012 2659 3284 2733 iniquum
3307 2662 3607 2719 diabolum
3631 2681 3756 2720 esse

352 2755 408 2806 et
435 2750 638 2822 lingua
663 2765 864 2806 eorum
888 2750 1122 2820 gutturi”
1145 2765 1348 2804 eorum
1374 2747 1722 2802 adherebat.
1745 2766 1772 2797 η
1813 2748 1874 2802 In
1905 2746 2002 2802 ad-
2109 2749 2266 2801 recte
2294 2746 2604 2814 sentimus,
2638 2748 2809 2818 cujus
2856 2750 3061 2806 dentes
3115 2767 3180 2805 ac
3229 2752 3482 2808 molares
3513 2759 3655 2809 sunt
3682 2755 3751 2809 ad

349 2844 547 2910 ventu,
597 2839 808 2910 inquit,
850 2853 978 2894 meo
1028 2837 1296 2892 omnium
1346 2841 1682 2892 sanctorum
1732 2851 1997 2891 meorum
2105 2832 2561 2891 interimendum
2593 2837 2727 2892 saevi
2759 2855 2824 2892 ac
2854 2842 3049 2894 truces
3080 2839 3261 2896 animi
3297 2845 3513 2898 motus.
3546 2843 3624 2898 De
3654 2843 3757 2898 hu-

352 2926 658 3000 prophetia
686 2925 966 2982 conclusa
994 2929 1104 2991 est,
1135 2930 1193 2981 et
1223 2925 1475 2996 signata,
1511 2925 1663 2996 quod
1696 2923 1757 2978 in
1787 2923 2001 2979 Zacha~
2099 2924 2387 2994 jusmodi',
2420 2923 2632 2996 inquit,
2665 2927 2941 2982 dentibus
2971 2927 3132 2983 velut
3161 2930 3416 3000 praedam
3465 2932 3752 3002 captivam

349 3016 447 3072 riae
497 3015 728 3074 silentio
779 3016 1221 3088 praefiguratum
1268 3021 1372 3070 est.
1405 3013 1615 3069 Clausa
1641 3016 1731 3068 est
1759 3012 1997 3085 quidem
2107 3012 2435 3068 humanum
2479 3029 2666 3085 genus
2698 3015 2998 3082 abstraxit,
3033 3017 3104 3072 de
3134 3018 3340 3073 mortis
3375 3017 3580 3090 utique
3609 3019 3750 3075 illud

348 3104 656 3177 prophetia
685 3104 746 3159 in
767 3104 1044 3177 mysterio
1067 3103 1573 3167 annuntiatorum,
1603 3103 1705 3158 sed
1733 3102 1790 3158 in
1813 3119 1999 3158 sacra-
2106 3100 2351 3158 interitu
2399 3101 2724 3159 liberanda.
2757 3103 2973 3162 Omnes
3005 3106 3172 3178 impii
3202 3107 3409 3163 dentes
3439 3113 3579 3162 sunt
3628 3109 3749 3164 dia-

347 3199 679 3250 mentorum
713 3193 1008 3265 mysteriis
1039 3192 1324 3264 patefacta
1345 3197 1453 3247 cst.
1477 3192 1778 3263 Principes
1805 3196 1862 3247 et
1890 3192 1998 3246 du-
2032 3257 2067 3270 Α
2105 3189 2246 3245 boli.
2271 3195 2468 3246 Potest
2495 3197 2552 3248 et
2579 3192 2886 3250 haereticus
2915 3194 3165 3267 quisque
3193 3193 3465 3268 intelligi,
3490 3198 3550 3252 in
3581 3200 3750 3270 cujus

347 3299 441 3338 ces
457 3281 618 3338 illius
639 3257 1189 3355 populiJudzeorum
1207 3281 1446 3336 fuerunt
1461 3296 1648 3352 reges,
1663 3257 1995 3336 sacerdotes
2026 3257 2069 3325 (ἶ
2105 3279 2380 3335 dentibus
2403 3281 2667 3337 doctrina
2689 3257 2998 3356 perspicua
3018 3257 3324 3340 sentiatur.
3342 3257 3417 3340 Inv
3429 3257 3747 3343 molaribus

343 3375 401 3428 et
452 3371 766 3444 prepbetae.
820 3371 951 3426 Sive
1009 3370 1305 3441 principes
1363 3373 1422 3424 et
1478 3369 1676 3434 duces,
1728 3371 1992 3439 potentes
2102 3383 2234 3424 vero
2283 3367 2500 3426 lateant
2547 3376 2788 3440 remota,
2823 3378 2881 3428 et
2925 3378 3166 3444 secreta,
3213 3379 3270 3429 et
3323 3374 3578 3431 nefanda
3624 3394 3744 3448 my-

342 3459 564 3529 quique
587 3459 790 3514 mundi
813 3457 986 3512 istius
1007 3461 1182 3528 atque
1198 3456 1538 3527 eloquentes
1561 3459 1808 3527 possunt
1827 3455 1994 3511 intel-

341 3546 468 3617 ligi,
492 3546 593 3617 qui
625 3549 862 3618 propter
891 3545 1196 3601 mendacia
1224 3545 1604 3610 seductionis,
1629 3544 1991 3615 principatus

341 3635 404 3689 in
435 3633 670 3706 populis
718 3635 1018 3691 tenebant.
1054 3634 1120 3690 Hi
1166 3634 1228 3689 in
1277 3634 1528 3690 adventu
1557 3633 1774 3689 Christi
1805 3635 1989 3690 conti-

344 3726 614 3780 cuerunt.

414 3834 443 3864 ‹‹
472 3812 645 3868 Auris
675 3811 922 3869 audiens
954 3811 1324 3868 beatiﬁcabat
1352 3829 1464 3868 me.
1497 3831 1523 3863 ιι
1563 3812 1840 3869 Gentium
1872 3811 1987 3868 uti-

342 3917 456 3975 que
485 3901 758 3975 populus,
793 3901 864 3956 ad
897 3917 1071 3973 quem
1103 3900 1482 3973 Evangelium
1515 3917 1735 3968 meum,
1765 3917 1992 3956 annun-

337 3992 552 4048 tiatum
583 3989 991 4064 prmdicatione
1020 3989 1299 4061 pervenit.
1333 3989 1440 4055 Qui
1488 4006 1590 4061 pro
1638 3990 1988 4062 redemptio-

341 4098 418 4139 ne
461 4098 573 4138 sua
618 4079 854 4137 laudem
903 4079 1190 4148 deferens,
1224 4077 1592 4135 beatificabat
1637 4094 1731 4134 me
1768 4079 1988 4150 gratias

342 4171 590 4242 agendo.

418 4280 447 4309 «
477 4260 546 4314 Et
565 4259 772 4316 oculus
794 4258 1020 4326 videns,
1041 4257 1443 4314 testimonium
1467 4257 1750 4314 reddebat
1768 4256 1935 4312 mihi.
1955 4279 1986 4307 ››

338 4347 599 4420 Populus
645 4347 914 4403 videlicet
961 4347 1321 4413 Judzeorum,
1375 4347 1467 4403 cui
1520 4363 1622 4419 per
1673 4345 1986 4419 prephetas

338 4453 502 4493 meos
531 4436 843 4508 praedictus
870 4438 1116 4504 fueram,
1141 4436 1200 4490 in
1232 4435 1543 4508 praesentia
1563 4435 1848 4492 adventus
1870 4435 1986 4491 mei

334 4524 743 4583 testimonium
780 4525 1060 4581 reddebat
1090 4523 1256 4579 mihi.

2101 3457 2296 3512 steria.

2171 3567 2201 3595 «
2233 3544 2625 3619 Dicebamque
2657 3565 2672 3604 :
2722 3549 2786 3605 In
2834 3549 3036 3606 nidulo
3081 3567 3210 3607 meo
3241 3552 3476 3620 moriar,
3511 3559 3568 3609 et
3595 3556 3750 3610 sicut

2097 3633 2295 3705 palma
2315 3634 2716 3707 multiplicabo
2743 3638 2889 3694 dies.
2912 3661 2940 3688 »
2963 3638 3147 3696 Nidus
3173 3640 3408 3696 Domini
3435 3641 3752 3700 Salvatoris

2099 3722 2355 3779 Ecclesia
2401 3725 2530 3796 ejus
2579 3730 2772 3797 potest
2815 3727 3085 3801 intelligi.
3118 3729 3223 3784 Hic
3253 3730 3435 3802 igitur
3468 3733 3754 3788 Dominus

2098 3811 2161 3867 in
2180 3811 2438 3870 Ecclesia
2461 3814 2633 3885 quasi
2659 3815 2861 3872 nidulo
2890 3833 3016 3886 suo,
3042 3835 3217 3890 quem
3249 3819 3360 3874 sibi
3395 3820 3526 3876 feno
3557 3824 3752 3878 carnis

2097 3900 2370 3958 humans:
2391 3904 2705 3976 congessit,
2723 3908 2779 3960 et
2799 3906 2859 3960 in
2882 3922 3000 3977 qua
3024 3912 3288 3979 procreat
3307 3925 3373 3964 ac
3397 3909 3554 3966 fovet
3573 3911 3748 3978 filios,

2098 3991 2246 4046 mori
2278 3991 2511 4060 dicitur,
2545 3993 2685 4048 dum
2731 3995 2997 4050 membra
3026 3996 3176 4066 ejus,
3209 4013 3461 4068 quorum
3498 3998 3625 4070 ipse
3655 4017 3755 4055 ca—

2096 4084 2203 4150 put
2232 4085 2340 4146 est,
2373 4079 2526 4136 vitiis
2557 4098 2624 4136 ac
2653 4082 3141 4156 concupiscentiis
3182 4084 3365 4154 hujus
3395 4087 3594 4142 saeculi
3629 4105 3754 4142 mo-

2096 4167 2349 4223 riuntur.
2382 4169 2659 4238 Sequitur
2705 4187 2718 4226 :
2775 4169 2845 4226 Et
2894 4172 3046 4227 sicut
3096 4173 3294 4245 palma
3346 4174 3755 4248 multiplicabo

2098 4255 2222 4312 dies
2254 4258 2402 4327 ejus.
2438 4257 2623 4329 Igitur
2650 4264 2785 4331 post
2813 4260 3209 4317 humilitatem
3242 4262 3536 4331 Ecclesiae,
3569 4282 3752 4337 quam

2095 4344 2156 4399 in
2187 4344 2386 4401 nidulo
2418 4348 2691 4418 superius
2721 4348 3006 4406 Dominus
3049 4349 3349 4415 indicavit,
3382 4351 3632 4425 gloriam
3665 4353 3749 4408 al-

2093 4433 2362 4491 titudinis
2410 4436 2538 4506 ejus
2590 4436 2649 4490 in
2703 4436 2899 4509 palma
2943 4439 3146 4494 arbore
3186 4439 3371 4495 voluit
3414 4444 3748 4508 ostendere,

2094 4525 2264 4592 cujus
2311 4525 2475 4580 radix
2527 4542 2732 4596 aspera
2776 4527 3006 4582 videtur
3054 4528 3114 4583 in
3160 4533 3337 4595 terra,
3371 4531 3529 4587 unde
3567 4533 3747 4586 etiam

408 4641 436 4668 ‹‹
468 4617 586 4689 Ego
619 4614 774 4688 quod
807 4614 1149 4670 liberassem
1182 4627 1501 4684 pauperem
1549 4611 1980 4680 vociferantem,
2016 4633 2062 4698 ι)
2095 4612 2334 4669 nidulus
2388 4613 2753 4686 appellatur;
2804 4617 2904 4672 sed
2945 4616 3128 4673 comis
3159 4616 3406 4689 pulchra
3433 4620 3546 4676 sub
3579 4620 3744 4686 coelo,

331 4711 390 4764 et
419 4704 712 4779 pupillum
744 4704 837 4760 cui
872 4720 988 4760 non
1019 4705 1144 4758 erat
1174 4701 1425 4772 adjutor.
1462 4723 1490 4751 »
1538 4703 1765 4772 Pauper
1804 4701 1899 4757 hic
1929 4707 1986 4758 et

331 4795 616 4868 pupillus,
641 4799 982 4850 sanctorum
1011 4789 1264 4864 populus
1289 4795 1379 4845 est
1396 4788 1812 4862 intelligendus
1838 4807 1851 4845 :
1880 4790 1980 4861 qui

331 4889 569 4956 propter
596 4881 995 4941 humilitatem
1050 4879 1295 4950 spiritus
1329 4877 1728 4947 contribulati,
1762 4896 1984 4952 pauper

329 4977 418 5027 est
471 4972 682 5028 dictus.
716 4969 986 5042 Pupillus
1035 4985 1168 5025 vero
1216 4967 1433 5023 idcirco
1485 4967 1676 5024 dictus
1706 4976 1810 5033 est,
1842 4967 1982 5039 quia

329 5064 494 5130 pater
521 5076 726 5117 eorum
756 5075 859 5131 pro
889 5064 1150 5132 tempore
1181 5058 1394 5114 absens
1437 5061 1528 5112 est
1559 5072 1572 5110 :
1629 5055 1730 5126 qui
1778 5055 1859 5112 ita
1888 5055 1978 5112 lo-

330 5147 570 5220 quitur:
599 5152 724 5204 Non
752 5150 1065 5220 relinquam
1092 5164 1184 5204 vos
1212 5146 1482 5219 orphanos
1514 5147 1689 5216 (Joan.
1714 5163 1828 5214 xxv,
1863 5146 1973 5216 18).

407 5258 429 5287 ι
462 5238 794 5295 Benedictio
826 5238 1013 5309 pueri,
1039 5260 1067 5287 ››
1101 5237 1238 5306 sive,
1275 5241 1339 5292 ut
1368 5235 1465 5292 alii
1497 5234 1788 5302 dixerunt,
1821 5257 1849 5286 «
1880 5251 1975 5307 pe-

324 5327 516 5397 rituri,
550 5344 728 5399 super
758 5345 850 5383 me
882 5327 1166 5391 veniebat,
1201 5331 1257 5383 et
1288 5343 1386 5382 cor
1413 5325 1600 5381 vidum
1632 5323 1969 5380 consolatus

320 5434 476 5474 sum.
511 5439 540 5467 ››
590 5416 856 5489 Pupillus
887 5416 1074 5472 tidelis
1105 5420 1161 5471 et
1191 5420 1433 5472 sanctus
1471 5431 1483 5468 :
1536 5431 1700 5486 puer,
1734 5418 1970 5485 propter

319 5507 741 5580 reciprocatam
791 5505 1186 5561 innocentiam
1217 5508 1592 5575 nuncupatus
1622 5508 1728 5558 est.
1763 5502 1963 5557 Perdi-

311 5602 409 5655 tus
433 5613 565 5654 vero
587 5596 743 5652 idem
766 5593 1092 5667 appellatus
1115 5601 1222 5661 est,
1249 5593 1390 5664 quia
1415 5592 1705 5665 sanguine
1727 5590 1960 5648 Domini

307 5686 635 5762 acquisitus
674 5688 780 5742 est.

2095 4719 2229 4760 cum
2260 4719 2329 4758 ex
2359 4703 2780 4760 resurrectione
2809 4705 2986 4760 fuerit
3013 4705 3358 4778 glorificata,
3390 4707 3604 4779 palmas
3633 4708 3745 4764 cel-

2093 4792 2414 4848 situdinem
2445 4792 2748 4860 obtinebit,
2781 4793 2840 4848 id
2879 4798 2990 4860 est,
3019 4793 3310 4850 virtutum
3344 4813 3589 4852 suarum
3627 4816 3745 4853 me-

2093 4883 2204 4936 rita
2232 4885 2642 4952 consequetur,
2676 4899 2803 4954 quae
2835 4883 2893 4937 in
2926 4883 3124 4954 palma
3153 4884 3585 4956 signiﬁcantur.
3619 4887 3746 4942 Sive

2090 4969 2334 5026 nidulus
2363 4969 2456 5025 hic
2501 4970 2751 5043 populus
2781 4972 3115 5027 Judaanrum
3148 4977 3340 5045 potest
3369 4974 3648 5048 intelligi.
3685 4978 3746 5030 ln

2089 5059 2198 5115 hoc
2230 5058 2410 5131 igitur
2435 5059 2594 5128 nido,
2619 5061 2738 5131 pati
2771 5064 2828 5117 et
2852 5062 2999 5117 mori
3032 5079 3134 5133 pro
3164 5063 3332 5118 nobis
3358 5063 3565 5129 voluit,
3590 5066 3750 5120 sicut

2087 5148 2167 5202 ait
2195 5147 2415 5203 Judsais
2449 5163 2461 5202 :
2495 5148 2725 5220 Moriar,
2760 5155 2817 5204 et
2847 5150 2906 5205 in
2939 5166 3141 5207 eorum
3174 5152 3471 5208 mentibus
3504 5155 3746 5209 cruciﬁ-

2083 5253 2221 5306 gar:
2256 5235 2357 5290 ubi
2389 5238 2712 5293 secundum
2744 5237 3044 5294 hominem
3068 5246 3443 5296 conversatus
3473 5247 3532 5296 et
3563 5250 3746 5298 natus

2082 5342 2235 5392 sum,
2269 5330 2326 5380 et
2356 5325 2415 5380 in
2446 5325 2744 5398 gentibus,
2773 5328 2872 5384 ubi
2904 5327 3101 5400 palma
3129 5323 3380 5384 victoris:
3411 5347 3574 5397 mese,
3612 5349 3744 5386 cru-

2079 5414 2282 5486 cisque
2333 5415 2606 5470 vexillum
2660 5421 2917 5471 erectum
2967 5423 3076 5482 est,
3126 5417 3531 5489 multiplicabo
3579 5421 3735 5482 dies,

2076 5504 2276 5558 dicens
2328 5505 2412 5559 eis
2447 5522 2460 5559 :
2509 5507 2644 5559 Ecce
2673 5521 2765 5575 ego
2793 5507 3069 5561 vobiscum
3099 5523 3218 5561 sum
3248 5508 3502 5562 omnibus
3531 5509 3739 5563 diebus

2073 5609 2242 5664 usque
2271 5593 2340 5648 ad
2367 5597 2891 5650 consummationem
2914 5597 3103 5651 saeuit
3129 5598 3338 5667 (Matth.
3369 5614 3567 5662 xxvm,
3607 5600 3732 5667 ‘20).

2143 5705 2171 5732 ‹‹
2206 5681 2389 5740 Radix
2434 5697 2564 5739 mea
2592 5688 2791 5755 aperta
2818 5689 2907 5742 cst
2935 5700 3104 5743 secus
3133 5702 3339 5759 aquas,
3371 5690 3428 5743 et
3457 5701 3559 5744 res
3589 5704 3728 5744 mo-
