3980 6184
277 334 403 397 153

1347 334 1862 397 COMMENTAR.
1899 333 1990 394 rIN
2032 333 2192 397 JOB.
2240 334 2416 394 CAP.
2463 335 2654 396 XXX.

3577 341 3692 400 754

275 469 508 526 rabitur
533 467 596 524 in
628 468 920 526 messione
947 470 1100 524 mea.
1133 487 1162 518 »
1193 470 1282 523 Ita
1319 468 1433 523 erit
1477 467 1538 522 in
1587 465 1926 522 nationibus
1952 467 2009 535 Α
2040 467 2257 534 Gratia,
2291 466 2501 538 inquit,
2535 465 2856 538 praesentiae
2889 480 3051 538 mea,
3085 484 3261 539 quam
3294 471 3514 527 mundo
3556 471 3689 527 uni-

275 557 529 624 radix,id
562 557 824 624 est,lides
855 574 971 630 qua
997 556 1141 612 mihi
1174 555 1387 629 placeri
1418 555 1597 622 volui,
1628 559 1694 610 ut
1722 572 1926 612 omnes

273 647 463 703 sancti
495 646 553 701 in
585 645 893 717 praeteritis
927 647 1274 719 placuerunt
1300 662 1312 700 :
1346 647 1411 700 ut
1440 647 1636 716 pateat
1661 645 1924 717 gentium

271 736 464 809 aquis,
508 735 568 791 id
601 743 708 801 est,
744 735 1019 808 populus,
1052 739 1117 791 ut
1161 735 1222 790 in
1269 751 1365 790 me
1412 734 1634 790 scilicet
1661 734 1921 799 credant,

271 825 490 898 quibus
521 825 731 894 utique
753 825 815 880 in
846 824 1228 884 retributione
1268 828 1503 895 aterna,
1552 840 1648 880 ros
1699 823 1921 895 gratia,

269 920 329 970 et
357 914 622 970 muneris
671 915 780 970 erit
827 930 920 969 me
967 913 1249 987 largiente
1278 915 1561 986 proﬂuus.
1596 912 1727 968 Sive
1756 912 1923 968 radix

272 1003 580 1060 cbaritatis
612 1021 752 1060 mea
783 1008 959 1076 atque
987 1003 1337 1073 dilectionis,
1386 1019 1514 1076 qua
1564 1003 1680 1058 ﬁxa
1730 1005 1819 1058 est
1860 1003 1918 1057 in

270 1093 551 1150 cordibus
602 1093 972 1166 diligentium
1022 1109 1115 1149 me
1161 1109 1174 1149 ε
1227 1096 1426 1166 aperta
1472 1096 1560 1149 est
1603 1092 1662 1146 in
1713 1091 1798 1147 eis
1847 1092 1918 1146 ad

270 1199 457 1256 aquas
488 1181 860 1256 eloquiorum
890 1199 1177 1239 meorum.

346 1295 374 1323 «
403 1271 604 1328 Gloria
630 1288 765 1328 mea
795 1287 1026 1344 semper
1053 1271 1482 1328 innovabitur.»
1511 1270 1617 1326 Hic
1647 1270 1914 1342 gloriam,

269 1361 590 1418 Ecclesiam
648 1360 974 1434 intelligere
1030 1375 1396 1432 possumus:
1431 1359 1627 1416 Gloria
1677 1360 1915 1432 quidem

265 1451 460 1507 Patris
493 1455 583 1506 est
609 1449 811 1518 Filius,
865 1450 960 1506 cui
1009 1450 1149 1506 dicit
1198 1450 1366 1506 Pater
1396 1467 1410 1506 :
1444 1454 1713 1521 Exsurge,
1740 1450 1918 1521 gloria

263 1555 415 1608 mea,
446 1554 677 1608 exsurge
697 1538 864 1611 (Psal.
896 1555 1030 1611 cvu,
1061 1540 1140 1611 3).
1169 1539 1281 1595 Sed
1309 1538 1479 1595 aliter
1506 1538 1764 1595 Ecclesia
1791 1537 1916 1611 glo-

266 1630 360 1685 ria
389 1633 497 1702 est,
531 1645 655 1702 qua
675 1628 1002 1700 justiﬁcata
1031 1631 1120 1685 est
1149 1644 1254 1702 per
1284 1628 1554 1701 gratiam.

341 1741 370 1769 ‹‹
405 1720 472 1775 Et
500 1735 669 1775 arcus
701 1735 868 1775 meus
897 1718 959 1774 in
985 1735 1166 1774 manu
1215 1734 1346 1774 mea
1394 1717 1839 1774 instaurabitur.
1883 1740 1912 1769 »

254 1810 479 1864 Arcum
501 1808 657 1865 hunc
681 1809 957 1867 virtutem
979 1807 1303 1880 intelligere
1329 1824 1791 1881 possumus,qua
1809 1825 1914 1880 pro

258 1897 521 1955 Ecclesia
548 1915 658 1954 sua
685 1914 873 1970 usque
902 1898 974 1954 ad
1006 1897 1184 1955 ﬁnem
1233 1898 1435 1954 saculi
1484 1915 1746 1971 pugnare
1792 1915 1908 1955 non

257 1987 500 2044 desinit.

341 2099 363 2128 ι
395 2077 505 2143 Qui
536 2093 630 2133 me
663 2076 998 2144 audiebant,
1029 2077 1444 2149 exspectabant
1473 2076 1912 2145 sententiam,et

258 2167 477 2223 intenti
525 2167 798 2223 tacebant
845 2167 917 2222 ad
967 2165 1278 2222 consilium
1330 2179 1550 2222 meum.
1584 2186 1614 2217 υ
1644 2166 1912 2230 Quotidie

261 2256 485 2312 clamat
521 2255 786 2311 Christus
843 2271 948 2327 per
1000 2255 1438 2327 dispensatores
1488 2255 1648 2310 verbi
1704 2255 1816 2327 sui,
1857 2260 1915 2312 et

262 2345 606 2402 obedientes
637 2345 709 2416 ei,
743 2345 1094 2402 sententiam
1125 2344 1485 2401 deﬁnitionis
1533 2345 1662 2416 ejus
1709 2360 1912 2418 exspe-

263 2438 450 2491 ctant.
473 2434 545 2490 Et
571 2433 782 2490 intenti
813 2434 1080 2490 tacebant
1110 2434 1182 2489 ad
1213 2433 1524 2491 consilium
1556 2449 1775 2490 meum.
1795 2435 1912 2491 Hoc

259 2523 443 2579 verbo
487 2522 725 2595 silentii,
778 2527 1117 2579 sanctorum
1160 2522 1525 2595 significatur
1562 2524 1911 2592 obedientia,

261 2611 372 2684 qui
400 2612 552 2667 tardi
583 2615 722 2668 sunt
749 2612 821 2668 ad
853 2611 1469 2684 loquendum,veloces
1499 2616 1694 2668 autem
1728 2614 1800 2668 ad
1823 2614 1914 2669 fa-

260 2701 543 2758 ciendum
589 2702 781 2773 :sive,
813 2701 952 2774 quia
1006 2701 1066 2756 in
1117 2701 1246 2773 ipsa
1301 2701 1686 2773 inquisitione
1745 2702 1910 2775 legis,

258 2792 455 2848 sancti
485 2791 693 2847 intenti
723 2806 852 2847 esse
879 2790 1174 2846 dicuntur.

339 2903 368 2932 ‹‹
402 2880 600 2937 Verbis
627 2881 777 2936 meis
807 2879 953 2935 nihil
1011 2879 1219 2936 addere
1257 2880 1570 2936 audebant.
1613 2903 1635 2933 ι
1681 2882 1913 2937 Statuta

257 2971 469 3042 utique
536 2975 593 3025 et
656 2972 884 3027 decreta
941 2987 1057 3026 non
1139 2969 1526 3026 convellentes
1594 2970 1908 3028 Ecclesia:

257 3061 328 3116 in
360 3077 475 3132 qua
503 3061 954 3117 fundamentum
985 3063 1074 3115 est
1099 3059 1382 3124 veritatis,
1414 3058 1742 3115 stabiliunt.
1785 3061 1911 3116 Ha-

259 3149 430 3205 retici
463 3137 658 3205 autem
683 3154 740 3205 et
769 3147 1152 3215 schismatici,
1198 3149 1658 3220 prasumptione
1709 3166 1912 3222 super-

2033 571 2198 612 verso
2246 553 2496 622 innotui,
2543 553 2775 609 illustro
2828 555 3004 610 corda
3059 556 3340 630 ﬁdelium,
3391 559 3532 631 quia
3581 577 3686 634 ego

2034 660 2164 700 sum
2198 643 2296 699 lux
2327 644 2532 700 mundi
2563 645 2742 715 (Joan.
2793 660 2916 711 VIII,
2970 645 3079 713 1'2),
3131 649 3188 700 et
3231 647 3514 719 quidquid
3549 668 3682 722 pro-

2033 733 2246 790 misero
2275 733 2740 791 custodientibus
2771 737 3006 806 pactum
3034 749 3253 806 meum,
3289 737 3517 792 irritum
3565 757 3680 796 non

2032 824 2142 878 erit
2172 839 2185 878 :
2220 824 2321 880 sed
2353 826 2540 880 totum
2573 824 2633 879 in
2660 828 2922 895 tempore
2953 823 3358 880 retributionis
3407 819 3694 898 implebii

2030 916 2145 967 tur.

2105 1049 2131 1077 ‹‹
2164 1027 2222 1082 Si
2262 1027 2582 1084 voluissem
2639 1027 2722 1083 ire
2780 1028 2850 1083 ad
2908 1044 3028 1097 eos,
3087 1029 3363 1084 sedebam
3424 1028 3673 1100 primus.

2028 1118 2287 1188 Cumque
2318 1117 2580 1171 sederem
2612 1115 2779 1188 quasi
2813 1132 2908 1171 rex
2943 1115 3357 1172 circumstante
3396 1117 3673 1186 exercitu,

2027 1219 2187 1259 eram
2215 1209 2413 1261 tamen
2447 1205 2814 1260 maerentium
2848 1205 3196 1261 consolator.
3229 1226 3255 1256 ››
3293 1207 3378 1261 Ita
3418 1206 3672 1262 sentien-

2026 1295 2169 1349 dum
2199 1298 2307 1362 est,
2339 1293 2598 1366 quicum
2627 1294 2780 1365 apud
2820 1297 3054 1350 sanctos
3103 1311 3242 1350 suos
3295 1311 3568 1367 magnus,
3618 1302 3675 1352 et

2023 1381 2085 1438 in
2115 1382 2356 1438 excelsis
2386 1382 2737 1452 babitet,qui
2768 1386 2825 1437 et
2854 1382 3045 1454 angeli
3078 1381 3425 1455 plerumque
3468 1384 3672 1440 dicun-

2023 1475 2204 1542 tur,et
2234 1472 2304 1527 de
2335 1471 2552 1543 quibus
2583 1471 2906 1527 secundum
2938 1470 3111 1528 aliam
3143 1472 3458 1528 editionem
3489 1473 3667 1532 dicit:

2028 1565 2189 1617 Eram
2220 1562 2379 1634 quasi
2407 1577 2506 1617 rex
2533 1562 2841 1617 concinctus
2869 1561 3100 1632 fortibus
3127 1582 3147 1616 .-
3180 1566 3560 1635 compunctos
3588 1567 3669 1619 ta-

2023 1668 2158 1708 men
2189 1654 2246 1706 et
2276 1651 2557 1707 contritas
2587 1651 2757 1707 corde
2787 1668 2904 1707 non
2936 1652 3219 1723 despexit.

2097 1798 2126 1829 ‹‹
2158 1775 2325 1836 Nunc
2355 1782 2552 1833 autem
2584 1777 2852 1833 derident
2883 1793 2975 1832 me
3001 1776 3268 1847 juniores
3316 1780 3600 1849 tempore.
3635 1800 3664 1828 »

1944 1847 1991 1910 B
2022 1865 2294 1938 Legimus
2325 1865 2385 1920 in
2415 1866 2748 1938 Evangelio,
2777 1867 3275 1938 quemadmodum
3305 1847 3516 1924 irrisus
3555 1872 3663 1938 est,

2018 1960 2076 2012 et
2102 1954 2336 2011 illusus.
2371 1955 2581 2024 (Matth.
2615 1971 2790 2022 xxvn,
2822 1954 2936 2024 29).

2092 2103 2119 2130 ‹‹
2189 2080 2448 2143 Quorum
2507 2094 2623 2135 non
2677 2078 2964 2151 dignabar
3038 2083 3234 2151 patres
3287 2097 3498 2153 ponere
3569 2099 3662 2138 ca-

2021 2169 2196 2226 nibus
2227 2167 2419 2242 gregis
2449 2169 2622 2223 mei.»
2654 2168 2770 2240 Ego
2803 2185 2975 2224 canes
3008 2168 3067 2223 in
3100 2169 3314 2225 bonam
3337 2173 3560 2242 partem
3584 2171 3667 2226 di-

2021 2263 2144 2316 ctos
2169 2259 2439 2327 exstimo,
2467 2257 2569 2330 qui
2597 2274 2832 2331 gregem
2883 2258 3110 2314 Domini
3159 2277 3193 2314 a
3241 2260 3443 2316 bestiis
3492 2261 3663 2333 spiri-

2018 2349 2278 2406 tualibus
2307 2347 2604 2421 vigilando
2630 2349 2969 2405 detendunt.
2995 2349 3076 2404 De
3118 2348 3332 2420 quibus
3364 2349 3502 2406 dicit
3529 2367 3664 2422 pro-

2021 2439 2198 2511 pheta
2247 2455 2260 2493 :
2316 2438 2486 2493 Canes
2530 2440 2695 2504 muti,
2724 2453 2836 2493 non
2882 2439 3123 2493 valentes
3154 2439 3361 2494 latrare
3391 2439 3518 2511 (Isa.
3554 2457 3664 2510 va,

2022 2529 2131 2601 10).
2158 2529 2494 2583 Judaorum
2522 2543 2754 2599 quoque
2784 2530 2997 2599 patres,
3034 2527 3137 2600 qui
3168 2531 3307 2583 sunt
3337 2527 3541 2600 utique
3570 2546 3670 2585 sa-

2023 2617 2306 2684 cerdotes,
2339 2616 2652 2690 principes,
2701 2617 2981 2690 pastorali
3007 2617 3079 2672 ab
3111 2616 3194 2673 eis
3228 2617 3444 2690 quippe
3475 2618 3670 2675 ablata

2021 2707 2326 2779 dignitate,
2374 2723 2490 2762 non
2540 2706 2730 2778 posui,
2787 2707 2869 2762 ait
2912 2707 3218 2771 Dominus,
3269 2724 3403 2764 cum
3445 2709 3667 2764 sanctis

2021 2796 2214 2869 gregis
2245 2797 2440 2852 ovium
2471 2811 2737 2851 mearum
2770 2795 3135 2862 custodibus,
3157 2797 3230 2851 ob
3261 2795 3548 2852 malitiam
3577 2797 3667 2852 in-

2021 2885 2316 2942 ﬁdelitatis
2349 2903 2465 2941 sua
2500 2901 2513 2940 :
2548 2901 2622 2940 ne
2653 2884 2976 2940 sacerdotio
3007 2885 3330 2956 fungantur
3359 2883 3525 2952 mihi,
3561 2885 3663 2940 ab-

2013 2977 2128 3050 jeci
2157 2992 2255 3031 eos
2288 2975 2458 3046 (Osee,
2492 2991 2567 3044 Iv,
2599 2975 2675 3044 6).
2707 2973 2868 3037 Quod
2902 2973 3076 3028 etiam
3130 2975 3188 3028 in
3227 2972 3536 3045 Evangelio
3585 2973 3669 3028 di-

2023 3068 2101 3122 cit
2133 3083 2145 3120 :
2179 3067 2473 3136 Auferetur
2500 3081 2533 3118 α
2560 3065 2712 3118 vobis
2740 3079 2970 3134 regnum
2997 3065 3095 3118 Dei
3109 3062 3319 3132 (Matth.
3343 3079 3458 3131 xxx,
3482 3063 3569 3134 43)
3612 3066 3668 3118 et

2023 3156 2268 3227 reliqua.
2297 3153 2407 3208 Ubi
2427 3153 2553 3224 jam
2594 3151 2798 3224 incipit
2826 3151 3026 3208 tollere
3057 3169 3266 3225 panem
3300 3151 3575 3222 ﬁliorum,
3609 3155 3668 3208 et

255 3239 394 3310 bia,
428 3255 554 3311 qua
582 3243 862 3312 prastant
888 3239 1137 3304 cateris,
1160 3238 1355 3294 verbis
1385 3237 1640 3304 Domini,
1671 3237 1909 3295 inventa
1939 3226 1982 3294 C
2021 3226 2252 3300 mittere
2283 3241 2548 3309 canibus,
2582 3240 2735 3297 sicut
2782 3241 2853 3296 ad
2901 3258 3036 3297 eum
3091 3241 3150 3296 in
3197 3241 3506 3314 Evangelio
3555 3242 3665 3298 sub

259 3329 340 3383 de
369 3329 537 3384 corde
565 3345 674 3385 suo
703 3332 878 3400 atque
908 3322 1204 3399 superﬂua
1229 3328 1506 3399 dogmata
1525 3325 1910 3398 plenitudinis

257 3433 658 3490 superponere
688 3417 1038 3474 moliuntur.

334 3529 364 3557 ‹‹
398 3509 468 3562 Et
498 3523 674 3580 super
702 3507 835 3563 illos
867 3506 1129 3563 stillabat
1158 3506 1455 3577 eloquium
1487 3523 1743 3562 meum.»
1767 3509 1908 3564 Sen-

257 3596 374 3653 sim
408 3596 611 3669 utique
651 3613 841 3654 sermo
889 3596 1163 3652 doctrina
1211 3613 1371 3667 mea,
1407 3595 1710 3670 diligentia
1758 3613 1906 3667 mea,

256 3685 630 3758 diligentium
663 3702 756 3741 me
789 3685 1010 3741 viscera
1040 3686 1386 3758 penetrabat
1417 3701 1430 3740 :
1464 3685 1524 3740 in
1558 3702 1672 3757 quo
1717 3686 1905 3758 profe-

255 3778 391 3831 ctus
423 3775 752 3830 animorum
783 3773 1120 3846 quotidiein
1139 3775 1458 3830 virtutibus
1487 3774 1906 3846 intelligendus

255 3868 370 3919 est.
404 3862 512 3918 Ubi
543 3863 714 3935 quasi
743 3879 777 3919 a
799 3880 976 3936 parva
1004 3862 1161 3918 stilla
1190 3862 1902 3935 principiorum,perveni-

255 3957 356 4007 tur
408 3953 478 4008 ad
526 3953 706 4008 vitam
756 3952 993 4024 plenam
1050 3951 1448 4023 perfectionis,
1473 3957 1776 4024 tamquam
1832 3953 1904 4008 ad

252 4039 516 4113 pluviam
542 4041 756 4109 cordis,
788 4045 1005 4097 terram
1036 4057 1206 4097 suam
1240 4041 1408 4113 copia
1438 4044 1821 4097 saturantem.

327 4154 357 4181 «
389 4131 818 4204 Exspectabant
844 4147 940 4187 me
969 4130 1139 4202 quasi
1179 4129 1458 4203 pluviam,
1509 4136 1567 4186 et
1615 4147 1680 4186 os
1729 4147 1902 4186 suum

251 4219 595 4292 aperiebant
625 4220 794 4293 quasi
843 4221 916 4276 ad
965 4220 1213 4277 imbrem
1248 4221 1592 4277 serotinum.
1627 4242 1656 4271 »
1689 4220 1904 4276 Omnes

249 4310 445 4366 sancti
476 4309 727 4382 antiqui,
757 4307 1116 4365 Salvatorem
1144 4309 1204 4364 in
1235 4326 1408 4366 carne
1446 4313 1759 4366 venturum
1808 4326 1902 4366 ex-

249 4402 683 4472 spectaverunt,
715 4403 772 4454 et
806 4415 1011 4455 omnes
1041 4415 1200 4454 nunc
1230 4399 1453 4471 pariter
1498 4401 1570 4455 ad
1607 4399 1902 4471 judicium

245 4491 563 4544 venturum
595 4486 998 4544 indubitanter
1038 4491 1374 4560 exspectant
1404 4504 1417 4543 :
1453 4489 1526 4544 ad
1573 4490 1744 4560 cujus
1790 4490 1899 4545 im-

246 4579 418 4634 brem
448 4579 794 4646 serotinum,
827 4578 884 4633 id
917 4581 1025 4649 est,
1056 4576 1460 4649 Evangelium,
1495 4595 1595 4633 ora
1635 4579 1899 4635 cordium

245 4684 497 4724 suorum
528 4684 685 4723 nunc
715 4668 980 4723 sitientes
1013 4666 1470 4739 aperiunt:quia
1498 4666 1732 4724 meliora
1754 4674 1898 4737 sunt,

245 4763 317 4814 ut
344 4757 725 4813 Ecclesiastes
773 4757 876 4824 ait,
921 4757 1229 4812 novissima
1273 4759 1562 4825 sermonis,
1597 4773 1764 4829 quam
1791 4759 1901 4813 ini-

241 4851 396 4905 tium
423 4849 540 4919 ejus
567 4847 762 4918 (Eccle.
795 4863 897 4915 vn,
928 4847 1004 4918 9).

320 4961 349 4986 ‹‹
385 4937 444 4993 Si
475 4937 710 5009 quando
741 4937 1007 4992 ridebam
1056 4937 1127 4992 ad
1177 4952 1297 5005 eos,
1333 4952 1449 4991 non
1497 4935 1830 4991 credebant.
1865 4959 1892 4987 »

241 5029 310 5083 Id
342 5031 454 5093 est,
483 5026 666 5082 Judaei
701 5043 816 5082 non
851 5027 1090 5082 credent
1131 5025 1277 5080 mihi
1323 5023 1496 5079 hilari
1543 5025 1755 5096 pietate
1805 5026 1894 5080 fu-

237 5125 392 5174 tura
421 5115 802 5172 beatitudinis
828 5113 1109 5184 latitiam,
1144 5118 1200 5170 et
1229 5118 1454 5170 aterna
1506 5113 1721 5186 gaudia
1768 5131 1895 5185 pro-

241 5205 615 5280 promittenti
649 5223 662 5260 ε
694 5209 752 5260 et
780 5208 1112 5276 peccatores
1163 5220 1266 5276 pro
1312 5207 1475 5260 reatu
1525 5203 1892 5259 conscientia

242 5295 488 5363 sua,vix
517 5295 757 5349 credent
784 5292 1197 5349 misericordia
1227 5309 1390 5359 mea,
1411 5295 1468 5346 et
1499 5292 1609 5347 sibi
1641 5293 1891 5348 salutem

241 5385 373 5441 dari
427 5401 597 5456 posse
645 5400 760 5456 pra
810 5381 1216 5455 magnitudine
1273 5381 1587 5438 criminum
1619 5382 1891 5454 despera—

231 5477 395 5532 “bunt
424 5490 556 5530 cum
589 5490 695 5546 ego
727 5472 1198 5529 convertentibus
1228 5473 1297 5528 ad
1334 5488 1426 5527 me
1457 5473 1682 5544 majora
1712 5489 1890 5544 quam

239 5581 349 5640 spe
380 5563 608 5636 possint
636 5579 862 5636 capere,
895 5560 1212 5618 collaturus
1244 5578 1398 5618 sum.

316 5676 346 5710 ις
383 5652 452 5712 Et
479 5651 581 5713 lux
605 5652 808 5715 vultus
850 5651 966 5712 mei
1008 5665 1126 5710 non
1174 5651 1417 5711 cadebat
1463 5651 1524 5709 in
1570 5655 1808 5712 terram.
1858 5671 1888 5704 ››

2018 3338 2156 3407 typo
2184 3331 2450 3387 Ecclesia
2480 3330 2698 3386 dicitur
2727 3345 2741 3386 ε
2776 3331 2916 3386 Nam
2961 3335 3010 3384 et
3058 3331 3243 3386 catelli
3270 3329 3437 3386 edunt
3465 3331 3530 3386 de
3561 3332 3665 3386 mi-

2017 3426 2096 3479 cis
2120 3436 2246 3494 quae
2273 3421 2476 3477 cadunt
2507 3419 2574 3476 de
2600 3436 2790 3475 mensa
2816 3419 3162 3476 domi-norum
3191 3437 3415 3477 suorum
3454 3421 3660 3494 (Matth.

2016 3531 2109 3585 xv,
2141 3512 2254 3584 27).

2094 3650 2120 3682 «ε
2146 3630 2402 3694 Quorum
2428 3628 2614 3685 virtus
2642 3645 2928 3685 manuum
2959 3633 3080 3684 erat
3111 3629 3256 3685 mihi
3286 3646 3389 3702 pro
3420 3631 3660 3689 nihilo.»

2019 3721 2148 3776 Hac
2176 3719 2364 3775 virtus
2396 3735 2682 3774 manuum
2708 3721 2832 3772 erat
2881 3716 3239 3790 Judaorum,
3273 3724 3338 3774 ut
3368 3722 3663 3778 mandatis

2018 3809 2336 3879 seniorum,
2396 3812 2453 3862 et
2509 3806 3019 3863 observationibus
3078 3808 3454 3866 deservirent.
3533 3811 3664 3868 Sive

2015 3898 2075 3953 in
2133 3902 2395 3970 tempore
2455 3896 2749 3969 passionis
2809 3896 3056 3968 Domini,
3115 3901 3308 3968 potest
3355 3898 3448 3954 hic
3496 3899 3661 3956 locus

2015 3986 2283 4060 intelligi,
2315 3986 2398 4042 ita
2427 3990 2493 4042 ut
2523 3986 2705 4041 virtus
2738 4003 2979 4058 operum
3012 3987 3423 4058 praedictorum
3470 4005 3658 4059 usque

2015 4078 2087 4133 ad
2137 4081 2384 4133 mortem
2432 4075 2748 4133 Salvatoris
2786 4075 3130 4146 pervenerit.
3169 4075 3265 4130 Vel
3315 4075 3396 4130 ita
3435 4076 3656 4132 intelli-

2013 4167 2271 4240 gendum
2307 4185 2319 4222 :
2353 4183 2488 4222 cum
2535 4165 2588 4221 ei
2634 4166 2815 4220 vitam
2862 4166 3067 4219 flerent
3115 4164 3342 4219 finitam
3391 4181 3519 4220 esse
3558 4183 3662 4238 per

2015 4272 2268 4324 crucem,
2329 4254 2625 4326 triumpho
2685 4253 3043 4325 resurgentis
3117 4269 3185 4308 ex
3256 4253 3523 4323 mortuis,
3584 4256 3658 4312 ad

2014 4345 2266 4402 nihilum
2342 4349 2659 4401 conatuum
2703 4343 3097 4415 pessimorum
3161 4344 3350 4400 virtus
3422 4346 3657 4403 redacta

2011 4439 2119 4491 est.

2089 4573 2108 4600 σι
2147 4550 2214 4605 Et
2254 4549 2372 4605 vita
2419 4549 2548 4622 ipsa
2597 4549 2957 4621 putabantur
3003 4551 3251 4624 indigni,
3302 4557 3558 4625 egestate
3598 4558 3657 4608 et

2147 4601 2211 4605 __
2419 4601 2547 4622 τη
2597 4601 2947 4621 τηππ-η--
3003 4601 3251 4624 ----ο--,
3305 4601 3556 4625 ,οηηη
3601 4601 3650 4608 --

1931 4601 1979 4666 D
2013 4640 2164 4696 fame
2211 4641 2458 4696 steriles.
2513 4662 2541 4691 ››
2593 4639 2883 4697 Vitiorum
2927 4658 3170 4697 suorum
3227 4646 3284 4697 et
3334 4643 3650 4697 criminum

2009 4729 2167 4800 turpi
2199 4733 2456 4802 egestate
2485 4730 2692 4795 effecti,
2723 4735 2781 4786 et
2810 4731 2962 4786 fame
2991 4731 3357 4802 eloquiorum
3389 4732 3488 4786 Dei
3515 4732 3651 4787 facti

2010 4819 2260 4888 steriles,
2291 4824 2349 4875 et
2378 4821 2653 4886 mendici,
2683 4819 2802 4875 vita
2847 4821 3089 4893 insuper
3117 4821 3387 4893 praesenti
3425 4821 3652 4892 indigni

2006 4913 2147 4963 sunt
2175 4908 2382 4976 habiti,
2410 4910 2564 4965 sicut
2594 4910 2878 4982 propheta
2907 4910 2989 4965 ait
3018 4911 3088 4965 ad
3120 4915 3304 4966 Deum
3337 4926 3351 4965 ι
3394 4911 3650 4982 Disperge

2005 4998 2136 5054 illos
2165 5000 2226 5053 in
2255 5001 2452 5054 virtute
2481 5007 2584 5055 tua
2614 5001 2784 5068 (Psal.
2832 5016 2985 5071 Lvm,
3019 5001 3127 5066 12).
3177 4998 3336 5054 Unde
3382 5016 3539 5056 nunc
3586 5001 3645 5056 in

2004 5088 2196 5144 medio
2227 5088 2530 5143 nationum
2569 5092 2710 5144 sunt
2736 5087 2896 5143 velut
2945 5088 3176 5160 captivi,
3210 5088 3386 5145 vitam
3427 5091 3642 5146 ducen-

2000 5181 2088 5234 tes
2119 5178 2481 5249 degenerem.

2079 5315 2106 5346 ι
2134 5293 2240 5358 Qui
2273 5294 2555 5349 rodebant
2609 5293 2669 5347 in
2729 5293 3063 5364 solitudine,
3097 5296 3434 5368 squalentes
3492 5297 3644 5354 cala-

2001 5385 2201 5438 mitate
2232 5388 2289 5439 et
2319 5383 2575 5454 miseria,
2607 5387 2662 5439 et
2693 5385 3048 5439 mandebant
3095 5385 3326 5456 herbas,
3369 5392 3427 5443 et
3474 5391 3641 5444 arbo~

2000 5491 2132 5530 rum
2185 5473 2449 5540 cortices,
2509 5477 2565 5527 et
2621 5473 2787 5527 radix
2829 5474 3240 5548 juniperorum
3299 5483 3425 5533 erat
3481 5479 3641 5534 cibos

1997 5561 2258 5618 illorum.
2290 5583 2319 5613 »
2352 5561 2705 5634 Plerumque
2761 5563 2860 5618 ubi
2921 5564 3075 5621 Deus
3131 5584 3246 5622 non
3301 5567 3550 5635 habitat,
3581 5567 3640 5622 id

1999 5657 2109 5724 est,
2140 5667 2255 5710 non
2295 5649 2528 5722 colitur,
2557 5650 2810 5711 solitudo
2839 5653 2961 5712 sive
2989 5671 3221 5714 eremus
3267 5656 3594 5732 appellatur
3623 5672 3640 5715 :
