3980 6184
400 304 516 362 755
1895 295 2322 358 APPENDIX.
3651 299 3752 361 756

399 434 460 489 in
519 447 636 505 qua
691 432 1018 488 secundum
1075 429 1490 502 Apocalypsim
1551 427 1781 499 mulier,
1827 428 1886 483 id
1941 431 2050 498 est,
2082 431 2138 497 Α
2167 427 2323 485 mala
2355 444 2481 501 quae
2512 432 2652 486 sunt
2679 429 2836 486 dicta
2865 428 3260 503 superius,ita
3288 427 3620 486 exsultantes
3645 447 3756 504 εαυ-

401 520 732 594 corruptela
780 520 980 575 sedere
1027 519 1242 574 dicitur
1288 519 1468 589 (Apoc.
1503 535 1640 585 xvu,
1673 517 1751 588 9).
1787 517 2061 572 Mandere
2171 519 2267 574 dio
2296 519 2516 586 vivunt,
2550 523 2832 592 tanquam
2866 519 2916 575 si
2947 522 3274 590 quarerent
3302 518 3553 575 virtutes.

405 613 564 669 enim
624 611 744 666 sive
796 610 1018 678 rodere,
1077 625 1225 680 opus
1277 614 1367 664 est
1424 608 1712 672 dentium,
1781 605 2060 677 quoniam
2251 630 2271 655 ι
2321 607 2448 662 Filii
2498 608 2833 678 stultorum,
2895 614 2951 664 et
3006 607 3382 680 ignobilium,
3437 611 3490 662 et
3541 608 3591 662 in
3645 613 3759 665 terra

406 718 516 757 vox
546 699 857 756 articulata
887 698 1165 753 dentibus
1195 702 1254 752 et
1284 696 1501 768 plectro
1532 696 1745 768 linguae
1788 695 2061 764 efﬁcitur,
2173 697 2408 767 penitus
2464 714 2580 752 non
2635 702 2924 768 parentes.
2958 715 2984 747 υ
3034 699 3116 751 Ita
3175 695 3337 752 enim
3392 701 3448 751 et
3499 697 3562 752 de
3601 714 3760 754 eorum

409 791 540 845 ideo
573 789 665 844 his
695 788 906 856 verbis,
932 787 1198 842 doctrina
1225 785 1638 857 praedictorum
1672 785 2062 856 signiﬁcatur,
2176 787 2440 857 patribus
2474 786 2757 858 propheta
2780 789 2903 858 jam
2935 791 3070 842 ante
3115 786 3461 857 praedixerat
3489 801 3503 840 ε
3537 786 3763 842 Gmeratio

414 880 514 950 qui
563 877 811 951 populos
860 885 1138 947 tanquam
1189 875 1402 929 herbas
1461 878 1516 928 et
1563 873 2065 928 infructuosarum
2170 891 2352 946 prava.
2380 878 2430 930 et
2456 892 2733 946 perversa,
2772 877 3012 947 populus
3059 875 3286 942 stultus,
3338 878 3389 929 et
3433 891 3533 930 non
3575 878 3762 946 sapiens,

417 969 694 1023 arborum
753 965 978 1021 radices
1037 963 1367 1019 mandendo
1426 967 1600 1033 atque
1659 962 1937 1027 rodendo,
2007 961 2066 1014 in
2177 963 2412 1018 alienati
2439 981 2476 1019 a
2507 972 2656 1020 terra
2686 966 2982 1020 viventium
3013 964 3186 1035 (Psal.
3224 979 3359 1028 LVII,
3393 963 3464 1029 4).

420 1073 645 1112 errores
695 1073 833 1110 suos
882 1052 1257 1124 multiplices,
1303 1049 1463 1106 velut
1512 1052 1569 1104 in
1624 1068 1798 1106 suum
1858 1066 2069 1121 corpus
2251 1075 2278 1103 «
2313 1053 2478 1108 Nunc
2510 1053 2568 1108 in
2600 1070 2802 1109 eorum
2853 1053 3147 1109 canticum
3208 1068 3415 1107 versus
3465 1067 3587 1106 sum
3623 1051 3705 1116 eis,
3727 1057 3766 1106 et

418 1145 743 1216 trajiciunt.
776 1143 1002 1198 Etenim
1051 1141 1206 1213 pasci
1253 1157 1314 1196 se
1365 1141 1744 1208 arbitrantur,
1778 1139 1826 1196 si
1858 1140 1930 1195 ab
1964 1139 2073 1194 ho-
2182 1141 2370 1196 factus
2400 1159 2532 1197 sum
2565 1143 2956 1214 proverbium.
2989 1164 3016 1192 »
3050 1143 3109 1197 Id
3143 1146 3257 1208 est,
3292 1140 3353 1194 in
3384 1140 3563 1212 primo
3599 1156 3769 1194 sermo-

424 1234 708 1303 minibus,
744 1248 891 1304 quos
931 1229 1077 1285 solet
1124 1230 1428 1300 Scriptura
1469 1229 1708 1284 arbores
1758 1228 2072 1301 appellare,
2184 1247 2276 1296 ne,
2311 1238 2367 1285 et
2397 1231 2454 1285 in
2487 1247 2688 1287 eorum
2721 1249 2818 1288 ore
2839 1247 2945 1304 ego
2973 1247 3130 1299 sum,
3165 1236 3224 1286 et
3255 1230 3329 1286 ab
3378 1229 3460 1285 eis
3503 1227 3768 1284 delectatio-

429 1322 716 1395 quidquid
777 1321 995 1376 habent
1049 1317 1220 1374 vitale
1277 1318 1697 1372 subtraxerint.
1760 1318 2075 1373 Radicibus
2187 1336 2261 1374 ne
2293 1321 2734 1376 obtrectationis
2756 1337 3048 1377 assumor.

421 1412 833 1484 juniperorum
883 1407 1269 1463 nihilominus
1327 1405 1567 1460 aluntur
1599 1423 1610 1460 :
1648 1407 1921 1461 arborum
1963 1405 2078 1461 sci-
2261 1432 2287 1458 ‹‹
2321 1409 2752 1466 Abominantur
2804 1426 2917 1477 me,
2967 1414 3024 1466 et
3067 1410 3313 1482 fugiunt
3342 1427 3376 1465 a
3405 1425 3515 1473 me,
3544 1411 3595 1462 et
3621 1405 3767 1461 faciem

432 1502 567 1556 licet
595 1499 770 1572 longa
800 1503 968 1554 :etate
999 1497 1342 1561 viventium,
1389 1500 1447 1550 et
1497 1495 1555 1550 in
1604 1513 1852 1567 quarum
1904 1494 2080 1567 lignis
2190 1514 2380 1554 meam
2433 1515 2642 1570 spuere
2691 1516 2807 1555 non
2855 1504 3149 1555 verentur.
3187 1521 3217 1550 ››
3252 1499 3479 1555 Faciem
3529 1513 3646 1551 vero
3680 1510 3770 1548 con-

435 1590 620 1646 multo
669 1589 892 1644 diutius
939 1586 1090 1658 ignis
1142 1601 1319 1656 quam
1368 1585 1428 1638 in
1477 1586 1698 1640 caeteris
1739 1585 1930 1640 durat.
1966 1588 2083 1639 Ista
2190 1592 2427 1658 sputam
2460 1588 2690 1642 Domini
2724 1588 3062 1654 Salvatoris,
3093 1589 3227 1660 ipsa
3256 1588 3452 1661 passio
3499 1586 3614 1656 ejus
3656 1582 3769 1637 nobis

435 1684 576 1736 sunt
605 1678 786 1750 ligna,
815 1693 943 1747 quae
975 1674 1318 1730 arceuthina
1345 1673 1734 1745 appellantur.
1767 1674 1888 1729 Sub
1921 1673 2085 1728 arbo-
2192 1675 2253 1730 in
2320 1676 2630 1748 Evangelia
2695 1677 3006 1733 manifeste
3072 1678 3447 1734 demonstrat
3501 1676 3667 1746 (Mari.
3711 1687 3771 1734 xv,

443 1784 575 1821 rum
609 1766 819 1820 harum
849 1763 1151 1833 vocabulo,
1186 1779 1430 1834 magnos
1461 1779 1724 1835 quosque
1756 1762 1993 1818 nomine
2026 1763 2083 1816 in
2122 1801 2168 1866 B
2203 1764 2408 1835 19-27.)

444 1855 658 1927 populo
713 1853 960 1908 Judaico
1031 1851 1354 1923 intelligere
1430 1869 1769 1924 possumus,
1841 1868 2090 1924 quorum
2123 1850 2168 1866 υ
2276 1876 2305 1904 ‹‹
2339 1854 2681 1910 Pharetram
2711 1855 2869 1911 enim
2901 1872 3070 1912 suam
3103 1855 3358 1927 aperuit,
3389 1858 3447 1908 et
3472 1850 3635 1908 afﬁxit
3659 1865 3770 1903 me.»

447 1943 705 2017 praedicti
733 1943 999 1996 doctores
1031 1941 1239 1995 intima
1269 1939 1558 1996 viscerum
1589 1941 2102 2013 depascuntur,fu-
2206 1945 2312 1998 Hic
2351 1943 2642 2016 pharetra,
2688 1944 2958 2000 diabolus
3009 1944 3263 2016 intelligi
3321 1947 3524 2015 potest.
3570 1941 3628 1996 Et
3674 1953 3776 2008 quo-

436 2033 632 2089 »rando
664 2031 712 2086 ei
748 2031 1160 2103 praedicatione
1192 2028 1338 2101 legis
1371 2030 1692 2100 praeteritae,
1727 2031 1949 2086 bonum
1973 2046 2104 2102 gra-
2209 2033 2368 2088 niam
2453 2034 2748 2089 credimus
2831 2033 3190 2090 Salvatorem
3271 2048 3472 2089 verum
3547 2027 3774 2084 hominem

456 2125 553 2178 tiae
576 2120 816 2177 Christi.
2213 2123 2608 2194 assumpsisse
2654 2140 2817 2178 :non
2873 2123 3201 2179 absurdum
3261 2126 3372 2191 est,
3432 2125 3495 2174 ut
3544 2117 3776 2172 credamus

536 2232 558 2260 α
587 2210 694 2274 Qui
727 2210 800 2264 de
830 2207 1193 2264 convallibus
1220 2206 1333 2262 ista
1364 2207 1674 2279 rapientes,
1707 2225 1842 2264 cum
1874 2207 2106 2281 singula
2216 2213 2371 2284 quod
2438 2216 2495 2267 et
2559 2211 2788 2267 dolores
2858 2211 3119 2284 corporis
3177 2210 3426 2268 voluerit
3478 2211 3533 2262 in
3580 2203 3777 2278 passione

456 2299 834 2373 reperissent,
888 2298 960 2351 ad
1009 2313 1077 2351 ea
1124 2313 1257 2350 cum
1309 2296 1562 2352 clamore
1601 2299 1930 2352 currebant.
1972 2319 1992 2346 ι
2027 2297 2109 2352 De
2216 2301 2432 2356 sentire
2466 2317 2478 2355 :
2516 2301 2842 2356 secundum
2890 2300 3036 2356 illud
3083 2301 3384 2374 propheta:
3423 2300 3570 2368 :Ipse
3601 2291 3776 2362 inﬁmi-

460 2388 824 2446 convallibus
879 2387 1083 2456 utique
1141 2385 1374 2451 herbas,
1431 2389 1497 2439 ut
1555 2386 1733 2450 fures,
1796 2387 1952 2458 quod
2010 2385 2109 2440 alii
2218 2399 2357 2446 tates
2419 2393 2634 2445 nostras
2699 2391 2950 2462 suscepit,
3020 2397 3071 2446 et
3134 2406 3238 2462 pro
3313 2388 3465 2444 nobis
3524 2385 3644 2440 dolet
3695 2381 3776 2449 (liii.

456 2477 840 2534 translatores
871 2475 1162 2538 dixerunt,
1195 2478 1253 2528 et
1281 2477 1542 2530 arborum
1569 2477 1815 2540 cortices,
1849 2474 2108 2546 rapiunt.
2220 2497 2338 2544 Liii,
2361 2480 2436 2549 εὖ).

461 2567 588 2622 Non
637 2564 794 2621 enim
844 2579 942 2618 eos
996 2579 1144 2633 quos
1195 2563 1427 2634 herbas,
1487 2563 1731 2618 cortices
1780 2567 1836 2619 et
1887 2565 2109 2621 radices
2295 2591 2316 2617 α
2379 2568 2447 2622 Et
2504 2568 2734 2623 frenum
2803 2568 3000 2640 posuit
3055 2568 3114 2622 in
3178 2585 3245 2624 os
3302 2582 3512 2622 meum.
3569 2583 3593 2612 τ)
3646 2557 3778 2614 111Wis

465 2658 740 2712 arborum
791 2669 892 2724 per
937 2652 1270 2723 aanigmatis
1331 2652 1785 2707 similitudinem
1830 2653 2111 2709 intellexi-
2219 2656 2605 2712 contumelias
2654 2657 2937 2727 patientia
2983 2657 3412 2712 demonstravit
3468 2672 3479 2709 :
3534 2652 3663 2707 sicut
3699 2646 3780 2714 ipse

465 2745 686 2813 mus,in
717 2742 960 2799 excelsis
990 2741 1134 2796 locis
1165 2745 1337 2813 atque
1367 2741 1660 2798 similibus
1687 2747 2000 2814 potuerunt
2027 2743 2111 2797 in-
2220 2744 2400 2800 Filius
2431 2745 2490 2798 in
2523 2745 2745 2816 psalmo
2779 2746 2861 2800 ait
2891 2746 2961 2800 ad
2993 2745 3229 2801 Patrem
3261 2763 3274 2800 :
3313 2745 3566 2812 Quoniam
3589 2743 3779 2802 tuespa-

463 2835 701 2889 venire:
736 2833 836 2887 sed
871 2833 928 2884 in
960 2830 1658 2901 convalibus,humilibus
1689 2831 1914 2887 scilicet
1944 2831 2108 2898 locis,
2218 2834 2411 2889 tientia
2442 2849 2580 2900 mea,
2613 2835 2838 2888 Domine
2869 2834 3037 2904 (Psal.
3089 2851 3220 2904 Lxx,
3265 2834 3342 2904 5).
3391 2833 3458 2887 Et
3499 2831 3552 2884 in
3594 2827 3779 2890 Evange-

466 2924 611 2978 etin
645 2920 920 2976 inferiora
949 2919 1264 2992 depressis,
1316 2920 1413 2975 ubi
1459 2919 1773 2991 significati
1817 2925 1956 2975 sunt
1984 2937 2107 2976 car-
2216 2923 2314 2989 lio,
2393 2922 2788 2994 interrogatus
2852 2923 3025 2978 Jesus
3095 2941 3217 2978 non
3299 2917 3582 2993 respondit
3629 2907 3774 2984 (ΜαῑλΙιι

466 3011 630 3068 nales
679 3009 880 3082 populi
926 3009 1265 3063 Judaaorum
1301 3024 1314 3062 :
1349 3025 1600 3080 quorum
1659 3007 1989 3065 intellectus
2047 3009 2108 3065 in
2215 3029 2368 3080 xxw,
2395 3012 2508 3082 63).

464 3099 786 3156 occidentis
813 3098 1014 3153 litterae
1046 3113 1246 3164 sensu,
1278 3097 1516 3153 velutin
1547 3097 1920 3154 inferioribus
1950 3116 2108 3154 com-
2293 3124 2320 3150 «
2355 3102 2441 3154 Ad
2475 3101 2771 3155 dexteram
2803 3099 3045 3156 orientis
3091 3100 3452 3156 calamitates
3497 3109 3636 3158 mete,
3675 3084 3777 3140 “lico

468 3193 751 3244 moratur.
785 3188 929 3242 Hinc
959 3204 1057 3242 eos
1088 3187 1373 3258 primores
1411 3203 1614 3242 eorum
1659 3188 2109 3260 depopulantur,
2143 3168 2186 3235 (ἶ
2224 3194 2620 3244 surrexerunt.
2653 3212 2680 3238 ››
2718 3189 2777 3243 Id
2803 3193 2892 3244 est
2920 3191 2991 3245 de
3021 3189 3327 3245 voluntate
3356 3186 3549 3251 Patris,
3578 3180 3638 3236 ad
3665 3174 3779 3260 ευὶυδ

469 3279 612 3334 dum
636 3277 768 3332 caeci
801 3276 964 3331 caecis
996 3277 1274 3330 ducatum
1308 3277 1584 3347 praebent.
1740 3259 1745 3260 ί
2223 3279 2522 3334 dexteram
2575 3277 2755 3332 Filius
2807 3279 2989 3334 sedet.
3039 3278 3143 3334 Vel
3191 3279 3301 3334 hoc
3345 3276 3441 3342 ait,
3488 3269 3620 3342 quod
3647 3263 3701 3354 ad

542 3390 570 3419 «
623 3369 686 3423 In
737 3367 981 3421 desertis
1029 3365 1374 3419 habitabant
1429 3365 1800 3431 torrentium,
1831 3372 1888 3422 et
1929 3366 1989 3421 in
2021 3383 2114 3422 ca-
2225 3367 2372 3422 lium
2407 3367 2505 3420 Dei
2547 3367 2722 3421 etiam
2756 3368 2824 3422 ad
2859 3383 2987 3422 eam
3008 3367 3275 3439 "partem,
3335 3381 3446 3437 qua
3484 3347 3780 3444 impossibilis

469 3457 663 3513 vernis
712 3461 910 3521 terrae;
960 3453 1048 3508 vel
1107 3469 1284 3524 super
1335 3453 1615 3524 glaream,
1674 3455 1774 3524 qui
1820 3454 1972 3510 inter
2009 3455 2118 3510 hu-
2227 3461 2334 3522 est,
2369 3454 2723 3510 contumelia
2745 3455 2901 3526 passi
2929 3438 3189 3513 hominis
3211 3451 3493 3524 assumpti
3516 3438 3779 3522 pervenerit,

468 3543 800 3617 juscemodi
831 3543 1263 3608 lretabantur,et
1292 3556 1421 3595 esse
1452 3542 1561 3596 sub
1592 3543 1859 3597 sentibus
1879 3542 2121 3600 delicias
2230 3545 2557 3599 secundum
2590 3543 2930 3614 Apostolum
2962 3544 3256 3600 dicentem
3307 3563 3322 3598 :
3373 3543 3433 3597 Si
3475 3539 3608 3596 enim
3647 3540 3784 3617 00W"

479 3613 919 3702 computabant.
972 3651 1000 3678 ››
1031 3629 1154 3684 Νοη
1187 3633 1417 3684 tantum
1450 3629 1508 3683 in
1540 3631 1789 3686 desertis
1818 3631 2120 3703 prmdicto-
2228 3635 2452 3700 vissent,
2523 3613 2805 3702 nunquam
2874 3639 3048 3688 Deum
3109 3633 3410 3706 majestatis
3469 3613 3786 3693 cruciﬁxumt

494 3720 763 3788 rum,ubi
799 3718 1031 3773 cultura
1079 3719 1178 3772 Dei
1224 3735 1339 3773 non
1387 3724 1528 3786 erat,
1583 3721 1985 3787 morabantur,
2020 3721 2118 3776 sed
2231 3721 2278 3788 (I
2304 3719 2422 3774 Cor.
2457 3736 2515 3786 11,
2549 3719 2627 3790 8).
2660 3719 2945 3783 Quoniam
2978 3722 3102 3791 ipse
3132 3727 3225 3778 est
3255 3722 3480 3776 dextera
3508 3709 3684 3774 Patris,
3705 3715 3783 3757 m3-

483 3810 661 3867 etiam
705 3808 765 3862 in
814 3806 1075 3862 cavernis
1126 3812 1311 3876 terra),
1373 3810 1430 3861 et
1482 3823 1659 3878 super
1713 3806 1991 3880 glaream,
2023 3826 2126 3880 per
2233 3827 2347 3864 nus
2376 3813 2432 3864 et
2459 3808 2788 3876 brachium,
2816 3825 2917 3880 per
2947 3825 3121 3881 quem
3147 3811 3301 3865 facta
3330 3805 3517 3864 omnia
3543 3799 3785 3881 gubernat!-

483 3915 662 3973 quam
711 3902 851 3970 puto
901 3895 1214 3951 carnaliter
1267 3895 1453 3967 legem
1501 3878 1966 3969 intelligendam,
2025 3878 2126 3953 ubi
2235 3902 2331 3954 tur
2379 3915 2392 3952 :
2439 3902 2496 3952 et
2539 3878 2832 3968 discipuli
2861 3878 3050 3970 magis
3100 3899 3174 3954 de
3222 3896 3434 3953 dextris
3480 3891 3621 3947 illius
3658 3878 3783 3969 erant.

483 3989 632 4046 nihil
691 3988 907 4060 pingue
963 3984 1251 4057 spirituali
1323 3985 1521 4040 sensui
1579 3985 1952 4055 admiscetur,
2013 4004 2129 4059 quo
2238 4005 2412 4060 quem
2443 3987 2502 4041 in
2533 3992 2794 4058 tempore
2825 3987 3120 4058 passionis
3152 3983 3588 4056 dereliquerunt.
3621 3976 3678 4028 De
3699 3980 3786 4059 qu".

487 4083 686 4154 posset
761 4077 1114 4133 fecunditate
1188 4075 1493 4142 ubertatis,
1562 4091 1665 4146 per
1738 4076 1913 4131 fidem
1977 4078 2130 4132 ﬁlios
2242 4079 2351 4132 bus
2383 4077 2461 4130 ait
2495 4093 2506 4130 :
2543 4075 2972 4132 Considerabant
3001 4076 3071 4131 ad
3097 4076 3393 4144 dexteram,
3425 4076 3594 4126 etnon
3616 4060 3706 4118 erat
3726 4064 3785 4122 qm

488 4167 837 4236 sanctitatis,
899 4171 1082 4219 matre
1141 4165 1347 4235 gratia,
1406 4179 1708 4234 procreare
1743 4180 1755 4219 :
1787 4168 1840 4219 et
1894 4166 1966 4220 ob
2024 4165 2133 4220 hoc
2239 4171 2577 4236 cognosceret
2605 4181 2693 4218 me
2721 4165 2892 4234 (Psal.
2925 4181 3070 4233 cxu,
3095 4166 3176 4236 5).

489 4261 550 4314 in
581 4257 842 4313 cavernis
871 4261 1036 4310 terra:
1068 4270 1195 4309 esse
1225 4253 1628 4324 perhibentur,
1678 4254 1926 4310 terrenis
1973 4255 2132 4311 vide-
2315 4276 2342 4302 ‹‹
2396 4253 2576 4307 Pedes
2625 4269 2785 4307 meos
2842 4255 3278 4318 subverterunt,
3338 4255 3393 4306 et
3441 4229 3784 4332 oppressit-‘3‘“th

495 4349 630 4404 licet
668 4346 941 4401 sensibus
990 4343 1360 4399 inhaerentes.
1415 4349 1490 4398 De
1546 4343 1759 4414 quibus
1809 4345 1954 4400 ﬂens
1999 4344 2140 4400 dicit
2245 4342 2418 4407 Quasi
2455 4341 2729 4396 fluctibus
2759 4343 2986 4398 semitis
3036 4344 3162 4400 suis
3214 4333 3620 4413 dissipaverunt
3643 4326 3788 4414 itineri)

495 4434 833 4510 Apostolus,
867 4435 1121 4487 inimicos
1166 4434 1345 4487 crucis
1393 4403 1597 4488 Christi
1635 4433 1898 4505 (Philipp.
1933 4448 1994 4499 iI,
2029 4435 2136 4504 18).
2249 4403 2398 4488 mea.
2469 4431 2732 4486 Insidiati
2795 4435 2935 4486 sunt
2994 4433 3162 4500 mihi,
3215 4438 3274 4489 et
3327 4403 3714 4502 prtevaluerunt,

501 4491 682 4584 Aliter
723 4541 736 4579 :
784 4524 1092 4580 Torrentes
1149 4525 1290 4576 sunt
1343 4526 1695 4592 peccatores,
1756 4523 1856 4593 qui
1913 4523 1974 4578 in
2033 4524 2142 4580 hoc
2173 4538 2217 4603 ι)
2249 4538 2364 4576 non
2397 4519 2506 4574 fuit
2533 4520 2632 4591 qui
2667 4520 2842 4576 ferret
2871 4521 3176 4590 auxilium,
3211 4517 3374 4593 quasi
3402 4515 3557 4603 rupto
3583 4491 3788 4603 φυφςιθξ

505 4635 666 4678 mare
690 4613 885 4672 executi
917 4629 1020 4683 per
1047 4613 1276 4666 deserta
1306 4610 1521 4666 notitiae
1553 4611 1851 4680 deﬂuunt;
1899 4613 1957 4667 hi
2005 4629 2141 4686 ergo
2173 4583 2216 4603 υ
2251 4615 2308 4665 et
2337 4614 2536 4681 aperta
2557 4611 2828 4679 janua,et
2848 4611 2919 4665 ad
2945 4627 3104 4667 meas
3134 4608 3394 4666 miserias
3413 4592 3632 4659 devoluti
3651 4583 3782 4686 sunt?

505 4716 566 4770 in
599 4705 864 4768 cavernis
893 4717 1176 4758 sensuum
1211 4704 1671 4770 commorantur,
1699 4717 2017 4773 eorumque
2047 4705 2144 4759 de-
2257 4700 2454 4764 Pedes,
2488 4699 2746 4754 humana
2777 4698 3130 4767 substantia,
3164 4714 3337 4773 quam
3360 4677 3784 4773 crucitixeruntolf:

503 4753 1528 4862 ot'liciis—avdpeccandum
1565 4753 2145 4861 :ipsi'su—ntjt‘enea
2254 4753 2675 4860 telligi'potest,
2707 4753 2794 4844 vel
2824 4753 3430 4862 ceﬂeevangelizandi
3475 4753 3782 4862 ofﬁcium-1“

502 4898 606 4950 tres
639 4892 870 4954 domus,
903 4899 1006 4956 per
1034 4898 1180 4954 quas
1211 4896 1370 4935 mors
1400 4878 1744 4951 ingreditur.
1776 4879 1906 4935 Sive
1951 4896 2145 4936 caver-
2256 4877 2551 4946 fluctibus,
2585 4893 2816 4934 amaros
2843 4878 3078 4934 Judzsos
3107 4894 3245 4950 erga
3265 4869 3626 4947 praedicatores
3661 4849 3784 4905 Ενεη·

504 4999 584 5037 na
612 4975 898 5048 serpentis
954 4977 1044 5029 est
1097 4975 1300 5044 pectus
1353 4975 1642 5034 nostrum,
1681 4969 1916 5040 quando
1967 4971 2026 5024 in
2079 4986 2145 5025 eo
2255 4965 2410 5039 gelii,
2444 4971 2498 5020 et
2524 4965 2814 5038 inquietos
2844 4983 2972 5023 esse
3001 4965 3374 5023 demonstrat.

506 5020 584 5037 ““
612 5020 897 5048 “³”⁸¹¹““³““’
957 5020 1042 5029 ⁷⁷⁷
1097 5020 1297 5044 ⁸⁷⁷⁷⁷⁷⁷
1353 5020 1642 5068 ῗ“””“”
1688 5020 1910 5040 Ἰ””““’
1968 5020 2026 5068 ἷ“
2083 5020 2140 5025 ’⁷
2255 5020 2289 5039 υ
2400 5020 2452 5064 ’.
2528 5056 2538 5065 .
2605 5020 2620 5038 ³
3679 5020 3784 5076 beta-

501 5071 790 5125 venenata
818 5062 1080 5128 consilia,
1113 5066 1170 5116 et
1199 5061 1528 5115 mortiferas
1559 5062 1723 5114 actus
1752 5059 2143 5114 recondimus.
2328 5078 2354 5105 «
2394 5059 2831 5126 Diss1paverunt
2877 5060 3054 5112 etiam
3104 5061 3309 5111 itinera
3337 5061 3473 5104 mea.
3506 5062 3529 5133 ii
3558 5039 3784 5133 ξΓοΡῃ-ἢο

505 5157 625 5230 Ipsi
677 5170 814 5210 vero
863 5151 1134 5207 similiter
1179 5165 1356 5222 super
1403 5147 1660 5221 glaream
1713 5146 1999 5218 habitant,
2044 5149 2146 5219 qui
2255 5161 2386 5199 rum
2438 5159 2702 5199 meorum
2765 5145 3040 5213 oraculis,
3097 5145 3370 5230 adventus
3423 5129 3530 5229 mei

507 5203 530 5215 ,ι
577 5203 625 5212 ν-
692 5203 809 5210 .--ν
864 5203 1119 5207 --ηρ-ηρ
1186 5203 1272 5222 -κι
1403 5203 1437 5221 υ
1986 5203 1999 5218 ›
2062 5203 2080 5219 ι
3027 5203 3039 5213 ’
3473 5218 3482 5229 .
3521 5216 3530 5225 -
3606 5209 3613 5216 ·
3768 5212 3779 5220 -

504 5203 720 5304 terram
749 5259 939 5309 suam,
973 5239 1135 5294 nulla
1167 5255 1506 5295 sermonum
1553 5237 1647 5292 Dei
1699 5237 2002 5310 diligentia
2048 5253 2143 5292 co-
2257 5234 2373 5288 illis
2422 5233 2790 5305 praesentiam
2852 5232 3189 5305 pollicebar,
3239 5234 3293 5285 et
3336 5226 3390 5280 in
3437 5203 3779 5324 νιξέοηιίῖξξῗηῖθ

501 5338 652 5404 lunt,
679 5339 744 5389 ut
771 5337 1009 5404 accepta
1039 5331 1301 5385 ubertate
1330 5327 1725 5400 pinguedinis,
1758 5328 1986 5400 possint
2027 5327 2145 5382 fru-
2255 5322 2608 5378 velationum
2667 5339 2818 5394 saepe
2861 5323 3164 5378 veniebam
3213 5319 3282 5375 ad
3324 5329 3432 5410 eos.
3484 5291 3774 5416 ῌῗξΰξίξῖυυὲ

504 5384 855 5484 ctus,facere
875 5384 1222 5476 sanctitatis.
1330 5384 1348 5400 ³
1435 5384 1469 5400 υ
1714 5384 1777 5400 ’⁸
2257 5411 2467 5465 itinera
2525 5426 2657 5464 mea
2711 5409 3118 5467 incredulitate
3172 5411 3337 5478 atque
3388 5386 3655 5502 impletae:

577 5513 747 5582 «Qui
813 5510 966 5565 inter
1031 5506 1440 5578 hujuscemodi
1479 5505 1860 5574 laetabantur;
1916 5509 1973 5560 et
2019 5521 2147 5561 esse
2257 5501 2457 5558 sedere
2501 5498 2952 5571 dissipaverunt.
3002 5500 3254 5557 Possunt
3298 5470 3724 5582 etiamnttedgs‘?

507 5549 617 5674 δαὶ
639 5549 1976 5678 Qui);‘aeiiEiQSVESESBLiEQJKTiti;
2020 5549 2149 5656 ἷἑὲ
2257 5549 3285 5672 iléﬁiéaiaiés'“v'éi11363166355
3329 5565 3564 5647 intelligi.
3603 5555 3658 5617 Et
3695 5549 3772 5603 που
