3980 6184
250 330 367 388 757

1321 327 1849 392 COMMENTAB.
1892 328 1969 388 IN
2014 327 2152 388 JOB
2199 327 2371 388 CAP.
2423 328 2611 389 XXX.

3549 330 3670 391 758

255 461 369 516 fuit
425 459 528 531 qui
587 459 761 515 ferret
808 458 1110 526 auxilium,
1160 459 1297 531 quia
1342 463 1400 516 et
1448 459 1562 533 ipsi
1610 459 1904 533 discipuli,
1931 460 1992 531 Α
2018 459 2144 532 ipse
2173 463 2441 532 peccator
2470 477 2584 516 non
2615 460 2749 529 sim,
2783 477 2969 534 neque
3018 463 3098 518 ita
3128 466 3192 519 ut
3224 479 3429 520 omnes
3461 480 3666 536 pecca-

252 549 452 606 relicto
509 565 598 620 eo,
658 548 1047 622 confugerunt
1093 549 1307 620 (Matth.
1358 565 1512 620 xxvr,
1567 549 1679 618 56).
1730 549 1903 615 Quasi

252 642 425 712 rupto
456 654 650 709 muro,
684 643 740 695 et
783 643 985 711 aperta
1005 640 1190 710 janua
1236 638 1536 695 irruerunt
1584 653 1760 711 super
1788 656 1901 710 me,

253 733 312 785 et
357 729 429 784 ad
482 744 646 784 meas
694 728 965 786 miserias
1015 728 1269 784 devoluti
1319 733 1476 798 sunt,
1530 728 1586 783 id
1643 732 1755 796 est,
1805 745 1906 800 per

252 833 455 875 necem
487 833 680 874 meam
711 817 770 872 in
811 817 1044 873 ruinam
1075 835 1245 874 suam
1295 817 1446 890 lapsi
1476 822 1633 890 sunt,
1666 822 1731 873 ut
1761 835 1902 889 qua-

249 909 301 964 si
358 906 846 963 truculentissimi
907 906 1106 964 hostes
1155 911 1211 963 et
1263 907 1631 974 ferocissimi,
1691 907 1904 979 iruptis

248 997 556 1054 civitatum
607 995 1062 1064 munitionibus,
1094 997 1490 1069 domibusque
1537 997 1810 1067 effractis,
1841 995 1900 1050 in

247 1102 452 1142 necem
505 1100 697 1142 meam
742 1101 947 1141 omnes
996 1086 1214 1158 pariter
1267 1086 1624 1157 prosilirent.
1657 1084 1904 1142 Miseria;

247 1179 447 1232 autem
477 1175 783 1247 passiones
804 1179 966 1242 sunt,
996 1175 1246 1248 ﬂagella,
1270 1175 1488 1246 illusio,
1515 1175 1748 1248 probra,
1782 1173 1904 1230 ala-

245 1281 355 1337 pae,
425 1268 621 1338 sputa,
693 1264 943 1337 colaphi,
1013 1267 1193 1336 spina
1259 1269 1316 1321 ot
1383 1264 1708 1336 ignominia
1773 1281 1902 1319 cru-

248 1372 356 1411 018.

321 1466 350 1494 ‹‹
384 1443 672 1500 Redactus
702 1459 837 1500 sum
879 1443 939 1499 in
991 1442 1266 1501 nihilum.
1298 1466 1326 1495 »
1359 1443 1546 1500 Judaei
1577 1444 1903 1517 despicien-

245 1537 341 1591 tes
369 1550 528 1602 eum,
558 1550 660 1606 pro
690 1532 873 1589 nihilo
904 1532 1258 1589 habuerunt.

326 1647 354 1674 κ
388 1622 695 1679 Abstulisti
749 1622 916 1694 quasi
972 1627 1212 1678 ventum
1271 1622 1629 1679 desiderium
1680 1639 1900 1694 meum,

245 1717 309 1768 et
355 1712 522 1785 quasi
570 1713 756 1769 nubes
805 1713 1145 1784 pertransiit
1193 1712 1354 1768 salus
1404 1729 1552 1769 mea.
1605 1736 1632 1763 ››
1680 1713 1902 1769 Ventus

246 1819 510 1874 presens
538 1801 659 1858 haec
702 1801 819 1857 vita
867 1805 1058 1874 potest
1087 1801 1356 1875 intelligi,
1388 1819 1515 1874 quae
1555 1801 1900 1875 plerumque

245 1892 430 1958 venti,
465 1890 584 1947 sive
615 1891 859 1963 spiritus
890 1891 1128 1947 nomine
1180 1890 1571 1964 appellantur.
1603 1892 1683 1947 Ex
1707 1907 1905 1965 perso-

248 1997 331 2036 na
377 1996 514 2053 ergo
561 1981 774 2036 veteris
820 1980 1078 2037 hominis
1135 1981 1389 2054 suscepti
1436 1981 1496 2036 in
1548 1983 1681 2050 Deo,
1734 1981 1908 2038 homo

245 2069 428 2126 Jesus
497 2069 766 2127 Christus
820 2069 942 2126 haec
1018 2069 1298 2142 loquitur.
1357 2070 1721 2127 Desiderium
1775 2088 1908 2128 vero

244 2159 460 2216 veteris
491 2158 748 2215 hominis
791 2158 936 2214 illud
985 2163 1126 2227 erat,
1160 2174 1232 2215 ne
1278 2159 1459 2215 vitam
1507 2161 1659 2216 hanc
1689 2164 1911 2232 tempo-

245 2247 438 2304 ralem
499 2249 811 2318 amitteret,
871 2247 1028 2320 quod
1088 2247 1216 2320 ipse
1273 2249 1557 2304 Dominus
1611 2249 1911 2321 proximus

246 2337 515 2410 passioni
545 2339 934 2408 demonstrat,
969 2337 1173 2392 dicens
1204 2337 1277 2392 ad
1327 2341 1561 2394 Patrem
1595 2354 1608 2392 :
1659 2339 1913 2394 Transeat

252 2443 294 2480 α
355 2441 440 2480 me
482 2425 640 2481 calix
688 2428 808 2481 iste.
847 2427 1061 2490 Verum,
1107 2425 1306 2495 inquit,
1338 2424 1590 2496 nonquod
1635 2441 1728 2496 ego
1773 2426 1911 2494 toto,

249 2515 363 2572 sed
387 2515 526 2586 quod
547 2518 610 2571 tu
637 2515 794 2574 (Ibid.
828 2515 939 2587 39).

335 2627 364 2655 κ
395 2605 560 2661 Nunc
592 2609 788 2661 autem
817 2605 878 2661 in
911 2605 1262 2678 memetipso
1293 2604 1507 2661 arescit
1534 2604 1732 2660 anima
1761 2619 1912 2671 mea,

249 2699 315 2750 et
345 2695 649 2767 possident
680 2710 773 2751 me
804 2694 929 2751 dies
962 2694 1318 2751 afﬂictionis.
1353 2716 1382 2745 »
1419 2694 1549 2751 Dies
1580 2694 1914 2750 afﬂictionis

249 2785 414 2856 ejus,
473 2785 597 2840 dies
647 2789 786 2840 sunt
839 2784 1152 2857 passionis.
1215 2785 1352 2840 Inde
1407 2785 1488 2840 ait
1535 2783 1800 2840 Salvator
1853 2783 1912 2838 in

248 2873 592 2947 Evangelio,
632 2875 819 2930 Tristis
865 2882 942 2930 est
984 2874 1175 2930 anima
1221 2890 1343 2930 mea
1371 2889 1539 2946 usque
1582 2874 1651 2929 ad
1680 2882 1915 2930 mortem

252 2964 436 3035 (Ibid.
469 2965 580 3033 38).

335 3075 364 3102 ‹‹
394 3056 573 3110 Nocte
613 3069 679 3110 os
730 3069 928 3110 meum
979 3053 1308 3127 perforatur
1360 3051 1680 3120 doloribus,
1711 3055 1768 3107 et
1813 3051 1913 3122 qui

248 3158 357 3198 me
385 3143 699 3198 comedunt
720 3159 835 3199 non
867 3143 1188 3200 dormiunt.
1218 3165 1248 3194 η
1281 3143 1481 3210 Nocte,
1507 3142 1647 3214 quia
1672 3157 1911 3213 vespere

2015 552 2170 626 tores
2201 549 2411 606 fuerim
2441 554 2643 607 natus.

2093 657 2114 686 α
2147 637 2344 694 Clamo
2387 639 2460 694 ad
2493 642 2569 707 te,
2601 643 2658 694 et
2700 656 2816 696 non
2850 639 3090 696 exaudis
3139 657 3232 696 me
3265 659 3277 698 :
3315 646 3424 712 sto,
3457 645 3514 698 et
3545 661 3661 699 non

2015 727 2256 799 respicis
2287 743 2399 784 me.
2435 750 2463 778 ››
2516 729 2602 784 Ita
2649 732 2705 784 et
2734 728 2792 784 in
2842 729 3119 785 vicesimo
3173 730 3361 801 primo
3409 732 3657 802 psalmo,

2011 816 2072 871 in
2121 832 2291 872 cruce
2340 816 2613 872 clamavit
2661 819 2731 873 ad
2782 819 3056 874 Patrem:
3101 819 3240 874 Deus
3281 835 3433 874 meus
3480 820 3660 890 (Psal.

2011 922 2126 974 xxr,
2159 907 2237 977 2),
2286 911 2344 962 et
2393 905 2621 979 reliqua
2656 925 2668 962 :
2703 912 2778 964 Et
2805 908 3051 964 clamabo
3097 925 3200 979 per
3250 908 3418 980 diem,
3450 912 3506 963 et
3551 925 3660 964 non

2012 995 2280 1052 exaudis:
2330 996 2486 1066 (Ibid.
2547 997 2625 1067 3),
2684 1001 2742 1052 et
2793 1003 3016 1054 caetera.
3068 997 3196 1053 Haec
3254 997 3436 1070 igitur
3486 997 3662 1053 verba

2014 1084 2293 1141 dicuntur
2321 1102 2388 1141 ex
2433 1102 2683 1158 persona
2711 1086 2982 1142 Cruciﬁxi
3017 1105 3028 1142 :
3063 1087 3216 1143 sicut
3258 1092 3315 1143 et
3365 1086 3499 1158 alia,
3533 1103 3660 1159 qua:

2005 1174 2133 1244 jam
2184 1175 2304 1230 dixi
2353 1177 2643 1248 superius.
2679 1176 2957 1246 Clamabo,
2991 1176 3206 1249 inquit,
3250 1193 3352 1249 per
3397 1176 3540 1232 diem
3593 1176 3663 1231 ad

2013 1268 2066 1319 te
2093 1281 2113 1319 :
2143 1264 2201 1319 id
2231 1267 2342 1332 est,
2375 1264 2432 1319 in
2484 1265 2659 1320 rebus
2706 1267 3001 1338 prosperis
3049 1267 3228 1337 hujus
3256 1267 3408 1336 vitai,
3440 1269 3507 1322 ut
3545 1282 3661 1321 non

2014 1357 2318 1409 mutentur
2374 1370 2387 1409 :
2449 1370 2553 1409 nec
2605 1355 2866 1425 exaudis,
2927 1356 2985 1411 in
3043 1355 3236 1411 verbis
3292 1354 3660 1411 delictorum.

2011 1442 2284 1499 Clamabo
2315 1446 2372 1498 et
2417 1443 2717 1516 in-nocte,
2750 1443 2808 1500 id
2858 1448 2947 1500 est
2993 1445 3054 1499 in
3084 1443 3343 1500 adversis
3388 1444 3518 1500 vita:
3549 1444 3662 1499 hu-

2003 1531 2106 1602 jus
2164 1530 2452 1600 clamabo,
2513 1536 2578 1588 ut
2625 1537 3063 1605 prosperantur,
3115 1536 3172 1588 et
3228 1532 3501 1588 similiter
3545 1550 3662 1588 non

2012 1621 2306 1678 exaudies.
2338 1622 2540 1693 Neque
2587 1622 2695 1677 hoc
2740 1623 2886 1678 satis
2932 1623 3004 1678 ad
3045 1621 3442 1694 insipientiam
3494 1621 3662 1692 mihi,

2013 1712 2115 1766 sed
2148 1711 2344 1783 potius
2375 1715 2440 1766 ut
2470 1711 2695 1783 sapiam
2724 1711 2866 1784 quid
2899 1711 3152 1768 clamare
3201 1728 3294 1767 me
3321 1710 3466 1767 velis
3499 1729 3512 1768 :
3546 1728 3663 1766 non

2011 1800 2204 1856 verbis
2253 1799 2598 1856 delictorum
2650 1817 2719 1856 ex
2781 1800 3070 1857 desiderio
3119 1800 3460 1873 temporalis
3511 1800 3664 1868 vitae,

2017 1891 2119 1946 sed
2186 1889 2377 1945 verbis
2436 1889 2833 1946 conversionis
2893 1890 2964 1945 ad
3023 1895 3080 1946 te
3138 1891 3196 1945 in
3253 1889 3436 1946 vitam
3501 1892 3667 1944 teter-

2017 1995 2177 2034 nam.

2089 2091 2118 2118 «
2153 2068 2410 2124 Mutatus
2460 2085 2522 2124 es
2577 2068 2723 2123 mihi
2775 2069 2834 2122 in
2887 2067 3203 2138 crudelem,
3236 2071 3293 2124 et
3338 2068 3399 2122 in
3451 2065 3670 2123 duritia

2019 2174 2232 2214 manus
2276 2162 2390 2213 tua
2436 2157 2764 2213 adversaris
2814 2156 2980 2213 mihi.
3013 2180 3041 2209 »
3093 2158 3244 2213 Dum
3295 2160 3466 2212 Pater
3497 2155 3670 2212 unico

2019 2246 2162 2303 Filio
2219 2264 2334 2302 non
2387 2247 2664 2319 pepercit,
2706 2247 2808 2302 sed
2859 2264 2962 2320 pro
3011 2247 3182 2303 nobis
3238 2246 3513 2303 omnibus
3560 2249 3672 2301 tra-

2021 2337 2171 2392 didit
2218 2336 2384 2393 illum
2422 2355 2434 2392 :
2469 2336 2831 2393 crudelitatis
2879 2338 3105 2410 species
3150 2337 3483 2408 videbatur,
3515 2337 3671 2410 quod

2021 2431 2145 2483 erat
2174 2426 2281 2498 pia
2313 2426 2770 2499 dispensationis
2799 2426 3062 2483 affectus.

2095 2539 2123 2565 «
2156 2515 2409 2572 Elevasti
2457 2532 2571 2584 me,
2605 2519 2662 2572 et
2709 2517 2879 2588 quasi
2907 2533 3086 2589 super
3134 2520 3373 2572 ventum
3423 2527 3668 2588 ponens,

2023 2604 2232 2662 elisisti
2283 2622 2376 2662 me
2422 2605 2631 2661 valide.
2669 2628 2697 2656 »
2747 2607 2909 2674 Quod
2943 2611 3054 2673 est,
3085 2605 3324 2662 elevasti
3372 2606 3432 2662 in
3480 2621 3670 2676 cruce,

2024 2699 2081 2752 et
2111 2712 2226 2750 non
2259 2694 2632 2751 credentibus
2661 2693 2902 2766 Judzeis,
2939 2713 3032 2753 me
3061 2695 3314 2752 allisisti.

2099 2783 2282 2839 «Scio
2332 2784 2472 2855 quia
2528 2783 2704 2840 morti
2749 2786 2946 2840 trades
2996 2801 3089 2839 me
3136 2802 3149 2840 :
3201 2785 3301 2839 ubi
3354 2784 3672 2840 constituta

2023 2877 2114 2929 est
2141 2873 2352 2928 domus
2401 2873 2562 2929 omni
2606 2873 2843 2929 viventi.
2882 2896 2902 2923 ι
2953 2874 3098 2939 Quia
3143 2877 3277 2928 ante
3325 2873 3556 2928 Domini
3586 2889 3674 2929 re-

2025 2962 2472 3035 surrectionem,
2497 2963 2672 3018 etiam
2697 2963 2845 3033 justi
2878 2961 2935 3018 in
2959 2962 3171 3018 inferni
3201 2961 3469 3034 partibus
3490 2960 3672 3017 fuisse

2025 3053 2361 3109 creduntur.

2095 3165 2125 3193 «
2157 3141 2574 3199 Verumtamen
2618 3159 2736 3199 non
2785 3143 2857 3198 ad
2911 3142 3419 3214 consumptionem
3467 3156 3670 3198 eorum

261 3236 498 3304 captus,
533 3248 637 3305 per
665 3237 846 3288 totam
895 3237 1125 3289 noctem
1175 3232 1404 3300 scribis,
1448 3235 1506 3287 et
1551 3230 1914 3303 principibus
1944 3217 1988 3286 C
2025 3231 2247 3288 emittis
2279 3249 2522 3288 manum
2564 3237 2748 3298 tuam,
2782 3237 2842 3288 et
2868 3231 2917 3288 si
2950 3231 3297 3305 corruerint,
3330 3232 3455 3304 ipse
3484 3231 3672 3288 salva-

251 3321 377 3378 sub
442 3322 894 3394 interrogatione
941 3322 1283 3395 quaestionis
1334 3321 1571 3377 auditus
1617 3324 1709 3376 est
1754 3319 1911 3391 (Ibid.

249 3411 336 3464 47
363 3413 553 3483 seqq.).
607 3410 709 3466 Vel
763 3415 991 3467 noctem
1043 3411 1318 3480 tristitiae,
1364 3415 1422 3466 et
1468 3410 1784 3483 passionis,
1834 3412 1915 3466 ait

249 3500 543 3556 Dominus
575 3500 647 3556 ad
703 3499 1022 3572 apostolos,
1057 3500 1156 3572 qui
1191 3503 1428 3573 propter
1475 3499 1825 3568 dilectionis,
1855 3504 1914 3556 et

244 3590 558 3646 charitatis
590 3606 733 3646 meas
762 3589 1163 3646 fortitudinem
1194 3607 1331 3646 ossa
1361 3588 1910 3646 dicunturzaculeis

246 3679 502 3747 doloris,
558 3680 910 3751 timorisque
959 3679 1318 3752 compuncti,
1377 3696 1565 3750 usque
1613 3679 1683 3734 ad
1734 3695 1910 3750 nega-

243 3769 434 3825 tionis
483 3785 696 3825 noxam
746 3769 1023 3840 perforati
1075 3774 1216 3824 sunt
1267 3785 1280 3824 :
1328 3769 1386 3824 id
1435 3773 1544 3835 est,
1587 3767 1912 3840 penetravit

241 3859 530 3914 virtutem
563 3857 746 3914 animi
776 3875 978 3914 eorum
1009 3858 1281 3914 titubatio
1313 3857 1469 3926 fidei,
1503 3862 1569 3912 ut
1599 3858 1671 3912 ad
1703 3858 1908 3914 horam

242 3947 594 4003 tentationis
649 3948 708 4002 in
755 3947 1060 4004 charitatis
1118 3945 1419 4002 soliditate
1464 3951 1761 4001 nutarent.
1819 3946 1906 4002 Illi

242 4053 407 4107 vero,
469 4037 569 4109 qui
627 4053 721 4092 me
797 4053 984 4108 usque
1045 4036 1114 4090 ad
1195 4039 1445 4090 mortem
1502 4037 1906 4107 persequendo

239 4126 522 4181 videntur
560 4141 927 4195 consumere,
961 4141 1076 4180 non
1130 4125 1432 4179 dormiunt
1469 4140 1482 4180 :
1516 4123 1574 4178 id
1603 4129 1713 4193 est,
1745 4141 1902 4196 omni

239 4215 550 4286 vigilantia
581 4215 798 4270 mentis
830 4214 1131 4283 insistunt,
1165 4217 1231 4268 ut
1261 4214 1328 4268 ad
1381 4230 1476 4270 me
1505 4214 1901 4270 devorandum

242 4304 612 4378 perveniant.

331 4415 351 4441 ι
389 4394 452 4448 In
496 4392 874 4449 multitudine
921 4407 1122 4449 eorum
1175 4393 1544 4450 consumitur
1587 4393 1900 4448 vestimen-

241 4489 382 4538 tum
432 4497 652 4538 meum.
686 4505 714 4532 ››
768 4482 1260 4539 Convenientibus
1310 4483 1368 4537 in
1419 4499 1606 4537 unum
1656 4482 1897 4550 Judaais,

242 4588 387 4629 caro
439 4587 568 4628 mea
613 4571 868 4644 injuriis,
917 4571 1117 4638 clavis,
1166 4587 1354 4639 cruce,
1407 4576 1594 4626 morte
1642 4571 1901 4626 confecta
1932 4593 1979 4659 D

242 4667 360 4719 est.

323 4775 350 4801 ‹‹
384 4752 454 4806 Et
505 4751 672 4823 quasi
721 4751 934 4823 capitio
979 4751 1189 4806 tunicae
1241 4750 1547 4806 cinxerunt
1595 4765 1708 4804 me.
1759 4773 1785 4798 »
1835 4754 1897 4805 In

244 4857 454 4898 necem
485 4857 676 4897 meam
709 4856 911 4896 omnes
943 4840 1204 4912 undique
1233 4855 1326 4895 me
1355 4839 1514 4894 velut
1554 4844 1900 4911 exstrangu-

243 4931 442 4986 lantes
491 4929 1020 4997 circumdederunt,
1059 4933 1116 4984 et
1165 4932 1230 4983 ut
1278 4945 1370 4984 me
1418 4928 1796 5000 praefocarent
1843 4927 1900 4981 in

244 5023 461 5086 morte,
518 5025 799 5090 tanquam
859 5035 960 5074 ora
1034 5018 1255 5090 capitii,
1313 5017 1562 5074 fortibus
1634 5016 1904 5072 videlicet

249 5109 503 5180 laqueis,
553 5108 835 5164 falsorum
902 5107 1374 5163 testimoniorum
1439 5123 1530 5162 me
1602 5107 1906 5162 cinxerunt

254 5199 465 5271 (Matth.
500 5215 647 5263 xxvr,
681 5198 796 5268 60),
828 5200 884 5252 et
913 5196 1068 5252 intra
1097 5197 1428 5268 passionem
1466 5213 1654 5251 meam
1688 5200 1743 5250 et
1772 5213 1902 5250 cru-

258 5305 409 5352 cem,
442 5287 609 5359 quasi
643 5286 797 5340 intra
825 5285 1083 5340 tunicam
1116 5301 1207 5340 me
1237 5285 1624 5340 incluserunt.

334 5400 360 5424 ‹‹
394 5377 778 5447 Comparatus
829 5390 960 5429 sum
1008 5373 1152 5444 luto,
1188 5377 1246 5428 et
1292 5373 1656 5428 assimilatus
1705 5372 1905 5432 favilla:

260 5469 320 5522 et
375 5465 573 5520 cineri.
638 5487 664 5513 n
723 5464 832 5518 Per
879 5465 1124 5518 mortem
1175 5479 1350 5536 quam
1402 5462 1602 5518 volens
1651 5463 1904 5534 suscepi,

260 5559 641 5628 comparatus
696 5569 831 5609 sum
902 5551 1139 5619 vilibus,
1188 5556 1245 5608 et
1317 5557 1551 5625 peccato
1620 5552 1908 5620 obnoxiis,

262 5648 440 5722 atque
483 5643 544 5703 in
592 5643 779 5703 Adam
827 5639 929 5701 Dei
977 5641 1263 5702 sententia
1308 5641 1733 5717 condemnatis,
1775 5657 1909 5704 cum

2025 3321 2136 3377 bis.
2171 3344 2197 3370 ιν
2248 3322 2333 3378 Ad
2383 3321 2491 3377 hoc
2543 3323 2747 3394 utique
2797 3321 2969 3378 morti
3017 3322 3214 3378 trades
3265 3339 3378 3393 me,
3439 3326 3504 3378 ut
3555 3338 3670 3376 non

2023 3415 2449 3468 consumantur
2505 3413 2698 3467 debita
2745 3429 2932 3484 poena,
2985 3412 3087 3483 qui
3137 3411 3333 3466 divina
3379 3411 3672 3467 sententia

2023 3501 2196 3557 morti
2229 3505 2458 3557 aeternas
2488 3505 2627 3557 sunt
2655 3501 2917 3573 deputati
2952 3519 2965 3557 :
2999 3501 3100 3556 sed
3132 3499 3329 3572 potius
3354 3516 3485 3556 mea
3512 3517 3666 3556 mor-

2021 3594 2078 3646 te
2127 3590 2444 3646 salventur.
2497 3590 2659 3653 Quod
2708 3595 2904 3646 autem
2953 3590 3094 3646 dicit
3145 3605 3158 3645 :
3210 3589 3269 3645 Si
3319 3590 3667 3657 corruerint,

2019 3681 2145 3753 ipse
2196 3679 2450 3736 salvebis
2498 3684 2630 3751 post
2684 3679 2933 3752 gratiam
2978 3680 3281 3751 baptismi,
3341 3680 3665 3736 remedium

2019 3769 2230 3826 salutis
2297 3768 2796 3842 delinquentibus,
2855 3785 2958 3842 per
3004 3770 3402 3842 pmnitentiam
3467 3785 3667 3842 repro-

2019 3859 2216 3914 mittit.

2089 3971 2117 3997 «
2177 3948 2413 4004 Flebam
2473 3949 2766 4020 quondam
2827 3965 3004 4020 super
3057 3965 3191 4004 eum
3250 3949 3350 4020 qui
3411 3948 3663 4004 afﬂictus

2016 4045 2158 4093 erat.
2199 4060 2219 4086 ι»
2257 4037 2499 4092 Duabus
2548 4042 2744 4093 autem
2792 4039 2864 4093 de
2894 4039 3088 4094 causis
3136 4037 3396 4093 Salvator
3423 4038 3661 4094 Jerusa-

2016 4126 2130 4182 lem
2186 4127 2453 4182 deﬂebat.
2507 4128 2656 4197 (Luc.
2713 4144 2827 4194 XIX,
2879 4127 2992 4196 41).
3054 4126 3179 4181 Una
3234 4131 3348 4194 est,
3397 4143 3515 4197 qua
3558 4143 3662 4198 pro

2014 4215 2307 4272 conversis
2358 4215 2523 4278 ﬂens,
2589 4215 2816 4270 Patrem
2885 4215 3109 4270 orabat.
3182 4213 3312 4269 Alia
3361 4231 3492 4270 vero
3550 4219 3660 4282 est,

2013 4321 2131 4377 qua
2161 4320 2264 4375 pro
2298 4320 2413 4358 non
2450 4303 2826 4359 credentibus
2875 4302 3078 4358 dolens
3110 4302 3304 4374 ﬂebat,
3337 4304 3659 4375 praevidens

2011 4395 2214 4465 utique
2263 4397 2328 4447 ut
2357 4392 2510 4447 Deus
2555 4392 2629 4447 ob
2660 4390 3090 4448 incredulitatis
3141 4393 3419 4450 duritiam
3470 4394 3670 4467 perdi.

2006 4485 2225 4540 tionem
2257 4497 2479 4537 eorum.

2082 4595 2111 4623 ‹‹
2145 4572 2213 4626 Et
2242 4570 2707 4642 compatiebatur
2749 4571 2948 4627 anima
2977 4589 3105 4628 mea
3153 4573 3414 4646 pauperi.
3451 4597 3473 4626 ι
3508 4577 3660 4640 Quo-

2011 4661 2185 4719 modo
2236 4659 2445 4715 animae
2497 4664 2709 4715 sanctae
2742 4661 2800 4714 in
2855 4661 3173 4732 Scripturis
3218 4677 3505 4733 pauperes
3553 4681 3656 4734 ap-

2010 4749 2324 4824 pellantur,
2377 4765 2492 4804 non
2549 4747 2832 4804 habentes
2881 4749 3165 4820 superbiae
3223 4749 3515 4821 spiritum,
3568 4751 3657 4806 vel

2011 4844 2247 4911 peccata
2276 4843 2556 4908 tanquam
2589 4838 2794 4892 mundi
2829 4838 3010 4909 hujus
3055 4838 3310 4893 divitias.
3347 4840 3428 4894 Ita
3457 4856 3488 4894 e
3519 4855 3656 4893 con-

2010 4929 2190 4984 trario
2249 4944 2454 4984 omnes
2510 4932 2839 4998 peccatores
2889 4943 3172 4998 pauperes
3219 4933 3655 5000 nuncupantur,

2013 5037 2079 5076 eo
2106 5019 2260 5090 quod
2296 5018 2581 5089 superbiai
2622 5017 2829 5088 spiritu
2874 5021 3158 5083 tumeant,
3205 5021 3261 5072 et
3307 5017 3426 5072 sint
3455 5018 3656 5089 inopes

2013 5108 2323 5164 sanctitate
2357 5125 2368 5162 :
2403 5108 2472 5162 de
2505 5107 2720 5178 quibus
2753 5107 2808 5160 in
2843 5106 3068 5177 psalmo
3099 5106 3328 5161 canitur
3361 5123 3373 5160 :
3407 5107 3660 5163 Sedentes

2015 5199 2075 5252 in
2124 5197 2361 5252 tenebris
2408 5199 2458 5250 et
2516 5199 2570 5250 in
2616 5196 2812 5250 umbra
2859 5198 3053 5251 mortis
3101 5214 3120 5251 :
3178 5197 3412 5251 vinculis
3468 5198 3660 5267 ligatos

2016 5289 2073 5340 in
2106 5285 2454 5340 mendicitate
2483 5289 2534 5339 et
2562 5287 2708 5354 ferro
2758 5285 2928 5355 (Psal.
2963 5302 3068 5352 ενι,
3111 5285 3213 5354 10).
3251 5287 3330 5340 Ad
3362 5285 3657 5342 deﬂendos

2017 5373 2357 5445 hujusmodi
2389 5389 2696 5445 pauperes,
2730 5379 2928 5444 utpote
2975 5375 3137 5428 dives
3168 5374 3225 5428 in
3260 5373 3655 5429 miserationi-

2017 5465 2129 5519 bus
2171 5464 2324 5519 Deus
2357 5479 2425 5518 ex
2456 5463 2662 5518 aﬂ'ectu
2695 5463 3105 5518 misericordiae
3135 5463 3434 5520 tristitiam
3479 5465 3659 5520 susti-

2018 5554 2214 5611 nebat.

2093 5665 2122 5697 ‹‹
2155 5641 2573 5718 Exspectabam
2602 5642 2773 5717 bona,
2805 5646 2863 5702 et
2911 5647 3196 5704 venerunt
3243 5643 3387 5702 mihi
3417 5643 3591 5704 mala.
3629 5665 3652 5702 ι
