3980 6184
401 331 531 393 ’159

1910 319 2339 385 APPENDIX.

3647 325 3743 392 760

405 461 836 537 Exspectabam
909 474 1046 533 ergo
1120 475 1223 533 per
1291 460 1658 532 patientiam,
1719 462 1785 516 ut
1837 455 2516 529 bonumAquodhanc
2541 455 2904 527 nigredinem
2952 451 3140 511 noctis
3171 455 3228 511 et
3273 455 3634 527 tenebrarum,
3657 476 3745 518 non

414 550 807 610 conversionis
887 566 1089 604 eorum
1173 551 1458 621 gaudens,
1518 568 1694 622 super
1777 551 2063 606 correctos

413 641 794 716 perciperem.
845 641 954 695 Sed
1024 637 1109 694 illi
1160 638 1394 694 divitias
1448 638 1726 696 bonitatis
1785 655 1946 707 meae,
2009 642 2066 693 et

411 727 880 804 longanimitatis
939 744 1040 800 per
1107 727 1536 783 contumaciam
1605 730 2063 791 contemnentes,

413 821 934 877 thesaurizaverunt
962 817 1071 872 sibi
1120 818 1264 871 iram
1293 817 1353 872 in
1401 817 1492 873 die
1517 819 1637 886 irae,
1663 821 1720 872 et
1763 817 2066 873 revelatioe

414 911 508 964 nis
526 908 673 978 justi
700 905 907 978 judicii
952 905 1062 960 mei
1090 905 1266 975 (Rom.
1301 921 1367 969 ιι,
1397 904 1475 973 5).
1524 904 1654 959 Haec
1702 903 1883 976 igitur
1913 903 2069 958 mala

419 1014 622 1052 eorum
653 996 726 1050 ad
759 999 1137 1066 conspectum
1168 1009 1365 1048 meum
1396 996 1640 1048 ventura
1669 997 1825 1063 sunt,
1859 997 1924 1048 ut
1945 993 2068 1048 red-

419 1087 554 1141 dam
587 1083 904 1154 unicuique
936 1081 1261 1138 secundum
1293 1098 1465 1154 opera
1498 1098 1625 1137 sua.

493 1198 521 1226 «
556 1173 935 1229 Praestolabar
985 1172 1198 1239 lucem,
1249 1176 1305 1226 et
1353 1174 1673 1242 eruperunt
1719 1172 1990 1227 tenebras.
2039 1192 2068 1220 »

425 1265 638 1322 Lucem
665 1263 724 1316 in
756 1261 838 1317 eis
871 1261 1002 1315 ﬁdei
1035 1265 1091 1316 et
1123 1263 1460 1316 sanctorum
1504 1278 1746 1332 operum
1778 1259 2071 1332 praestola-

424 1355 546 1422 bar,
598 1355 654 1407 et
697 1348 1061 1406 infidelitatis
1119 1365 1320 1404 eorum
1374 1366 1441 1404 ac
1487 1349 1762 1406 vitiorum
1819 1349 2070 1405 tenebrae

423 1441 871 1515 praevaluerunt.
1037 1437 1044 1443 ’

495 1553 521 1580 ‹‹
557 1529 838 1585 Interiora
859 1544 988 1582 mea
1008 1528 1406 1583 efferbuerunt
1426 1528 1648 1598 absque
1674 1526 1796 1583 ulla
1816 1527 2072 1598 requie.»

409 1619 555 1674 Sive
600 1617 755 1690 quod
789 1617 984 1672 dolore
1032 1621 1242 1683 tactus,
1275 1615 1629 1672 intrinsecus
1679 1616 1916 1671 animus
1946 1616 2074 1686 ejus

425 1706 822 1762 sollicitudine
868 1709 925 1759 et
973 1705 1260 1759 anxietate
1302 1705 1602 1774 ferbuerit,
1649 1712 1825 1776 super
1871 1721 2072 1760 eorum

427 1794 752 1865 perditione
801 1793 953 1864 (Gen.
1005 1810 1086 1861 vn,
1133 1794 1187 1863 6)
1233 1811 1245 1849 :

428 1885 600 1950 facto,
627 1887 683 1938 et
712 1881 1014 1936 habitante
1033 1882 1092 1935 in
1126 1881 1363 1937 homine
1384 1883 1524 1937 Jesu
1552 1882 1847 1938 Salvatore
1878 1887 2075 1938 nostro

429 1972 604 2043 (Joan.
661 1988 700 2041 1,
743 1970 854 2040 14),
906 1969 1184 2025 interiora
1231 1971 1382 2039 ejus,
1414 1971 1472 2024 id
1521 1975 1630 2038 est,
1661 1971 1868 2026 animae
1915 1971 2076 2027 illius

429 2066 624 2115 motus
654 2060 781 2115 sine
810 2057 1133 2114 cessatione
1166 2059 1360 2114 divino
1385 2059 1521 2131 igne
1550 2060 1868 2116 fervebant.
1971 2105 1978 2112 .

501 2171 529 2199 «
563 2150 968 2204 Praevenerth
1014 2163 1107 2202 me
1159 2148 1284 2203 dies
1332 2148 1689 2204 afﬂictionis.
1731 2169 1759 2199 »
1811 2149 1943 2205 Dies
1992 2150 2075 2205 af-

427 2236 698 2292 ﬂictionis
738 2237 863 2291 dies
903 2235 1117 2306 judicii
1165 2240 1355 2303 erunt,
1388 2236 1448 2290 in
1480 2237 1694 2307 quibus
1737 2238 2073 2309 praedictam

426 2330 658 2398 gentem
701 2325 1072 2395 judicaturus
1123 2340 1278 2380 sum.
1313 2325 1423 2379 Sed
1472 2330 1666 2381 tamen
1714 2343 1891 2394 nunc,
1926 2331 1982 2383 et
2013 2328 2073 2382 in

426 2414 535 2470 hoc
587 2419 848 2486 tempore
891 2413 1092 2468 nimiis
1141 2413 1458 2470 sceleribus
1497 2415 1620 2470 suis
1669 2420 2074 2486 praevenerunt

425 2519 541 2569 me,
571 2507 638 2558 ut
668 2503 995 2558 secundum
1016 2502 1248 2572 justum
1279 2503 1570 2573 judicium
1598 2519 1798 2559 meum
1829 2505 2071 2560 reddam

424 2593 509 2647 eis
561 2607 576 2647 :
628 2592 781 2646 sicut
830 2595 1034 2662 postea
1081 2590 1295 2646 accidit
1326 2591 1384 2646 in
1434 2592 1724 2663 passione,
1757 2593 1990 2662 quando
2039 2612 2074 2650 a

427 2680 707 2736 Romanis
735 2679 1059 2734 Jerusalem
1080 2678 1484 2751 templumque
1516 2681 1862 2736 subversum
1887 2685 1996 2737 est.

499 2792 520 2818 ι
557 2769 804 2824 Maerens
832 2767 1173 2823 incedebam
1204 2785 1216 2823 :
1251 2768 1376 2823 sine
1409 2769 1600 2824 furore
1631 2785 1990 2842 consurgens
2010 2772 2068 2826 in

421 2857 678 2915 tenebris
710 2856 1058 2912 clamabam.
1085 2878 1113 2906 ››
1145 2856 1282 2912 Sine
1307 2856 1502 2929 aliquo
1519 2857 1724 2930 utique
1753 2859 2067 2914 iracundiae

419 2949 614 3004 furore
671 2952 796 3003 erat
843 2962 856 3002 :
908 2944 1187 3017 quoniam
1237 2946 1452 3003 donare
1519 2952 1699 3020 atque
1755 2950 2070 3005 concedere

421 3041 661 3109 peccata
709 3051 910 3091 eorum
960 3035 1289 3103 advenerat,
1324 3052 1439 3091 non
1488 3037 1714 3107 punire.
1746 3037 1841 3092 Ait
1890 3037 2067 3094 etiam

422 3123 780 3196 evangelista
827 3139 841 3178 :
895 3123 1083 3178 Stabat
1128 3127 1304 3192 Jesus,
1346 3128 1398 3180 et
1443 3125 1725 3182 clamabat
1756 3144 1774 3180 :
1807 3127 1911 3194 Qui
1948 3129 2068 3182 sitit

421 3213 605 3269 veniat
633 3211 706 3266 ad
736 3228 838 3278 me,
871 3219 924 3267 et
953 3212 1102 3266 bibat
1133 3213 1309 3282 (Joan.
1342 3229 1441 3278 vu,
1471 3214 1583 3285 37).

497 3324 527 3352 ‹‹
559 3301 760 3357 Frater
788 3301 870 3355 fui
902 3300 1245 3368 draconum,
1276 3305 1334 3356 et
1373 3301 1568 3358 socius
1594 3302 2014 3359 struthicnum.
2043 3327 2069 3353 ι)

422 3391 658 3448 Judazos
699 3390 757 3444 in
791 3387 1099 3461 Evangelia
1145 3389 1424 3445 Dominus
1474 3395 1772 3463 serpentes
1805 3393 2068 3464 frequen-

427 3485 516 3536 ter
545 3478 800 3551 appellat
831 3483 888 3532 et
906 3479 1133 3549 viperas
1161 3494 1173 3533 :
1204 3477 1283 3532 ita
1313 3477 1514 3534 dicens
1543 3495 1555 3534 :
1591 3479 1889 3550 Serpentes,
1921 3484 2078 3550 geni-

427 3570 581 3623 mina
611 3569 926 3637 viperarum
967 3565 1176 3637 (Matth.
1217 3583 1378 3632 xxm,
1405 3567 1514 3637 33).
1543 3569 1606 3622 Et
1637 3568 1918 3639 propheta
1948 3569 2028 3626 ait
2056 3589 2069 3630 :

430 3657 540 3712 Ova
565 3655 815 3726 aspidum
860 3658 1127 3723 ruperunt
1175 3654 1301 3725 (lsa.
1352 3672 1463 3722 ιιι,
1495 3655 1570 3726 3),
1605 3671 1739 3711 cum
1782 3656 2071 3714 malorum

426 3744 861 3816 generationem
908 3742 1283 3814 multiplicari
1337 3743 1577 3800 videret.
1632 3745 1774 3800 Item
1829 3763 1843 3801 :
1895 3750 2076 3803 Furor

427 3831 726 3887 draconum
770 3832 964 3886 vinum
1005 3846 1212 3900 eorum,
1245 3836 1296 3885 et
1345 3834 1503 3902 [uror
1549 3832 1802 3904 aspidu-m
1848 3835 2070 3891 insana-

430 3921 558 3978 bilis
587 3921 766 3992 (Deut.
817 3937 956 3986 xxu,
1005 3920 1114 3990 33).
1169 3920 1280 3975 Sed
1327 3919 1542 3976 idcirco
1576 3922 1822 3978 fratrum
1870 3939 2070 3979 eorum

429 4028 490 4067 se
521 4008 898 4082 nuncupavit,
929 4007 1206 4080 quoniam
1254 4008 1326 4064 de
1354 4024 1556 4064 eorum
1605 4026 1816 4082 genere
1866 4028 2072 4068 secun-

429 4100 571 4156 dum
603 4115 836 4155 carnem
867 4103 957 4155 est
985 4102 1324 4169 procreatus
1357 4113 1370 4152 :
1401 4098 1472 4153 de
1505 4097 1723 4170 quibus
1756 4099 1815 4154 in
1846 4100 2072 4172 psalmo

429 4190 510 4245 ait
541 4205 553 4243 :
588 4188 748 4245 Socer
773 4194 955 4259 [actus
983 4203 1111 4242 sum
1137 4187 1412 4257 fratribus
1441 4177 1606 4256 meis,
1633 4196 1684 4244 et
1716 4187 1904 4260 hospes
1932 4189 2074 4262 ﬁliis

425 4279 630 4334 matris
673 4293 816 4334 mea:
859 4277 1032 4347 (Psat.
1085 4293 1276 4346 vam,
1307 4277 1384 4347 9).
1436 4277 1508 4332 Et
1559 4277 1700 4348 quia
1748 4279 2072 4336 secundum

429 4369 773 4438 praesentem
838 4365 1036 4432 vitam,
1099 4382 1214 4437 qua
1269 4366 1413 4421 dum
1471 4364 1565 4421 hic
1623 4366 1886 4423 mortalis
1941 4368 2070 4436 fuit,

427 4453 582 4510 inter
611 4470 710 4510 eos
738 4457 829 4508 est
876 4458 1269 4520 conversatus,
1303 4453 1704 4511 struthionum
1753 4472 1814 4512 se
1845 4456 2071 4514 socium

427 4543 592 4612 dixit,
626 4543 684 4598 id
736 4546 844 4614 est,
877 4543 938 4598 in
984 4543 1187 4599 eadem
1235 4548 1406 4616 gente
1453 4561 1561 4600 sua
1605 4560 1740 4600 cum
1790 4545 1988 4603 stultis
2017 4551 2074 4603 et
2102 4563 2149 4628 D

424 4631 839 4705 insipientibus
887 4631 1172 4687 habitavit
1223 4649 1236 4700 ;
1297 4631 1450 4688 sicut
1496 4631 1623 4704 ipse
1675 4633 1961 4691 Dominus
2009 4635 2066 4691 in

425 4721 735 4794 Evangelio
767 4738 781 4777 :
814 4721 984 4776 Stutti
1007 4723 1060 4776 et
1087 4721 1214 4776 caci
1244 4721 1457 4789 (Matth.
1489 4738 1652 4788 χχιιι,
1686 4722 1795 4794 17).

497 4834 525 4860 ‹‹
557 4810 718 4866 Cutis
751 4825 881 4865 mea
919 4809 1226 4880 denigrata
1274 4813 1363 4864 est
1409 4825 1586 4880 super
1614 4825 1727 4865 me.
1760 4832 1788 4861 »
1826 4812 1887 4866 In
1915 4816 2067 4883 cute,

423 4916 657 4956 carnem
686 4915 878 4966 suam,
914 4899 970 4954 id
1003 4902 1092 4954 est
1133 4897 1398 4954 Judaeum
1429 4902 1661 4970 gentem
1693 4915 1884 4966 suam,
1916 4901 2072 4957 unde

422 4987 686 5044 Salvator
716 5004 954 5044 carnem
996 4987 1340 5060 assumpsit,
1372 5004 1407 5042 a
1437 4992 1601 5060 parte
1631 4991 1820 5044 totum
1851 4989 2069 5046 dixisse

418 5073 838 5147 intelligendus
874 5080 982 5133 est.
1017 5077 1180 5142 Quod
1213 5083 1409 5133 autem
1441 5093 1618 5149 super
1647 5093 1739 5132 me
1768 5076 1870 5146 ait,
1903 5079 2067 5135 deni-

417 5168 586 5237 grata
639 5169 730 5220 est
786 5165 936 5220 cutis
997 5183 1145 5234 mea,
1202 5166 1283 5220 ita
1339 5170 1446 5237 est,
1508 5165 1667 5222 velut
1717 5166 1767 5222 si
1826 5166 2064 5237 diceret,

415 5256 651 5325 propter
698 5269 812 5321 me,
849 5253 905 5308 id
953 5251 1061 5320 est,
1094 5254 1150 5309 in
1204 5271 1454 5327 persona
1482 5271 1634 5323 mea,
1687 5255 1819 5312 odio
1869 5273 2064 5328 perse-

415 5341 717 5398 cutionum
743 5347 799 5398 et
819 5342 1033 5399 scelere
1056 5343 1454 5416 blasphemiae,
1480 5349 1851 5417 peccatorum
1883 5345 2060 5402 etiam

412 5428 788 5487 infandcrum
838 5430 1210 5499 criminibus,
1241 5437 1391 5488 tetra
1428 5449 1495 5489 ac
1526 5433 1691 5506 nigra
1740 5433 1946 5490 etl’ecta
1971 5439 2060 5491 est

410 5536 543 5577 caro
601 5519 831 5594 generis
887 5520 1022 5589 mei,
1073 5525 1130 5577 et
1179 5521 1347 5593 quasi
1395 5521 1750 5595 Ethiopissa
1805 5522 2057 5582 colorem

408 5609 730 5690 nigredinis
806 5625 921 5671 non
979 5609 1278 5686 amittens,
1337 5614 1395 5672 et
1452 5625 1520 5671 ec
1596 5615 1686 5673 est
1744 5609 2054 5692 infelicior,
2164 5610 2378 5687 inquit,
2414 5610 2609 5670 animo
2638 5626 2773 5674 cum
2803 5610 2897 5674 his
2947 5599 3244 5676 obtutibus
3286 5598 3460 5670 carnis
3485 5601 3617 5660 me”:

2174 545 2233 601 in
2265 545 2570 616 superficie
2601 544 2878 616 corporis,
2903 545 3002 599 sed
3035 543 3094 599 in
3116 545 3289 600 corde
3317 547 3594 602 contraxit.
3622 547 3746 606 Unde

2175 635 2256 690 ait
2303 633 2586 690 Dominus
2617 650 2718 705 per
2747 633 3089 705 prophetam
3119 650 3133 688 :
3169 635 3330 689 Nocti
3357 637 3627 691 assimilari
3664 655 3748 693 ma-

2175 731 2310 778 trem
2341 731 2580 778 vestram
2609 723 2779 793 (Osee,
2813 741 2876 790 II,
2907 724 2983 793 2).

2250 835 2271 859 ι
2307 812 2375 866 Et
2421 828 2558 868 ossa
2612 828 2743 867 mea
2785 817 3067 867 aruerunt
3114 829 3231 884 prae
3284 818 3605 868 caumate.»
3641 819 3750 871 Ossa

2175 901 2436 972 corporis
2468 900 2752 969 Ecclesiae,
2787 901 2957 972 cujus
2996 905 3170 972 caput
3199 906 3290 958 est
3317 902 3582 967 Christus,
3609 906 3749 959 sancti

2181 990 2421 1060 quidem
2455 1005 2680 1060 omnes,
2711 991 2813 1046 sed
2844 990 3132 1062 praecipue
3163 990 3411 1062 apostoli
3458 990 3751 1064 intelligendi

2178 1082 2364 1134 sunt:
2419 1095 2669 1150 quorum
2720 1079 3052 1135 sanctitatis
3103 1080 3311 1136 robore
3358 1084 3524 1152 atque
3571 1079 3748 1148 virtute,

2179 1167 2380 1222 omnia
2429 1168 2694 1223 membra
2751 1167 3394 1224 inﬁrmiora-Ecclesia
3435 1169 3748 1225 sustinentur.

2181 1255 2399 1311 Horum
2431 1256 2613 1328 igitur
2642 1258 2819 1329 adeps
2851 1256 3280 1328 pinguissimus
3311 1257 3594 1313 charitatis
3617 1258 3749 1312 nimio

2183 1345 2603 1416 persecutionis
2633 1350 2776 1402 aistu
2806 1345 2866 1400 in
2897 1346 3169 1417 passione
3201 1345 3511 1403 Salvatoris
3537 1352 3749 1402 exaestua-

2169 1434 2283 1489 vvit.
2317 1434 2397 1489 De
2445 1434 2665 1507 quibus
2703 1435 2829 1506 ipse
2879 1435 3164 1492 Dominus
3194 1437 3254 1491 in
3305 1435 3523 1508 psalmo
3553 1453 3565 1490 :
3594 1439 3748 1492 Etuta

2180 1539 2306 1578 mea
2333 1525 2474 1578 sicut
2521 1527 2786 1579 cremium
2831 1533 3100 1580 aruerunt
3150 1525 3324 1595 (Psat.
3355 1541 3429 1596 cr,
3461 1525 3530 1596 4).
3563 1524 3686 1580 ‘ltem
3707 1525 3747 1579 in

2183 1611 2295 1667 alio
2326 1612 2550 1684 psalmo
2603 1630 2616 1668 :
2668 1613 2819 1669 Sicut
2861 1630 3015 1684 aqua
3061 1615 3269 1686 effusus
3316 1629 3456 1684 sum,
3485 1618 3533 1670 et
3570 1614 3750 1685 dispersi

2180 1708 2310 1755 sunt
2337 1702 2528 1757 omnia
2572 1717 2694 1757 ossa
2722 1719 2845 1757 mea
2890 1704 3060 1775 (Psal.
3093 1719 3213 1771 xxx,
3264 1704 3389 1774 15);
3423 1707 3484 1757 ut
3531 1702 3602 1757 ita
3636 1718 3753 1757 evan-

1297 1794 1417 1849 sive
1465 1795 1620 1864 quod
1664 1795 1853 1850 Verbo
1901 1810 2152 1894 carneB
2184 1789 2390 1861 gelista
2468 1791 2534 1845 Et
2575 1793 2767 1846 relicto
2813 1796 2970 1861 Jesu,
3018 1796 3285 1863 fugerunt
3323 1793 3572 1862 discipuli
3599 1791 3751 1863 (Matth.

2186 1895 2339 1947 xxvx,
2371 1877 2484 1947 56).
2515 1880 2627 1934 Sed
2678 1895 2914 1937 rursum
2947 1897 3050 1952 per
3101 1881 3520 1938 confessionem
3566 1880 3753 1935 nominis

2185 1967 2313 2038 ejus
2343 1967 2627 2024 charitate
2658 1967 2817 2025 illius
2847 1969 3148 2027 uberrima
3175 1969 3519 2043 impinguati
3543 1973 3658 2026 sunt
3680 1972 3752 2023 :ut

2185 2055 2346 2112 nullo
2392 2058 2769 2129 postmodum
2839 2059 3209 2131 quantolibet
3275 2059 3508 2115 ferventi
3551 2060 3753 2113 caumate

2159 2146 2678 2218 perseeutionum,
2737 2148 2884 2204 ﬁdes
2945 2148 3160 2204 Christi
3222 2149 3282 2204 in
3337 2150 3440 2213 eis,
3496 2151 3548 2204 et
3594 2143 3752 2202 bonum

2183 2235 2482 2290 charitatis
2511 2241 2818 2293 cresceret.

2262 2345 2290 2376 α
2315 2323 2496 2380 Versa
2525 2329 2615 2380 est
2641 2324 2701 2380 in
2733 2323 2957 2382 luctum
3000 2327 3230 2383 cithara
3261 2343 3405 2392 mea,
3435 2331 3491 2382 et
3534 2337 3749 2396 organum

2182 2427 2381 2468 meum
2412 2412 2471 2468 in
2517 2427 2716 2469 vocem
2750 2414 3034 2470 ﬂentium.
3073 2438 3101 2463 »
3139 2417 3202 2472 In
3255 2416 3471 2472 cithara
3497 2420 3547 2470 et
3571 2427 3749 2484 organo,

2180 2498 2382 2556 laetitia
2435 2505 2492 2556 et
2539 2501 2846 2558 exsultatio
2895 2503 3265 2576 intelligitur.
3319 2505 3495 2568 Quam
3546 2501 3751 2558 Christus

2180 2605 2244 2644 se
2292 2589 2506 2645 habere
2553 2592 2934 2663 demonstrat,
2975 2594 3213 2664 quando
3259 2607 3433 2665 super
3463 2589 3636 2646 salute
3671 2602 3751 2642 cre-

2181 2677 2445 2732 dentium
2495 2678 2835 2748 delectatur,
2885 2680 3039 2736 sicut
3089 2682 3220 2753 ipse
3269 2683 3329 2736 in
3378 2677 3652 2752 Evangelio
3681 2675 3750 2737 ait,

2179 2764 2279 2820 ubi
2327 2766 2665 2836 parabolam
2715 2773 2952 2824 centum
3003 2769 3206 2826 ovium
3261 2770 3444 2842 ponit,
3491 2768 3555 2822 de
3590 2763 3750 2836 quibus

2180 2869 2359 2909 unam
2409 2855 2489 2910 ait
2535 2856 2778 2927 perisse,
2809 2861 2890 2924 et,
2947 2858 3184 2915 inventa
3232 2875 3319 2925 ea,
3352 2857 3430 2913 ait
3460 2874 3472 2912 :
3502 2856 3647 2910 Amen
3668 2851 3748 2905 ὀίω

2175 2945 2346 3011 vobis,
2400 2946 2531 3016 quia
2578 2946 2704 3015 plus
2760 2946 3023 3015 gaudebit
3065 2965 3236 3019 super
3282 2964 3428 3017 eam,
3458 2961 3599 3018 quam
3634 2953 3750 3010 sup"

2176 3040 2407 3089 caeteras
2453 3035 2760 3104 nonaginta
2808 3050 3000 3090 novem
3044 3035 3256 3106 (Matth.
3305 3051 3458 3100 xvm,
3489 3035 3584 3100 13).
3623 3031 3750 3084 Item-

2167 3138 2291 3192 ‘que
2319 3138 2454 3177 cum
2507 3124 2948 3178 renuntiassent
2988 3125 3242 3196 apostoli
3298 3124 3541 3192 Domino,
3565 3119 3677 3191 quia
3709 3113 3747 3167 in

2100 3195 2142 3262 C
2184 3210 2420 3266 nomine
2449 3212 2576 3282 ejus
2616 3211 2886 3283 plurimae
2939 3195 3226 3270 sanitates
3257 3231 3356 3286 per
3399 3211 3610 3268 eosdem
3635 3206 3748 3260 facta

2176 3299 2449 3365 fuissent,
2501 3300 2582 3354 ait
2629 3301 3033 3373 evangelista:
3079 3307 3147 3357 In
3195 3301 3303 3359 illa
3353 3301 3485 3357 hora
3523 3295 3723 3354 exsultat

2178 3390 2331 3444 Iesus
2362 3390 2420 3442 in
2449 3391 2651 3459 spiritu
2697 3394 2853 3456 (Luc.
2885 3407 2941 3458 x,
2970 3390 3082 3460 21).
3122 3391 3252 3447 Hinc
3299 3401 3430 3462 ergo
3459 3385 3747 3444 musicorum

2181 3477 2421 3532 nomina
2444 3477 2636 3533 cordis
2669 3477 3006 3550 significant
3054 3479 3336 3548 laetitiam,
3368 3495 3489 3550 quae
3515 3488 3664 3545 super
3684 3469 3745 3521 in-

2183 3565 2441 3621 fidelium
2473 3567 2879 3637 obduratione,
2912 3583 3078 3624 versa
3123 3573 3214 3625 est
3239 3569 3297 3623 in
3332 3564 3604 3624 tristiliam
3633 3575 3644 3612 :
3669 3554 3745 3611 eic-

2181 3659 2247 3708 ut
2275 3655 2346 3708 de
2389 3655 2592 3709 eodem
2642 3655 2888 3710 Domino
2942 3655 3025 3710 ait
3075 3656 3429 3729 evangelista
3459 3670 3471 3708 :
3500 3654 3559 3707 Et
3597 3643 3744 3703 contri-

2179 3747 2354 3799 status
2383 3747 2462 3799 est
2490 3760 2652 3814 super
2679 3744 2950 3799 duritiam
2981 3745 3165 3801 cordis
3196 3762 3380 3802 eorum
3408 3741 3573 3814 (Marc.
3603 3729 3742 3799 111,5)

2183 3833 2260 3888 Ea
2295 3848 2423 3888 vero
2451 3849 2577 3904 quae
2609 3839 2939 3903 sequuntur
2970 3851 3158 3906 usque
3205 3836 3276 3891 ad
3308 3835 3474 3889 ﬁnem
3503 3819 3742 3900 parabole.

2181 3938 2309 3993 quin
2341 3922 2666 3977 secundum
2697 3920 2971 3977 virtutem
3003 3923 3191 3979 sancti
3221 3923 3328 3979 Job
3358 3917 3603 3991 superius
3629 3919 3745 3978 expo-

2182 4011 2434 4077 suimus,
2458 4010 2585 4081 jam
2617 4009 2865 4065 confessi
2895 4025 3106 4067 sumus
3133 4029 3249 4068 non
3281 4025 3444 4083 posse
3472 4021 3568 4061 nos
3590 4009 3744 4089 secub-

2182 4099 2324 4154 dum
2356 4099 2634 4170 mysticos
2665 4097 2996 4154 intellectus
3038 4099 3341 4157 disserere.
3374 4097 3430 4153 Si
3460 4097 3627 4150 autem
3651 4094 3744 4155 quis

2182 4187 2369 4259 possit
2399 4186 2498 4242 illa
2540 4186 2864 4259 allegoricae
2911 4187 3372 4260 interpretationi
3401 4172 3745 4241 rationabiliter

2183 4281 2471 4347 cooptare,
2505 4291 2815 4331 assensum
2849 4277 3107 4349 praebere
3138 4295 3232 4334 me
3263 4275 3489 4332 fatebor.

2785 4417 3015 4474 CAPUT
3051 4419 3232 4476 XXXI.

2253 4565 2280 4593 «
2313 4542 2512 4616 Pepigi
2543 4543 2732 4601 fmdus
2753 4559 2889 4600 cum
2919 4543 3103 4601 oculis
3124 4545 3289 4612 meis,
3319 4545 3378 4598 ut
3405 4554 3471 4596 ne
3493 4530 3738 4619 οοείιιὲθξη

2178 4631 2414 4704 quidem
2446 4633 2516 4687 de
2545 4632 2789 4704 virgine.
2822 4633 3008 4697 Quam
3037 4633 3194 4689 enim
3242 4636 3451 4705 partem
3479 4616 3677 4680 haberet
3696 4616 3736 4705 ξη

2184 4697 2274 4776 me
2307 4721 2460 4777 Deus
2501 4697 2771 4794 desuper,
2803 4725 2860 4776 et
2911 4697 3302 4778 haereditatetn
3348 4697 3736 4796 omnipotenti"de

2181 4809 2424 4866 excelsis
2446 4810 2473 4866 ?
2502 4787 2796 4883 Numquid
2828 4826 2945 4866 non
2975 4811 3221 4883 perditio
3241 4813 3326 4867 est
3353 4805 3550 4875 iniquo,
3571 4798 3618 4850 et
3638 4787 3736 4882 alie-

2183 4899 2340 4954 natio
2372 4899 2750 4971 operantibus
2796 4899 3146 4970 injustitiam
3167 4901 3194 4956 ‘2
3225 4899 3416 4956 Nonne
3441 4892 3552 4963 ipse
3587 4888 3732 4938 consl-

2179 4988 2343 5042 derat
2370 4988 2493 5043 vias
2525 5004 2704 5056 meas,
2737 4992 2796 5043 et
2826 4993 3071 5045 cunctos
3101 5003 3333 5062 gressus
3363 4994 3508 5038 meos
3531 4971 3730 5062 dinume:

2178 5082 2267 5132 rat
2287 5078 2314 5132 ?
2347 5099 2372 5125 ››
2405 5077 2491 5131 Ab
2524 5075 2657 5132 hinc
2689 5043 2876 5148 usque
2908 5043 2978 5134 ad
3019 5043 3216 5146 tingui,
3241 5070 3485 5148 justitias
3512 5072 3642 5125 suae,
3667 5043 3728 5103 V81

2176 5166 2427 5222 maxime
2478 5170 2536 5222 et
2582 5165 3013 5223 misericordias
3061 5171 3238 5238 atque
3281 5162 3504 5218 virtutes
3544 5152 3723 5238 enarrat
3766 5148 3776 5162 '

2174 5271 2322 5326 quas
2363 5271 2550 5328 usque
2581 5255 2652 5311 ad
2705 5255 3042 5327 quindecim
3074 5224 3338 5312 numeros
3387 5238 3585 5316 digerit,
3610 5224 3726 5328 velat

2173 5343 2258 5414 vir
2288 5321 2598 5415 perfectus,
2631 5344 2732 5416 qui
2761 5360 3039 5400 ascensus
3070 5345 3130 5400 in
3161 5343 3325 5400 corde
3351 5349 3447 5393 suo
3474 5321 3721 5416 di§P9nenj

2170 5409 2346 5499 (ρεᾰι.
2383 5409 2614 5501 Lxxxni,
2644 5409 2721 5505 ὃ),
2754 5448 2857 5506 ρει·
2886 5434 3103 5506 gradus
3133 5429 3400 5504 quosdam
3427 5409 3718 5506 Ρτοῖθθίξξῗξῃ

2169 5538 2356 5594 usque
2387 5522 2458 5577 ad
2507 5491 2920 5579 domum‘Deiu
2943 5521 3304 5580 ascendendo
3348 5491 3714 5636 perveni:3

2169 5610 2355 5636 :_....:a.
2415 5610 2605 5636 -..ε-υ.-
2641 5626 2768 5636 ...η-
2805 5610 2896 5636 Ls-
2951 5599 3242 5636 -ι.ι--ιει.--;.
3289 5598 3458 5636 “mnia
3485 5603 3562 5636 me
3604 5625 3617 5636 .
3694 5597 3713 5614 '
