  <div class='ocr_page' id='page_1' title='image "/cluster/home/n/w/nwhite01/storage/ocr_20150623/26/hvd.32044052772472/406.png"; bbox 0 0 3980 6184; ppageno 0'>
   <div class='ocr_carea' id='block_1_1' title="bbox 249 333 378 404">
    <p class='ocr_par' dir='ltr' id='par_1_1' title="bbox 249 333 378 404">
     <span class='ocr_line' id='line_1_1' title="bbox 249 333 378 404; baseline -0.016 0"><span class='ocrx_word' id='word_1_1' title='bbox 249 333 378 404; x_wconf 71' lang='grc'><strong>’161</strong></span> 
     </span>
    </p>
   </div>
   <div class='ocr_carea' id='block_1_2' title="bbox 1315 336 2620 407">
    <p class='ocr_par' dir='ltr' id='par_1_2' title="bbox 1315 336 2620 407">
     <span class='ocr_line' id='line_1_2' title="bbox 1315 336 2620 407; baseline 0.002 -3"><span class='ocrx_word' id='word_1_2' title='bbox 1315 336 1834 405; x_wconf 77' lang='lat' dir='ltr'><strong>COMMENTAR.</strong></span> <span class='ocrx_word' id='word_1_3' title='bbox 1877 341 1961 402; x_wconf 79' lang='grc' dir='ltr'><strong>ΙΝ</strong></span> <span class='ocrx_word' id='word_1_4' title='bbox 2002 341 2142 404; x_wconf 76' lang='lat' dir='ltr'><strong>JOB</strong></span> <span class='ocrx_word' id='word_1_5' title='bbox 2187 343 2355 405; x_wconf 86' lang='lat' dir='ltr'><strong>CAP.</strong></span> <span class='ocrx_word' id='word_1_6' title='bbox 2403 345 2620 407; x_wconf 86' lang='lat' dir='ltr'><strong>XXXI.</strong></span> 
     </span>
    </p>
   </div>
   <div class='ocr_carea' id='block_1_3' title="bbox 3554 345 3674 409">
    <p class='ocr_par' dir='ltr' id='par_1_3' title="bbox 3554 345 3674 409">
     <span class='ocr_line' id='line_1_3' title="bbox 3554 345 3674 409; baseline 0.025 -3"><span class='ocrx_word' id='word_1_7' title='bbox 3554 345 3674 409; x_wconf 71' lang='lat'><strong>762</strong></span> 
     </span>
    </p>
   </div>
   <div class='ocr_carea' id='block_1_4' title="bbox 261 473 3669 554">
    <p class='ocr_par' dir='ltr' id='par_1_4' title="bbox 261 473 3669 554">
     <span class='ocr_line' id='line_1_4' title="bbox 261 473 3669 554; baseline 0.002 -23"><span class='ocrx_word' id='word_1_8' title='bbox 261 475 425 531; x_wconf 82' lang='lat' dir='ltr'><strong>ﬁnivi</strong></span> <span class='ocrx_word' id='word_1_9' title='bbox 455 490 523 530; x_wconf 84' lang='lat' dir='ltr'><strong>ac</strong></span> <span class='ocrx_word' id='word_1_10' title='bbox 583 473 790 529; x_wconf 90' lang='lat' dir='ltr'><strong>statui.</strong></span> <span class='ocrx_word' id='word_1_11' title='bbox 858 477 924 530; x_wconf 91' lang='lat' dir='ltr'><strong>ut</strong></span> <span class='ocrx_word' id='word_1_12' title='bbox 987 473 1133 531; x_wconf 83' lang='lat' dir='ltr'><strong>nihil</strong></span> <span class='ocrx_word' id='word_1_13' title='bbox 1201 475 1442 532; x_wconf 86' lang='lat' dir='ltr'><strong>omnino</strong></span> <span class='ocrx_word' id='word_1_14' title='bbox 1505 477 1676 548; x_wconf 96' lang='lat' dir='ltr'><strong>turpe</strong></span> <span class='ocrx_word' id='word_1_15' title='bbox 1729 479 1907 548; x_wconf 87' lang='lat' dir='ltr'><strong>atque</strong></span> <span class='ocrx_word' id='word_1_16' title='bbox 1935 475 1994 544; x_wconf 65' lang='grc' dir='ltr'><strong>Α</strong></span> <span class='ocrx_word' id='word_1_17' title='bbox 2023 475 2483 546; x_wconf 84' lang='lat' dir='ltr'><strong>indumentum;</strong></span> <span class='ocrx_word' id='word_1_18' title='bbox 2536 482 2594 534; x_wconf 87' lang='lat' dir='ltr'><strong>et</strong></span> <span class='ocrx_word' id='word_1_19' title='bbox 2643 479 2860 548; x_wconf 82' lang='lat' dir='ltr'><strong>absque</strong></span> <span class='ocrx_word' id='word_1_20' title='bbox 2916 479 3271 552; x_wconf 90' lang='lat' dir='ltr'><strong>operimento</strong></span> <span class='ocrx_word' id='word_1_21' title='bbox 3328 495 3669 554; x_wconf 78' lang='lat' dir='ltr'><strong>pauperem.</strong></span> 
     </span>
    </p>
   </div>
   <div class='ocr_carea' id='block_1_5' title="bbox 261 562 1909 638">
    <p class='ocr_par' dir='ltr' id='par_1_5' title="bbox 261 562 1909 638">
     <span class='ocr_line' id='line_1_5' title="bbox 261 562 1909 638; baseline 0.001 -18"><span class='ocrx_word' id='word_1_22' title='bbox 261 565 585 620; x_wconf 85' lang='lat' dir='ltr'><strong>obscenum</strong></span> <span class='ocrx_word' id='word_1_23' title='bbox 619 562 766 618; x_wconf 91' lang='lat' dir='ltr'><strong>mihi</strong></span> <span class='ocrx_word' id='word_1_24' title='bbox 797 563 1150 620; x_wconf 81' lang='lat' dir='ltr'><strong>intrinsecus</strong></span> <span class='ocrx_word' id='word_1_25' title='bbox 1207 566 1570 636; x_wconf 81' lang='lat' dir='ltr'><strong>nuntiarent,</strong></span> <span class='ocrx_word' id='word_1_26' title='bbox 1623 567 1780 638; x_wconf 90' lang='lat' dir='ltr'><strong>quod</strong></span> <span class='ocrx_word' id='word_1_27' title='bbox 1810 567 1909 622; x_wconf 89' lang='lat' dir='ltr'><strong>de-</strong></span> 
     </span>
    </p>
   </div>
   <div class='ocr_carea' id='block_1_6' title="bbox 261 652 1910 727">
    <p class='ocr_par' dir='ltr' id='par_1_6' title="bbox 261 652 1910 727">
     <span class='ocr_line' id='line_1_6' title="bbox 261 652 1910 727; baseline 0.001 -19"><span class='ocrx_word' id='word_1_28' title='bbox 261 653 576 709; x_wconf 86' lang='lat' dir='ltr'><strong>lectatione</strong></span> <span class='ocrx_word' id='word_1_29' title='bbox 599 652 921 724; x_wconf 85' lang='lat' dir='ltr'><strong>voluptatis</strong></span> <span class='ocrx_word' id='word_1_30' title='bbox 950 652 1106 709; x_wconf 89' lang='lat' dir='ltr'><strong>intra</strong></span> <span class='ocrx_word' id='word_1_31' title='bbox 1147 670 1238 710; x_wconf 91' lang='lat' dir='ltr'><strong>me</strong></span> <span class='ocrx_word' id='word_1_32' title='bbox 1270 655 1491 727; x_wconf 88' lang='lat' dir='ltr'><strong>iniquis</strong></span> <span class='ocrx_word' id='word_1_33' title='bbox 1543 655 1910 727; x_wconf 86' lang='lat' dir='ltr'><strong>cogitationi-</strong></span> 
     </span>
    </p>
   </div>
   <div class='ocr_carea' id='block_1_7' title="bbox 265 741 1910 816">
    <p class='ocr_par' dir='ltr' id='par_1_7' title="bbox 265 741 1910 816">
     <span class='ocr_line' id='line_1_7' title="bbox 265 741 1910 816; baseline 0.002 -19"><span class='ocrx_word' id='word_1_34' title='bbox 265 744 377 797; x_wconf 89' lang='lat' dir='ltr'><strong>bus</strong></span> <span class='ocrx_word' id='word_1_35' title='bbox 407 741 717 797; x_wconf 83' lang='lat' dir='ltr'><strong>volverem.</strong></span> <span class='ocrx_word' id='word_1_36' title='bbox 747 742 1042 809; x_wconf 83' lang='lat' dir='ltr'><strong>Senserat,</strong></span> <span class='ocrx_word' id='word_1_37' title='bbox 1076 744 1266 815; x_wconf 85' lang='lat' dir='ltr'><strong>credo,</strong></span> <span class='ocrx_word' id='word_1_38' title='bbox 1290 743 1609 816; x_wconf 88' lang='lat' dir='ltr'><strong>aliquando</strong></span> <span class='ocrx_word' id='word_1_39' title='bbox 1641 745 1910 800; x_wconf 75' lang='lat' dir='ltr'><strong>fortassis</strong></span> 
     </span>
    </p>
   </div>
   <div class='ocr_carea' id='block_1_8' title="bbox 264 831 1908 905">
    <p class='ocr_par' dir='ltr' id='par_1_8' title="bbox 264 831 1908 905">
     <span class='ocr_line' id='line_1_8' title="bbox 264 831 1908 905; baseline 0.001 -19"><span class='ocrx_word' id='word_1_40' title='bbox 264 831 650 886; x_wconf 85' lang='lat' dir='ltr'><strong>delectatione</strong></span> <span class='ocrx_word' id='word_1_41' title='bbox 679 846 914 886; x_wconf 89' lang='lat' dir='ltr'><strong>carnem</strong></span> <span class='ocrx_word' id='word_1_42' title='bbox 973 847 1164 900; x_wconf 89' lang='lat' dir='ltr'><strong>suam,</strong></span> <span class='ocrx_word' id='word_1_43' title='bbox 1224 837 1282 887; x_wconf 88' lang='lat' dir='ltr'><strong>et</strong></span> <span class='ocrx_word' id='word_1_44' title='bbox 1334 832 1730 905; x_wconf 86' lang='lat' dir='ltr'><strong>voluptatibus</strong></span> <span class='ocrx_word' id='word_1_45' title='bbox 1779 833 1908 888; x_wconf 89' lang='lat' dir='ltr'><strong>ille-</strong></span> 
     </span>
    </p>
   </div>
   <div class='ocr_carea' id='block_1_9' title="bbox 265 918 1910 978">
    <p class='ocr_par' dir='ltr' id='par_1_9' title="bbox 265 918 1910 978">
     <span class='ocr_line' id='line_1_9' title="bbox 265 918 1910 978; baseline 0.001 -2"><span class='ocrx_word' id='word_1_46' title='bbox 265 923 571 976; x_wconf 88' lang='lat' dir='ltr'><strong>cebrarum</strong></span> <span class='ocrx_word' id='word_1_47' title='bbox 604 918 830 974; x_wconf 83' lang='lat' dir='ltr'><strong>titillari</strong></span> <span class='ocrx_word' id='word_1_48' title='bbox 860 924 916 975; x_wconf 89' lang='lat' dir='ltr'><strong>et</strong></span> <span class='ocrx_word' id='word_1_49' title='bbox 942 919 1159 977; x_wconf 88' lang='lat' dir='ltr'><strong>idcirco</strong></span> <span class='ocrx_word' id='word_1_50' title='bbox 1190 937 1251 976; x_wconf 89' lang='lat' dir='ltr'><strong>se</strong></span> <span class='ocrx_word' id='word_1_51' title='bbox 1299 923 1665 978; x_wconf 62' lang='lat' dir='ltr'><strong>continentia;</strong></span> <span class='ocrx_word' id='word_1_52' title='bbox 1695 923 1910 977; x_wconf 89' lang='lat' dir='ltr'><strong>virtute</strong></span> 
     </span>
    </p>
   </div>
   <div class='ocr_carea' id='block_1_10' title="bbox 267 1008 1912 1081">
    <p class='ocr_par' dir='ltr' id='par_1_10' title="bbox 267 1008 1912 1081">
     <span class='ocr_line' id='line_1_10' title="bbox 267 1008 1912 1081; baseline 0.001 -17"><span class='ocrx_word' id='word_1_53' title='bbox 267 1009 667 1081; x_wconf 71' lang='lat' dir='ltr'><strong>pmcinxerat,</strong></span> <span class='ocrx_word' id='word_1_54' title='bbox 708 1008 922 1064; x_wconf 88' lang='lat' dir='ltr'><strong>timens</strong></span> <span class='ocrx_word' id='word_1_55' title='bbox 979 1009 1212 1066; x_wconf 91' lang='lat' dir='ltr'><strong>oculum</strong></span> <span class='ocrx_word' id='word_1_56' title='bbox 1269 1010 1370 1066; x_wconf 90' lang='lat' dir='ltr'><strong>Dei</strong></span> <span class='ocrx_word' id='word_1_57' title='bbox 1428 1027 1563 1066; x_wconf 91' lang='lat' dir='ltr'><strong>cum</strong></span> <span class='ocrx_word' id='word_1_58' title='bbox 1622 1016 1912 1067; x_wconf 79' lang='lat' dir='ltr'><strong>scrutator</strong></span> 
     </span>
    </p>
   </div>
   <div class='ocr_carea' id='block_1_11' title="bbox 262 1098 1906 1163">
    <p class='ocr_par' dir='ltr' id='par_1_11' title="bbox 262 1098 1906 1163">
     <span class='ocr_line' id='line_1_11' title="bbox 262 1098 1906 1163; baseline 0.001 -10"><span class='ocrx_word' id='word_1_59' title='bbox 262 1099 459 1154; x_wconf 83' lang='lat' dir='ltr'><strong>cordis</strong></span> <span class='ocrx_word' id='word_1_60' title='bbox 490 1098 587 1163; x_wconf 90' lang='lat' dir='ltr'><strong>sit,</strong></span> <span class='ocrx_word' id='word_1_61' title='bbox 619 1100 678 1153; x_wconf 92' lang='lat' dir='ltr'><strong>et</strong></span> <span class='ocrx_word' id='word_1_62' title='bbox 708 1113 912 1153; x_wconf 89' lang='lat' dir='ltr'><strong>omnes</strong></span> <span class='ocrx_word' id='word_1_63' title='bbox 968 1098 1091 1155; x_wconf 85' lang='lat' dir='ltr'><strong>vias</strong></span> <span class='ocrx_word' id='word_1_64' title='bbox 1147 1100 1605 1156; x_wconf 86' lang='lat' dir='ltr'><strong>conversationis</strong></span> <span class='ocrx_word' id='word_1_65' title='bbox 1637 1100 1906 1155; x_wconf 72' lang='lat' dir='ltr'><strong>humanae</strong></span> 
     </span>
    </p>
   </div>
   <div class='ocr_carea' id='block_1_12' title="bbox 261 1187 1801 1258">
    <p class='ocr_par' dir='ltr' id='par_1_12' title="bbox 261 1187 1801 1258">
     <span class='ocr_line' id='line_1_12' title="bbox 261 1187 1801 1258; baseline 0.001 -17"><span class='ocrx_word' id='word_1_66' title='bbox 261 1192 624 1258; x_wconf 88' lang='lat' dir='ltr'><strong>cunctosque</strong></span> <span class='ocrx_word' id='word_1_67' title='bbox 648 1201 888 1258; x_wconf 82' lang='lat' dir='ltr'><strong>gressus</strong></span> <span class='ocrx_word' id='word_1_68' title='bbox 919 1191 1157 1243; x_wconf 90' lang='lat' dir='ltr'><strong>actuum</strong></span> <span class='ocrx_word' id='word_1_69' title='bbox 1188 1187 1522 1244; x_wconf 87' lang='lat' dir='ltr'><strong>mortalium</strong></span> <span class='ocrx_word' id='word_1_70' title='bbox 1556 1190 1801 1245; x_wconf 87' lang='lat' dir='ltr'><strong>noverit.</strong></span> 
     </span>
    </p>
   </div>
   <div class='ocr_carea' id='block_1_13' title="bbox 337 1274 1910 1343">
    <p class='ocr_par' dir='ltr' id='par_1_13' title="bbox 337 1274 1910 1343">
     <span class='ocr_line' id='line_1_13' title="bbox 337 1274 1910 1343; baseline 0.003 -16"><span class='ocrx_word' id='word_1_71' title='bbox 337 1298 362 1326; x_wconf 84' lang='lat'><strong>«</strong></span> <span class='ocrx_word' id='word_1_72' title='bbox 404 1276 464 1330; x_wconf 89' lang='lat' dir='ltr'><strong>Si</strong></span> <span class='ocrx_word' id='word_1_73' title='bbox 497 1274 795 1330; x_wconf 87' lang='lat' dir='ltr'><strong>ambulavi</strong></span> <span class='ocrx_word' id='word_1_74' title='bbox 827 1275 885 1330; x_wconf 90' lang='lat' dir='ltr'><strong>in</strong></span> <span class='ocrx_word' id='word_1_75' title='bbox 919 1276 1191 1343; x_wconf 80' lang='lat' dir='ltr'><strong>vanitate,</strong></span> <span class='ocrx_word' id='word_1_76' title='bbox 1237 1281 1293 1332; x_wconf 92' lang='lat' dir='ltr'><strong>et</strong></span> <span class='ocrx_word' id='word_1_77' title='bbox 1347 1279 1642 1333; x_wconf 82' lang='lat' dir='ltr'><strong>festinavit</strong></span> <span class='ocrx_word' id='word_1_78' title='bbox 1689 1277 1748 1332; x_wconf 90' lang='lat' dir='ltr'><strong>in</strong></span> <span class='ocrx_word' id='word_1_79' title='bbox 1780 1277 1910 1333; x_wconf 90' lang='lat' dir='ltr'><strong>dolo</strong></span> 
     </span>
    </p>
   </div>
   <div class='ocr_carea' id='block_1_14' title="bbox 263 1363 1913 1437">
    <p class='ocr_par' dir='ltr' id='par_1_14' title="bbox 263 1363 1913 1437">
     <span class='ocr_line' id='line_1_14' title="bbox 263 1363 1913 1437; baseline 0 -17"><span class='ocrx_word' id='word_1_80' title='bbox 263 1381 366 1436; x_wconf 88' lang='lat' dir='ltr'><strong>pes</strong></span> <span class='ocrx_word' id='word_1_81' title='bbox 393 1380 486 1420; x_wconf 89' lang='lat' dir='ltr'><strong>me</strong></span> <span class='ocrx_word' id='word_1_82' title='bbox 499 1381 594 1433; x_wconf 92' lang='lat' dir='ltr'><strong>us,</strong></span> <span class='ocrx_word' id='word_1_83' title='bbox 622 1363 919 1435; x_wconf 88' lang='lat' dir='ltr'><strong>appendat</strong></span> <span class='ocrx_word' id='word_1_84' title='bbox 947 1381 1040 1420; x_wconf 90' lang='lat' dir='ltr'><strong>me</strong></span> <span class='ocrx_word' id='word_1_85' title='bbox 1067 1365 1130 1420; x_wconf 89' lang='lat' dir='ltr'><strong>in</strong></span> <span class='ocrx_word' id='word_1_86' title='bbox 1188 1371 1402 1421; x_wconf 86' lang='lat' dir='ltr'><strong>statere</strong></span> <span class='ocrx_word' id='word_1_87' title='bbox 1428 1367 1615 1437; x_wconf 89' lang='lat' dir='ltr'><strong>justa,</strong></span> <span class='ocrx_word' id='word_1_88' title='bbox 1679 1371 1736 1422; x_wconf 89' lang='lat' dir='ltr'><strong>et</strong></span> <span class='ocrx_word' id='word_1_89' title='bbox 1767 1367 1913 1421; x_wconf 86' lang='lat' dir='ltr'><strong>sciat</strong></span> 
     </span>
    </p>
   </div>
   <div class='ocr_carea' id='block_1_15' title="bbox 264 1452 1913 1524">
    <p class='ocr_par' dir='ltr' id='par_1_15' title="bbox 264 1452 1913 1524">
     <span class='ocr_line' id='line_1_15' title="bbox 264 1452 1913 1524; baseline 0.001 -15"><span class='ocrx_word' id='word_1_90' title='bbox 264 1454 425 1509; x_wconf 89' lang='lat' dir='ltr'><strong>Deus</strong></span> <span class='ocrx_word' id='word_1_91' title='bbox 455 1452 890 1524; x_wconf 87' lang='lat' dir='ltr'><strong>simplicitatem</strong></span> <span class='ocrx_word' id='word_1_92' title='bbox 930 1469 1144 1509; x_wconf 89' lang='lat' dir='ltr'><strong>meam.</strong></span> <span class='ocrx_word' id='word_1_93' title='bbox 1179 1476 1208 1504; x_wconf 88' lang='lat'>»</span> <span class='ocrx_word' id='word_1_94' title='bbox 1239 1455 1489 1510; x_wconf 90' lang='lat' dir='ltr'><strong>Sanctus</strong></span> <span class='ocrx_word' id='word_1_95' title='bbox 1539 1455 1651 1510; x_wconf 86' lang='lat' dir='ltr'><strong>Job</strong></span> <span class='ocrx_word' id='word_1_96' title='bbox 1716 1459 1913 1511; x_wconf 90' lang='lat' dir='ltr'><strong>certus</strong></span> 
     </span>
    </p>
   </div>
   <div class='ocr_carea' id='block_1_16' title="bbox 264 1541 1915 1615">
    <p class='ocr_par' dir='ltr' id='par_1_16' title="bbox 264 1541 1915 1615">
     <span class='ocr_line' id='line_1_16' title="bbox 264 1541 1915 1615; baseline 0.001 -19"><span class='ocrx_word' id='word_1_97' title='bbox 264 1543 343 1596; x_wconf 88' lang='lat' dir='ltr'><strong>de</strong></span> <span class='ocrx_word' id='word_1_98' title='bbox 393 1542 663 1612; x_wconf 67' lang='lat' dir='ltr'><strong>mquitate</strong></span> <span class='ocrx_word' id='word_1_99' title='bbox 703 1541 951 1611; x_wconf 69' lang='lat' dir='ltr'><strong>justitize</strong></span> <span class='ocrx_word' id='word_1_100' title='bbox 1009 1543 1128 1613; x_wconf 90' lang='lat' dir='ltr'><strong>Dei,</strong></span> <span class='ocrx_word' id='word_1_101' title='bbox 1210 1560 1272 1599; x_wconf 87' lang='lat' dir='ltr'><strong>se</strong></span> <span class='ocrx_word' id='word_1_102' title='bbox 1327 1543 1692 1599; x_wconf 85' lang='lat' dir='ltr'><strong>manifestari</strong></span> <span class='ocrx_word' id='word_1_103' title='bbox 1753 1548 1915 1615; x_wconf 90' lang='lat' dir='ltr'><strong>optat</strong></span> 
     </span>
    </p>
   </div>
   <div class='ocr_carea' id='block_1_17' title="bbox 270 1631 1914 1705">
    <p class='ocr_par' dir='ltr' id='par_1_17' title="bbox 270 1631 1914 1705">
     <span class='ocr_line' id='line_1_17' title="bbox 270 1631 1914 1705; baseline 0.002 -20"><span class='ocrx_word' id='word_1_104' title='bbox 270 1631 630 1686; x_wconf 81' lang='lat' dir='ltr'><strong>hominibus.</strong></span> <span class='ocrx_word' id='word_1_105' title='bbox 689 1631 812 1686; x_wconf 89' lang='lat' dir='ltr'><strong>Non</strong></span> <span class='ocrx_word' id='word_1_106' title='bbox 869 1631 1027 1687; x_wconf 90' lang='lat' dir='ltr'><strong>enim</strong></span> <span class='ocrx_word' id='word_1_107' title='bbox 1085 1631 1306 1704; x_wconf 91' lang='lat' dir='ltr'><strong>aliquid</strong></span> <span class='ocrx_word' id='word_1_108' title='bbox 1367 1633 1597 1705; x_wconf 81' lang='lat' dir='ltr'><strong>ignorat</strong></span> <span class='ocrx_word' id='word_1_109' title='bbox 1635 1633 1810 1703; x_wconf 90' lang='lat' dir='ltr'><strong>Deus,</strong></span> <span class='ocrx_word' id='word_1_110' title='bbox 1849 1637 1914 1688; x_wconf 90' lang='lat' dir='ltr'><strong>ut</strong></span> 
     </span>
    </p>
   </div>
   <div class='ocr_carea' id='block_1_18' title="bbox 267 1719 1914 1793">
    <p class='ocr_par' dir='ltr' id='par_1_18' title="bbox 267 1719 1914 1793">
     <span class='ocr_line' id='line_1_18' title="bbox 267 1719 1914 1793; baseline 0 -17"><span class='ocrx_word' id='word_1_111' title='bbox 267 1719 656 1776; x_wconf 81' lang='lat' dir='ltr'><strong>examinando</strong></span> <span class='ocrx_word' id='word_1_112' title='bbox 686 1725 999 1791; x_wconf 86' lang='lat' dir='ltr'><strong>cognoscat</strong></span> <span class='ocrx_word' id='word_1_113' title='bbox 1032 1739 1044 1776; x_wconf 94' lang='lat'>:</span> <span class='ocrx_word' id='word_1_114' title='bbox 1077 1721 1179 1777; x_wconf 91' lang='lat' dir='ltr'><strong>sed</strong></span> <span class='ocrx_word' id='word_1_115' title='bbox 1222 1722 1370 1777; x_wconf 90' lang='lat' dir='ltr'><strong>sciat</strong></span> <span class='ocrx_word' id='word_1_116' title='bbox 1401 1727 1573 1793; x_wconf 90' lang='lat' dir='ltr'><strong>Deus,</strong></span> <span class='ocrx_word' id='word_1_117' title='bbox 1634 1722 1716 1777; x_wconf 89' lang='lat' dir='ltr'><strong>ita</strong></span> <span class='ocrx_word' id='word_1_118' title='bbox 1767 1722 1914 1777; x_wconf 82' lang='lat' dir='ltr'><strong>dixit</strong></span> 
     </span>
    </p>
   </div>
   <div class='ocr_carea' id='block_1_19' title="bbox 267 1807 1990 1914">
    <p class='ocr_par' dir='ltr' id='par_1_19' title="bbox 267 1807 1990 1914">
     <span class='ocr_line' id='line_1_19' title="bbox 267 1807 1990 1914; baseline 0.001 -52"><span class='ocrx_word' id='word_1_119' title='bbox 267 1810 475 1864; x_wconf 86' lang='lat' dir='ltr'><strong>beatus</strong></span> <span class='ocrx_word' id='word_1_120' title='bbox 504 1807 634 1874; x_wconf 86' lang='lat' dir='ltr'><strong>Job,</strong></span> <span class='ocrx_word' id='word_1_121' title='bbox 668 1813 731 1862; x_wconf 92' lang='lat' dir='ltr'><strong>ut</strong></span> <span class='ocrx_word' id='word_1_122' title='bbox 760 1809 910 1864; x_wconf 90' lang='lat' dir='ltr'><strong>scire</strong></span> <span class='ocrx_word' id='word_1_123' title='bbox 939 1809 1083 1865; x_wconf 91' lang='lat' dir='ltr'><strong>alios</strong></span> <span class='ocrx_word' id='word_1_124' title='bbox 1117 1811 1307 1877; x_wconf 81' lang='lat' dir='ltr'><strong>faciat,</strong></span> <span class='ocrx_word' id='word_1_125' title='bbox 1360 1812 1681 1866; x_wconf 87' lang='lat' dir='ltr'><strong>secundum</strong></span> <span class='ocrx_word' id='word_1_126' title='bbox 1717 1809 1860 1865; x_wconf 88' lang='lat' dir='ltr'><strong>illud</strong></span> <span class='ocrx_word' id='word_1_127' title='bbox 1895 1829 1906 1878; x_wconf 93' lang='lat'><strong>;</strong></span> <span class='ocrx_word' id='word_1_128' title='bbox 1940 1849 1990 1914; x_wconf 78' lang='grc' dir='ltr'><strong>Β</strong></span> 
     </span>
    </p>
   </div>
   <div class='ocr_carea' id='block_1_20' title="bbox 269 1899 1910 1971">
    <p class='ocr_par' dir='ltr' id='par_1_20' title="bbox 269 1899 1910 1971">
     <span class='ocr_line' id='line_1_20' title="bbox 269 1899 1910 1971; baseline 0.002 -18"><span class='ocrx_word' id='word_1_129' title='bbox 269 1899 457 1954; x_wconf 78' lang='lat' dir='ltr'><strong>Tentat</strong></span> <span class='ocrx_word' id='word_1_130' title='bbox 501 1914 593 1952; x_wconf 85' lang='lat' dir='ltr'><strong>vos</strong></span> <span class='ocrx_word' id='word_1_131' title='bbox 639 1899 778 1953; x_wconf 85' lang='lat' dir='ltr'><strong>Deus</strong></span> <span class='ocrx_word' id='word_1_132' title='bbox 835 1899 1094 1954; x_wconf 80' lang='lat' dir='ltr'><strong>Dominus</strong></span> <span class='ocrx_word' id='word_1_133' title='bbox 1139 1908 1202 1953; x_wconf 80' lang='lat' dir='ltr'><strong>ut</strong></span> <span class='ocrx_word' id='word_1_134' title='bbox 1257 1901 1401 1956; x_wconf 84' lang='lat' dir='ltr'><strong>sciat</strong></span> <span class='ocrx_word' id='word_1_135' title='bbox 1456 1905 1647 1955; x_wconf 81' lang='lat' dir='ltr'><strong>utrum</strong></span> <span class='ocrx_word' id='word_1_136' title='bbox 1700 1899 1910 1971; x_wconf 81' lang='lat' dir='ltr'><strong>diliga-</strong></span> 
     </span>
    </p>
   </div>
   <div class='ocr_carea' id='block_1_21' title="bbox 261 1987 1914 2057">
    <p class='ocr_par' dir='ltr' id='par_1_21' title="bbox 261 1987 1914 2057">
     <span class='ocr_line' id='line_1_21' title="bbox 261 1987 1914 2057; baseline 0.002 -16"><span class='ocrx_word' id='word_1_137' title='bbox 261 1989 340 2041; x_wconf 81' lang='lat' dir='ltr'><strong>tis</strong></span> <span class='ocrx_word' id='word_1_138' title='bbox 368 1988 708 2057; x_wconf 71' lang='lat' dir='ltr'><strong>eumwaut.</strong></span> <span class='ocrx_word' id='word_1_139' title='bbox 761 2004 884 2055; x_wconf 86' lang='lat' dir='ltr'><strong>xm,</strong></span> <span class='ocrx_word' id='word_1_140' title='bbox 926 1990 982 2053; x_wconf 92' lang='lat'><strong>3)</strong></span> <span class='ocrx_word' id='word_1_141' title='bbox 1015 2006 1028 2043; x_wconf 93' lang='lat'>:</span> <span class='ocrx_word' id='word_1_142' title='bbox 1061 1987 1120 2042; x_wconf 91' lang='lat' dir='ltr'><strong>id</strong></span> <span class='ocrx_word' id='word_1_143' title='bbox 1179 1993 1288 2057; x_wconf 91' lang='lat' dir='ltr'><strong>est,</strong></span> <span class='ocrx_word' id='word_1_144' title='bbox 1351 1994 1415 2043; x_wconf 87' lang='lat' dir='ltr'><strong>ut</strong></span> <span class='ocrx_word' id='word_1_145' title='bbox 1473 1988 1618 2044; x_wconf 89' lang='lat' dir='ltr'><strong>scire</strong></span> <span class='ocrx_word' id='word_1_146' title='bbox 1677 1993 1914 2045; x_wconf 55' lang='lat' dir='ltr'><strong>caeteros</strong></span> 
     </span>
    </p>
   </div>
   <div class='ocr_carea' id='block_1_22' title="bbox 260 2075 461 2130">
    <p class='ocr_par' dir='ltr' id='par_1_22' title="bbox 260 2075 461 2130">
     <span class='ocr_line' id='line_1_22' title="bbox 260 2075 461 2130; baseline 0 0"><span class='ocrx_word' id='word_1_147' title='bbox 260 2075 461 2130; x_wconf 81' lang='lat' dir='ltr'><strong>faciat.</strong></span> 
     </span>
    </p>
   </div>
   <div class='ocr_carea' id='block_1_23' title="bbox 344 2163 1915 2237">
    <p class='ocr_par' dir='ltr' id='par_1_23' title="bbox 344 2163 1915 2237">
     <span class='ocr_line' id='line_1_23' title="bbox 344 2163 1915 2237; baseline 0.002 -18"><span class='ocrx_word' id='word_1_148' title='bbox 344 2188 372 2212; x_wconf 85' lang='grc'><em>‹‹</em></span> <span class='ocrx_word' id='word_1_149' title='bbox 403 2164 461 2219; x_wconf 91' lang='lat' dir='ltr'><strong>Si</strong></span> <span class='ocrx_word' id='word_1_150' title='bbox 495 2163 776 2220; x_wconf 89' lang='lat' dir='ltr'><strong>declinavi</strong></span> <span class='ocrx_word' id='word_1_151' title='bbox 807 2179 1046 2237; x_wconf 85' lang='lat' dir='ltr'><strong>gressus</strong></span> <span class='ocrx_word' id='word_1_152' title='bbox 1077 2181 1238 2221; x_wconf 90' lang='lat' dir='ltr'><strong>meos</strong></span> <span class='ocrx_word' id='word_1_153' title='bbox 1261 2166 1333 2220; x_wconf 91' lang='lat' dir='ltr'><strong>de</strong></span> <span class='ocrx_word' id='word_1_154' title='bbox 1359 2165 1471 2231; x_wconf 88' lang='lat' dir='ltr'><strong>via,</strong></span> <span class='ocrx_word' id='word_1_155' title='bbox 1495 2170 1552 2220; x_wconf 91' lang='lat' dir='ltr'><strong>et</strong></span> <span class='ocrx_word' id='word_1_156' title='bbox 1598 2165 1647 2221; x_wconf 91' lang='lat' dir='ltr'><strong>si</strong></span> <span class='ocrx_word' id='word_1_157' title='bbox 1679 2170 1915 2222; x_wconf 90' lang='lat' dir='ltr'><strong>secutus</strong></span> 
     </span>
    </p>
   </div>
   <div class='ocr_carea' id='block_1_24' title="bbox 264 2251 1911 2325">
    <p class='ocr_par' dir='ltr' id='par_1_24' title="bbox 264 2251 1911 2325">
     <span class='ocr_line' id='line_1_24' title="bbox 264 2251 1911 2325; baseline 0.001 -16"><span class='ocrx_word' id='word_1_158' title='bbox 264 2257 360 2309; x_wconf 89' lang='lat' dir='ltr'><strong>est</strong></span> <span class='ocrx_word' id='word_1_159' title='bbox 389 2251 593 2309; x_wconf 89' lang='lat' dir='ltr'><strong>oculus</strong></span> <span class='ocrx_word' id='word_1_160' title='bbox 622 2270 792 2309; x_wconf 91' lang='lat' dir='ltr'><strong>meus</strong></span> <span class='ocrx_word' id='word_1_161' title='bbox 822 2270 920 2309; x_wconf 91' lang='lat' dir='ltr'><strong>cor</strong></span> <span class='ocrx_word' id='word_1_162' title='bbox 944 2270 1164 2325; x_wconf 90' lang='lat' dir='ltr'><strong>meum,</strong></span> <span class='ocrx_word' id='word_1_163' title='bbox 1194 2259 1253 2310; x_wconf 93' lang='lat' dir='ltr'><strong>et</strong></span> <span class='ocrx_word' id='word_1_164' title='bbox 1279 2256 1328 2311; x_wconf 91' lang='lat' dir='ltr'><strong>si</strong></span> <span class='ocrx_word' id='word_1_165' title='bbox 1359 2255 1414 2310; x_wconf 90' lang='lat' dir='ltr'><strong>in</strong></span> <span class='ocrx_word' id='word_1_166' title='bbox 1458 2255 1735 2310; x_wconf 91' lang='lat' dir='ltr'><strong>manibus</strong></span> <span class='ocrx_word' id='word_1_167' title='bbox 1763 2255 1911 2310; x_wconf 89' lang='lat' dir='ltr'><strong>meis</strong></span> 
     </span>
    </p>
   </div>
   <div class='ocr_carea' id='block_1_25' title="bbox 266 2341 1914 2415">
    <p class='ocr_par' dir='ltr' id='par_1_25' title="bbox 266 2341 1914 2415">
     <span class='ocr_line' id='line_1_25' title="bbox 266 2341 1914 2415; baseline 0.001 -18"><span class='ocrx_word' id='word_1_168' title='bbox 266 2342 518 2398; x_wconf 67' lang='lat' dir='ltr'><strong>adhesit</strong></span> <span class='ocrx_word' id='word_1_169' title='bbox 545 2341 776 2398; x_wconf 87' lang='lat' dir='ltr'><strong>macula</strong></span> <span class='ocrx_word' id='word_1_170' title='bbox 809 2359 821 2397; x_wconf 89' lang='lat'><strong>:</strong></span> <span class='ocrx_word' id='word_1_171' title='bbox 851 2359 1066 2408; x_wconf 90' lang='lat' dir='ltr'><strong>seram,</strong></span> <span class='ocrx_word' id='word_1_172' title='bbox 1097 2349 1155 2399; x_wconf 91' lang='lat' dir='ltr'><strong>et</strong></span> <span class='ocrx_word' id='word_1_173' title='bbox 1185 2344 1336 2400; x_wconf 91' lang='lat' dir='ltr'><strong>alius</strong></span> <span class='ocrx_word' id='word_1_174' title='bbox 1381 2343 1666 2411; x_wconf 89' lang='lat' dir='ltr'><strong>comedat,</strong></span> <span class='ocrx_word' id='word_1_175' title='bbox 1699 2349 1757 2399; x_wconf 90' lang='lat' dir='ltr'><strong>et</strong></span> <span class='ocrx_word' id='word_1_176' title='bbox 1782 2361 1914 2415; x_wconf 89' lang='lat' dir='ltr'><strong>pro-</strong></span> 
     </span>
    </p>
   </div>
   <div class='ocr_carea' id='block_1_26' title="bbox 257 2431 1912 2502">
    <p class='ocr_par' dir='ltr' id='par_1_26' title="bbox 257 2431 1912 2502">
     <span class='ocr_line' id='line_1_26' title="bbox 257 2431 1912 2502; baseline 0.001 -17"><span class='ocrx_word' id='word_1_177' title='bbox 257 2431 470 2502; x_wconf 77' lang='lat' dir='ltr'><strong>genies</strong></span> <span class='ocrx_word' id='word_1_178' title='bbox 497 2446 629 2486; x_wconf 90' lang='lat' dir='ltr'><strong>mea</strong></span> <span class='ocrx_word' id='word_1_179' title='bbox 657 2431 1004 2487; x_wconf 90' lang='lat' dir='ltr'><strong>eradicetur.</strong></span> <span class='ocrx_word' id='word_1_180' title='bbox 1058 2454 1087 2481; x_wconf 75' lang='grc' dir='ltr'><strong>υ</strong></span> <span class='ocrx_word' id='word_1_181' title='bbox 1131 2432 1284 2486; x_wconf 79' lang='lat' dir='ltr'><strong>Nihil</strong></span> <span class='ocrx_word' id='word_1_182' title='bbox 1338 2433 1748 2487; x_wconf 90' lang='lat' dir='ltr'><strong>mandatorum</strong></span> <span class='ocrx_word' id='word_1_183' title='bbox 1791 2433 1912 2499; x_wconf 90' lang='lat' dir='ltr'><strong>Dei,</strong></span> 
     </span>
    </p>
   </div>
   <div class='ocr_carea' id='block_1_27' title="bbox 265 2519 1916 2591">
    <p class='ocr_par' dir='ltr' id='par_1_27' title="bbox 265 2519 1916 2591">
     <span class='ocr_line' id='line_1_27' title="bbox 265 2519 1916 2591; baseline 0 -15"><span class='ocrx_word' id='word_1_184' title='bbox 265 2521 377 2586; x_wconf 86' lang='lat' dir='ltr'><strong>ait,</strong></span> <span class='ocrx_word' id='word_1_185' title='bbox 436 2519 682 2591; x_wconf 67' lang='lat' dir='ltr'><strong>praeterii</strong></span> <span class='ocrx_word' id='word_1_186' title='bbox 717 2520 895 2590; x_wconf 87' lang='lat' dir='ltr'><strong>:quia</strong></span> <span class='ocrx_word' id='word_1_187' title='bbox 952 2537 1056 2576; x_wconf 91' lang='lat' dir='ltr'><strong>nec</strong></span> <span class='ocrx_word' id='word_1_188' title='bbox 1114 2537 1213 2576; x_wconf 94' lang='lat' dir='ltr'><strong>cor</strong></span> <span class='ocrx_word' id='word_1_189' title='bbox 1262 2537 1456 2576; x_wconf 90' lang='lat' dir='ltr'><strong>meum</strong></span> <span class='ocrx_word' id='word_1_190' title='bbox 1535 2521 1916 2590; x_wconf 89' lang='lat' dir='ltr'><strong>acquiescens</strong></span> 
     </span>
    </p>
   </div>
   <div class='ocr_carea' id='block_1_28' title="bbox 264 2608 1917 2681">
    <p class='ocr_par' dir='ltr' id='par_1_28' title="bbox 264 2608 1917 2681">
     <span class='ocr_line' id='line_1_28' title="bbox 264 2608 1917 2681; baseline 0.001 -17"><span class='ocrx_word' id='word_1_191' title='bbox 264 2615 542 2664; x_wconf 89' lang='lat' dir='ltr'><strong>secutum</strong></span> <span class='ocrx_word' id='word_1_192' title='bbox 572 2613 661 2664; x_wconf 90' lang='lat' dir='ltr'><strong>est</strong></span> <span class='ocrx_word' id='word_1_193' title='bbox 688 2608 887 2664; x_wconf 89' lang='lat' dir='ltr'><strong>oculos</strong></span> <span class='ocrx_word' id='word_1_194' title='bbox 914 2626 1236 2678; x_wconf 87' lang='lat' dir='ltr'><strong>meos,cum</strong></span> <span class='ocrx_word' id='word_1_195' title='bbox 1268 2610 1749 2681; x_wconf 83' lang='lat' dir='ltr'><strong>concupiscentiae</strong></span> <span class='ocrx_word' id='word_1_196' title='bbox 1773 2610 1917 2666; x_wconf 90' lang='lat' dir='ltr'><strong>ima-</strong></span> 
     </span>
    </p>
   </div>
   <div class='ocr_carea' id='block_1_29' title="bbox 264 2697 1916 2772">
    <p class='ocr_par' dir='ltr' id='par_1_29' title="bbox 264 2697 1916 2772">
     <span class='ocr_line' id='line_1_29' title="bbox 264 2697 1916 2772; baseline 0.004 -22"><span class='ocrx_word' id='word_1_197' title='bbox 264 2698 441 2769; x_wconf 83' lang='lat' dir='ltr'><strong>gines</strong></span> <span class='ocrx_word' id='word_1_198' title='bbox 469 2697 519 2753; x_wconf 92' lang='lat' dir='ltr'><strong>ei</strong></span> <span class='ocrx_word' id='word_1_199' title='bbox 560 2698 848 2768; x_wconf 85' lang='lat' dir='ltr'><strong>otferrem,</strong></span> <span class='ocrx_word' id='word_1_200' title='bbox 904 2699 1245 2770; x_wconf 86' lang='lat' dir='ltr'><strong>priusquam</strong></span> <span class='ocrx_word' id='word_1_201' title='bbox 1311 2702 1547 2770; x_wconf 90' lang='lat' dir='ltr'><strong>pactum</strong></span> <span class='ocrx_word' id='word_1_202' title='bbox 1606 2715 1738 2754; x_wconf 91' lang='lat' dir='ltr'><strong>cum</strong></span> <span class='ocrx_word' id='word_1_203' title='bbox 1769 2699 1916 2772; x_wconf 86' lang='lat' dir='ltr'><strong>ipsis</strong></span> 
     </span>
    </p>
   </div>
   <div class='ocr_carea' id='block_1_30' title="bbox 265 2787 1915 2860">
    <p class='ocr_par' dir='ltr' id='par_1_30' title="bbox 265 2787 1915 2860">
     <span class='ocr_line' id='line_1_30' title="bbox 265 2787 1915 2860; baseline 0.002 -18"><span class='ocrx_word' id='word_1_204' title='bbox 265 2787 571 2854; x_wconf 85' lang='lat' dir='ltr'><strong>haberem,</strong></span> <span class='ocrx_word' id='word_1_205' title='bbox 631 2804 701 2842; x_wconf 90' lang='lat' dir='ltr'><strong>ne</strong></span> <span class='ocrx_word' id='word_1_206' title='bbox 749 2787 891 2858; x_wconf 91' lang='lat' dir='ltr'><strong>quid</strong></span> <span class='ocrx_word' id='word_1_207' title='bbox 934 2787 1288 2843; x_wconf 86' lang='lat' dir='ltr'><strong>intrinsecus</strong></span> <span class='ocrx_word' id='word_1_208' title='bbox 1337 2793 1506 2860; x_wconf 89' lang='lat' dir='ltr'><strong>turpe</strong></span> <span class='ocrx_word' id='word_1_209' title='bbox 1555 2790 1915 2846; x_wconf 87' lang='lat' dir='ltr'><strong>transmitte-</strong></span> 
     </span>
    </p>
   </div>
   <div class='ocr_carea' id='block_1_31' title="bbox 263 2875 1919 2948">
    <p class='ocr_par' dir='ltr' id='par_1_31' title="bbox 263 2875 1919 2948">
     <span class='ocr_line' id='line_1_31' title="bbox 263 2875 1919 2948; baseline 0.002 -18"><span class='ocrx_word' id='word_1_210' title='bbox 263 2881 423 2932; x_wconf 78' lang='lat' dir='ltr'><strong>re‘nt.</strong></span> <span class='ocrx_word' id='word_1_211' title='bbox 469 2875 762 2932; x_wconf 82' lang='lat' dir='ltr'><strong>Undenec</strong></span> <span class='ocrx_word' id='word_1_212' title='bbox 791 2875 848 2930; x_wconf 90' lang='lat' dir='ltr'><strong>in</strong></span> <span class='ocrx_word' id='word_1_213' title='bbox 881 2875 1154 2948; x_wconf 89' lang='lat' dir='ltr'><strong>operibus</strong></span> <span class='ocrx_word' id='word_1_214' title='bbox 1184 2893 1468 2932; x_wconf 91' lang='lat' dir='ltr'><strong>manuum</strong></span> <span class='ocrx_word' id='word_1_215' title='bbox 1501 2893 1766 2934; x_wconf 89' lang='lat' dir='ltr'><strong>mearum</strong></span> <span class='ocrx_word' id='word_1_216' title='bbox 1799 2877 1919 2933; x_wconf 88' lang='lat' dir='ltr'><strong>ulla</strong></span> 
     </span>
    </p>
   </div>
   <div class='ocr_carea' id='block_1_32' title="bbox 263 2965 1914 3038">
    <p class='ocr_par' dir='ltr' id='par_1_32' title="bbox 263 2965 1914 3038">
     <span class='ocr_line' id='line_1_32' title="bbox 263 2965 1914 3038; baseline 0.002 -18"><span class='ocrx_word' id='word_1_217' title='bbox 263 2965 492 3038; x_wconf 86' lang='lat' dir='ltr'><strong>peccati</strong></span> <span class='ocrx_word' id='word_1_218' title='bbox 525 2965 754 3020; x_wconf 88' lang='lat' dir='ltr'><strong>macula</strong></span> <span class='ocrx_word' id='word_1_219' title='bbox 784 2965 976 3036; x_wconf 89' lang='lat' dir='ltr'><strong>potuit</strong></span> <span class='ocrx_word' id='word_1_220' title='bbox 1006 2965 1320 3033; x_wconf 73' lang='lat' dir='ltr'><strong>adhaerere,</strong></span> <span class='ocrx_word' id='word_1_221' title='bbox 1353 2971 1410 3021; x_wconf 90' lang='lat' dir='ltr'><strong>et</strong></span> <span class='ocrx_word' id='word_1_222' title='bbox 1432 2965 1539 3021; x_wconf 91' lang='lat' dir='ltr'><strong>hoc</strong></span> <span class='ocrx_word' id='word_1_223' title='bbox 1563 2966 1759 3038; x_wconf 89' lang='lat' dir='ltr'><strong>ipsum</strong></span> <span class='ocrx_word' id='word_1_224' title='bbox 1781 2983 1914 3023; x_wconf 90' lang='lat' dir='ltr'><strong>cum</strong></span> 
     </span>
    </p>
   </div>
   <div class='ocr_carea' id='block_1_33' title="bbox 264 3053 1654 3127">
    <p class='ocr_par' dir='ltr' id='par_1_33' title="bbox 264 3053 1654 3127">
     <span class='ocr_line' id='line_1_33' title="bbox 264 3053 1654 3127; baseline 0 -17"><span class='ocrx_word' id='word_1_225' title='bbox 264 3055 526 3127; x_wconf 86' lang='lat' dir='ltr'><strong>quadam</strong></span> <span class='ocrx_word' id='word_1_226' title='bbox 551 3053 874 3124; x_wconf 87' lang='lat' dir='ltr'><strong>juramenti</strong></span> <span class='ocrx_word' id='word_1_227' title='bbox 907 3054 1302 3110; x_wconf 83' lang='lat' dir='ltr'><strong>exsecratione</strong></span> <span class='ocrx_word' id='word_1_228' title='bbox 1331 3055 1654 3110; x_wconf 85' lang='lat' dir='ltr'><strong>confirmat.</strong></span> 
     </span>
    </p>
   </div>
   <div class='ocr_carea' id='block_1_34' title="bbox 347 3143 1919 3216">
    <p class='ocr_par' dir='ltr' id='par_1_34' title="bbox 347 3143 1919 3216">
     <span class='ocr_line' id='line_1_34' title="bbox 347 3143 1919 3216; baseline 0.001 -18"><span class='ocrx_word' id='word_1_229' title='bbox 347 3167 375 3192; x_wconf 82' lang='lat'><strong><em>«</em></strong></span> <span class='ocrx_word' id='word_1_230' title='bbox 406 3143 467 3198; x_wconf 91' lang='lat' dir='ltr'><strong>Si</strong></span> <span class='ocrx_word' id='word_1_231' title='bbox 497 3143 803 3214; x_wconf 88' lang='lat' dir='ltr'><strong>deceptum</strong></span> <span class='ocrx_word' id='word_1_232' title='bbox 837 3146 925 3198; x_wconf 89' lang='lat' dir='ltr'><strong>est</strong></span> <span class='ocrx_word' id='word_1_233' title='bbox 954 3159 1054 3198; x_wconf 91' lang='lat' dir='ltr'><strong>cor</strong></span> <span class='ocrx_word' id='word_1_234' title='bbox 1098 3159 1293 3198; x_wconf 91' lang='lat' dir='ltr'><strong>meum</strong></span> <span class='ocrx_word' id='word_1_235' title='bbox 1345 3160 1522 3216; x_wconf 89' lang='lat' dir='ltr'><strong>super</strong></span> <span class='ocrx_word' id='word_1_236' title='bbox 1568 3144 1830 3213; x_wconf 82' lang='lat' dir='ltr'><strong>muliere,</strong></span> <span class='ocrx_word' id='word_1_237' title='bbox 1863 3149 1919 3201; x_wconf 85' lang='lat' dir='ltr'><strong>et</strong></span> 
     </span>
    </p>
   </div>
   <div class='ocr_carea' id='block_1_35' title="bbox 2021 566 3668 640">
    <p class='ocr_par' dir='ltr' id='par_1_35' title="bbox 2021 566 3668 640">
     <span class='ocr_line' id='line_1_35' title="bbox 2021 566 3668 640; baseline 0.003 -19"><span class='ocrx_word' id='word_1_238' title='bbox 2021 566 2074 620; x_wconf 91' lang='lat' dir='ltr'><strong>Si</strong></span> <span class='ocrx_word' id='word_1_239' title='bbox 2108 583 2223 622; x_wconf 92' lang='lat' dir='ltr'><strong>non</strong></span> <span class='ocrx_word' id='word_1_240' title='bbox 2256 567 2677 623; x_wconf 83' lang='lat' dir='ltr'><strong>benedixerunt</strong></span> <span class='ocrx_word' id='word_1_241' title='bbox 2726 567 2871 622; x_wconf 89' lang='lat' dir='ltr'><strong>mihi</strong></span> <span class='ocrx_word' id='word_1_242' title='bbox 2902 567 3084 624; x_wconf 87' lang='lat' dir='ltr'><strong>latera</strong></span> <span class='ocrx_word' id='word_1_243' title='bbox 3132 571 3280 640; x_wconf 87' lang='lat' dir='ltr'><strong>ejus,</strong></span> <span class='ocrx_word' id='word_1_244' title='bbox 3313 575 3369 625; x_wconf 91' lang='lat' dir='ltr'><strong>et</strong></span> <span class='ocrx_word' id='word_1_245' title='bbox 3397 572 3470 627; x_wconf 93' lang='lat' dir='ltr'><strong>de</strong></span> <span class='ocrx_word' id='word_1_246' title='bbox 3496 569 3668 626; x_wconf 89' lang='lat' dir='ltr'><strong>velle-</strong></span> 
     </span>
    </p>
   </div>
   <div class='ocr_carea' id='block_1_36' title="bbox 2022 655 3665 714">
    <p class='ocr_par' dir='ltr' id='par_1_36' title="bbox 2022 655 3665 714">
     <span class='ocr_line' id='line_1_36' title="bbox 2022 655 3665 714; baseline 0.004 -6"><span class='ocrx_word' id='word_1_247' title='bbox 2022 655 2186 710; x_wconf 88' lang='lat' dir='ltr'><strong>ribus</strong></span> <span class='ocrx_word' id='word_1_248' title='bbox 2217 656 2413 711; x_wconf 90' lang='lat' dir='ltr'><strong>ovium</strong></span> <span class='ocrx_word' id='word_1_249' title='bbox 2442 673 2710 712; x_wconf 89' lang='lat' dir='ltr'><strong>mearum</strong></span> <span class='ocrx_word' id='word_1_250' title='bbox 2767 655 3085 712; x_wconf 84' lang='lat' dir='ltr'><strong>calefactus</strong></span> <span class='ocrx_word' id='word_1_251' title='bbox 3139 663 3246 712; x_wconf 91' lang='lat' dir='ltr'><strong>est.</strong></span> <span class='ocrx_word' id='word_1_252' title='bbox 3279 679 3308 708; x_wconf 79' lang='grc'><strong>››</strong></span> <span class='ocrx_word' id='word_1_253' title='bbox 3343 658 3458 714; x_wconf 88' lang='lat' dir='ltr'><strong>Hoc</strong></span> <span class='ocrx_word' id='word_1_254' title='bbox 3513 660 3665 714; x_wconf 90' lang='lat' dir='ltr'><strong>dicto</strong></span> 
     </span>
    </p>
   </div>
   <div class='ocr_carea' id='block_1_37' title="bbox 2021 745 3665 817">
    <p class='ocr_par' dir='ltr' id='par_1_37' title="bbox 2021 745 3665 817">
     <span class='ocr_line' id='line_1_37' title="bbox 2021 745 3665 817; baseline 0.002 -19"><span class='ocrx_word' id='word_1_255' title='bbox 2021 745 2297 808; x_wconf 81' lang='lat' dir='ltr'><strong>ostendit,</strong></span> <span class='ocrx_word' id='word_1_256' title='bbox 2330 746 2834 816; x_wconf 89' lang='lat' dir='ltr'><strong>quemadmodum</strong></span> <span class='ocrx_word' id='word_1_257' title='bbox 2894 763 3042 817; x_wconf 88' lang='lat' dir='ltr'><strong>opus</strong></span> <span class='ocrx_word' id='word_1_258' title='bbox 3091 745 3506 802; x_wconf 70' lang='lat' dir='ltr'><strong>misericordiae</strong></span> <span class='ocrx_word' id='word_1_259' title='bbox 3540 748 3665 803; x_wconf 86' lang='lat' dir='ltr'><strong>ﬁeri</strong></span> 
     </span>
    </p>
   </div>
   <div class='ocr_carea' id='block_1_38' title="bbox 2021 831 3667 903">
    <p class='ocr_par' dir='ltr' id='par_1_38' title="bbox 2021 831 3667 903">
     <span class='ocr_line' id='line_1_38' title="bbox 2021 831 3667 903; baseline 0.004 -18"><span class='ocrx_word' id='word_1_260' title='bbox 2021 832 2246 903; x_wconf 87' lang='lat' dir='ltr'><strong>debeat,</strong></span> <span class='ocrx_word' id='word_1_261' title='bbox 2282 831 2340 888; x_wconf 91' lang='lat' dir='ltr'><strong>id</strong></span> <span class='ocrx_word' id='word_1_262' title='bbox 2391 839 2498 900; x_wconf 91' lang='lat' dir='ltr'><strong>est,</strong></span> <span class='ocrx_word' id='word_1_263' title='bbox 2545 852 2615 890; x_wconf 89' lang='lat' dir='ltr'><strong>ne</strong></span> <span class='ocrx_word' id='word_1_264' title='bbox 2649 833 2778 890; x_wconf 90' lang='lat' dir='ltr'><strong>aliis</strong></span> <span class='ocrx_word' id='word_1_265' title='bbox 2822 835 3054 891; x_wconf 81' lang='lat' dir='ltr'><strong>auferas</strong></span> <span class='ocrx_word' id='word_1_266' title='bbox 3113 835 3267 890; x_wconf 92' lang='lat' dir='ltr'><strong>unde</strong></span> <span class='ocrx_word' id='word_1_267' title='bbox 3325 833 3456 891; x_wconf 89' lang='lat' dir='ltr'><strong>aliis</strong></span> <span class='ocrx_word' id='word_1_268' title='bbox 3513 839 3667 892; x_wconf 90' lang='lat' dir='ltr'><strong>recte</strong></span> 
     </span>
    </p>
   </div>
   <div class='ocr_carea' id='block_1_39' title="bbox 2021 920 3671 980">
    <p class='ocr_par' dir='ltr' id='par_1_39' title="bbox 2021 920 3671 980">
     <span class='ocr_line' id='line_1_39' title="bbox 2021 920 3671 980; baseline 0.002 -6"><span class='ocrx_word' id='word_1_269' title='bbox 2021 920 2158 976; x_wconf 86' lang='lat' dir='ltr'><strong>dare</strong></span> <span class='ocrx_word' id='word_1_270' title='bbox 2216 927 2270 977; x_wconf 91' lang='lat' dir='ltr'><strong>te</strong></span> <span class='ocrx_word' id='word_1_271' title='bbox 2327 922 2648 979; x_wconf 88' lang='lat' dir='ltr'><strong>arbitreris.</strong></span> <span class='ocrx_word' id='word_1_272' title='bbox 2711 923 2872 979; x_wconf 91' lang='lat' dir='ltr'><strong>Unde</strong></span> <span class='ocrx_word' id='word_1_273' title='bbox 2933 925 3203 980; x_wconf 81' lang='lat' dir='ltr'><strong>Salomon</strong></span> <span class='ocrx_word' id='word_1_274' title='bbox 3264 924 3346 979; x_wconf 91' lang='lat' dir='ltr'><strong>ait</strong></span> <span class='ocrx_word' id='word_1_275' title='bbox 3395 929 3671 980; x_wconf 82' lang='lat' dir='ltr'><strong>:Honora</strong></span> 
     </span>
    </p>
   </div>
   <div class='ocr_carea' id='block_1_40' title="bbox 2023 1010 3668 1084">
    <p class='ocr_par' dir='ltr' id='par_1_40' title="bbox 2023 1010 3668 1084">
     <span class='ocr_line' id='line_1_40' title="bbox 2023 1010 3668 1084; baseline 0.003 -22"><span class='ocrx_word' id='word_1_276' title='bbox 2023 1013 2190 1064; x_wconf 84' lang='lat' dir='ltr'><strong>Deum</strong></span> <span class='ocrx_word' id='word_1_277' title='bbox 2253 1010 2319 1066; x_wconf 86' lang='lat' dir='ltr'><strong>de</strong></span> <span class='ocrx_word' id='word_1_278' title='bbox 2383 1014 2490 1068; x_wconf 84' lang='lat' dir='ltr'><strong>tuis</strong></span> <span class='ocrx_word' id='word_1_279' title='bbox 2539 1014 2704 1084; x_wconf 81' lang='lat' dir='ltr'><strong>juslis</strong></span> <span class='ocrx_word' id='word_1_280' title='bbox 2771 1014 3050 1070; x_wconf 81' lang='lat' dir='ltr'><strong>laboribus</strong></span> <span class='ocrx_word' id='word_1_281' title='bbox 3112 1015 3294 1080; x_wconf 86' lang='lat' dir='ltr'><strong>(Prov.</strong></span> <span class='ocrx_word' id='word_1_282' title='bbox 3351 1031 3434 1080; x_wconf 89' lang='grc' dir='ltr'><strong>ιιι,</strong></span> <span class='ocrx_word' id='word_1_283' title='bbox 3475 1014 3552 1084; x_wconf 89' lang='grc'>9).</span> <span class='ocrx_word' id='word_1_284' title='bbox 3598 1014 3668 1068; x_wconf 83' lang='lat' dir='ltr'><strong>Et</strong></span> 
     </span>
    </p>
   </div>
   <div class='ocr_carea' id='block_1_41' title="bbox 2021 1097 3668 1174">
    <p class='ocr_par' dir='ltr' id='par_1_41' title="bbox 2021 1097 3668 1174">
     <span class='ocr_line' id='line_1_41' title="bbox 2021 1097 3668 1174; baseline 0.003 -22"><span class='ocrx_word' id='word_1_285' title='bbox 2021 1097 2204 1154; x_wconf 87' lang='lat' dir='ltr'><strong>Isaias</strong></span> <span class='ocrx_word' id='word_1_286' title='bbox 2239 1115 2251 1154; x_wconf 85' lang='lat'><strong>:</strong></span> <span class='ocrx_word' id='word_1_287' title='bbox 2283 1102 2390 1168; x_wconf 87' lang='lat' dir='ltr'><strong>Ego</strong></span> <span class='ocrx_word' id='word_1_288' title='bbox 2420 1103 2684 1156; x_wconf 77' lang='lat' dir='ltr'><strong>Dominus</strong></span> <span class='ocrx_word' id='word_1_289' title='bbox 2711 1101 2881 1170; x_wconf 85' lang='lat' dir='ltr'><strong>diligo</strong></span> <span class='ocrx_word' id='word_1_290' title='bbox 2905 1101 3206 1174; x_wconf 78' lang='lat' dir='ltr'><strong>judicium,</strong></span> <span class='ocrx_word' id='word_1_291' title='bbox 3259 1111 3312 1158; x_wconf 81' lang='lat' dir='ltr'><strong>et</strong></span> <span class='ocrx_word' id='word_1_292' title='bbox 3353 1102 3474 1158; x_wconf 85' lang='lat' dir='ltr'><strong>odio</strong></span> <span class='ocrx_word' id='word_1_293' title='bbox 3501 1103 3668 1157; x_wconf 84' lang='lat' dir='ltr'><strong>habeo</strong></span> 
     </span>
    </p>
   </div>
   <div class='ocr_carea' id='block_1_42' title="bbox 2020 1189 3152 1262">
    <p class='ocr_par' dir='ltr' id='par_1_42' title="bbox 2020 1189 3152 1262">
     <span class='ocr_line' id='line_1_42' title="bbox 2020 1189 3152 1262; baseline 0.004 -21"><span class='ocrx_word' id='word_1_294' title='bbox 2020 1189 2288 1258; x_wconf 78' lang='lat' dir='ltr'><strong>rapinam</strong></span> <span class='ocrx_word' id='word_1_295' title='bbox 2314 1191 2374 1242; x_wconf 85' lang='lat' dir='ltr'><strong>in</strong></span> <span class='ocrx_word' id='word_1_296' title='bbox 2405 1189 2778 1245; x_wconf 83' lang='lat' dir='ltr'><strong>holocaustum</strong></span> <span class='ocrx_word' id='word_1_297' title='bbox 2809 1191 2918 1262; x_wconf 85' lang='lat' dir='ltr'><strong>(lsa</strong></span> <span class='ocrx_word' id='word_1_298' title='bbox 2939 1207 3048 1246; x_wconf 82' lang='lat' dir='ltr'><strong>LXI.</strong></span> <span class='ocrx_word' id='word_1_299' title='bbox 3081 1193 3152 1256; x_wconf 92' lang='lat'><strong>8).</strong></span> 
     </span>
    </p>
   </div>
   <div class='ocr_carea' id='block_1_43' title="bbox 2099 1277 3665 1350">
    <p class='ocr_par' dir='ltr' id='par_1_43' title="bbox 2099 1277 3665 1350">
     <span class='ocr_line' id='line_1_43' title="bbox 2099 1277 3665 1350; baseline 0.003 -19"><span class='ocrx_word' id='word_1_300' title='bbox 2099 1301 2119 1325; x_wconf 74' lang='grc' dir='ltr'><strong>ει</strong></span> <span class='ocrx_word' id='word_1_301' title='bbox 2155 1277 2213 1332; x_wconf 94' lang='lat' dir='ltr'><strong>Si</strong></span> <span class='ocrx_word' id='word_1_302' title='bbox 2239 1277 2417 1332; x_wconf 88' lang='lat' dir='ltr'><strong>levavi</strong></span> <span class='ocrx_word' id='word_1_303' title='bbox 2451 1295 2627 1350; x_wconf 88' lang='lat' dir='ltr'><strong>super</strong></span> <span class='ocrx_word' id='word_1_304' title='bbox 2647 1279 2936 1350; x_wconf 88' lang='lat' dir='ltr'><strong>pupillum</strong></span> <span class='ocrx_word' id='word_1_305' title='bbox 2979 1297 3218 1335; x_wconf 90' lang='lat' dir='ltr'><strong>manum</strong></span> <span class='ocrx_word' id='word_1_306' title='bbox 3243 1297 3457 1350; x_wconf 87' lang='lat' dir='ltr'><strong>meam,</strong></span> <span class='ocrx_word' id='word_1_307' title='bbox 3489 1280 3665 1337; x_wconf 88' lang='lat' dir='ltr'><strong>etiam</strong></span> 
     </span>
    </p>
   </div>
   <div class='ocr_carea' id='block_1_44' title="bbox 2021 1366 3662 1440">
    <p class='ocr_par' dir='ltr' id='par_1_44' title="bbox 2021 1366 3662 1440">
     <span class='ocr_line' id='line_1_44' title="bbox 2021 1366 3662 1440; baseline 0.003 -20"><span class='ocrx_word' id='word_1_308' title='bbox 2021 1381 2156 1420; x_wconf 91' lang='lat' dir='ltr'><strong>cum</strong></span> <span class='ocrx_word' id='word_1_309' title='bbox 2187 1366 2450 1422; x_wconf 85' lang='lat' dir='ltr'><strong>viderem</strong></span> <span class='ocrx_word' id='word_1_310' title='bbox 2484 1384 2577 1422; x_wconf 91' lang='lat' dir='ltr'><strong>me</strong></span> <span class='ocrx_word' id='word_1_311' title='bbox 2609 1367 2667 1422; x_wconf 91' lang='lat' dir='ltr'><strong>in</strong></span> <span class='ocrx_word' id='word_1_312' title='bbox 2727 1373 2894 1440; x_wconf 84' lang='lat' dir='ltr'><strong>porta</strong></span> <span class='ocrx_word' id='word_1_313' title='bbox 2949 1369 3334 1439; x_wconf 89' lang='lat' dir='ltr'><strong>superiorem,</strong></span> <span class='ocrx_word' id='word_1_314' title='bbox 3378 1370 3662 1425; x_wconf 90' lang='lat' dir='ltr'><strong>humerus</strong></span> 
     </span>
    </p>
   </div>
   <div class='ocr_carea' id='block_1_45' title="bbox 2022 1456 3667 1526">
    <p class='ocr_par' dir='ltr' id='par_1_45' title="bbox 2022 1456 3667 1526">
     <span class='ocr_line' id='line_1_45' title="bbox 2022 1456 3667 1526; baseline 0.003 -17"><span class='ocrx_word' id='word_1_315' title='bbox 2022 1470 2190 1510; x_wconf 88' lang='lat' dir='ltr'><strong>meus</strong></span> <span class='ocrx_word' id='word_1_316' title='bbox 2224 1472 2258 1510; x_wconf 90' lang='lat' dir='ltr'><strong>a</strong></span> <span class='ocrx_word' id='word_1_317' title='bbox 2304 1456 2584 1526; x_wconf 88' lang='lat' dir='ltr'><strong>junctura</strong></span> <span class='ocrx_word' id='word_1_318' title='bbox 2627 1473 2736 1512; x_wconf 89' lang='lat' dir='ltr'><strong>sua</strong></span> <span class='ocrx_word' id='word_1_319' title='bbox 2761 1458 2955 1522; x_wconf 91' lang='lat' dir='ltr'><strong>cadat,</strong></span> <span class='ocrx_word' id='word_1_320' title='bbox 3005 1463 3062 1513; x_wconf 91' lang='lat' dir='ltr'><strong>et</strong></span> <span class='ocrx_word' id='word_1_321' title='bbox 3118 1457 3422 1514; x_wconf 87' lang='lat' dir='ltr'><strong>brachium</strong></span> <span class='ocrx_word' id='word_1_322' title='bbox 3468 1475 3667 1514; x_wconf 90' lang='lat' dir='ltr'><strong>meum</strong></span> 
     </span>
    </p>
   </div>
   <div class='ocr_carea' id='block_1_46' title="bbox 2023 1542 3663 1618">
    <p class='ocr_par' dir='ltr' id='par_1_46' title="bbox 2023 1542 3663 1618">
     <span class='ocr_line' id='line_1_46' title="bbox 2023 1542 3663 1618; baseline 0.003 -22"><span class='ocrx_word' id='word_1_323' title='bbox 2023 1557 2158 1597; x_wconf 91' lang='lat' dir='ltr'><strong>cum</strong></span> <span class='ocrx_word' id='word_1_324' title='bbox 2178 1542 2301 1598; x_wconf 90' lang='lat' dir='ltr'><strong>suis</strong></span> <span class='ocrx_word' id='word_1_325' title='bbox 2325 1543 2559 1600; x_wconf 88' lang='lat' dir='ltr'><strong>ossibus</strong></span> <span class='ocrx_word' id='word_1_326' title='bbox 2578 1545 3288 1618; x_wconf 87' lang='lat' dir='ltr'><strong>confringantur.Semper</strong></span> <span class='ocrx_word' id='word_1_327' title='bbox 3317 1547 3473 1603; x_wconf 88' lang='lat' dir='ltr'><strong>enim</strong></span> <span class='ocrx_word' id='word_1_328' title='bbox 3497 1546 3663 1618; x_wconf 92' lang='lat' dir='ltr'><strong>quasi</strong></span> 
     </span>
    </p>
   </div>
   <div class='ocr_carea' id='block_1_47' title="bbox 2022 1634 3668 1708">
    <p class='ocr_par' dir='ltr' id='par_1_47' title="bbox 2022 1634 3668 1708">
     <span class='ocr_line' id='line_1_47' title="bbox 2022 1634 3668 1708; baseline 0.004 -22"><span class='ocrx_word' id='word_1_329' title='bbox 2022 1635 2317 1688; x_wconf 86' lang='lat' dir='ltr'><strong>tumentes</strong></span> <span class='ocrx_word' id='word_1_330' title='bbox 2342 1649 2519 1704; x_wconf 86' lang='lat' dir='ltr'><strong>super</strong></span> <span class='ocrx_word' id='word_1_331' title='bbox 2548 1650 2640 1689; x_wconf 91' lang='lat' dir='ltr'><strong>me</strong></span> <span class='ocrx_word' id='word_1_332' title='bbox 2671 1634 2884 1690; x_wconf 85' lang='lat' dir='ltr'><strong>fluctus</strong></span> <span class='ocrx_word' id='word_1_333' title='bbox 2917 1634 3085 1690; x_wconf 90' lang='lat' dir='ltr'><strong>timui</strong></span> <span class='ocrx_word' id='word_1_334' title='bbox 3112 1635 3318 1704; x_wconf 82' lang='lat' dir='ltr'><strong>Deum,</strong></span> <span class='ocrx_word' id='word_1_335' title='bbox 3351 1641 3408 1691; x_wconf 93' lang='lat' dir='ltr'><strong>et</strong></span> <span class='ocrx_word' id='word_1_336' title='bbox 3438 1635 3668 1708; x_wconf 87' lang='lat' dir='ltr'><strong>pondus</strong></span> 
     </span>
    </p>
   </div>
   <div class='ocr_carea' id='block_1_48' title="bbox 2023 1721 3667 1796">
    <p class='ocr_par' dir='ltr' id='par_1_48' title="bbox 2023 1721 3667 1796">
     <span class='ocr_line' id='line_1_48' title="bbox 2023 1721 3667 1796; baseline 0.002 -20"><span class='ocrx_word' id='word_1_337' title='bbox 2023 1721 2151 1792; x_wconf 88' lang='lat' dir='ltr'><strong>ejus</strong></span> <span class='ocrx_word' id='word_1_338' title='bbox 2184 1721 2330 1777; x_wconf 86' lang='lat' dir='ltr'><strong>ferre</strong></span> <span class='ocrx_word' id='word_1_339' title='bbox 2371 1738 2486 1778; x_wconf 91' lang='lat' dir='ltr'><strong>non</strong></span> <span class='ocrx_word' id='word_1_340' title='bbox 2538 1723 2723 1794; x_wconf 90' lang='lat' dir='ltr'><strong>potui.</strong></span> <span class='ocrx_word' id='word_1_341' title='bbox 2776 1746 2804 1774; x_wconf 83' lang='lat'>»</span> <span class='ocrx_word' id='word_1_342' title='bbox 2853 1723 2917 1778; x_wconf 92' lang='lat' dir='ltr'><strong>In</strong></span> <span class='ocrx_word' id='word_1_343' title='bbox 2974 1723 3243 1791; x_wconf 88' lang='lat' dir='ltr'><strong>humero,</strong></span> <span class='ocrx_word' id='word_1_344' title='bbox 3303 1741 3479 1796; x_wconf 91' lang='lat' dir='ltr'><strong>opera</strong></span> <span class='ocrx_word' id='word_1_345' title='bbox 3539 1743 3551 1781; x_wconf 93' lang='lat'>:</span> <span class='ocrx_word' id='word_1_346' title='bbox 3607 1725 3667 1780; x_wconf 91' lang='lat' dir='ltr'><strong>in</strong></span> 
     </span>
    </p>
   </div>
   <div class='ocr_carea' id='block_1_49' title="bbox 2023 1811 3670 1886">
    <p class='ocr_par' dir='ltr' id='par_1_49' title="bbox 2023 1811 3670 1886">
     <span class='ocr_line' id='line_1_49' title="bbox 2023 1811 3670 1886; baseline 0.003 -21"><span class='ocrx_word' id='word_1_347' title='bbox 2023 1811 2281 1875; x_wconf 91' lang='lat' dir='ltr'><strong>brachio,</strong></span> <span class='ocrx_word' id='word_1_348' title='bbox 2340 1811 2572 1867; x_wconf 89' lang='lat' dir='ltr'><strong>virtutis</strong></span> <span class='ocrx_word' id='word_1_349' title='bbox 2628 1813 3060 1884; x_wconf 89' lang='lat' dir='ltr'><strong>perseverantia</strong></span> <span class='ocrx_word' id='word_1_350' title='bbox 3109 1818 3328 1886; x_wconf 84' lang='lat' dir='ltr'><strong>:atque</strong></span> <span class='ocrx_word' id='word_1_351' title='bbox 3386 1815 3670 1871; x_wconf 88' lang='lat' dir='ltr'><strong>instantia</strong></span> 
     </span>
    </p>
   </div>
   <div class='ocr_carea' id='block_1_50' title="bbox 2024 1900 3668 1974">
    <p class='ocr_par' dir='ltr' id='par_1_50' title="bbox 2024 1900 3668 1974">
     <span class='ocr_line' id='line_1_50' title="bbox 2024 1900 3668 1974; baseline 0.002 -20"><span class='ocrx_word' id='word_1_352' title='bbox 2024 1900 2313 1956; x_wconf 88' lang='lat' dir='ltr'><strong>bonorum</strong></span> <span class='ocrx_word' id='word_1_353' title='bbox 2344 1918 2585 1973; x_wconf 92' lang='lat' dir='ltr'><strong>operum</strong></span> <span class='ocrx_word' id='word_1_354' title='bbox 2617 1902 2801 1974; x_wconf 88' lang='lat' dir='ltr'><strong>accipi</strong></span> <span class='ocrx_word' id='word_1_355' title='bbox 2851 1907 3060 1974; x_wconf 88' lang='lat' dir='ltr'><strong>potest.</strong></span> <span class='ocrx_word' id='word_1_356' title='bbox 3119 1901 3244 1959; x_wconf 89' lang='lat' dir='ltr'><strong>Nisi</strong></span> <span class='ocrx_word' id='word_1_357' title='bbox 3297 1903 3381 1958; x_wconf 87' lang='lat' dir='ltr'><strong>ita</strong></span> <span class='ocrx_word' id='word_1_358' title='bbox 3437 1908 3546 1972; x_wconf 88' lang='lat' dir='ltr'><strong>est,</strong></span> <span class='ocrx_word' id='word_1_359' title='bbox 3580 1904 3668 1958; x_wconf 87' lang='lat' dir='ltr'><strong>in-</strong></span> 
     </span>
    </p>
   </div>
   <div class='ocr_carea' id='block_1_51' title="bbox 2025 1989 3666 2061">
    <p class='ocr_par' dir='ltr' id='par_1_51' title="bbox 2025 1989 3666 2061">
     <span class='ocr_line' id='line_1_51' title="bbox 2025 1989 3666 2061; baseline 0.002 -17"><span class='ocrx_word' id='word_1_360' title='bbox 2025 1991 2154 2061; x_wconf 91' lang='lat' dir='ltr'><strong>quit</strong></span> <span class='ocrx_word' id='word_1_361' title='bbox 2187 2008 2199 2057; x_wconf 93' lang='lat'><strong>;</strong></span> <span class='ocrx_word' id='word_1_362' title='bbox 2228 1989 2377 2045; x_wconf 90' lang='lat' dir='ltr'><strong>irriti</strong></span> <span class='ocrx_word' id='word_1_363' title='bbox 2411 1995 2542 2046; x_wconf 91' lang='lat' dir='ltr'><strong>ante</strong></span> <span class='ocrx_word' id='word_1_364' title='bbox 2575 1991 2758 2047; x_wconf 89' lang='lat' dir='ltr'><strong>Deum</strong></span> <span class='ocrx_word' id='word_1_365' title='bbox 2791 1991 3164 2047; x_wconf 89' lang='lat' dir='ltr'><strong>inveniantur</strong></span> <span class='ocrx_word' id='word_1_366' title='bbox 3205 2008 3408 2048; x_wconf 89' lang='lat' dir='ltr'><strong>omnes</strong></span> <span class='ocrx_word' id='word_1_367' title='bbox 3437 1992 3666 2048; x_wconf 90' lang='lat' dir='ltr'><strong>labores</strong></span> 
     </span>
    </p>
   </div>
   <div class='ocr_carea' id='block_1_52' title="bbox 2027 2073 2251 2134">
    <p class='ocr_par' dir='ltr' id='par_1_52' title="bbox 2027 2073 2251 2134">
     <span class='ocr_line' id='line_1_52' title="bbox 2027 2073 2251 2134; baseline -0.004 0"><span class='ocrx_word' id='word_1_368' title='bbox 2027 2079 2162 2134; x_wconf 90' lang='lat' dir='ltr'><strong>mei.</strong></span> <span class='ocrx_word' id='word_1_369' title='bbox 2249 2073 2251 2076; x_wconf 69' lang='grc'><em>’</em></span> 
     </span>
    </p>
   </div>
   <div class='ocr_carea' id='block_1_53' title="bbox 2099 2168 3664 2240">
    <p class='ocr_par' dir='ltr' id='par_1_53' title="bbox 2099 2168 3664 2240">
     <span class='ocr_line' id='line_1_53' title="bbox 2099 2168 3664 2240; baseline 0.001 -18"><span class='ocrx_word' id='word_1_370' title='bbox 2099 2169 2207 2222; x_wconf 85' lang='lat' dir='ltr'><strong>«Si</strong></span> <span class='ocrx_word' id='word_1_371' title='bbox 2242 2168 2438 2240; x_wconf 88' lang='lat' dir='ltr'><strong>putavi</strong></span> <span class='ocrx_word' id='word_1_372' title='bbox 2469 2185 2678 2224; x_wconf 90' lang='lat' dir='ltr'><strong>aurum</strong></span> <span class='ocrx_word' id='word_1_373' title='bbox 2713 2169 2892 2224; x_wconf 90' lang='lat' dir='ltr'><strong>robur</strong></span> <span class='ocrx_word' id='word_1_374' title='bbox 2919 2185 3115 2225; x_wconf 91' lang='lat' dir='ltr'><strong>meum</strong></span> <span class='ocrx_word' id='word_1_375' title='bbox 3174 2174 3232 2226; x_wconf 89' lang='lat' dir='ltr'><strong>et</strong></span> <span class='ocrx_word' id='word_1_376' title='bbox 3281 2169 3475 2226; x_wconf 87' lang='lat' dir='ltr'><strong>obrizo</strong></span> <span class='ocrx_word' id='word_1_377' title='bbox 3523 2169 3664 2238; x_wconf 80' lang='lat' dir='ltr'><strong>dixi,</strong></span> 
     </span>
    </p>
   </div>
   <div class='ocr_carea' id='block_1_54' title="bbox 2026 2257 3664 2331">
    <p class='ocr_par' dir='ltr' id='par_1_54' title="bbox 2026 2257 3664 2331">
     <span class='ocr_line' id='line_1_54' title="bbox 2026 2257 3664 2331; baseline 0.001 -19"><span class='ocrx_word' id='word_1_378' title='bbox 2026 2257 2241 2313; x_wconf 82' lang='lat' dir='ltr'><strong>ﬁducia</strong></span> <span class='ocrx_word' id='word_1_379' title='bbox 2274 2274 2425 2312; x_wconf 90' lang='lat' dir='ltr'><strong>mea.</strong></span> <span class='ocrx_word' id='word_1_380' title='bbox 2460 2258 2520 2313; x_wconf 90' lang='lat' dir='ltr'><strong>Si</strong></span> <span class='ocrx_word' id='word_1_381' title='bbox 2551 2257 2780 2314; x_wconf 71' lang='lat' dir='ltr'><strong>laetatus</strong></span> <span class='ocrx_word' id='word_1_382' title='bbox 2802 2275 2935 2314; x_wconf 85' lang='lat' dir='ltr'><strong>sum</strong></span> <span class='ocrx_word' id='word_1_383' title='bbox 2976 2275 3153 2331; x_wconf 82' lang='lat' dir='ltr'><strong>super</strong></span> <span class='ocrx_word' id='word_1_384' title='bbox 3208 2258 3413 2315; x_wconf 87' lang='lat' dir='ltr'><strong>multis</strong></span> <span class='ocrx_word' id='word_1_385' title='bbox 3443 2258 3664 2314; x_wconf 88' lang='lat' dir='ltr'><strong>divitiis</strong></span> 
     </span>
    </p>
   </div>
   <div class='ocr_carea' id='block_1_55' title="bbox 2026 2346 3671 2418">
    <p class='ocr_par' dir='ltr' id='par_1_55' title="bbox 2026 2346 3671 2418">
     <span class='ocr_line' id='line_1_55' title="bbox 2026 2346 3671 2418; baseline 0 -17"><span class='ocrx_word' id='word_1_386' title='bbox 2026 2347 2193 2416; x_wconf 88' lang='lat' dir='ltr'><strong>meis,</strong></span> <span class='ocrx_word' id='word_1_387' title='bbox 2225 2351 2282 2402; x_wconf 92' lang='lat' dir='ltr'><strong>et</strong></span> <span class='ocrx_word' id='word_1_388' title='bbox 2311 2346 2450 2418; x_wconf 82' lang='lat' dir='ltr'><strong>quia</strong></span> <span class='ocrx_word' id='word_1_389' title='bbox 2479 2346 2735 2418; x_wconf 90' lang='lat' dir='ltr'><strong>plurima</strong></span> <span class='ocrx_word' id='word_1_390' title='bbox 2763 2347 2976 2418; x_wconf 89' lang='lat' dir='ltr'><strong>reperit</strong></span> <span class='ocrx_word' id='word_1_391' title='bbox 3024 2364 3239 2402; x_wconf 89' lang='lat' dir='ltr'><strong>manus</strong></span> <span class='ocrx_word' id='word_1_392' title='bbox 3269 2363 3420 2403; x_wconf 90' lang='lat' dir='ltr'><strong>mea.</strong></span> <span class='ocrx_word' id='word_1_393' title='bbox 3455 2369 3482 2396; x_wconf 70' lang='grc' dir='ltr'><strong>η</strong></span> <span class='ocrx_word' id='word_1_394' title='bbox 3515 2348 3671 2403; x_wconf 64' lang='lat' dir='ltr'><strong>Verat-</strong></span> 
     </span>
    </p>
   </div>
   <div class='ocr_carea' id='block_1_56' title="bbox 2026 2435 3669 2507">
    <p class='ocr_par' dir='ltr' id='par_1_56' title="bbox 2026 2435 3669 2507">
     <span class='ocr_line' id='line_1_56' title="bbox 2026 2435 3669 2507; baseline 0 -17"><span class='ocrx_word' id='word_1_395' title='bbox 2026 2435 2200 2492; x_wconf 91' lang='lat' dir='ltr'><strong>homo</strong></span> <span class='ocrx_word' id='word_1_396' title='bbox 2259 2435 2664 2507; x_wconf 61' lang='lat' dir='ltr'><strong>philosophiae,</strong></span> <span class='ocrx_word' id='word_1_397' title='bbox 2721 2435 2883 2492; x_wconf 91' lang='lat' dir='ltr'><strong>nullo</strong></span> <span class='ocrx_word' id='word_1_398' title='bbox 2932 2435 3069 2492; x_wconf 90' lang='lat' dir='ltr'><strong>vitio</strong></span> <span class='ocrx_word' id='word_1_399' title='bbox 3143 2437 3473 2504; x_wconf 88' lang='lat' dir='ltr'><strong>tenebatur,</strong></span> <span class='ocrx_word' id='word_1_400' title='bbox 3513 2436 3669 2492; x_wconf 92' lang='lat' dir='ltr'><strong>sicut</strong></span> 
     </span>
    </p>
   </div>
   <div class='ocr_carea' id='block_1_57' title="bbox 2026 2523 3662 2598">
    <p class='ocr_par' dir='ltr' id='par_1_57' title="bbox 2026 2523 3662 2598">
     <span class='ocr_line' id='line_1_57' title="bbox 2026 2523 3662 2598; baseline 0.001 -20"><span class='ocrx_word' id='word_1_401' title='bbox 2026 2539 2182 2579; x_wconf 91' lang='lat' dir='ltr'><strong>nunc</strong></span> <span class='ocrx_word' id='word_1_402' title='bbox 2227 2523 2568 2596; x_wconf 91' lang='lat' dir='ltr'><strong>cupiditatis</strong></span> <span class='ocrx_word' id='word_1_403' title='bbox 2617 2529 2672 2580; x_wconf 90' lang='lat' dir='ltr'><strong>et</strong></span> <span class='ocrx_word' id='word_1_404' title='bbox 2728 2524 2998 2580; x_wconf 89' lang='lat' dir='ltr'><strong>elationis</strong></span> <span class='ocrx_word' id='word_1_405' title='bbox 3055 2530 3420 2598; x_wconf 89' lang='lat' dir='ltr'><strong>contemptor</strong></span> <span class='ocrx_word' id='word_1_406' title='bbox 3467 2524 3662 2581; x_wconf 86' lang='lat' dir='ltr'><strong>tortis-</strong></span> 
     </span>
    </p>
   </div>
   <div class='ocr_carea' id='block_1_58' title="bbox 2025 2613 3670 2686">
    <p class='ocr_par' dir='ltr' id='par_1_58' title="bbox 2025 2613 3670 2686">
     <span class='ocr_line' id='line_1_58' title="bbox 2025 2613 3670 2686; baseline 0 -18"><span class='ocrx_word' id='word_1_407' title='bbox 2025 2613 2236 2681; x_wconf 89' lang='lat' dir='ltr'><strong>simus,</strong></span> <span class='ocrx_word' id='word_1_408' title='bbox 2269 2629 2479 2669; x_wconf 90' lang='lat' dir='ltr'><strong>aurum</strong></span> <span class='ocrx_word' id='word_1_409' title='bbox 2510 2614 2686 2670; x_wconf 90' lang='lat' dir='ltr'><strong>etiam</strong></span> <span class='ocrx_word' id='word_1_410' title='bbox 2719 2630 2820 2686; x_wconf 90' lang='lat' dir='ltr'><strong>pro</strong></span> <span class='ocrx_word' id='word_1_411' title='bbox 2852 2614 3034 2670; x_wconf 91' lang='lat' dir='ltr'><strong>nihilo</strong></span> <span class='ocrx_word' id='word_1_412' title='bbox 3082 2632 3145 2672; x_wconf 90' lang='lat' dir='ltr'><strong>se</strong></span> <span class='ocrx_word' id='word_1_413' title='bbox 3187 2614 3465 2672; x_wconf 88' lang='lat' dir='ltr'><strong>habuisse</strong></span> <span class='ocrx_word' id='word_1_414' title='bbox 3488 2619 3670 2672; x_wconf 89' lang='lat' dir='ltr'><strong>testa-</strong></span> 
     </span>
    </p>
   </div>
   <div class='ocr_carea' id='block_1_59' title="bbox 2022 2705 2139 2759">
    <p class='ocr_par' dir='ltr' id='par_1_59' title="bbox 2022 2705 2139 2759">
     <span class='ocr_line' id='line_1_59' title="bbox 2022 2705 2139 2759; baseline -0.009 0"><span class='ocrx_word' id='word_1_415' title='bbox 2022 2705 2139 2759; x_wconf 91' lang='lat' dir='ltr'><strong>tur.</strong></span> 
     </span>
    </p>
   </div>
   <div class='ocr_carea' id='block_1_60' title="bbox 2098 2791 3671 2865">
    <p class='ocr_par' dir='ltr' id='par_1_60' title="bbox 2098 2791 3671 2865">
     <span class='ocr_line' id='line_1_60' title="bbox 2098 2791 3671 2865; baseline 0.002 -22"><span class='ocrx_word' id='word_1_416' title='bbox 2098 2815 2126 2842; x_wconf 85' lang='grc'><strong>‹‹</strong></span> <span class='ocrx_word' id='word_1_417' title='bbox 2158 2793 2213 2846; x_wconf 89' lang='lat' dir='ltr'><strong>Si</strong></span> <span class='ocrx_word' id='word_1_418' title='bbox 2245 2791 2361 2847; x_wconf 91' lang='lat' dir='ltr'><strong>vidi</strong></span> <span class='ocrx_word' id='word_1_419' title='bbox 2392 2791 2575 2847; x_wconf 91' lang='lat' dir='ltr'><strong>solem</strong></span> <span class='ocrx_word' id='word_1_420' title='bbox 2621 2809 2754 2848; x_wconf 90' lang='lat' dir='ltr'><strong>cum</strong></span> <span class='ocrx_word' id='word_1_421' title='bbox 2811 2792 3076 2865; x_wconf 84' lang='lat' dir='ltr'><strong>fulgeret,</strong></span> <span class='ocrx_word' id='word_1_422' title='bbox 3135 2798 3192 2848; x_wconf 89' lang='lat' dir='ltr'><strong>et</strong></span> <span class='ocrx_word' id='word_1_423' title='bbox 3252 2794 3452 2848; x_wconf 90' lang='lat' dir='ltr'><strong>lunam</strong></span> <span class='ocrx_word' id='word_1_424' title='bbox 3514 2792 3671 2846; x_wconf 87' lang='lat' dir='ltr'><strong>ince-</strong></span> 
     </span>
    </p>
   </div>
   <div class='ocr_carea' id='block_1_61' title="bbox 2025 2879 3668 2948">
    <p class='ocr_par' dir='ltr' id='par_1_61' title="bbox 2025 2879 3668 2948">
     <span class='ocr_line' id='line_1_61' title="bbox 2025 2879 3668 2948; baseline -0.001 -12"><span class='ocrx_word' id='word_1_425' title='bbox 2025 2882 2260 2937; x_wconf 89' lang='lat' dir='ltr'><strong>dentem</strong></span> <span class='ocrx_word' id='word_1_426' title='bbox 2296 2881 2468 2948; x_wconf 89' lang='lat' dir='ltr'><strong>clare,</strong></span> <span class='ocrx_word' id='word_1_427' title='bbox 2509 2886 2565 2936; x_wconf 93' lang='lat' dir='ltr'><strong>et</strong></span> <span class='ocrx_word' id='word_1_428' title='bbox 2619 2881 2881 2938; x_wconf 69' lang='lat' dir='ltr'><strong>laetatum</strong></span> <span class='ocrx_word' id='word_1_429' title='bbox 2938 2886 3027 2937; x_wconf 92' lang='lat' dir='ltr'><strong>est</strong></span> <span class='ocrx_word' id='word_1_430' title='bbox 3074 2882 3133 2936; x_wconf 90' lang='lat' dir='ltr'><strong>in</strong></span> <span class='ocrx_word' id='word_1_431' title='bbox 3193 2879 3537 2937; x_wconf 88' lang='lat' dir='ltr'><strong>abscondito</strong></span> <span class='ocrx_word' id='word_1_432' title='bbox 3568 2895 3668 2935; x_wconf 90' lang='lat' dir='ltr'><strong>cor</strong></span> 
     </span>
    </p>
   </div>
   <div class='ocr_carea' id='block_1_62' title="bbox 2025 2967 3667 3036">
    <p class='ocr_par' dir='ltr' id='par_1_62' title="bbox 2025 2967 3667 3036">
     <span class='ocr_line' id='line_1_62' title="bbox 2025 2967 3667 3036; baseline -0.001 -11"><span class='ocrx_word' id='word_1_433' title='bbox 2025 2986 2248 3035; x_wconf 89' lang='lat' dir='ltr'><strong>meum,</strong></span> <span class='ocrx_word' id='word_1_434' title='bbox 2269 2975 2326 3024; x_wconf 89' lang='lat' dir='ltr'><strong>et</strong></span> <span class='ocrx_word' id='word_1_435' title='bbox 2359 2967 2658 3025; x_wconf 88' lang='lat' dir='ltr'><strong>osculatus</strong></span> <span class='ocrx_word' id='word_1_436' title='bbox 2687 2986 2821 3025; x_wconf 90' lang='lat' dir='ltr'><strong>sum</strong></span> <span class='ocrx_word' id='word_1_437' title='bbox 2854 2986 3096 3026; x_wconf 90' lang='lat' dir='ltr'><strong>manum</strong></span> <span class='ocrx_word' id='word_1_438' title='bbox 3145 2985 3339 3026; x_wconf 89' lang='lat' dir='ltr'><strong>meam</strong></span> <span class='ocrx_word' id='word_1_439' title='bbox 3369 2985 3466 3025; x_wconf 90' lang='lat' dir='ltr'><strong>ore</strong></span> <span class='ocrx_word' id='word_1_440' title='bbox 3515 2984 3667 3036; x_wconf 89' lang='lat' dir='ltr'><strong>meo,</strong></span> 
     </span>
    </p>
   </div>
   <div class='ocr_carea' id='block_1_63' title="bbox 2026 3057 3669 3131">
    <p class='ocr_par' dir='ltr' id='par_1_63' title="bbox 2026 3057 3669 3131">
     <span class='ocr_line' id='line_1_63' title="bbox 2026 3057 3669 3131; baseline -0.001 -16"><span class='ocrx_word' id='word_1_441' title='bbox 2026 3075 2152 3130; x_wconf 72' lang='lat' dir='ltr'><strong>quae</strong></span> <span class='ocrx_word' id='word_1_442' title='bbox 2183 3064 2272 3114; x_wconf 87' lang='lat' dir='ltr'><strong>est</strong></span> <span class='ocrx_word' id='word_1_443' title='bbox 2299 3058 2580 3130; x_wconf 89' lang='lat' dir='ltr'><strong>iniquitas</strong></span> <span class='ocrx_word' id='word_1_444' title='bbox 2611 3058 2951 3127; x_wconf 84' lang='lat' dir='ltr'><strong>maxima,et</strong></span> <span class='ocrx_word' id='word_1_445' title='bbox 2981 3059 3210 3131; x_wconf 89' lang='lat' dir='ltr'><strong>negatio</strong></span> <span class='ocrx_word' id='word_1_446' title='bbox 3250 3061 3453 3114; x_wconf 90' lang='lat' dir='ltr'><strong>contra</strong></span> <span class='ocrx_word' id='word_1_447' title='bbox 3481 3057 3669 3114; x_wconf 89' lang='lat' dir='ltr'><strong>Deum</strong></span> 
     </span>
    </p>
   </div>
   <div class='ocr_carea' id='block_1_64' title="bbox 2026 3146 3668 3220">
    <p class='ocr_par' dir='ltr' id='par_1_64' title="bbox 2026 3146 3668 3220">
     <span class='ocr_line' id='line_1_64' title="bbox 2026 3146 3668 3220; baseline -0.002 -15"><span class='ocrx_word' id='word_1_448' title='bbox 2026 3148 2403 3205; x_wconf 90' lang='lat' dir='ltr'><strong>altissimum.</strong></span> <span class='ocrx_word' id='word_1_449' title='bbox 2442 3169 2470 3195; x_wconf 83' lang='lat'>»</span> <span class='ocrx_word' id='word_1_450' title='bbox 2497 3149 2696 3203; x_wconf 67' lang='lat' dir='ltr'><strong>Tantae</strong></span> <span class='ocrx_word' id='word_1_451' title='bbox 2727 3148 2971 3203; x_wconf 89' lang='lat' dir='ltr'><strong>virtutes</strong></span> <span class='ocrx_word' id='word_1_452' title='bbox 3020 3153 3077 3204; x_wconf 92' lang='lat' dir='ltr'><strong>et</strong></span> <span class='ocrx_word' id='word_1_453' title='bbox 3110 3154 3228 3203; x_wconf 88' lang='lat' dir='ltr'><strong>tam</strong></span> <span class='ocrx_word' id='word_1_454' title='bbox 3261 3147 3547 3220; x_wconf 65' lang='lat' dir='ltr'><strong>praecipue</strong></span> <span class='ocrx_word' id='word_1_455' title='bbox 3577 3146 3668 3202; x_wconf 79' lang='lat' dir='ltr'><strong>ni-</strong></span> 
     </span>
    </p>
   </div>
   <div class='ocr_carea' id='block_1_65' title="bbox 263 3220 3667 3308">
    <p class='ocr_par' dir='ltr' id='par_1_65' title="bbox 263 3220 3667 3308">
     <span class='ocr_line' id='line_1_65' title="bbox 263 3220 3667 3308; baseline 0 -19"><span class='ocrx_word' id='word_1_456' title='bbox 263 3233 328 3290; x_wconf 87' lang='lat' dir='ltr'><strong>si</strong></span> <span class='ocrx_word' id='word_1_457' title='bbox 355 3233 427 3287; x_wconf 92' lang='lat' dir='ltr'><strong>ad</strong></span> <span class='ocrx_word' id='word_1_458' title='bbox 458 3232 674 3288; x_wconf 88' lang='lat' dir='ltr'><strong>ostium</strong></span> <span class='ocrx_word' id='word_1_459' title='bbox 707 3231 879 3287; x_wconf 87' lang='lat' dir='ltr'><strong>amici</strong></span> <span class='ocrx_word' id='word_1_460' title='bbox 912 3231 1028 3287; x_wconf 91' lang='lat' dir='ltr'><strong>mei</strong></span> <span class='ocrx_word' id='word_1_461' title='bbox 1079 3232 1393 3288; x_wconf 87' lang='lat' dir='ltr'><strong>insidiatus</strong></span> <span class='ocrx_word' id='word_1_462' title='bbox 1443 3250 1598 3301; x_wconf 91' lang='lat' dir='ltr'><strong>sum,</strong></span> <span class='ocrx_word' id='word_1_463' title='bbox 1652 3238 1911 3290; x_wconf 83' lang='lat' dir='ltr'><strong>scortum</strong></span> <span class='ocrx_word' id='word_1_464' title='bbox 1945 3220 1987 3287; x_wconf 87' lang='lat' dir='ltr'><strong>C</strong></span> <span class='ocrx_word' id='word_1_465' title='bbox 2026 3235 2108 3292; x_wconf 93' lang='lat' dir='ltr'><strong>hil</strong></span> <span class='ocrx_word' id='word_1_466' title='bbox 2141 3240 2388 3308; x_wconf 89' lang='lat' dir='ltr'><strong>prosunt</strong></span> <span class='ocrx_word' id='word_1_467' title='bbox 2424 3251 2437 3290; x_wconf 90' lang='lat'>:</span> <span class='ocrx_word' id='word_1_468' title='bbox 2482 3235 2750 3306; x_wconf 87' lang='lat' dir='ltr'><strong>quamvis</strong></span> <span class='ocrx_word' id='word_1_469' title='bbox 2808 3235 3058 3306; x_wconf 88' lang='lat' dir='ltr'><strong>quisque</strong></span> <span class='ocrx_word' id='word_1_470' title='bbox 3097 3235 3157 3291; x_wconf 91' lang='lat' dir='ltr'><strong>in</strong></span> <span class='ocrx_word' id='word_1_471' title='bbox 3207 3235 3429 3292; x_wconf 88' lang='lat' dir='ltr'><strong>eisdem</strong></span> <span class='ocrx_word' id='word_1_472' title='bbox 3462 3249 3667 3308; x_wconf 92' lang='lat' dir='ltr'><strong>perpe-</strong></span> 
     </span>
    </p>
   </div>
   <div class='ocr_carea' id='block_1_66' title="bbox 267 3319 1916 3393">
    <p class='ocr_par' dir='ltr' id='par_1_66' title="bbox 267 3319 1916 3393">
     <span class='ocr_line' id='line_1_66' title="bbox 267 3319 1916 3393; baseline 0.001 -17"><span class='ocrx_word' id='word_1_473' title='bbox 267 3321 514 3377; x_wconf 86' lang='lat' dir='ltr'><strong>alterius</strong></span> <span class='ocrx_word' id='word_1_474' title='bbox 545 3321 623 3376; x_wconf 91' lang='lat' dir='ltr'><strong>sit</strong></span> <span class='ocrx_word' id='word_1_475' title='bbox 655 3337 800 3376; x_wconf 82' lang='lat' dir='ltr'><strong>uxor</strong></span> <span class='ocrx_word' id='word_1_476' title='bbox 830 3337 978 3390; x_wconf 89' lang='lat' dir='ltr'><strong>mea,</strong></span> <span class='ocrx_word' id='word_1_477' title='bbox 1013 3326 1069 3376; x_wconf 90' lang='lat' dir='ltr'><strong>et</strong></span> <span class='ocrx_word' id='word_1_478' title='bbox 1100 3337 1277 3393; x_wconf 91' lang='lat' dir='ltr'><strong>super</strong></span> <span class='ocrx_word' id='word_1_479' title='bbox 1324 3319 1485 3377; x_wconf 90' lang='lat' dir='ltr'><strong>illam</strong></span> <span class='ocrx_word' id='word_1_480' title='bbox 1536 3321 1916 3379; x_wconf 88' lang='lat' dir='ltr'><strong>incurventur</strong></span> 
     </span>
    </p>
   </div>
   <div class='ocr_carea' id='block_1_67' title="bbox 261 3409 1910 3482">
    <p class='ocr_par' dir='ltr' id='par_1_67' title="bbox 261 3409 1910 3482">
     <span class='ocr_line' id='line_1_67' title="bbox 261 3409 1910 3482; baseline 0 -16"><span class='ocrx_word' id='word_1_481' title='bbox 261 3409 396 3466; x_wconf 75' lang='lat' dir='ltr'><strong>alii.</strong></span> <span class='ocrx_word' id='word_1_482' title='bbox 430 3409 544 3466; x_wconf 85' lang='lat' dir='ltr'><strong>Hoc</strong></span> <span class='ocrx_word' id='word_1_483' title='bbox 570 3409 726 3465; x_wconf 85' lang='lat' dir='ltr'><strong>enim</strong></span> <span class='ocrx_word' id='word_1_484' title='bbox 785 3410 950 3465; x_wconf 84' lang='lat' dir='ltr'><strong>nefas</strong></span> <span class='ocrx_word' id='word_1_485' title='bbox 1006 3415 1114 3476; x_wconf 88' lang='lat' dir='ltr'><strong>est,</strong></span> <span class='ocrx_word' id='word_1_486' title='bbox 1173 3416 1230 3466; x_wconf 89' lang='lat' dir='ltr'><strong>et</strong></span> <span class='ocrx_word' id='word_1_487' title='bbox 1287 3410 1572 3482; x_wconf 87' lang='lat' dir='ltr'><strong>iniquitas</strong></span> <span class='ocrx_word' id='word_1_488' title='bbox 1604 3413 1910 3468; x_wconf 81' lang='lat' dir='ltr'><strong>maxima:</strong></span> 
     </span>
    </p>
   </div>
   <div class='ocr_carea' id='block_1_68' title="bbox 265 3499 1916 3571">
    <p class='ocr_par' dir='ltr' id='par_1_68' title="bbox 265 3499 1916 3571">
     <span class='ocr_line' id='line_1_68' title="bbox 265 3499 1916 3571; baseline 0.001 -16"><span class='ocrx_word' id='word_1_489' title='bbox 265 3499 429 3571; x_wconf 79' lang='lat' dir='ltr'><strong>ignis</strong></span> <span class='ocrx_word' id='word_1_490' title='bbox 449 3503 538 3554; x_wconf 92' lang='lat' dir='ltr'><strong>est</strong></span> <span class='ocrx_word' id='word_1_491' title='bbox 569 3515 756 3570; x_wconf 88' lang='lat' dir='ltr'><strong>usque</strong></span> <span class='ocrx_word' id='word_1_492' title='bbox 787 3499 858 3554; x_wconf 93' lang='lat' dir='ltr'><strong>ad</strong></span> <span class='ocrx_word' id='word_1_493' title='bbox 894 3499 1276 3570; x_wconf 87' lang='lat' dir='ltr'><strong>perditionem</strong></span> <span class='ocrx_word' id='word_1_494' title='bbox 1309 3499 1616 3565; x_wconf 90' lang='lat' dir='ltr'><strong>devorans,</strong></span> <span class='ocrx_word' id='word_1_495' title='bbox 1647 3506 1703 3556; x_wconf 91' lang='lat' dir='ltr'><strong>et</strong></span> <span class='ocrx_word' id='word_1_496' title='bbox 1717 3501 1916 3557; x_wconf 90' lang='lat' dir='ltr'><strong>omnia</strong></span> 
     </span>
    </p>
   </div>
   <div class='ocr_carea' id='block_1_69' title="bbox 267 3587 1914 3660">
    <p class='ocr_par' dir='ltr' id='par_1_69' title="bbox 267 3587 1914 3660">
     <span class='ocr_line' id='line_1_69' title="bbox 267 3587 1914 3660; baseline -0.001 -15"><span class='ocrx_word' id='word_1_497' title='bbox 267 3588 582 3645; x_wconf 86' lang='lat' dir='ltr'><strong>eradicans</strong></span> <span class='ocrx_word' id='word_1_498' title='bbox 609 3587 926 3660; x_wconf 89' lang='lat' dir='ltr'><strong>genimina.</strong></span> <span class='ocrx_word' id='word_1_499' title='bbox 962 3610 990 3636; x_wconf 87' lang='lat'>»</span> <span class='ocrx_word' id='word_1_500' title='bbox 1031 3588 1363 3644; x_wconf 91' lang='lat' dir='ltr'><strong>Secundum</strong></span> <span class='ocrx_word' id='word_1_501' title='bbox 1423 3594 1642 3644; x_wconf 64' lang='lat' dir='ltr'><strong>natura:</strong></span> <span class='ocrx_word' id='word_1_502' title='bbox 1692 3590 1914 3644; x_wconf 92' lang='lat' dir='ltr'><strong>bonum</strong></span> 
     </span>
    </p>
   </div>
   <div class='ocr_carea' id='block_1_70' title="bbox 261 3677 1916 3750">
    <p class='ocr_par' dir='ltr' id='par_1_70' title="bbox 261 3677 1916 3750">
     <span class='ocr_line' id='line_1_70' title="bbox 261 3677 1916 3750; baseline -0.001 -15"><span class='ocrx_word' id='word_1_503' title='bbox 261 3678 554 3750; x_wconf 85' lang='lat' dir='ltr'><strong>loquitur,</strong></span> <span class='ocrx_word' id='word_1_504' title='bbox 582 3678 737 3749; x_wconf 91' lang='lat' dir='ltr'><strong>quod</strong></span> <span class='ocrx_word' id='word_1_505' title='bbox 769 3678 826 3731; x_wconf 91' lang='lat' dir='ltr'><strong>in</strong></span> <span class='ocrx_word' id='word_1_506' title='bbox 856 3677 1038 3732; x_wconf 89' lang='lat' dir='ltr'><strong>Tobia</strong></span> <span class='ocrx_word' id='word_1_507' title='bbox 1103 3677 1391 3749; x_wconf 89' lang='lat' dir='ltr'><strong>scriptum</strong></span> <span class='ocrx_word' id='word_1_508' title='bbox 1453 3684 1541 3734; x_wconf 90' lang='lat' dir='ltr'><strong>est</strong></span> <span class='ocrx_word' id='word_1_509' title='bbox 1573 3695 1585 3733; x_wconf 93' lang='lat'><strong>:</strong></span> <span class='ocrx_word' id='word_1_510' title='bbox 1621 3679 1768 3746; x_wconf 84' lang='lat' dir='ltr'><strong>Quod</strong></span> <span class='ocrx_word' id='word_1_511' title='bbox 1813 3680 1916 3734; x_wconf 86' lang='lat' dir='ltr'><strong>tibi</strong></span> 
     </span>
    </p>
   </div>
   <div class='ocr_carea' id='block_1_71' title="bbox 261 3767 1914 3837">
    <p class='ocr_par' dir='ltr' id='par_1_71' title="bbox 261 3767 1914 3837">
     <span class='ocr_line' id='line_1_71' title="bbox 261 3767 1914 3837; baseline 0.001 -15"><span class='ocrx_word' id='word_1_512' title='bbox 261 3782 383 3822; x_wconf 78' lang='lat' dir='ltr'><strong>non</strong></span> <span class='ocrx_word' id='word_1_513' title='bbox 407 3768 488 3822; x_wconf 84' lang='lat' dir='ltr'><strong>vis</strong></span> <span class='ocrx_word' id='word_1_514' title='bbox 507 3767 646 3837; x_wconf 78' lang='lat' dir='ltr'><strong>ﬁeri,</strong></span> <span class='ocrx_word' id='word_1_515' title='bbox 679 3768 782 3821; x_wconf 82' lang='lat' dir='ltr'><strong>alii</strong></span> <span class='ocrx_word' id='word_1_516' title='bbox 809 3781 877 3820; x_wconf 85' lang='lat' dir='ltr'><strong>ne</strong></span> <span class='ocrx_word' id='word_1_517' title='bbox 901 3768 1095 3837; x_wconf 79' lang='lat' dir='ltr'><strong>feceris</strong></span> <span class='ocrx_word' id='word_1_518' title='bbox 1152 3767 1307 3837; x_wconf 87' lang='lat' dir='ltr'><strong>(Tob.</strong></span> <span class='ocrx_word' id='word_1_519' title='bbox 1368 3784 1443 3833; x_wconf 82' lang='grc' dir='ltr'><strong>ιν,</strong></span> <span class='ocrx_word' id='word_1_520' title='bbox 1499 3768 1607 3837; x_wconf 80' lang='grc'><strong>16).</strong></span> <span class='ocrx_word' id='word_1_521' title='bbox 1666 3768 1914 3824; x_wconf 91' lang='lat' dir='ltr'><strong>Proinde</strong></span> 
     </span>
    </p>
   </div>
   <div class='ocr_carea' id='block_1_72' title="bbox 263 3855 1916 3926">
    <p class='ocr_par' dir='ltr' id='par_1_72' title="bbox 263 3855 1916 3926">
     <span class='ocr_line' id='line_1_72' title="bbox 263 3855 1916 3926; baseline 0 -14"><span class='ocrx_word' id='word_1_522' title='bbox 263 3857 377 3921; x_wconf 88' lang='lat' dir='ltr'><strong>ait,</strong></span> <span class='ocrx_word' id='word_1_523' title='bbox 413 3855 661 3911; x_wconf 87' lang='lat' dir='ltr'><strong>nefanda</strong></span> <span class='ocrx_word' id='word_1_524' title='bbox 721 3870 812 3910; x_wconf 90' lang='lat' dir='ltr'><strong>res</strong></span> <span class='ocrx_word' id='word_1_525' title='bbox 870 3859 982 3922; x_wconf 90' lang='lat' dir='ltr'><strong>est,</strong></span> <span class='ocrx_word' id='word_1_526' title='bbox 1027 3859 1083 3909; x_wconf 89' lang='lat' dir='ltr'><strong>et</strong></span> <span class='ocrx_word' id='word_1_527' title='bbox 1139 3855 1421 3926; x_wconf 90' lang='lat' dir='ltr'><strong>iniquitas</strong></span> <span class='ocrx_word' id='word_1_528' title='bbox 1460 3856 1758 3912; x_wconf 84' lang='lat' dir='ltr'><strong>maxima:</strong></span> <span class='ocrx_word' id='word_1_529' title='bbox 1794 3857 1916 3912; x_wconf 84' lang='lat' dir='ltr'><strong>haec</strong></span> 
     </span>
    </p>
   </div>
   <div class='ocr_carea' id='block_1_73' title="bbox 265 3942 1914 4018">
    <p class='ocr_par' dir='ltr' id='par_1_73' title="bbox 265 3942 1914 4018">
     <span class='ocr_line' id='line_1_73' title="bbox 265 3942 1914 4018; baseline -0.001 -17"><span class='ocrx_word' id='word_1_530' title='bbox 265 3947 506 4001; x_wconf 88' lang='lat' dir='ltr'><strong>funesta</strong></span> <span class='ocrx_word' id='word_1_531' title='bbox 533 3960 598 3999; x_wconf 89' lang='lat' dir='ltr'><strong>ac</strong></span> <span class='ocrx_word' id='word_1_532' title='bbox 629 3942 1001 4000; x_wconf 86' lang='lat' dir='ltr'><strong>detestabilia</strong></span> <span class='ocrx_word' id='word_1_533' title='bbox 1055 3943 1330 4016; x_wconf 88' lang='lat' dir='ltr'><strong>cogitare,</strong></span> <span class='ocrx_word' id='word_1_534' title='bbox 1379 3943 1465 3999; x_wconf 90' lang='lat' dir='ltr'><strong>vel</strong></span> <span class='ocrx_word' id='word_1_535' title='bbox 1504 3945 1710 4013; x_wconf 90' lang='lat' dir='ltr'><strong>facere,</strong></span> <span class='ocrx_word' id='word_1_536' title='bbox 1761 3945 1914 4018; x_wconf 86' lang='lat' dir='ltr'><strong>ignis</strong></span> 
     </span>
    </p>
   </div>
   <div class='ocr_carea' id='block_1_74' title="bbox 264 4031 1916 4101">
    <p class='ocr_par' dir='ltr' id='par_1_74' title="bbox 264 4031 1916 4101">
     <span class='ocr_line' id='line_1_74' title="bbox 264 4031 1916 4101; baseline 0 -11"><span class='ocrx_word' id='word_1_537' title='bbox 264 4038 363 4090; x_wconf 89' lang='lat' dir='ltr'><strong>est</strong></span> <span class='ocrx_word' id='word_1_538' title='bbox 400 4032 700 4088; x_wconf 64' lang='lat' dir='ltr'><strong>incentiva</strong></span> <span class='ocrx_word' id='word_1_539' title='bbox 734 4031 1018 4101; x_wconf 88' lang='lat' dir='ltr'><strong>libidinis,</strong></span> <span class='ocrx_word' id='word_1_540' title='bbox 1052 4033 1250 4088; x_wconf 90' lang='lat' dir='ltr'><strong>omnia</strong></span> <span class='ocrx_word' id='word_1_541' title='bbox 1293 4033 1447 4088; x_wconf 91' lang='lat' dir='ltr'><strong>bona</strong></span> <span class='ocrx_word' id='word_1_542' title='bbox 1501 4033 1786 4090; x_wconf 87' lang='lat' dir='ltr'><strong>virtutum</strong></span> <span class='ocrx_word' id='word_1_543' title='bbox 1817 4035 1916 4090; x_wconf 86' lang='lat' dir='ltr'><strong>de-</strong></span> 
     </span>
    </p>
   </div>
   <div class='ocr_carea' id='block_1_75' title="bbox 262 4121 1915 4194">
    <p class='ocr_par' dir='ltr' id='par_1_75' title="bbox 262 4121 1915 4194">
     <span class='ocr_line' id='line_1_75' title="bbox 262 4121 1915 4194; baseline 0 -15"><span class='ocrx_word' id='word_1_544' title='bbox 262 4126 688 4194; x_wconf 89' lang='lat' dir='ltr'><strong>vorans,atque</strong></span> <span class='ocrx_word' id='word_1_545' title='bbox 718 4121 990 4178; x_wconf 89' lang='lat' dir='ltr'><strong>universa</strong></span> <span class='ocrx_word' id='word_1_546' title='bbox 1007 4121 1068 4177; x_wconf 92' lang='lat' dir='ltr'><strong>in</strong></span> <span class='ocrx_word' id='word_1_547' title='bbox 1093 4121 1328 4178; x_wconf 89' lang='lat' dir='ltr'><strong>homine</strong></span> <span class='ocrx_word' id='word_1_548' title='bbox 1352 4127 1699 4178; x_wconf 88' lang='lat' dir='ltr'><strong>sanctarum</strong></span> <span class='ocrx_word' id='word_1_549' title='bbox 1720 4139 1915 4179; x_wconf 90' lang='lat' dir='ltr'><strong>rerum</strong></span> 
     </span>
    </p>
   </div>
   <div class='ocr_carea' id='block_1_76' title="bbox 265 4215 1036 4270">
    <p class='ocr_par' dir='ltr' id='par_1_76' title="bbox 265 4215 1036 4270">
     <span class='ocr_line' id='line_1_76' title="bbox 265 4215 1036 4270; baseline -0.003 -1"><span class='ocrx_word' id='word_1_550' title='bbox 265 4215 633 4270; x_wconf 88' lang='lat' dir='ltr'><strong>incrementa</strong></span> <span class='ocrx_word' id='word_1_551' title='bbox 662 4227 1036 4268; x_wconf 89' lang='lat' dir='ltr'><strong>consumens.</strong></span> 
     </span>
    </p>
   </div>
   <div class='ocr_carea' id='block_1_77' title="bbox 351 4299 1916 4372">
    <p class='ocr_par' dir='ltr' id='par_1_77' title="bbox 351 4299 1916 4372">
     <span class='ocr_line' id='line_1_77' title="bbox 351 4299 1916 4372; baseline 0.003 -19"><span class='ocrx_word' id='word_1_552' title='bbox 351 4321 378 4353; x_wconf 71' lang='grc' dir='ltr'><strong><em>α</em></strong></span> <span class='ocrx_word' id='word_1_553' title='bbox 410 4301 470 4356; x_wconf 92' lang='lat' dir='ltr'><strong>Si</strong></span> <span class='ocrx_word' id='word_1_554' title='bbox 491 4299 813 4372; x_wconf 91' lang='lat' dir='ltr'><strong>contempsi</strong></span> <span class='ocrx_word' id='word_1_555' title='bbox 844 4300 1043 4356; x_wconf 89' lang='lat' dir='ltr'><strong>subire</strong></span> <span class='ocrx_word' id='word_1_556' title='bbox 1063 4301 1358 4372; x_wconf 91' lang='lat' dir='ltr'><strong>judicium</strong></span> <span class='ocrx_word' id='word_1_557' title='bbox 1407 4317 1542 4357; x_wconf 91' lang='lat' dir='ltr'><strong>cum</strong></span> <span class='ocrx_word' id='word_1_558' title='bbox 1591 4318 1756 4360; x_wconf 89' lang='lat' dir='ltr'><strong>servo</strong></span> <span class='ocrx_word' id='word_1_559' title='bbox 1789 4319 1916 4358; x_wconf 91' lang='lat' dir='ltr'><strong>meo</strong></span> 
     </span>
    </p>
   </div>
   <div class='ocr_carea' id='block_1_78' title="bbox 266 4389 1916 4462">
    <p class='ocr_par' dir='ltr' id='par_1_78' title="bbox 266 4389 1916 4462">
     <span class='ocr_line' id='line_1_78' title="bbox 266 4389 1916 4462; baseline 0.001 -14"><span class='ocrx_word' id='word_1_560' title='bbox 266 4396 333 4449; x_wconf 87' lang='lat' dir='ltr'><strong>et</strong></span> <span class='ocrx_word' id='word_1_561' title='bbox 362 4389 576 4447; x_wconf 92' lang='lat' dir='ltr'><strong>ancilla</strong></span> <span class='ocrx_word' id='word_1_562' title='bbox 605 4406 754 4456; x_wconf 90' lang='lat' dir='ltr'><strong>mea,</strong></span> <span class='ocrx_word' id='word_1_563' title='bbox 781 4405 916 4444; x_wconf 93' lang='lat' dir='ltr'><strong>cum</strong></span> <span class='ocrx_word' id='word_1_564' title='bbox 963 4389 1360 4462; x_wconf 87' lang='lat' dir='ltr'><strong>disceptarent</strong></span> <span class='ocrx_word' id='word_1_565' title='bbox 1391 4392 1701 4449; x_wconf 90' lang='lat' dir='ltr'><strong>adversum</strong></span> <span class='ocrx_word' id='word_1_566' title='bbox 1737 4409 1850 4448; x_wconf 91' lang='lat' dir='ltr'><strong>me.</strong></span> <span class='ocrx_word' id='word_1_567' title='bbox 1887 4415 1916 4442; x_wconf 89' lang='grc'><strong>››</strong></span> 
     </span>
    </p>
   </div>
   <div class='ocr_carea' id='block_1_79' title="bbox 269 4479 1276 4551">
    <p class='ocr_par' dir='ltr' id='par_1_79' title="bbox 269 4479 1276 4551">
     <span class='ocr_line' id='line_1_79' title="bbox 269 4479 1276 4551; baseline -0.001 -14"><span class='ocrx_word' id='word_1_568' title='bbox 269 4481 412 4538; x_wconf 89' lang='lat' dir='ltr'><strong>Sive</strong></span> <span class='ocrx_word' id='word_1_569' title='bbox 440 4484 505 4534; x_wconf 91' lang='lat' dir='ltr'><strong>ut</strong></span> <span class='ocrx_word' id='word_1_570' title='bbox 534 4479 632 4535; x_wconf 89' lang='lat' dir='ltr'><strong>alii</strong></span> <span class='ocrx_word' id='word_1_571' title='bbox 664 4479 958 4548; x_wconf 87' lang='lat' dir='ltr'><strong>dixerunt,</strong></span> <span class='ocrx_word' id='word_1_572' title='bbox 991 4479 1136 4551; x_wconf 85' lang='lat' dir='ltr'><strong>apud</strong></span> <span class='ocrx_word' id='word_1_573' title='bbox 1169 4495 1276 4536; x_wconf 85' lang='lat' dir='ltr'><strong>me.</strong></span> 
     </span>
    </p>
   </div>
   <div class='ocr_carea' id='block_1_80' title="bbox 2022 3324 3665 3397">
    <p class='ocr_par' dir='ltr' id='par_1_80' title="bbox 2022 3324 3665 3397">
     <span class='ocr_line' id='line_1_80' title="bbox 2022 3324 3665 3397; baseline 0 -18"><span class='ocrx_word' id='word_1_574' title='bbox 2022 3325 2250 3380; x_wconf 90' lang='lat' dir='ltr'><strong>trandis</strong></span> <span class='ocrx_word' id='word_1_575' title='bbox 2280 3324 2356 3378; x_wconf 88' lang='lat' dir='ltr'><strong>sit</strong></span> <span class='ocrx_word' id='word_1_576' title='bbox 2392 3325 2649 3396; x_wconf 89' lang='lat' dir='ltr'><strong>sapiens,</strong></span> <span class='ocrx_word' id='word_1_577' title='bbox 2682 3341 2934 3397; x_wconf 89' lang='lat' dir='ltr'><strong>magnus</strong></span> <span class='ocrx_word' id='word_1_578' title='bbox 2963 3330 3020 3379; x_wconf 86' lang='lat' dir='ltr'><strong>et</strong></span> <span class='ocrx_word' id='word_1_579' title='bbox 3057 3325 3250 3380; x_wconf 89' lang='lat' dir='ltr'><strong>clarus</strong></span> <span class='ocrx_word' id='word_1_580' title='bbox 3284 3342 3296 3392; x_wconf 93' lang='lat'><strong>;</strong></span> <span class='ocrx_word' id='word_1_581' title='bbox 3323 3324 3370 3380; x_wconf 88' lang='lat' dir='ltr'><strong>si</strong></span> <span class='ocrx_word' id='word_1_582' title='bbox 3401 3341 3665 3380; x_wconf 89' lang='lat' dir='ltr'><strong>errorum</strong></span> 
     </span>
    </p>
   </div>
   <div class='ocr_carea' id='block_1_81' title="bbox 2025 3410 3664 3483">
    <p class='ocr_par' dir='ltr' id='par_1_81' title="bbox 2025 3410 3664 3483">
     <span class='ocr_line' id='line_1_81' title="bbox 2025 3410 3664 3483; baseline 0 -17"><span class='ocrx_word' id='word_1_583' title='bbox 2025 3410 2276 3466; x_wconf 88' lang='lat' dir='ltr'><strong>stultitia</strong></span> <span class='ocrx_word' id='word_1_584' title='bbox 2317 3415 2604 3466; x_wconf 90' lang='lat' dir='ltr'><strong>teneatur.</strong></span> <span class='ocrx_word' id='word_1_585' title='bbox 2655 3415 2781 3466; x_wconf 89' lang='lat' dir='ltr'><strong>Non</strong></span> <span class='ocrx_word' id='word_1_586' title='bbox 2840 3410 3053 3481; x_wconf 90' lang='lat' dir='ltr'><strong>solum,</strong></span> <span class='ocrx_word' id='word_1_587' title='bbox 3103 3412 3314 3483; x_wconf 90' lang='lat' dir='ltr'><strong>inquit.</strong></span> <span class='ocrx_word' id='word_1_588' title='bbox 3382 3427 3664 3483; x_wconf 90' lang='lat' dir='ltr'><strong>quorum-</strong></span> 
     </span>
    </p>
   </div>
   <div class='ocr_carea' id='block_1_82' title="bbox 2024 3498 3669 3571">
    <p class='ocr_par' dir='ltr' id='par_1_82' title="bbox 2024 3498 3669 3571">
     <span class='ocr_line' id='line_1_82' title="bbox 2024 3498 3669 3571; baseline -0.001 -15"><span class='ocrx_word' id='word_1_589' title='bbox 2024 3515 2257 3571; x_wconf 88' lang='lat' dir='ltr'><strong>cunque</strong></span> <span class='ocrx_word' id='word_1_590' title='bbox 2284 3498 2570 3554; x_wconf 90' lang='lat' dir='ltr'><strong>idolorum</strong></span> <span class='ocrx_word' id='word_1_591' title='bbox 2604 3498 3076 3567; x_wconf 89' lang='lat' dir='ltr'><strong>culturis,verum</strong></span> <span class='ocrx_word' id='word_1_592' title='bbox 3108 3501 3306 3570; x_wconf 89' lang='lat' dir='ltr'><strong>etiam,</strong></span> <span class='ocrx_word' id='word_1_593' title='bbox 3333 3516 3437 3556; x_wconf 92' lang='lat' dir='ltr'><strong>nec</strong></span> <span class='ocrx_word' id='word_1_594' title='bbox 3457 3500 3669 3556; x_wconf 89' lang='lat' dir='ltr'><strong>horum</strong></span> 
     </span>
    </p>
   </div>
   <div class='ocr_carea' id='block_1_83' title="bbox 2025 3586 3665 3660">
    <p class='ocr_par' dir='ltr' id='par_1_83' title="bbox 2025 3586 3665 3660">
     <span class='ocr_line' id='line_1_83' title="bbox 2025 3586 3665 3660; baseline -0.001 -17"><span class='ocrx_word' id='word_1_595' title='bbox 2025 3586 2459 3660; x_wconf 86' lang='lat' dir='ltr'><strong>pulchritudine</strong></span> <span class='ocrx_word' id='word_1_596' title='bbox 2490 3602 2554 3641; x_wconf 85' lang='lat' dir='ltr'><strong>ac</strong></span> <span class='ocrx_word' id='word_1_597' title='bbox 2585 3586 2777 3658; x_wconf 88' lang='lat' dir='ltr'><strong>specie</strong></span> <span class='ocrx_word' id='word_1_598' title='bbox 2828 3602 3177 3658; x_wconf 88' lang='lat' dir='ltr'><strong>magnorum</strong></span> <span class='ocrx_word' id='word_1_599' title='bbox 3224 3586 3519 3642; x_wconf 90' lang='lat' dir='ltr'><strong>luminum</strong></span> <span class='ocrx_word' id='word_1_600' title='bbox 3565 3587 3665 3642; x_wconf 90' lang='lat' dir='ltr'><strong>de—</strong></span> 
     </span>
    </p>
   </div>
   <div class='ocr_carea' id='block_1_84' title="bbox 2023 3675 3667 3746">
    <p class='ocr_par' dir='ltr' id='par_1_84' title="bbox 2023 3675 3667 3746">
     <span class='ocr_line' id='line_1_84' title="bbox 2023 3675 3667 3746; baseline -0.001 -14"><span class='ocrx_word' id='word_1_601' title='bbox 2023 3677 2271 3732; x_wconf 90' lang='lat' dir='ltr'><strong>lectatus</strong></span> <span class='ocrx_word' id='word_1_602' title='bbox 2303 3692 2433 3730; x_wconf 91' lang='lat' dir='ltr'><strong>sum</strong></span> <span class='ocrx_word' id='word_1_603' title='bbox 2471 3693 2483 3742; x_wconf 90' lang='lat'><strong>;</strong></span> <span class='ocrx_word' id='word_1_604' title='bbox 2522 3692 2624 3730; x_wconf 91' lang='lat' dir='ltr'><strong>nec</strong></span> <span class='ocrx_word' id='word_1_605' title='bbox 2653 3675 2823 3746; x_wconf 89' lang='lat' dir='ltr'><strong>quasi</strong></span> <span class='ocrx_word' id='word_1_606' title='bbox 2873 3676 3122 3731; x_wconf 89' lang='lat' dir='ltr'><strong>adorans</strong></span> <span class='ocrx_word' id='word_1_607' title='bbox 3180 3691 3248 3731; x_wconf 90' lang='lat' dir='ltr'><strong>ea</strong></span> <span class='ocrx_word' id='word_1_608' title='bbox 3286 3675 3438 3732; x_wconf 89' lang='lat' dir='ltr'><strong>inter</strong></span> <span class='ocrx_word' id='word_1_609' title='bbox 3465 3692 3667 3732; x_wconf 87' lang='lat' dir='ltr'><strong>eorum</strong></span> 
     </span>
    </p>
   </div>
   <div class='ocr_carea' id='block_1_85' title="bbox 2024 3763 3670 3821">
    <p class='ocr_par' dir='ltr' id='par_1_85' title="bbox 2024 3763 3670 3821">
     <span class='ocr_line' id='line_1_85' title="bbox 2024 3763 3670 3821; baseline 0.001 -1"><span class='ocrx_word' id='word_1_610' title='bbox 2024 3764 2454 3821; x_wconf 88' lang='lat' dir='ltr'><strong>venerationem</strong></span> <span class='ocrx_word' id='word_1_611' title='bbox 2483 3763 2784 3820; x_wconf 88' lang='lat' dir='ltr'><strong>osculatus</strong></span> <span class='ocrx_word' id='word_1_612' title='bbox 2841 3781 2974 3820; x_wconf 88' lang='lat' dir='ltr'><strong>sum</strong></span> <span class='ocrx_word' id='word_1_613' title='bbox 3033 3781 3276 3820; x_wconf 89' lang='lat' dir='ltr'><strong>manum</strong></span> <span class='ocrx_word' id='word_1_614' title='bbox 3308 3781 3529 3821; x_wconf 89' lang='lat' dir='ltr'><strong>meam:</strong></span> <span class='ocrx_word' id='word_1_615' title='bbox 3564 3781 3670 3821; x_wconf 89' lang='lat' dir='ltr'><strong>nec</strong></span> 
     </span>
    </p>
   </div>
   <div class='ocr_carea' id='block_1_86' title="bbox 2025 3854 3668 3926">
    <p class='ocr_par' dir='ltr' id='par_1_86' title="bbox 2025 3854 3668 3926">
     <span class='ocr_line' id='line_1_86' title="bbox 2025 3854 3668 3926; baseline 0.001 -17"><span class='ocrx_word' id='word_1_616' title='bbox 2025 3858 2352 3909; x_wconf 86' lang='lat' dir='ltr'><strong>creaturam</strong></span> <span class='ocrx_word' id='word_1_617' title='bbox 2396 3869 2499 3924; x_wconf 91' lang='lat' dir='ltr'><strong>pro</strong></span> <span class='ocrx_word' id='word_1_618' title='bbox 2543 3855 2812 3909; x_wconf 89' lang='lat' dir='ltr'><strong>Creatore</strong></span> <span class='ocrx_word' id='word_1_619' title='bbox 2868 3859 3177 3910; x_wconf 90' lang='lat' dir='ltr'><strong>veneratus</strong></span> <span class='ocrx_word' id='word_1_620' title='bbox 3223 3871 3378 3922; x_wconf 90' lang='lat' dir='ltr'><strong>sum,</strong></span> <span class='ocrx_word' id='word_1_621' title='bbox 3411 3855 3566 3926; x_wconf 92' lang='lat' dir='ltr'><strong>quod</strong></span> <span class='ocrx_word' id='word_1_622' title='bbox 3608 3854 3668 3910; x_wconf 87' lang='lat' dir='ltr'><strong>in</strong></span> 
     </span>
    </p>
   </div>
   <div class='ocr_carea' id='block_1_87' title="bbox 2025 3941 3667 4016">
    <p class='ocr_par' dir='ltr' id='par_1_87' title="bbox 2025 3941 3667 4016">
     <span class='ocr_line' id='line_1_87' title="bbox 2025 3941 3667 4016; baseline -0.001 -18"><span class='ocrx_word' id='word_1_623' title='bbox 2025 3942 2283 4015; x_wconf 89' lang='lat' dir='ltr'><strong>Epistola</strong></span> <span class='ocrx_word' id='word_1_624' title='bbox 2313 3942 2384 3998; x_wconf 92' lang='lat' dir='ltr'><strong>ad</strong></span> <span class='ocrx_word' id='word_1_625' title='bbox 2408 3941 2701 3999; x_wconf 80' lang='lat' dir='ltr'><strong>Romanos</strong></span> <span class='ocrx_word' id='word_1_626' title='bbox 2721 3943 3286 4016; x_wconf 88' lang='lat' dir='ltr'><strong>sanctusApostolus</strong></span> <span class='ocrx_word' id='word_1_627' title='bbox 3307 3945 3667 4000; x_wconf 88' lang='lat' dir='ltr'><strong>destestatur</strong></span> 
     </span>
    </p>
   </div>
   <div class='ocr_carea' id='block_1_88' title="bbox 2025 4032 2422 4104">
    <p class='ocr_par' dir='ltr' id='par_1_88' title="bbox 2025 4032 2422 4104">
     <span class='ocr_line' id='line_1_88' title="bbox 2025 4032 2422 4104; baseline -0.01 -14"><span class='ocrx_word' id='word_1_628' title='bbox 2025 4035 2203 4104; x_wconf 81' lang='lat' dir='ltr'><strong>(Rom.</strong></span> <span class='ocrx_word' id='word_1_629' title='bbox 2237 4049 2276 4102; x_wconf 88' lang='lat'><strong>1,</strong></span> <span class='ocrx_word' id='word_1_630' title='bbox 2308 4032 2422 4102; x_wconf 83' lang='lat'><strong>25),</strong></span> 
     </span>
    </p>
   </div>
   <div class='ocr_carea' id='block_1_89' title="bbox 2100 4119 3668 4193">
    <p class='ocr_par' dir='ltr' id='par_1_89' title="bbox 2100 4119 3668 4193">
     <span class='ocr_line' id='line_1_89' title="bbox 2100 4119 3668 4193; baseline 0.004 -22"><span class='ocrx_word' id='word_1_631' title='bbox 2100 4144 2128 4171; x_wconf 77' lang='grc' dir='ltr'><strong>«ι</strong></span> <span class='ocrx_word' id='word_1_632' title='bbox 2157 4120 2216 4175; x_wconf 92' lang='lat' dir='ltr'><strong>Si</strong></span> <span class='ocrx_word' id='word_1_633' title='bbox 2248 4119 2484 4193; x_wconf 90' lang='lat' dir='ltr'><strong>gavisus</strong></span> <span class='ocrx_word' id='word_1_634' title='bbox 2529 4137 2662 4176; x_wconf 91' lang='lat' dir='ltr'><strong>sum</strong></span> <span class='ocrx_word' id='word_1_635' title='bbox 2696 4121 2769 4176; x_wconf 88' lang='lat' dir='ltr'><strong>ad</strong></span> <span class='ocrx_word' id='word_1_636' title='bbox 2801 4121 3030 4176; x_wconf 89' lang='lat' dir='ltr'><strong>ruinem</strong></span> <span class='ocrx_word' id='word_1_637' title='bbox 3052 4121 3178 4191; x_wconf 86' lang='lat' dir='ltr'><strong>ejus</strong></span> <span class='ocrx_word' id='word_1_638' title='bbox 3197 4119 3298 4191; x_wconf 90' lang='lat' dir='ltr'><strong>qui</strong></span> <span class='ocrx_word' id='word_1_639' title='bbox 3328 4136 3422 4176; x_wconf 90' lang='lat' dir='ltr'><strong>me</strong></span> <span class='ocrx_word' id='word_1_640' title='bbox 3441 4119 3668 4177; x_wconf 85' lang='lat' dir='ltr'><strong>oderat.</strong></span> 
     </span>
    </p>
   </div>
   <div class='ocr_carea' id='block_1_90' title="bbox 2025 4208 3666 4282">
    <p class='ocr_par' dir='ltr' id='par_1_90' title="bbox 2025 4208 3666 4282">
     <span class='ocr_line' id='line_1_90' title="bbox 2025 4208 3666 4282; baseline 0 -15"><span class='ocrx_word' id='word_1_641' title='bbox 2025 4210 2312 4267; x_wconf 87' lang='lat' dir='ltr'><strong>exsultavi</strong></span> <span class='ocrx_word' id='word_1_642' title='bbox 2345 4210 2503 4282; x_wconf 91' lang='lat' dir='ltr'><strong>quod</strong></span> <span class='ocrx_word' id='word_1_643' title='bbox 2540 4209 2859 4265; x_wconf 86' lang='lat' dir='ltr'><strong>invenisset</strong></span> <span class='ocrx_word' id='word_1_644' title='bbox 2889 4225 3024 4265; x_wconf 91' lang='lat' dir='ltr'><strong>eum</strong></span> <span class='ocrx_word' id='word_1_645' title='bbox 3073 4208 3318 4265; x_wconf 87' lang='lat' dir='ltr'><strong>malum.</strong></span> <span class='ocrx_word' id='word_1_646' title='bbox 3353 4210 3478 4268; x_wconf 88' lang='lat' dir='ltr'><strong>Non</strong></span> <span class='ocrx_word' id='word_1_647' title='bbox 3509 4211 3666 4267; x_wconf 91' lang='lat' dir='ltr'><strong>enim</strong></span> 
     </span>
    </p>
   </div>
   <div class='ocr_carea' id='block_1_91' title="bbox 2026 4299 3668 4373">
    <p class='ocr_par' dir='ltr' id='par_1_91' title="bbox 2026 4299 3668 4373">
     <span class='ocr_line' id='line_1_91' title="bbox 2026 4299 3668 4373; baseline 0.002 -19"><span class='ocrx_word' id='word_1_648' title='bbox 2026 4300 2160 4356; x_wconf 89' lang='lat' dir='ltr'><strong>dedi</strong></span> <span class='ocrx_word' id='word_1_649' title='bbox 2190 4301 2262 4355; x_wconf 91' lang='lat' dir='ltr'><strong>ad</strong></span> <span class='ocrx_word' id='word_1_650' title='bbox 2313 4299 2672 4371; x_wconf 88' lang='lat' dir='ltr'><strong>peccandum</strong></span> <span class='ocrx_word' id='word_1_651' title='bbox 2721 4303 2924 4371; x_wconf 89' lang='lat' dir='ltr'><strong>guttur</strong></span> <span class='ocrx_word' id='word_1_652' title='bbox 2960 4315 3180 4367; x_wconf 90' lang='lat' dir='ltr'><strong>meum,</strong></span> <span class='ocrx_word' id='word_1_653' title='bbox 3229 4308 3297 4354; x_wconf 86' lang='lat' dir='ltr'><strong>ut</strong></span> <span class='ocrx_word' id='word_1_654' title='bbox 3340 4304 3668 4373; x_wconf 85' lang='lat' dir='ltr'><strong>expeterem</strong></span> 
     </span>
    </p>
   </div>
   <div class='ocr_carea' id='block_1_92' title="bbox 2027 4387 3671 4462">
    <p class='ocr_par' dir='ltr' id='par_1_92' title="bbox 2027 4387 3671 4462">
     <span class='ocr_line' id='line_1_92' title="bbox 2027 4387 3671 4462; baseline 0 -18"><span class='ocrx_word' id='word_1_655' title='bbox 2027 4387 2382 4444; x_wconf 87' lang='lat' dir='ltr'><strong>maledicens</strong></span> <span class='ocrx_word' id='word_1_656' title='bbox 2429 4388 2688 4443; x_wconf 89' lang='lat' dir='ltr'><strong>animam</strong></span> <span class='ocrx_word' id='word_1_657' title='bbox 2738 4389 2886 4459; x_wconf 89' lang='lat' dir='ltr'><strong>ejus.</strong></span> <span class='ocrx_word' id='word_1_658' title='bbox 2931 4410 2960 4436; x_wconf 80' lang='lat' dir='ltr'><strong>n</strong></span> <span class='ocrx_word' id='word_1_659' title='bbox 2999 4389 3144 4443; x_wconf 87' lang='lat' dir='ltr'><strong>Cum</strong></span> <span class='ocrx_word' id='word_1_660' title='bbox 3176 4405 3457 4462; x_wconf 89' lang='lat' dir='ltr'><strong>magnum</strong></span> <span class='ocrx_word' id='word_1_661' title='bbox 3489 4391 3584 4458; x_wconf 88' lang='lat' dir='ltr'><strong>sit,</strong></span> <span class='ocrx_word' id='word_1_662' title='bbox 3619 4391 3671 4446; x_wconf 91' lang='lat' dir='ltr'><strong>si</strong></span> 
     </span>
    </p>
   </div>
   <div class='ocr_carea' id='block_1_93' title="bbox 2025 4475 3670 4549">
    <p class='ocr_par' dir='ltr' id='par_1_93' title="bbox 2025 4475 3670 4549">
     <span class='ocr_line' id='line_1_93' title="bbox 2025 4475 3670 4549; baseline 0.001 -16"><span class='ocrx_word' id='word_1_663' title='bbox 2025 4479 2096 4533; x_wconf 93' lang='lat' dir='ltr'><strong>de</strong></span> <span class='ocrx_word' id='word_1_664' title='bbox 2128 4476 2386 4532; x_wconf 90' lang='lat' dir='ltr'><strong>inimicis</strong></span> <span class='ocrx_word' id='word_1_665' title='bbox 2419 4475 2545 4532; x_wconf 89' lang='lat' dir='ltr'><strong>suis</strong></span> <span class='ocrx_word' id='word_1_666' title='bbox 2599 4477 2752 4547; x_wconf 91' lang='lat' dir='ltr'><strong>quis,</strong></span> <span class='ocrx_word' id='word_1_667' title='bbox 2804 4493 2939 4532; x_wconf 91' lang='lat' dir='ltr'><strong>cum</strong></span> <span class='ocrx_word' id='word_1_668' title='bbox 2991 4479 3198 4549; x_wconf 89' lang='lat' dir='ltr'><strong>possit,</strong></span> <span class='ocrx_word' id='word_1_669' title='bbox 3259 4495 3375 4534; x_wconf 93' lang='lat' dir='ltr'><strong>non</strong></span> <span class='ocrx_word' id='word_1_670' title='bbox 3435 4480 3670 4534; x_wconf 88' lang='lat' dir='ltr'><strong>studeat</strong></span> 
     </span>
    </p>
   </div>
   <div class='ocr_carea' id='block_1_94' title="bbox 348 4565 3669 4656">
    <p class='ocr_par' dir='ltr' id='par_1_94' title="bbox 348 4565 3669 4656">
     <span class='ocr_line' id='line_1_94' title="bbox 348 4565 3669 4656; baseline 0.001 -38"><span class='ocrx_word' id='word_1_671' title='bbox 348 4591 377 4618; x_wconf 76' lang='grc' dir='ltr'><strong>«ι</strong></span> <span class='ocrx_word' id='word_1_672' title='bbox 419 4568 566 4633; x_wconf 86' lang='lat' dir='ltr'><strong>Quid</strong></span> <span class='ocrx_word' id='word_1_673' title='bbox 595 4568 752 4624; x_wconf 90' lang='lat' dir='ltr'><strong>enim</strong></span> <span class='ocrx_word' id='word_1_674' title='bbox 793 4568 1002 4623; x_wconf 85' lang='lat' dir='ltr'><strong>faciam</strong></span> <span class='ocrx_word' id='word_1_675' title='bbox 1031 4584 1166 4623; x_wconf 93' lang='lat' dir='ltr'><strong>cum</strong></span> <span class='ocrx_word' id='word_1_676' title='bbox 1199 4569 1516 4625; x_wconf 78' lang='lat' dir='ltr'><strong>surrexerit</strong></span> <span class='ocrx_word' id='word_1_677' title='bbox 1541 4570 1612 4626; x_wconf 91' lang='lat' dir='ltr'><strong>ad</strong></span> <span class='ocrx_word' id='word_1_678' title='bbox 1635 4571 1916 4640; x_wconf 88' lang='lat' dir='ltr'><strong>judican-</strong></span> <span class='ocrx_word' id='word_1_679' title='bbox 1947 4589 1998 4656; x_wconf 81' lang='lat' dir='ltr'><strong>D</strong></span> <span class='ocrx_word' id='word_1_680' title='bbox 2029 4567 2232 4623; x_wconf 92' lang='lat' dir='ltr'><strong>ulcisci</strong></span> <span class='ocrx_word' id='word_1_681' title='bbox 2264 4570 2481 4639; x_wconf 88' lang='lat' dir='ltr'><strong>quanto</strong></span> <span class='ocrx_word' id='word_1_682' title='bbox 2512 4565 2666 4637; x_wconf 88' lang='lat' dir='ltr'><strong>apud</strong></span> <span class='ocrx_word' id='word_1_683' title='bbox 2691 4571 2874 4621; x_wconf 92' lang='lat' dir='ltr'><strong>Deum</strong></span> <span class='ocrx_word' id='word_1_684' title='bbox 2896 4567 3219 4636; x_wconf 85' lang='lat' dir='ltr'><strong>studiosius</strong></span> <span class='ocrx_word' id='word_1_685' title='bbox 3248 4572 3338 4622; x_wconf 92' lang='lat' dir='ltr'><strong>est</strong></span> <span class='ocrx_word' id='word_1_686' title='bbox 3366 4567 3438 4622; x_wconf 91' lang='lat' dir='ltr'><strong>de</strong></span> <span class='ocrx_word' id='word_1_687' title='bbox 3465 4582 3669 4623; x_wconf 89' lang='lat' dir='ltr'><strong>eorum</strong></span> 
     </span>
    </p>
   </div>
   <div class='ocr_carea' id='block_1_95' title="bbox 269 4657 1921 4731">
    <p class='ocr_par' dir='ltr' id='par_1_95' title="bbox 269 4657 1921 4731">
     <span class='ocr_line' id='line_1_95' title="bbox 269 4657 1921 4731; baseline 0 -16"><span class='ocrx_word' id='word_1_688' title='bbox 269 4661 419 4715; x_wconf 90' lang='lat' dir='ltr'><strong>dum</strong></span> <span class='ocrx_word' id='word_1_689' title='bbox 452 4659 623 4724; x_wconf 89' lang='lat' dir='ltr'><strong>Deus,</strong></span> <span class='ocrx_word' id='word_1_690' title='bbox 653 4662 711 4714; x_wconf 89' lang='lat' dir='ltr'><strong>et</strong></span> <span class='ocrx_word' id='word_1_691' title='bbox 740 4674 874 4714; x_wconf 89' lang='lat' dir='ltr'><strong>cum</strong></span> <span class='ocrx_word' id='word_1_692' title='bbox 909 4657 1218 4730; x_wconf 80' lang='lat' dir='ltr'><strong>quaesierit,</strong></span> <span class='ocrx_word' id='word_1_693' title='bbox 1254 4658 1392 4730; x_wconf 92' lang='lat' dir='ltr'><strong>quid</strong></span> <span class='ocrx_word' id='word_1_694' title='bbox 1425 4660 1783 4731; x_wconf 90' lang='lat' dir='ltr'><strong>respondebo</strong></span> <span class='ocrx_word' id='word_1_695' title='bbox 1805 4659 1921 4715; x_wconf 83' lang='lat' dir='ltr'><strong>illi?</strong></span> 
     </span>
    </p>
   </div>
   <div class='ocr_carea' id='block_1_96' title="bbox 271 4747 1920 4820">
    <p class='ocr_par' dir='ltr' id='par_1_96' title="bbox 271 4747 1920 4820">
     <span class='ocr_line' id='line_1_96' title="bbox 271 4747 1920 4820; baseline 0 -16"><span class='ocrx_word' id='word_1_696' title='bbox 271 4747 554 4820; x_wconf 86' lang='lat' dir='ltr'><strong>Nunquid</strong></span> <span class='ocrx_word' id='word_1_697' title='bbox 586 4764 701 4803; x_wconf 91' lang='lat' dir='ltr'><strong>non</strong></span> <span class='ocrx_word' id='word_1_698' title='bbox 733 4747 791 4802; x_wconf 92' lang='lat' dir='ltr'><strong>in</strong></span> <span class='ocrx_word' id='word_1_699' title='bbox 825 4752 989 4803; x_wconf 87' lang='lat' dir='ltr'><strong>utero</strong></span> <span class='ocrx_word' id='word_1_700' title='bbox 1022 4747 1157 4803; x_wconf 85' lang='lat' dir='ltr'><strong>fecit</strong></span> <span class='ocrx_word' id='word_1_701' title='bbox 1195 4763 1308 4817; x_wconf 90' lang='lat' dir='ltr'><strong>me,</strong></span> <span class='ocrx_word' id='word_1_702' title='bbox 1345 4747 1444 4819; x_wconf 90' lang='lat' dir='ltr'><strong>qui</strong></span> <span class='ocrx_word' id='word_1_703' title='bbox 1501 4753 1559 4803; x_wconf 90' lang='lat' dir='ltr'><strong>et</strong></span> <span class='ocrx_word' id='word_1_704' title='bbox 1587 4747 1751 4803; x_wconf 91' lang='lat' dir='ltr'><strong>illum</strong></span> <span class='ocrx_word' id='word_1_705' title='bbox 1783 4763 1920 4820; x_wconf 87' lang='lat' dir='ltr'><strong>ope-</strong></span> 
     </span>
    </p>
   </div>
   <div class='ocr_carea' id='block_1_97' title="bbox 267 4835 1920 4910">
    <p class='ocr_par' dir='ltr' id='par_1_97' title="bbox 267 4835 1920 4910">
     <span class='ocr_line' id='line_1_97' title="bbox 267 4835 1920 4910; baseline -0.001 -16"><span class='ocrx_word' id='word_1_706' title='bbox 267 4843 438 4894; x_wconf 89' lang='lat' dir='ltr'><strong>ratus</strong></span> <span class='ocrx_word' id='word_1_707' title='bbox 464 4841 572 4904; x_wconf 89' lang='lat' dir='ltr'><strong>est,</strong></span> <span class='ocrx_word' id='word_1_708' title='bbox 603 4843 660 4893; x_wconf 88' lang='lat' dir='ltr'><strong>et</strong></span> <span class='ocrx_word' id='word_1_709' title='bbox 692 4837 961 4893; x_wconf 87' lang='lat' dir='ltr'><strong>formavit</strong></span> <span class='ocrx_word' id='word_1_710' title='bbox 989 4852 1084 4892; x_wconf 90' lang='lat' dir='ltr'><strong>me</strong></span> <span class='ocrx_word' id='word_1_711' title='bbox 1111 4837 1173 4892; x_wconf 89' lang='lat' dir='ltr'><strong>in</strong></span> <span class='ocrx_word' id='word_1_712' title='bbox 1204 4835 1374 4892; x_wconf 90' lang='lat' dir='ltr'><strong>vulva</strong></span> <span class='ocrx_word' id='word_1_713' title='bbox 1413 4853 1568 4893; x_wconf 93' lang='lat' dir='ltr'><strong>unus</strong></span> <span class='ocrx_word' id='word_1_714' title='bbox 1588 4837 1616 4892; x_wconf 70' lang='lat' dir='ltr'><strong>‘I</strong></span> <span class='ocrx_word' id='word_1_715' title='bbox 1648 4858 1677 4886; x_wconf 91' lang='grc'>››</span> <span class='ocrx_word' id='word_1_716' title='bbox 1710 4837 1920 4910; x_wconf 89' lang='lat' dir='ltr'><strong>Magna</strong></span> 
     </span>
    </p>
   </div>
   <div class='ocr_carea' id='block_1_98' title="bbox 266 4925 1917 4998">
    <p class='ocr_par' dir='ltr' id='par_1_98' title="bbox 266 4925 1917 4998">
     <span class='ocr_line' id='line_1_98' title="bbox 266 4925 1917 4998; baseline -0.001 -16"><span class='ocrx_word' id='word_1_717' title='bbox 266 4925 582 4982; x_wconf 89' lang='lat' dir='ltr'><strong>humilitas</strong></span> <span class='ocrx_word' id='word_1_718' title='bbox 612 4926 800 4982; x_wconf 90' lang='lat' dir='ltr'><strong>sancti</strong></span> <span class='ocrx_word' id='word_1_719' title='bbox 829 4925 936 4981; x_wconf 90' lang='lat' dir='ltr'><strong>viri</strong></span> <span class='ocrx_word' id='word_1_720' title='bbox 969 4925 1231 4997; x_wconf 86' lang='lat' dir='ltr'><strong>hujus,et</strong></span> <span class='ocrx_word' id='word_1_721' title='bbox 1262 4941 1477 4998; x_wconf 82' lang='lat' dir='ltr'><strong>magna</strong></span> <span class='ocrx_word' id='word_1_722' title='bbox 1515 4925 1697 4982; x_wconf 88' lang='lat' dir='ltr'><strong>futuri</strong></span> <span class='ocrx_word' id='word_1_723' title='bbox 1715 4926 1917 4996; x_wconf 88' lang='lat' dir='ltr'><strong>judicii</strong></span> 
     </span>
    </p>
   </div>
   <div class='ocr_carea' id='block_1_99' title="bbox 268 5015 570 5087">
    <p class='ocr_par' dir='ltr' id='par_1_99' title="bbox 268 5015 570 5087">
     <span class='ocr_line' id='line_1_99' title="bbox 268 5015 570 5087; baseline -0.007 -15"><span class='ocrx_word' id='word_1_724' title='bbox 268 5015 570 5087; x_wconf 88' lang='lat' dir='ltr'><strong>cogitatio.</strong></span> 
     </span>
    </p>
   </div>
   <div class='ocr_carea' id='block_1_100' title="bbox 343 5103 1918 5179">
    <p class='ocr_par' dir='ltr' id='par_1_100' title="bbox 343 5103 1918 5179">
     <span class='ocr_line' id='line_1_100' title="bbox 343 5103 1918 5179; baseline 0.003 -21"><span class='ocrx_word' id='word_1_725' title='bbox 343 5129 372 5157; x_wconf 81' lang='grc'><strong>‹‹</strong></span> <span class='ocrx_word' id='word_1_726' title='bbox 408 5106 466 5161; x_wconf 91' lang='lat' dir='ltr'><strong>Si</strong></span> <span class='ocrx_word' id='word_1_727' title='bbox 498 5105 702 5177; x_wconf 90' lang='lat' dir='ltr'><strong>negavi</strong></span> <span class='ocrx_word' id='word_1_728' title='bbox 733 5105 886 5177; x_wconf 90' lang='lat' dir='ltr'><strong>quod</strong></span> <span class='ocrx_word' id='word_1_729' title='bbox 917 5103 1210 5176; x_wconf 89' lang='lat' dir='ltr'><strong>volebant,</strong></span> <span class='ocrx_word' id='word_1_730' title='bbox 1243 5105 1623 5179; x_wconf 88' lang='lat' dir='ltr'><strong>pauperibus,</strong></span> <span class='ocrx_word' id='word_1_731' title='bbox 1643 5109 1701 5161; x_wconf 91' lang='lat' dir='ltr'><strong>et</strong></span> <span class='ocrx_word' id='word_1_732' title='bbox 1721 5104 1918 5162; x_wconf 90' lang='lat' dir='ltr'><strong>oculos</strong></span> 
     </span>
    </p>
   </div>
   <div class='ocr_carea' id='block_1_101' title="bbox 163 5194 1584 5267">
    <p class='ocr_par' dir='ltr' id='par_1_101' title="bbox 163 5194 1584 5267">
     <span class='ocr_line' id='line_1_101' title="bbox 163 5194 1584 5267; baseline -0.001 -16"><span class='ocrx_word' id='word_1_733' title='bbox 163 5223 176 5230; x_wconf 96' lang='lat'><strong>-</strong></span> <span class='ocrx_word' id='word_1_734' title='bbox 266 5195 460 5251; x_wconf 62' lang='lat' dir='ltr'><strong>vidua:</strong></span> <span class='ocrx_word' id='word_1_735' title='bbox 487 5198 820 5267; x_wconf 80' lang='lat' dir='ltr'><strong>exspectare</strong></span> <span class='ocrx_word' id='word_1_736' title='bbox 853 5195 980 5251; x_wconf 92' lang='lat' dir='ltr'><strong>feci.</strong></span> <span class='ocrx_word' id='word_1_737' title='bbox 1019 5216 1041 5243; x_wconf 74' lang='grc' dir='ltr'><strong>ι</strong></span> <span class='ocrx_word' id='word_1_738' title='bbox 1074 5194 1445 5251; x_wconf 85' lang='lat' dir='ltr'><strong>Manifestum</strong></span> <span class='ocrx_word' id='word_1_739' title='bbox 1477 5197 1584 5250; x_wconf 91' lang='lat' dir='ltr'><strong>est.</strong></span> 
     </span>
    </p>
   </div>
   <div class='ocr_carea' id='block_1_102' title="bbox 343 5282 1916 5350">
    <p class='ocr_par' dir='ltr' id='par_1_102' title="bbox 343 5282 1916 5350">
     <span class='ocr_line' id='line_1_102' title="bbox 343 5282 1916 5350; baseline 0.003 -16"><span class='ocrx_word' id='word_1_740' title='bbox 343 5309 370 5335; x_wconf 74' lang='grc' dir='ltr'><strong>(ι</strong></span> <span class='ocrx_word' id='word_1_741' title='bbox 406 5285 464 5339; x_wconf 91' lang='lat' dir='ltr'><strong>Si</strong></span> <span class='ocrx_word' id='word_1_742' title='bbox 497 5282 721 5339; x_wconf 90' lang='lat' dir='ltr'><strong>comedi</strong></span> <span class='ocrx_word' id='word_1_743' title='bbox 754 5283 1078 5338; x_wconf 87' lang='lat' dir='ltr'><strong>buccellam</strong></span> <span class='ocrx_word' id='word_1_744' title='bbox 1135 5300 1328 5340; x_wconf 90' lang='lat' dir='ltr'><strong>meam</strong></span> <span class='ocrx_word' id='word_1_745' title='bbox 1380 5283 1561 5350; x_wconf 81' lang='lat' dir='ltr'><strong>solus,</strong></span> <span class='ocrx_word' id='word_1_746' title='bbox 1593 5288 1650 5340; x_wconf 90' lang='lat' dir='ltr'><strong>et</strong></span> <span class='ocrx_word' id='word_1_747' title='bbox 1676 5300 1792 5340; x_wconf 91' lang='lat' dir='ltr'><strong>non</strong></span> <span class='ocrx_word' id='word_1_748' title='bbox 1823 5299 1916 5339; x_wconf 90' lang='lat' dir='ltr'><strong>co-</strong></span> 
     </span>
    </p>
   </div>
   <div class='ocr_carea' id='block_1_103' title="bbox 270 5371 1920 5446">
    <p class='ocr_par' dir='ltr' id='par_1_103' title="bbox 270 5371 1920 5446">
     <span class='ocr_line' id='line_1_103' title="bbox 270 5371 1920 5446; baseline -0.001 -16"><span class='ocrx_word' id='word_1_749' title='bbox 270 5373 458 5430; x_wconf 89' lang='lat' dir='ltr'><strong>medit</strong></span> <span class='ocrx_word' id='word_1_750' title='bbox 484 5371 746 5446; x_wconf 92' lang='lat' dir='ltr'><strong>pupillus</strong></span> <span class='ocrx_word' id='word_1_751' title='bbox 772 5389 841 5428; x_wconf 85' lang='lat' dir='ltr'><strong>ex</strong></span> <span class='ocrx_word' id='word_1_752' title='bbox 869 5388 956 5440; x_wconf 89' lang='lat' dir='ltr'><strong>ea,</strong></span> <span class='ocrx_word' id='word_1_753' title='bbox 989 5372 1128 5443; x_wconf 89' lang='lat' dir='ltr'><strong>quia</strong></span> <span class='ocrx_word' id='word_1_754' title='bbox 1155 5373 1226 5429; x_wconf 93' lang='lat' dir='ltr'><strong>ab</strong></span> <span class='ocrx_word' id='word_1_755' title='bbox 1275 5373 1520 5430; x_wconf 88' lang='lat' dir='ltr'><strong>infantia</strong></span> <span class='ocrx_word' id='word_1_756' title='bbox 1579 5390 1710 5430; x_wconf 91' lang='lat' dir='ltr'><strong>mea</strong></span> <span class='ocrx_word' id='word_1_757' title='bbox 1739 5373 1920 5430; x_wconf 72' lang='lat' dir='ltr'><strong>crevit</strong></span> 
     </span>
    </p>
   </div>
   <div class='ocr_carea' id='block_1_104' title="bbox 269 5461 1919 5535">
    <p class='ocr_par' dir='ltr' id='par_1_104' title="bbox 269 5461 1919 5535">
     <span class='ocr_line' id='line_1_104' title="bbox 269 5461 1919 5535; baseline -0.001 -14"><span class='ocrx_word' id='word_1_758' title='bbox 269 5480 503 5521; x_wconf 84' lang='lat' dir='ltr'><strong>mecum</strong></span> <span class='ocrx_word' id='word_1_759' title='bbox 535 5461 852 5531; x_wconf 85' lang='lat' dir='ltr'><strong>miseratio,</strong></span> <span class='ocrx_word' id='word_1_760' title='bbox 884 5465 943 5517; x_wconf 93' lang='lat' dir='ltr'><strong>et</strong></span> <span class='ocrx_word' id='word_1_761' title='bbox 972 5462 1043 5517; x_wconf 93' lang='lat' dir='ltr'><strong>de</strong></span> <span class='ocrx_word' id='word_1_762' title='bbox 1073 5467 1237 5521; x_wconf 90' lang='lat' dir='ltr'><strong>utero</strong></span> <span class='ocrx_word' id='word_1_763' title='bbox 1264 5463 1468 5520; x_wconf 90' lang='lat' dir='ltr'><strong>matris</strong></span> <span class='ocrx_word' id='word_1_764' title='bbox 1511 5478 1654 5520; x_wconf 67' lang='lat' dir='ltr'><strong>mea:</strong></span> <span class='ocrx_word' id='word_1_765' title='bbox 1682 5479 1919 5535; x_wconf 90' lang='lat' dir='ltr'><strong>egressa</strong></span> 
     </span>
    </p>
   </div>
   <div class='ocr_carea' id='block_1_105' title="bbox 270 5550 1259 5612">
    <p class='ocr_par' dir='ltr' id='par_1_105' title="bbox 270 5550 1259 5612">
     <span class='ocr_line' id='line_1_105' title="bbox 270 5550 1259 5612; baseline -0.005 0"><span class='ocrx_word' id='word_1_766' title='bbox 270 5559 366 5612; x_wconf 89' lang='lat' dir='ltr'><strong>est</strong></span> <span class='ocrx_word' id='word_1_767' title='bbox 395 5567 649 5609; x_wconf 90' lang='lat' dir='ltr'><strong>mecum.</strong></span> <span class='ocrx_word' id='word_1_768' title='bbox 685 5574 713 5602; x_wconf 87' lang='grc'><strong>‹‹</strong></span> <span class='ocrx_word' id='word_1_769' title='bbox 744 5550 1119 5607; x_wconf 87' lang='lat' dir='ltr'><strong>Manifestum</strong></span> <span class='ocrx_word' id='word_1_770' title='bbox 1151 5555 1259 5607; x_wconf 90' lang='lat' dir='ltr'><strong>est.</strong></span> 
     </span>
    </p>
   </div>
   <div class='ocr_carea' id='block_1_106' title="bbox 346 5639 1918 5720">
    <p class='ocr_par' dir='ltr' id='par_1_106' title="bbox 346 5639 1918 5720">
     <span class='ocr_line' id='line_1_106' title="bbox 346 5639 1918 5720; baseline 0.001 -20"><span class='ocrx_word' id='word_1_771' title='bbox 346 5665 378 5700; x_wconf 69' lang='grc' dir='ltr'>κ</span> <span class='ocrx_word' id='word_1_772' title='bbox 403 5641 468 5703; x_wconf 83' lang='lat' dir='ltr'><strong>Si</strong></span> <span class='ocrx_word' id='word_1_773' title='bbox 504 5641 743 5720; x_wconf 81' lang='lat' dir='ltr'><strong>despexi</strong></span> <span class='ocrx_word' id='word_1_774' title='bbox 797 5643 1233 5718; x_wconf 66' lang='lat' dir='ltr'><strong>praeteruntem,</strong></span> <span class='ocrx_word' id='word_1_775' title='bbox 1293 5643 1448 5720; x_wconf 88' lang='lat' dir='ltr'><strong>quod</strong></span> <span class='ocrx_word' id='word_1_776' title='bbox 1494 5658 1611 5702; x_wconf 90' lang='lat' dir='ltr'><strong>non</strong></span> <span class='ocrx_word' id='word_1_777' title='bbox 1643 5639 1918 5701; x_wconf 89' lang='lat' dir='ltr'><strong>habuerit</strong></span> 
     </span>
    </p>
   </div>
   <div class='ocr_carea' id='block_1_107' title="bbox 2029 4653 2995 4722">
    <p class='ocr_par' dir='ltr' id='par_1_107' title="bbox 2029 4653 2995 4722">
     <span class='ocr_line' id='line_1_107' title="bbox 2029 4653 2995 4722; baseline -0.005 -9"><span class='ocrx_word' id='word_1_778' title='bbox 2029 4658 2223 4722; x_wconf 88' lang='lat' dir='ltr'><strong>ruina,</strong></span> <span class='ocrx_word' id='word_1_779' title='bbox 2255 4671 2362 4712; x_wconf 91' lang='lat' dir='ltr'><strong>nec</strong></span> <span class='ocrx_word' id='word_1_780' title='bbox 2392 4655 2451 4710; x_wconf 93' lang='lat' dir='ltr'><strong>in</strong></span> <span class='ocrx_word' id='word_1_781' title='bbox 2482 4655 2653 4711; x_wconf 90' lang='lat' dir='ltr'><strong>corde</strong></span> <span class='ocrx_word' id='word_1_782' title='bbox 2684 4653 2995 4710; x_wconf 82' lang='lat' dir='ltr'><strong>delectarit</strong></span> 
     </span>
    </p>
   </div>
   <div class='ocr_carea' id='block_1_108' title="bbox 2101 4742 3666 4819">
    <p class='ocr_par' dir='ltr' id='par_1_108' title="bbox 2101 4742 3666 4819">
     <span class='ocr_line' id='line_1_108' title="bbox 2101 4742 3666 4819; baseline 0.005 -23"><span class='ocrx_word' id='word_1_783' title='bbox 2101 4769 2128 4796; x_wconf 88' lang='grc'>‹‹</span> <span class='ocrx_word' id='word_1_784' title='bbox 2165 4745 2222 4802; x_wconf 91' lang='lat' dir='ltr'><strong>Si</strong></span> <span class='ocrx_word' id='word_1_785' title='bbox 2256 4761 2372 4800; x_wconf 91' lang='lat' dir='ltr'><strong>non</strong></span> <span class='ocrx_word' id='word_1_786' title='bbox 2403 4743 2674 4799; x_wconf 82' lang='lat' dir='ltr'><strong>dixerunt</strong></span> <span class='ocrx_word' id='word_1_787' title='bbox 2696 4742 2802 4798; x_wconf 89' lang='lat' dir='ltr'><strong>viri</strong></span> <span class='ocrx_word' id='word_1_788' title='bbox 2848 4744 3208 4801; x_wconf 89' lang='lat' dir='ltr'><strong>tabernaculi</strong></span> <span class='ocrx_word' id='word_1_789' title='bbox 3238 4745 3373 4814; x_wconf 90' lang='lat' dir='ltr'><strong>mei,</strong></span> <span class='ocrx_word' id='word_1_790' title='bbox 3407 4747 3539 4819; x_wconf 90' lang='lat' dir='ltr'><strong>quis</strong></span> <span class='ocrx_word' id='word_1_791' title='bbox 3568 4747 3666 4804; x_wconf 91' lang='lat' dir='ltr'><strong>det</strong></span> 
     </span>
    </p>
   </div>
   <div class='ocr_carea' id='block_1_109' title="bbox 2029 4833 3671 4904">
    <p class='ocr_par' dir='ltr' id='par_1_109' title="bbox 2029 4833 3671 4904">
     <span class='ocr_line' id='line_1_109' title="bbox 2029 4833 3671 4904; baseline 0.001 -14"><span class='ocrx_word' id='word_1_792' title='bbox 2029 4836 2100 4890; x_wconf 91' lang='lat' dir='ltr'><strong>de</strong></span> <span class='ocrx_word' id='word_1_793' title='bbox 2132 4833 2408 4890; x_wconf 86' lang='lat' dir='ltr'><strong>carnibus</strong></span> <span class='ocrx_word' id='word_1_794' title='bbox 2437 4833 2660 4904; x_wconf 87' lang='lat' dir='ltr'><strong>ejus,ut</strong></span> <span class='ocrx_word' id='word_1_795' title='bbox 2684 4836 3022 4889; x_wconf 90' lang='lat' dir='ltr'><strong>saturemur</strong></span> <span class='ocrx_word' id='word_1_796' title='bbox 3042 4834 3070 4889; x_wconf 79' lang='lat'>?</span> <span class='ocrx_word' id='word_1_797' title='bbox 3101 4835 3263 4890; x_wconf 86' lang='lat' dir='ltr'><strong>Foris</strong></span> <span class='ocrx_word' id='word_1_798' title='bbox 3293 4851 3411 4891; x_wconf 92' lang='lat' dir='ltr'><strong>non</strong></span> <span class='ocrx_word' id='word_1_799' title='bbox 3450 4837 3671 4892; x_wconf 90' lang='lat' dir='ltr'><strong>mansit</strong></span> 
     </span>
    </p>
   </div>
   <div class='ocr_carea' id='block_1_110' title="bbox 2028 4923 3670 4997">
    <p class='ocr_par' dir='ltr' id='par_1_110' title="bbox 2028 4923 3670 4997">
     <span class='ocr_line' id='line_1_110' title="bbox 2028 4923 3670 4997; baseline 0 -16"><span class='ocrx_word' id='word_1_800' title='bbox 2028 4924 2391 4997; x_wconf 88' lang='lat' dir='ltr'><strong>peregrinus,</strong></span> <span class='ocrx_word' id='word_1_801' title='bbox 2450 4923 2667 4978; x_wconf 90' lang='lat' dir='ltr'><strong>ostium</strong></span> <span class='ocrx_word' id='word_1_802' title='bbox 2721 4939 2918 4979; x_wconf 91' lang='lat' dir='ltr'><strong>meum</strong></span> <span class='ocrx_word' id='word_1_803' title='bbox 2973 4923 3174 4979; x_wconf 87' lang='lat' dir='ltr'><strong>viatori</strong></span> <span class='ocrx_word' id='word_1_804' title='bbox 3229 4925 3440 4996; x_wconf 90' lang='lat' dir='ltr'><strong>patuit.</strong></span> <span class='ocrx_word' id='word_1_805' title='bbox 3502 4948 3531 4974; x_wconf 82' lang='grc'><strong>››</strong></span> <span class='ocrx_word' id='word_1_806' title='bbox 3565 4926 3670 4981; x_wconf 88' lang='lat' dir='ltr'><strong>Pro</strong></span> 
     </span>
    </p>
   </div>
   <div class='ocr_carea' id='block_1_111' title="bbox 2029 5011 3672 5086">
    <p class='ocr_par' dir='ltr' id='par_1_111' title="bbox 2029 5011 3672 5086">
     <span class='ocr_line' id='line_1_111' title="bbox 2029 5011 3672 5086; baseline 0.002 -18"><span class='ocrx_word' id='word_1_807' title='bbox 2029 5011 2523 5086; x_wconf 89' lang='lat' dir='ltr'><strong>hospitalitatibus</strong></span> <span class='ocrx_word' id='word_1_808' title='bbox 2569 5013 2699 5083; x_wconf 89' lang='lat' dir='ltr'><strong>ejus</strong></span> <span class='ocrx_word' id='word_1_809' title='bbox 2756 5017 2815 5067; x_wconf 91' lang='lat' dir='ltr'><strong>et</strong></span> <span class='ocrx_word' id='word_1_810' title='bbox 2880 5012 3113 5081; x_wconf 87' lang='lat' dir='ltr'><strong>virtute,</strong></span> <span class='ocrx_word' id='word_1_811' title='bbox 3178 5029 3296 5085; x_wconf 90' lang='lat' dir='ltr'><strong>qua</strong></span> <span class='ocrx_word' id='word_1_812' title='bbox 3352 5019 3410 5070; x_wconf 90' lang='lat' dir='ltr'><strong>et</strong></span> <span class='ocrx_word' id='word_1_813' title='bbox 3465 5020 3672 5072; x_wconf 59' lang='lat' dir='ltr'><strong>cetera</strong></span> 
     </span>
    </p>
   </div>
   <div class='ocr_carea' id='block_1_112' title="bbox 2029 5100 3671 5174">
    <p class='ocr_par' dir='ltr' id='par_1_112' title="bbox 2029 5100 3671 5174">
     <span class='ocr_line' id='line_1_112' title="bbox 2029 5100 3671 5174; baseline 0.001 -15"><span class='ocrx_word' id='word_1_814' title='bbox 2029 5101 2215 5159; x_wconf 89' lang='lat' dir='ltr'><strong>sancti</strong></span> <span class='ocrx_word' id='word_1_815' title='bbox 2249 5106 2359 5158; x_wconf 91' lang='lat' dir='ltr'><strong>Deo</strong></span> <span class='ocrx_word' id='word_1_816' title='bbox 2390 5100 2752 5174; x_wconf 88' lang='lat' dir='ltr'><strong>placuerunt,</strong></span> <span class='ocrx_word' id='word_1_817' title='bbox 2786 5100 2987 5157; x_wconf 90' lang='lat' dir='ltr'><strong>odium</strong></span> <span class='ocrx_word' id='word_1_818' title='bbox 3030 5118 3330 5160; x_wconf 87' lang='lat' dir='ltr'><strong>servorum</strong></span> <span class='ocrx_word' id='word_1_819' title='bbox 3371 5109 3671 5162; x_wconf 81' lang='lat' dir='ltr'><strong>contraxe-</strong></span> 
     </span>
    </p>
   </div>
   <div class='ocr_carea' id='block_1_113' title="bbox 2029 5197 2138 5248">
    <p class='ocr_par' dir='ltr' id='par_1_113' title="bbox 2029 5197 2138 5248">
     <span class='ocr_line' id='line_1_113' title="bbox 2029 5197 2138 5248; baseline -0.009 -1"><span class='ocrx_word' id='word_1_820' title='bbox 2029 5197 2138 5248; x_wconf 84' lang='lat' dir='ltr'><strong>rat.</strong></span> 
     </span>
    </p>
   </div>
   <div class='ocr_carea' id='block_1_114' title="bbox 2107 5279 3659 5354">
    <p class='ocr_par' dir='ltr' id='par_1_114' title="bbox 2107 5279 3659 5354">
     <span class='ocr_line' id='line_1_114' title="bbox 2107 5279 3659 5354; baseline 0.004 -18"><span class='ocrx_word' id='word_1_821' title='bbox 2107 5304 2127 5330; x_wconf 78' lang='grc' dir='ltr'><strong>ι</strong></span> <span class='ocrx_word' id='word_1_822' title='bbox 2164 5281 2224 5337; x_wconf 94' lang='lat' dir='ltr'><strong>Si</strong></span> <span class='ocrx_word' id='word_1_823' title='bbox 2255 5280 2533 5337; x_wconf 89' lang='lat' dir='ltr'><strong>abscondi</strong></span> <span class='ocrx_word' id='word_1_824' title='bbox 2566 5279 2736 5352; x_wconf 90' lang='lat' dir='ltr'><strong>quasi</strong></span> <span class='ocrx_word' id='word_1_825' title='bbox 2768 5279 2943 5338; x_wconf 89' lang='lat' dir='ltr'><strong>homo</strong></span> <span class='ocrx_word' id='word_1_826' title='bbox 2993 5287 3296 5354; x_wconf 87' lang='lat' dir='ltr'><strong>peccatum</strong></span> <span class='ocrx_word' id='word_1_827' title='bbox 3353 5301 3571 5353; x_wconf 89' lang='lat' dir='ltr'><strong>meum,</strong></span> <span class='ocrx_word' id='word_1_828' title='bbox 3602 5290 3659 5342; x_wconf 90' lang='lat' dir='ltr'><strong>et</strong></span> 
     </span>
    </p>
   </div>
   <div class='ocr_carea' id='block_1_115' title="bbox 2027 5368 3668 5442">
    <p class='ocr_par' dir='ltr' id='par_1_115' title="bbox 2027 5368 3668 5442">
     <span class='ocr_line' id='line_1_115' title="bbox 2027 5368 3668 5442; baseline 0.003 -17"><span class='ocrx_word' id='word_1_829' title='bbox 2027 5368 2204 5426; x_wconf 91' lang='lat' dir='ltr'><strong>celavi</strong></span> <span class='ocrx_word' id='word_1_830' title='bbox 2238 5369 2297 5425; x_wconf 95' lang='lat' dir='ltr'><strong>in</strong></span> <span class='ocrx_word' id='word_1_831' title='bbox 2345 5370 2478 5426; x_wconf 91' lang='lat' dir='ltr'><strong>sinu</strong></span> <span class='ocrx_word' id='word_1_832' title='bbox 2527 5386 2656 5426; x_wconf 93' lang='lat' dir='ltr'><strong>meo</strong></span> <span class='ocrx_word' id='word_1_833' title='bbox 2713 5369 3081 5442; x_wconf 89' lang='lat' dir='ltr'><strong>iniquitatem</strong></span> <span class='ocrx_word' id='word_1_834' title='bbox 3142 5389 3356 5430; x_wconf 89' lang='lat' dir='ltr'><strong>meam.</strong></span> <span class='ocrx_word' id='word_1_835' title='bbox 3401 5396 3431 5426; x_wconf 86' lang='lat'><strong>»</strong></span> <span class='ocrx_word' id='word_1_836' title='bbox 3466 5375 3546 5431; x_wconf 91' lang='lat' dir='ltr'><strong>De</strong></span> <span class='ocrx_word' id='word_1_837' title='bbox 3575 5373 3668 5430; x_wconf 92' lang='lat' dir='ltr'><strong>his</strong></span> 
     </span>
    </p>
   </div>
   <div class='ocr_carea' id='block_1_116' title="bbox 2026 5458 3661 5532">
    <p class='ocr_par' dir='ltr' id='par_1_116' title="bbox 2026 5458 3661 5532">
     <span class='ocr_line' id='line_1_116' title="bbox 2026 5458 3661 5532; baseline 0.003 -18"><span class='ocrx_word' id='word_1_838' title='bbox 2026 5458 2280 5531; x_wconf 89' lang='lat' dir='ltr'><strong>peccatis</strong></span> <span class='ocrx_word' id='word_1_839' title='bbox 2311 5463 2561 5528; x_wconf 87' lang='lat' dir='ltr'><strong>tantum,</strong></span> <span class='ocrx_word' id='word_1_840' title='bbox 2608 5475 2735 5532; x_wconf 65' lang='lat' dir='ltr'><strong>qua:</strong></span> <span class='ocrx_word' id='word_1_841' title='bbox 2783 5461 3234 5532; x_wconf 88' lang='lat' dir='ltr'><strong>cogitationibus</strong></span> <span class='ocrx_word' id='word_1_842' title='bbox 3281 5464 3661 5521; x_wconf 90' lang='lat' dir='ltr'><strong>committun-</strong></span> 
     </span>
    </p>
   </div>
   <div class='ocr_carea' id='block_1_117' title="bbox 2026 5547 3666 5626">
    <p class='ocr_par' dir='ltr' id='par_1_117' title="bbox 2026 5547 3666 5626">
     <span class='ocr_line' id='line_1_117' title="bbox 2026 5547 3666 5626; baseline 0.003 -21"><span class='ocrx_word' id='word_1_843' title='bbox 2026 5554 2123 5605; x_wconf 89' lang='lat' dir='ltr'><strong>tur</strong></span> <span class='ocrx_word' id='word_1_844' title='bbox 2173 5549 2283 5606; x_wconf 91' lang='lat' dir='ltr'><strong>hoc</strong></span> <span class='ocrx_word' id='word_1_845' title='bbox 2330 5550 2454 5606; x_wconf 89' lang='lat' dir='ltr'><strong>loco</strong></span> <span class='ocrx_word' id='word_1_846' title='bbox 2507 5547 2654 5605; x_wconf 91' lang='lat' dir='ltr'><strong>mihi</strong></span> <span class='ocrx_word' id='word_1_847' title='bbox 2701 5548 2918 5606; x_wconf 80' lang='lat' dir='ltr'><strong>dixisse</strong></span> <span class='ocrx_word' id='word_1_848' title='bbox 2970 5551 3200 5608; x_wconf 91' lang='lat' dir='ltr'><strong>videtur</strong></span> <span class='ocrx_word' id='word_1_849' title='bbox 3232 5569 3246 5610; x_wconf 91' lang='lat'><strong>:</strong></span> <span class='ocrx_word' id='word_1_850' title='bbox 3278 5569 3344 5610; x_wconf 90' lang='lat' dir='ltr'><strong>eo</strong></span> <span class='ocrx_word' id='word_1_851' title='bbox 3375 5555 3530 5626; x_wconf 90' lang='lat' dir='ltr'><strong>quod</strong></span> <span class='ocrx_word' id='word_1_852' title='bbox 3561 5569 3666 5610; x_wconf 89' lang='lat' dir='ltr'><strong>nec</strong></span> 
     </span>
    </p>
   </div>
   <div class='ocr_carea' id='block_1_118' title="bbox 2026 5638 3661 5720">
    <p class='ocr_par' dir='ltr' id='par_1_118' title="bbox 2026 5638 3661 5720">
     <span class='ocr_line' id='line_1_118' title="bbox 2026 5638 3661 5720; baseline 0.005 -24"><span class='ocrx_word' id='word_1_853' title='bbox 2026 5639 2157 5716; x_wconf 87' lang='lat' dir='ltr'><strong>ipsa</strong></span> <span class='ocrx_word' id='word_1_854' title='bbox 2199 5639 2387 5699; x_wconf 89' lang='lat' dir='ltr'><strong>celare</strong></span> <span class='ocrx_word' id='word_1_855' title='bbox 2441 5638 2708 5713; x_wconf 85' lang='lat' dir='ltr'><strong>voluerit,</strong></span> <span class='ocrx_word' id='word_1_856' title='bbox 2763 5640 3241 5720; x_wconf 84' lang='lat' dir='ltr'><strong>quandoquidem</strong></span> <span class='ocrx_word' id='word_1_857' title='bbox 3297 5647 3661 5704; x_wconf 82' lang='lat' dir='ltr'><strong>secretorum</strong></span> 
     </span>
    </p>
   </div>
  </div>
