3980 6184
345 331 466 395 ’763

1846 322 2266 396 APPENDIX.

3631 336 3755 396 764

350 486 592 526 suorum
640 469 851 527 intima
922 471 1320 528 manifestavit
1363 472 1726 540 hominibus,
1773 488 1834 528 se
1867 488 1997 528 con-
2023 469 2080 536 Α
2115 465 2413 524 neratione
2442 466 2566 523 Huz
2596 469 2653 522 et
2683 465 2821 533 Buz,
2853 466 3112 522 filiorum
3151 465 3381 522 Nachor
3406 470 3464 522 et
3495 466 3760 536 Melcba,

351 560 623 616 sensione
648 559 854 633 iniqua
884 561 1200 633 cujuslibet
1222 564 1444 635 peccati
1476 581 1594 619 non
1621 562 1802 619 fuisse
1823 563 1999 634 parti-

349 648 562 720 cipem.

422 760 450 787 ‹‹
483 739 539 794 Si
593 739 795 810 expavi
847 741 917 795 ad
965 741 1405 799 multitudinem
1473 743 1738 814 nimiam,
1791 747 1848 798 et
1893 744 1994 797 de-

348 827 567 898 spectio
600 829 1067 902 propinquorum
1109 832 1318 887 terruit
1372 848 1486 902 me,
1548 836 1605 887 et
1661 849 1776 888 non
1809 831 1996 903 magis

347 917 525 987 tacui,
562 935 666 974 nec
699 935 969 992 egressus
1004 937 1136 976 sum
1166 921 1410 978 ostium.
1469 944 1497 972 »
1531 923 1618 976 Ad
1647 921 1999 994 propinquo-

351 1023 485 1062 rum
518 1024 761 1064 suorum
794 1010 1103 1081 persobam
1164 1011 1612 1083 despicientium
1644 1028 1799 1078 eum,
1831 1011 1994 1066 locus

348 1096 442 1151 hic
470 1098 743 1168 pertinet,
785 1099 884 1170 qui
943 1098 996 1154 ei
1054 1100 1207 1155 inter
1262 1100 1532 1156 miserias
1591 1100 1993 1156 calamitatum

348 1186 537 1257 posito
594 1186 992 1244 indesinenter
1049 1188 1296 1259 injurias
1351 1190 1690 1262 irrogabant
1742 1207 1753 1244 :
1797 1195 1995 1245 contra

358 1289 509 1345 quos
540 1274 650 1330 sibi
671 1275 981 1348 jurgantes
1011 1278 1209 1349 posuit
1238 1279 1559 1335 custodiam
1592 1281 1678 1335 ori
1707 1297 1832 1336 suo.

420 1386 447 1412 ‹‹
480 1365 620 1428 Quis
667 1364 812 1419 mihi
847 1365 1068 1422 tribuat
1125 1368 1452 1424 auditorem
1508 1373 1575 1423 ut
1637 1368 1994 1424 desiderium

346 1467 545 1508 meum
577 1453 777 1510 audiat
805 1455 1190 1527 Omnipotens
1235 1461 1291 1512 et
1345 1457 1562 1514 librum
1622 1459 1840 1514 scribat
1869 1458 1994 1530 ipse

343 1542 709 1615 quijudicat,
763 1545 916 1600 utin
974 1545 1219 1601 humero
1253 1563 1380 1602 meo
1439 1551 1664 1618 portem
1716 1547 1906 1616 illum,
1939 1553 1996 1602 et

343 1631 705 1687 circumdem
735 1631 905 1687 illum
965 1635 1135 1705 quasi
1195 1652 1469 1691 coronam
1501 1636 1646 1691 mihi
1677 1636 1705 1690 ?
1733 1641 1842 1692 Per
1872 1638 1992 1691 sin-

343 1718 514 1791 gulos
559 1721 779 1792 gradus
835 1739 996 1778 meos
1053 1725 1446 1796 pronuntiabo
1505 1725 1694 1794 illum,
1737 1731 1794 1782 et
1823 1727 1993 1798 quasi

340 1808 590 1880 principi
617 1811 853 1866 offeram
884 1829 1038 1867 eum.
1072 1835 1101 1863 »
1134 1813 1316 1876 Quem
1363 1814 1580 1870 librum
1613 1820 1851 1872 sanctus
1881 1816 1990 1871 Job
2020 1844 2067 1909 B

344 1898 858 1956 demonstraturus
890 1901 1137 1971 cateris,
1193 1904 1252 1958 in
1303 1904 1549 1961 humero
1581 1922 1707 1972 suo,
1758 1906 1816 1960 in
1865 1905 1989 1961 loco

339 1987 610 2044 videlicet
650 1991 876 2046 cunctis
906 1992 1224 2064 conspicuo
1256 1995 1478 2050 confert
1510 2013 1523 2063 ;
1560 2011 1626 2050 eo
1656 1996 1810 2067 quod
1841 1994 1989 2051 libro

346 2093 451 2149 pro
483 2077 700 2134 laboris
733 2081 823 2134 sui
856 2081 1048 2137 meriti
1095 2082 1255 2138 velut
1314 2101 1528 2139 corona
1584 2085 1780 2157 gloria
1834 2102 1991 2140 coro-

344 2171 519 2220 natus
548 2182 652 2237 per
682 2167 948 2240 singulos
999 2171 1218 2242 gradus
1277 2173 1585 2243 virtutum,
1641 2174 1763 2229 sive
1799 2173 1988 2246 profe-

343 2258 544 2310 ctuum
577 2273 819 2312 suorum
842 2257 1204 2315 incrementa
1232 2266 1366 2316 ante
1397 2261 1579 2317 Deum
1611 2264 1987 2331 recensendo,

344 2345 705 2415 pronuntiat.

421 2457 441 2480 α
477 2433 537 2488 Si
569 2435 879 2491 adversum
910 2455 1003 2494 me
1032 2442 1190 2494 terra
1206 2455 1336 2496 mea
1357 2441 1593 2508 clamat,
1627 2446 1838 2497 etcum
1861 2441 1990 2513 ipsa

347 2521 496 2578 sulci
525 2523 652 2594 ejus
683 2524 915 2581 deﬂent.
947 2527 1002 2580 Si
1036 2528 1264 2584 fructus
1324 2531 1452 2600 ejus
1510 2530 1735 2585 comedi
1767 2531 1990 2602 absque

345 2611 592 2684 pecunia
621 2618 680 2668 et
708 2614 966 2671 animam
1029 2616 1418 2689 agricolarum
1478 2619 1605 2689 ejus
1648 2618 1804 2674 afﬁxi
1838 2635 1850 2674 :
1885 2635 1989 2690 pro

346 2701 640 2757 frumento
680 2703 902 2758 oriatur
933 2704 1078 2759 mihi
1107 2705 1387 2774 tribulus,
1419 2711 1476 2762 et
1497 2724 1600 2780 pro
1621 2707 1838 2764 hordeo
1870 2708 1990 2780 spi-

346 2807 441 2847 na.
473 2809 499 2842 η
537 2793 735 2863 Terra,
791 2809 924 2849 caro
981 2794 1238 2852 hominis
1295 2800 1447 2853 recte
1497 2798 1765 2853 sentitur.
1829 2802 1990 2853 Hanc

347 2879 490 2935 dicit
517 2881 724 2938 beatus
754 2883 863 2938 Job
899 2883 1012 2939 sibi
1053 2885 1444 2943 adversariam
1504 2905 1618 2944 non
1654 2887 1855 2957 fuisse,
1889 2904 1988 2943 ne-

349 2969 603 3026 cessario
635 2971 840 3043 utique
871 2988 883 3027 :
918 2974 1196 3044 quoniam
1230 2977 1376 3032 bene
1415 2976 1525 3032 sibi
1557 2993 1686 3032 eam
1718 2977 1989 3033 obedien-

347 3062 466 3115 tem
499 3059 714 3116 fecerat
734 3061 888 3117 circa
917 3068 1262 3120 ornamenta
1291 3065 1784 3138 virtutum.Cujus
1815 3067 1989 3124 etiam

2112 559 2332 614 sororis
2357 558 2536 627 Sara,
2593 557 2786 613 uvoris
2843 557 3164 626 Abraham,
3213 557 3476 612 nascitur
3531 557 3642 614 Job
3697 565 3762 616 et

2107 647 2255 703 Eliu.
2287 647 2368 702 De
2419 647 2562 714 Huz,
2605 647 2715 702 Job
2749 645 3014 703 nascitur
3040 650 3098 702 et
3155 645 3225 701 de
3271 646 3408 714 Buz,
3440 646 3534 701 hic
3564 646 3764 703 Elium

2106 735 2261 791 unde
2291 740 2348 790 et
2376 735 2608 792 Buzites
2638 735 2854 790 dicitur
2883 735 2984 807 qui
3017 734 3126 790 fuit
3146 735 3294 791 sicut
3323 735 3420 790 hic
3451 736 3760 805 scribitur,

2105 825 2263 880 filius
2293 825 2616 880 Barachiel.
2649 825 2815 880 Hunc
2848 825 3030 896 igitur
3058 824 3210 891 Eliu,
3241 824 3569 880 doctissimi
3599 826 3762 881 Scri-

2105 917 2411 986 pturarum
2443 914 2649 968 dicunt
2695 914 2891 984 ipsum
2948 929 3076 969 esse
3134 912 3371 969 Balaam
3431 914 3756 983 hariolum,

2104 1019 2280 1074 quem
2311 1003 2371 1058 in
2394 1003 2784 1059 Numerorum
2807 1002 2954 1058 libro
2982 1001 3323 1069 Balach,rex
3341 1002 3759 1074 Moabitarum,

2104 1093 2176 1147 ad
2205 1092 2477 1148 Israelem
2509 1092 2978 1149 maledicendum
3010 1093 3368 1148 conduxerat
3409 1093 3595 1164 (Nam.
3620 1111 3760 1161 xm,

2102 1181 2138 1235 5
2165 1183 2302 1252 seq.)
2335 1199 2349 1237 :
2383 1186 2440 1237 et
2469 1182 2592 1237 hac
2623 1181 2923 1254 Scriptura
2952 1181 3150 1253 refert,
3202 1182 3360 1253 quod
3394 1181 3492 1238 hic
3523 1182 3654 1238 Elin
3689 1184 3761 1239 de

2104 1270 2451 1342 cognatione
2480 1271 2669 1327 fuerat
2698 1271 2866 1337 Ram,
2898 1275 2954 1326 et
3013 1270 3168 1326 hunc
3229 1271 3397 1338 Ram,
3454 1271 3755 1328 Abraham

2103 1376 2232 1416 esse
2264 1360 2667 1434 intelligamus
2699 1377 2713 1415 :
2748 1361 2819 1417 de
2843 1361 3012 1431 cujus
3043 1360 3391 1432 cognatione
3443 1365 3502 1416 et
3533 1361 3757 1417 familia

2104 1448 2234 1504 Eliu
2292 1449 2466 1505 fuerit
2521 1453 2880 1522 procreatus.
2954 1449 3099 1504 Hinc
3157 1449 3358 1520 utique
3406 1449 3608 1506 fratris
3665 1451 3753 1505 sui

2102 1538 2332 1594 Nachor
2361 1539 2692 1610 posteritas,
2749 1537 2955 1612 procul
3005 1538 3185 1594 dubio
3214 1538 3461 1595 Abraha
3486 1540 3751 1612 cognatio

2103 1627 2212 1683 erit
2244 1644 2258 1683 :
2294 1628 2393 1683 ubi
2427 1629 2528 1700 qui
2559 1628 2716 1684 hunc
2755 1629 2974 1684 librum
3033 1627 3239 1683 scribit
3295 1643 3470 1700 quem
3531 1629 3755 1684 Hebraei

2101 1719 2298 1774 Mosen
2330 1722 2674 1786 autumant,
2708 1718 2768 1773 in
2799 1717 3192 1791 generationis
3235 1717 3363 1773 Eliu
3394 1719 3758 1784 nominibus,

2104 1806 2472 1863 nobilitatem
2520 1807 2840 1863 nativitatis
2900 1807 3029 1877 ejus
3083 1806 3270 1862 voluit
3325 1807 3754 1865 demonstrare.

2101 1897 2265 1962 Quod
2298 1899 2494 1951 autem
2527 1896 2586 1950 in
2617 1896 2727 1950 hoc
2757 1894 2908 1951 libro
2941 1896 3107 1962 Ram,
3167 1896 3338 1967 quasi
3388 1897 3606 1968 partito
3638 1897 3758 1952 sive

2101 1984 2288 2040 diviso
2321 1985 2579 2055 nomine,
2633 1988 2872 2041 sanctus
2927 1985 3140 2040 Abram
3199 1984 3417 2041 dicitur
3447 2011 3462 2055 ;
3491 1986 3575 2041 ita
3607 1991 3666 2042 et
3693 1987 3752 2043 in

2100 2074 2344 2130 diversis
2375 2074 2518 2130 locis
2549 2075 2846 2146 Scriptura
2875 2073 2994 2142 Dei,
3028 2075 3356 2130 secundum
3387 2076 3751 2132 incrementa

2098 2163 2160 2218 in
2190 2180 2255 2218 eo
2288 2163 2494 2219 divina
2520 2163 2718 2235 gratia
2736 2162 3022 2218 nominat.
3062 2163 3220 2219 Unde
3240 2164 3474 2235 quando
3504 2169 3648 2219 Ram
3667 2166 3754 2220 di-

2100 2253 2250 2308 citur
2278 2252 2565 2309 habeatur
2593 2253 2841 2308 excelsus
2873 2269 2887 2308 :
2921 2253 3157 2323 quando
3187 2269 3321 2309 vero
3351 2253 3552 2309 Abram
3590 2257 3744 2324 (Gen.

2098 2361 2200 2410 x11,
2236 2345 2310 2412 1),
2335 2342 2642 2415 proﬁciens
2684 2343 2745 2396 in
2789 2341 3129 2411 virtutibus,
3179 2348 3342 2415 pater
3367 2344 3617 2400 excelsus
3646 2344 3745 2400 sit.

2100 2433 2243 2488 Item
2275 2449 2408 2487 cum
2440 2432 2724 2502 fidesejus
2735 2431 3008 2504 gentibus
3024 2432 3097 2486 ad
3119 2431 3580 2488 dominationem
3603 2450 3748 2506 pra-

2099 2520 2355 2593 ponilur,
2386 2520 2680 2576 Abraham
2713 2519 2864 2592 (Gen.
2897 2537 3031 2586 xvu,
3082 2521 3158 2592 5),
3191 2520 3251 2576 id
3283 2526 3392 2590 est,
3418 2531 3580 2594 pater
3607 2525 3746 2578 mul-

2098 2613 2284 2664 tarum
2323 2611 2574 2680 gentium
2636 2609 2980 2682 appelletur.
3009 2609 3112 2665 Hic
3168 2610 3353 2682 igitur
3407 2610 3559 2678 Eliu,
3601 2612 3750 2668 sicut

2101 2703 2362 2772 apparet,
2410 2700 2736 2754 secundum
2793 2699 3013 2755 bonum
3071 2702 3315 2764 natura,
3347 2700 3522 2756 homo
3544 2702 3748 2772 justus

2098 2788 2332 2846 videtur
2363 2788 2547 2845 fuisse
2577 2788 2676 2860 qui
2709 2791 2766 2844 et
2793 2787 3066 2860 spiritum
3126 2788 3336 2845 habuit
3375 2791 3697 2864 prophetia
3731 2808 3746 2846 :

2100 2877 2202 2933 sed
2233 2881 2372 2949 puto
2405 2893 2520 2933 non
2552 2878 2753 2933 eodem
2799 2877 2972 2933 modo
3003 2877 3093 2933 vel
3151 2879 3356 2934 eadem
3413 2881 3622 2952 gratia,
3682 2889 3746 2934 ut

2101 2967 2288 3022 sancti
2318 2966 2807 3039 propheta.Unde
2835 2972 2891 3024 et
2916 2966 3042 3039 ipse
3073 2967 3361 3024 Dominus
3383 2969 3455 3024 ad
3477 2974 3748 3032 sanctum

2099 3056 2208 3112 Job
2242 3056 2313 3111 de
2341 3073 2406 3112 eo
2437 3055 2668 3112 locutus
2698 3060 2820 3113 est:
2854 3057 2988 3124 Quis
3013 3061 3094 3112 est
3151 3059 3250 3112 iste
3301 3059 3584 3115 involvens
3625 3075 3748 3115 sen-

346 3147 544 3203 sulcos
598 3149 1030 3221 metaphoricos
1087 3154 1361 3226 appellat,
1423 3156 1524 3228 qui
1579 3156 1698 3212 sive
1757 3161 1994 3229 propter
2031 3221 2064 3229 _
2099 3147 2297 3201 tentias
2352 3146 2690 3202 sermonibus
2717 3146 2998 3218 imperitis
3029 3147 3413 3218 (Job.xxxvm,
3441 3149 3500 3220 2)
3531 3147 3558 3202 ‘I
3581 3149 3744 3215 Quod

345 3237 529 3293 bonos
561 3253 754 3294 mores
784 3221 1278 3313 excolendos—,sive
1307 3221 1544 3318 propter
1573 3221 1986 3303 continendam
2023 3221 2065 3288 Ο
2104 3241 2214 3307 θεῖ,
2243 3236 2582 3308 ίωΡΓοΡθΓίί
2602 3235 3344 3308 νθτδίεθῖίῖυθίηονάίηαιίε
3373 3239 3747 3294 sermonibus

347 3343 560 3399 aquam
620 3330 777 3386 verbi
836 3332 937 3388 Dei
989 3333 1248 3392 infusam
1313 3336 1594 3392 divinitus
1651 3340 1817 3392 terra
1848 3354 1988 3403 sua,

346 3417 491 3473 sulci
519 3419 591 3474 ab
622 3436 689 3475 eo
721 3421 860 3476 dicti
887 3427 1026 3477 sunt
1060 3440 1072 3477 :
1107 3425 1430 3479 secundum
1458 3424 1605 3480 illud
1628 3424 1987 3480 Psalmista:

348 3505 542 3562 Sulcos
587 3510 703 3580 ejus
759 3510 1068 3578 inebrians,
1105 3513 1417 3584 multiplica
1471 3515 1856 3585 generationes
1875 3515 1992 3585 ejus

345 3595 514 3665 (Psal.
548 3613 694 3664 wa,
731 3599 839 3669 11).
871 3599 1171 3671 Agricolas
1202 3607 1392 3657 autem
1455 3601 1600 3659 istos
1647 3607 1814 3659 terra
1848 3620 1988 3671 sua,

344 3683 552 3738 beatus
579 3685 689 3740 Job
716 3690 949 3742 sanctas
982 3690 1388 3761 cogitationes,
1422 3695 1490 3747 ut
1518 3691 1769 3747 arbitror
1802 3693 1945 3747 dixit
1974 3710 1986 3748 :

345 3770 561 3843 quibus
591 3771 756 3829 vivus
787 3789 926 3846 ager
953 3777 1167 3833 mentis
1198 3795 1318 3833 sua
1380 3783 1615 3836 strenue
1672 3782 1987 3837 celebatur.

345 3863 605 3928 Quorum
636 3863 1026 3935 agricolarum
1053 3866 1182 3922 ideo
1212 3868 1409 3925 anima
1439 3887 1557 3926 una
1613 3871 1684 3926 ab
1716 3887 1782 3927 eo
1812 3871 1989 3928 refer-

343 3955 532 4023 tur,ut
560 3952 931 4011 advertamus
951 3971 1138 4012 unum
1168 3959 1505 4014 eorumdem
1539 3959 1721 4016 fuisse
1742 3976 1990 4016 consen-

345 4058 501 4097 sum.
537 4042 661 4101 Non
696 4047 786 4100 est
815 4043 924 4100 hoc
956 4045 1016 4100 in
1045 4047 1310 4103 moribus
1341 4053 1679 4104 sanctorum
1711 4051 1986 4120 notabile,

346 4131 464 4187 sive
495 4132 971 4204 reprehensibile,
1001 4136 1232 4207 quando
1290 4136 1515 4209 seipsos
1568 4138 1832 4196 laudant.
1864 4141 1989 4196 Non

344 4220 502 4275 enim
525 4221 823 4293 jactantia
851 4223 991 4279 vitio
1012 4225 1440 4296 detinentnr,ut
1468 4227 1528 4282 in
1559 4227 1682 4284 suis
1713 4229 1990 4285 laudibus

344 4307 584 4379 gloriam
619 4310 941 4368 humanam
973 4315 1295 4387 requirant:
1329 4317 1430 4372 sed
1463 4318 1683 4373 faciunt
1705 4318 1815 4375 hoc
1844 4320 1990 4375 veri-

341 4396 480 4452 tatis
511 4397 976 4474 intentione,qda
1006 4408 1141 4460 ante
1178 4410 1362 4462 Deum
1394 4406 1742 4479 simpliciter
1773 4426 1840 4465 ac
1869 4410 1989 4465 sin-

341 4485 551 4543 ceriter
575 4489 796 4546 vivunt.

872 4581 1200 4640 PSALMUS
1231 4583 1446 4641 XXXII.

415 4691 442 4719 ‹‹
475 4670 818 4728 Omiserunt
848 4676 1043 4727 autem
1076 4676 1194 4729 tres
1223 4673 1331 4728 viri
1378 4674 1476 4730 isti
1519 4677 1835 4748 respndere
1875 4679 1984 4734 Job

341 4774 408 4816 eo
438 4762 592 4834 quod
616 4761 818 4833 justus
850 4761 962 4818 sibi
992 4761 1305 4818 videretur.
1344 4785 1364 4812 α
1401 4763 1752 4822 Cedentibus
1785 4767 1986 4823 adver-

343 4850 537 4919 sariis,
569 4851 679 4908 Job
710 4855 843 4924 post
871 4849 1062 4907 multa
1099 4851 1418 4924 prophetia
1451 4869 1568 4908 sua
1599 4856 1895 4927 mysteria,
1930 4861 1987 4912 et

340 4937 466 5008 ipse
494 4939 626 4995 ﬁnit
643 4941 1166 5006 sermonem.Quod
1184 4944 1380 4997 autem
1403 4941 1626 4998 dictum
1658 4946 1984 5010 est,omise-

342 5028 481 5080 runt
509 5031 705 5082 autem
738 5033 858 5084 tres
886 5028 993 5084 viri
1022 5029 1121 5084 isti
1162 5031 1513 5102 respondere
1567 5032 1699 5099 Job,
1731 5049 1797 5088 eo
1828 5035 1982 5105 quod

333 5115 536 5185 justus
565 5116 678 5173 sibi
706 5117 997 5174 videretur
1027 5137 1041 5174 :
1075 5119 1324 5192 scriptor
1376 5119 1634 5177 historia
1687 5121 1868 5194 hujus
1916 5141 1986 5180 ex

337 5219 518 5259 sensu
548 5208 1031 5278 respondentium
1087 5209 1252 5280 dixit,
1311 5226 1376 5266 eo
1431 5211 1586 5282 quod
1637 5211 1840 5281 justus
1871 5213 1984 5268 sibi

337 5292 635 5352 videretur
663 5313 777 5352 non
836 5313 905 5353 ex
952 5297 1176 5369 judicio
1227 5316 1332 5354 suo
1366 5315 1378 5354 :
1415 5316 1548 5355 cum
1603 5301 1841 5356 referret
1894 5301 1981 5358 vel

338 5383 638 5455 scriberet,
673 5401 800 5458 qua
830 5386 891 5442 in
931 5387 1284 5458 praeconium
1347 5389 1494 5444 tanti
1547 5389 1655 5445 viri
1688 5390 1834 5463 stylo
1861 5391 1982 5448 hac

334 5491 442 5534 suo
474 5475 866 5549 posteriorum
899 5477 1194 5532 memoriae
1225 5480 1693 5536 commendabat.

410 5593 431 5619 «ι
468 5568 536 5626 Et
563 5566 751 5624 iratus
772 5566 1231 5640 indignatusque
1260 5571 1349 5625 est
1369 5556 1682 5639 Eliu,filius
1715 5570 1982 5627 Barachil

329 5657 566 5732 Cizites,
601 5657 673 5718 de
703 5656 1052 5732 cognatione
1084 5655 1251 5715 Ram.
1287 5678 1318 5710 »
1350 5657 1433 5715 De
1489 5659 1766 5735 progenie
1794 5663 1852 5718 et
1879 5675 1981 5737 ge-

2102 3341 2312 3381 sensus
2351 3324 2727 3398 propheticus
2783 3328 3099 3381 narratur:
3136 3326 3236 3381 ubi
3297 3344 3413 3383 non
3473 3329 3748 3400 reprobat

2101 3414 2386 3470 Dominus
2417 3415 2571 3487 quod
2594 3414 2724 3470 Eliu
2754 3414 3035 3486 loquitur,
3068 3415 3169 3471 sed
3202 3417 3357 3487 quod
3384 3433 3747 3490 prapropere

2101 3503 2172 3559 ab
2205 3519 2270 3559 eo
2301 3503 2536 3574 dicitur,
2570 3503 2678 3560 hoc
2708 3504 3100 3576 reprehendit.
3158 3504 3239 3560 De
3296 3505 3426 3574 hoc,
3475 3506 3744 3579 inquam,

2099 3593 2247 3665 Eliu,
2280 3595 2338 3649 et
2366 3593 2458 3648 sui
2490 3592 2808 3663 similibus,
2843 3598 2900 3650 et
2927 3593 2989 3649 in
3037 3594 3326 3667 principio
3382 3595 3518 3651 libri
3565 3596 3744 3668 hujus

2100 3681 2376 3748 diximus,
2409 3683 2563 3754 quod
2596 3682 2911 3755 prophetia
2943 3684 3222 3755 mysterio
3276 3683 3363 3739 usi
3397 3684 3519 3740 sint
3545 3686 3742 3753 etiam,

2099 3771 2200 3842 qui
2231 3771 2697 3828 exorbitaverant
2726 3789 2760 3827 a
2789 3787 2925 3828 vera
2975 3771 3278 3844 religione,
3339 3774 3480 3844 quia
3509 3779 3568 3830 et
3627 3774 3741 3830 illis

2099 3861 2258 3916 dedit
2288 3868 2439 3917 Deus
2469 3863 2713 3918 verbum
2745 3877 2944 3929 suum,
2978 3865 3045 3916 ut
3073 3863 3353 3934 mysteria
3384 3864 3583 3919 futura
3611 3881 3739 3936 pro-

2099 3951 2438 4007 nuntiarent
2467 3951 2806 4008 hominibus
2839 3969 2851 4007 :
2886 3951 2987 4006 ubi
3018 3951 3269 4006 maxime
3299 3951 3446 4008 fides
3475 3959 3534 4008 et
3562 3953 3744 4008 admi-

2097 4041 2246 4098 ratio
2264 4041 2575 4114 gentilium
2607 4042 2839 4113 pendet,
2871 4044 2937 4096 ut
2968 4041 3068 4113 qui
3099 4041 3317 4097 nostris
3374 4041 3586 4097 nolunt
3615 4059 3740 4098 cre-

2100 4134 2234 4187 dere
2263 4130 2581 4203 prophetis,
2616 4132 2854 4187 credant
2908 4129 3117 4186 saltem
3161 4129 3374 4186 divinis
3422 4136 3481 4186 et
3511 4133 3738 4188 vatibus

2099 4221 2245 4276 suis.
2279 4221 2444 4274 Hunc
2473 4219 2671 4291 itaque
2701 4218 2850 4288 Eliu,
2894 4219 2996 4290 qui
3052 4223 3142 4275 est
3199 4218 3459 4290 Balaam,
3491 4221 3737 4294 ﬁguram

2098 4309 2314 4367 habere
2362 4309 2628 4382 gentium
2685 4309 2962 4379 diximus,
3023 4309 3461 4365 adversantium
3511 4311 3737 4367 Christo

2101 4400 2255 4458 sicut
2283 4402 2342 4456 et
2371 4397 2502 4455 illos
2533 4398 2752 4454 amicos
2781 4399 2934 4453 beati
2971 4397 3102 4464 Job,
3156 4398 3566 4455 hareticorum
3594 4402 3739 4474 ﬁgu-

2100 4508 2248 4547 ram.
2283 4490 2445 4553 Quod
2477 4492 2672 4545 autem
2704 4487 2977 4555 ait,ﬁnita
2995 4491 3136 4544 sunt
3152 4488 3330 4544 verba
3349 4488 3458 4545 Job
3493 4507 3506 4544 :
3543 4507 3741 4562 possu-

2022 4593 2071 4661 ι)
2105 4597 2239 4636 mus
2252 4579 2576 4652 intelligere
2588 4583 2870 4650 tanquam
2888 4577 3466 4649 dixerit,ﬁrmissime
3481 4580 3735 4636 stabilita

2100 4675 2240 4729 sunt
2267 4670 2443 4727 verba
2471 4669 2687 4736 divina,
2719 4673 2776 4725 et
2805 4668 2971 4724 irrita
2997 4685 3126 4725 esse
3156 4685 3272 4725 non
3320 4675 3592 4742 possunt,
3615 4688 3733 4743 qua:

2097 4776 2284 4834 usque
2306 4761 2377 4817 ad
2389 4763 2666 4816 aternam
2699 4757 3147 4832 promissionem
3171 4759 3424 4816 fideliter
3442 4761 3737 4817 credentes

2096 4853 2441 4925 perducunt.
2478 4850 2573 4906 Isti
2607 4865 2759 4920 vero,
2794 4849 2892 4921 qui
2916 4849 3149 4920 justum
3207 4847 3398 4904 virum
3435 4854 3493 4904 et
3523 4850 3734 4923 sempi-

2092 4947 2325 4999 ternum
2344 4940 2800 5012 prasumptione
2821 4939 3262 4994 adinventorum
3278 4938 3624 5010 dogmatum
3638 4956 3730 4996 au-

2093 5033 2233 5088 dent
2282 5029 2592 5098 discutere,
2626 5032 2838 5085 aterno
2895 5028 3246 5100 quandoque
3299 5027 3534 5085 silentio
3560 5031 3733 5085 conli-

2093 5123 2341 5178 cescent.
2375 5119 2537 5184 Quod
2568 5123 2763 5174 autem
2795 5117 2922 5173 Eliu
2954 5117 3185 5173 duobus
3235 5117 3738 5175 nominibusvoci-

2092 5213 2276 5278 tatur,
2306 5225 2422 5264 non
2455 5211 2545 5265 est
2587 5207 2821 5263 mirum:
2859 5204 3146 5261 familiare
3167 5210 3256 5262 est
3285 5206 3394 5263 hoc
3425 5207 3736 5280 Scriptura

2092 5298 2318 5368 divina,
2352 5306 2416 5354 ut
2445 5297 2720 5354 Salomon
2749 5296 2937 5364 Idida,
2968 5299 3025 5352 et
3053 5300 3338 5367 cognatus
3370 5297 3515 5352 Mosi
3548 5297 3739 5354 dictus

2091 5391 2181 5446 est
2208 5392 2363 5446 Jetro
2392 5391 2449 5442 et
2480 5386 2720 5460 Raguel,
2769 5389 2826 5442 et
2879 5386 3088 5442 Petrus
3143 5384 3362 5440 Simon.
3426 5384 3592 5442 Unde
3624 5404 3738 5443 non

2092 5494 2328 5551 parvam
2360 5477 2773 5534 obscuritatem
2806 5475 2928 5531 hac
2956 5474 3206 5531 varietas
3252 5474 3562 5533 nominum
3593 5476 3740 5533 solet

2091 5566 2424 5639 legentibus
2454 5565 2744 5623 exhibere.

2163 5680 2193 5712 ‹‹
2226 5657 2417 5717 Iratus
2447 5659 2535 5716 est
2563 5658 2762 5716 autem
2785 5655 3096 5717 adversum
3121 5654 3321 5729 Job,eo
3341 5655 3743 5734 quodjustum
