3980 6184
293 329 420 390 765

299 555 434 625 ejus
465 551 815 624 indignatus
847 554 956 616 est,
983 566 1049 605 eo
1073 549 1226 621 quod
1277 565 1392 605 non
1447 549 1810 605 invenissent
1865 567 1952 605 re-

297 642 678 716 sponsionem
704 639 1236 707 rationabilem,sed
1253 639 1660 694 tantummodo
1684 639 1954 695 condem-

296 736 540 788 nassent
567 730 893 801 Job.Igitur
923 727 1045 783 Eliu
1075 727 1428 800 exspectavit
1455 729 1563 783 Job
1588 729 1946 799 loquentem:

297 839 364 878 eo
398 822 552 894 quod
575 819 836 876 seniores
868 823 1065 873 essent
1092 817 1190 889 qui
1224 817 1639 888 loquebantur.
1673 817 1820 872 Cum
1851 834 1952 871 au-

298 917 419 967 tem
448 910 690 965 vidisset
711 909 866 979 quod
898 911 1014 961 tres
1045 908 1397 977 respondere
1429 924 1545 961 non
1597 905 1950 979 potuissent,

299 1001 487 1055 iratus
516 1004 604 1055 est
631 998 1024 1053 vehementer.
1078 996 1575 1067 Respondensque
1603 995 1731 1050 Eliu
1798 995 1955 1050 filius

301 1087 627 1152 Barachiel,
652 1087 901 1152 Buzites,
930 1085 1096 1140 dixit.
1133 1107 1161 1135 »
1194 1085 1440 1140 Videtur
1470 1084 1616 1140 mihi
1649 1085 1804 1157 quod
1837 1084 1955 1137 haec

303 1178 469 1250 prius
498 1181 665 1250 gesta
694 1179 854 1241 sunt,
883 1191 1008 1246 quae
1041 1173 1135 1229 hic
1163 1174 1436 1245 legimus,
1460 1191 1639 1244 quam
1670 1172 1771 1228 illa
1829 1189 1955 1244 quae

301 1268 362 1321 in
396 1266 670 1322 Numeris
692 1265 844 1335 (Cap.
877 1281 1013 1330 xxn,
1046 1280 1184 1318 vers.
1216 1265 1252 1317 5
1283 1264 1471 1334 seqq.)
1531 1263 1602 1318 de
1660 1261 1769 1317 hoc
1827 1261 1954 1332 ipso

303 1356 430 1411 Eliu
465 1355 587 1411 sive
620 1354 854 1409 Balaam
881 1354 1031 1408 facta
1060 1353 1410 1408 referuntur.
1439 1351 1538 1406 Hic
1598 1351 1777 1424 igitur
1825 1350 1954 1405 Eliu

307 1445 410 1516 qui
443 1444 522 1500 ait
542 1443 652 1499 Job
683 1447 740 1498 et
769 1441 986 1498 amicos
1019 1443 1146 1512 ejus
1180 1458 1241 1496 se
1271 1444 1605 1513 expectasse
1626 1440 1952 1512 loquentes,

305 1534 554 1588 honoris
584 1537 642 1587 at
689 1530 1020 1586 reverentiae
1079 1547 1258 1586 causa
1316 1529 1575 1586 ostendit
1627 1546 1688 1584 sc
1751 1529 1956 1584 fecisse

309 1623 466 1694 quod
501 1622 632 1677 fecit
662 1637 674 1675 :
709 1621 1042 1676 senioribus
1074 1620 1297 1676 scilicet
1327 1620 1663 1674 deferendo.
1696 1620 1828 1674 Jam
1861 1617 1953 1672 hic

321 1710 511 1782 ipsius
540 1710 668 1766 Eliu
699 1711 874 1765 verba
904 1714 1061 1779 sunt,
1095 1709 1175 1764 ita
1205 1709 1490 1764 dicentis:

1356 325 1878 389 COMMENTAR.
1924 323 2002 385 IN
2041 322 2180 386 JOB
2228 325 2408 387 CAP.
2449 325 2732 388 XXXIII.

299 481 364 522 se
386 475 516 520 esse
537 462 756 518 diceret
785 473 983 517 coram
1013 459 1152 516 Deo.
1184 461 1362 515 Porro
1394 459 1704 515 adversum
1735 460 1955 516 amicos
1984 459 2040 526 Α

3593 317 3712 384 766

2141 482 2169 509 «
2204 461 2273 515 Et
2302 461 2488 516 donec
2518 458 2800 532 putabam
2828 472 2932 512 vos
2964 456 3184 528 aliquid
3243 455 3454 524 dicere,
3513 456 3710 512 consi-

2064 549 2365 604 derabam.
2397 550 2529 614 Sed,
2562 553 2628 604 ut
2646 547 2835 616 video,
2868 562 2983 601 non
3017 548 3107 599 est
3128 545 3226 616 qui
3259 546 3445 617 possit
3472 561 3714 616 arguere

2061 639 2192 704 Job,
2225 643 2279 694 et
2311 639 2660 710 respondere
2691 653 2756 692 ex
2786 635 2949 690 vobis
2994 634 3365 689 sermonibus
3423 636 3572 706 ejus.
3630 635 3712 690 Ne
3803 657 3810 672 ι

2064 728 2210 784 forte
2242 728 2469 797 dicatis,
2497 727 2836 782 invenimus
2866 722 3242 796 sapientiam,
3275 727 3426 778 Deus
3470 725 3713 794 projecit

2064 835 2220 883 eum,
2257 835 2371 872 non
2403 818 2598 873 homo.
2623 815 2780 870 Nihil
2814 814 3044 870 locutus
3079 817 3167 868 est
3199 812 3428 877 mihi,et
3458 827 3563 884 ego
3595 829 3710 867 non

2065 908 2387 963 secundum
2422 922 2722 962 sermones
2753 908 2978 960 vestros
3012 901 3374 975 respondebo
3392 899 3496 954 illi.
3556 901 3713 954 Exti-

2066 1003 2361 1064 muerunt,
2396 1014 2501 1052 nec
2539 997 2967 1067 responderunt
3014 991 3167 1046 ultra
3225 989 3712 1060 abstuleruntque

2065 1103 2098 1141 a
2121 1103 2181 1142 se
2211 1085 2531 1158 eloquium.
2569 1107 2596 1134 ››
2627 1083 2881 1153 Nullam,
2909 1081 3117 1152 inquit,
3151 1081 3460 1135 adversum
3487 1094 3578 1133 me
3603 1078 3714 1132 Job

2066 1176 2269 1231 habuit
2299 1174 2758 1246 disputationem
2793 1189 2805 1227 :
2841 1172 2940 1228 sed
2972 1185 3278 1241 nequeego
3310 1167 3714 1238 illum,quem-

2066 1265 2384 1319 admodum
2446 1280 2545 1318 vos
2605 1262 2813 1330 facitis,
2865 1259 3374 1315 maledictionibus
3425 1257 3712 1312 victorum

2066 1359 2123 1409 et
2153 1352 2482 1425 opprobriis
2512 1351 2836 1424 aggredior.

2138 1466 2163 1491 ‹‹
2202 1441 2488 1505 Quoniam
2515 1440 2695 1512 igitur
2723 1438 3072 1510 exspectavi,
3106 1443 3164 1492 et
3188 1453 3303 1491 non
3337 1439 3477 1490 sunt
3507 1433 3708 1490 locuti:

2065 1534 2372 1597 steterunt,
2409 1546 2513 1585 nec
2545 1528 2699 1583 ultra
2742 1528 3188 1600 responderunt,
3248 1523 3610 1596 respondebo
3659 1526 3717 1577 et

2065 1636 2170 1692 ego
2206 1625 2430 1692 partem
2465 1635 2676 1688 meam,
2699 1622 2756 1673 et
2785 1617 3090 1672 ostendam
3113 1615 3416 1670 scientiam
3450 1628 3711 1667 meam.»

2065 1709 2313 1763 Proinde
2343 1714 2399 1764 et
2428 1708 2689 1780 ego,E1iu
2708 1707 2919 1779 ait,pro
2933 1704 3171 1760 voribus
3190 1703 3338 1758 meis
3360 1702 3712 1774 respondere

385 1820 413 1849 «
439 1798 651 1855 Junior
680 1815 812 1854 sum
845 1803 1126 1869 tempore,
1157 1814 1258 1852 vos
1291 1803 1486 1852 autem
1540 1796 1902 1867 antiquiores
1937 1813 1949 1850 ε
1988 1830 2034 1894 Β
2064 1799 2320 1868 tentabo,
2354 1803 2408 1853 et
2439 1799 2744 1853 ostendam
2777 1796 2939 1851 vobis
2959 1810 3172 1860 meam,
3219 1797 3277 1847 et
3331 1791 3440 1846 Job
3498 1789 3717 1861 pariter

313 1888 531 1944 idcirco
564 1889 821 1943 demisso
852 1887 1061 1958 capite,
1087 1888 1306 1942 veritus
1337 1904 1468 1942 sum
1491 1887 1749 1940 indicare
1795 1886 1957 1941 vobis

307 1994 500 2032 meam
531 1977 904 2033 sententiam.
942 1976 1260 2047 Sperabam
1293 1976 1447 2030 enim
1481 1975 1635 2046 quod
1664 1980 1804 2031 tetas
1829 1992 1960 2047 pro-

310 2066 486 2120 lixior
542 2065 900 2137 loqueretur,
935 2072 990 2119 et
1039 2081 1328 2120 annorum
1387 2063 1702 2119 multitudo
1761 2065 1963 2120 docere

312 2155 692 2226 sapientiam.
725 2155 860 2220 Sed,
893 2159 957 2208 ut
987 2153 1172 2222 video,
1205 2153 1446 2224 spiritus
1468 2158 1556 2208 est
1600 2153 1658 2206 in
1709 2153 1962 2208 homini-

311 2244 446 2307 bus,
475 2248 533 2298 et
567 2243 874 2315 inspiratio
908 2242 1337 2313 Omnipotentis
1369 2243 1468 2297 dat
1517 2241 1965 2314 intelligentiam

313 2333 443 2388 Non
477 2339 616 2388 sunt
647 2331 886 2403 longaevi
921 2333 1215 2403 sapientes
1243 2350 1256 2398 ;
1292 2347 1396 2386 nec
1430 2347 1598 2386 senes
1629 2330 1968 2403 intelligunt

309 2422 627 2491 judicium.
665 2444 693 2470 »
726 2420 876 2476 Dicit
897 2420 1005 2475 hoc
1029 2420 1142 2475 sibi
1166 2420 1356 2492 magis
1375 2419 1580 2490 videri,
1603 2420 1740 2492 quia
1753 2420 1962 2492 spiritu

313 2510 1078 2583 aganturhomines,quibus
1093 2515 1270 2565 Deum
1285 2510 1656 2582 omnipotens
1670 2510 1966 2582 sapientiae

315 2618 434 2656 sua:
457 2600 900 2671 inspirationem
926 2599 1222 2666 tribuerit,
1253 2601 1406 2670 quod
1439 2599 1494 2654 in
1531 2600 1962 2672 sugillationem

316 2690 724 2762 prazdictorum
758 2689 927 2760 quasi
952 2704 1020 2743 ex
1047 2687 1284 2759 obliquo
1315 2688 1477 2754 dicit,
1511 2688 1689 2744 veluti
1712 2689 1820 2743 sibi
1855 2688 1963 2743 soli

319 2779 430 2834 hoc
461 2779 760 2850 sapientiae
792 2779 1011 2833 bonum
1073 2794 1417 2833 concessum
1475 2779 1571 2832 sit.
1631 2778 1961 2832 Notandum

316 2868 474 2939 quod
510 2867 601 2922 hic
635 2867 780 2931 Eliu,
817 2883 920 2938 per
949 2870 1201 2937 quatuor
1231 2865 1574 2936 locutiones,
1593 2865 1744 2921 sicut
1772 2871 1964 2921 textus

315 2956 586 3012 lectionis
618 2957 804 3021 docet,
839 2956 949 3010 sibi
983 2955 1095 3027 ipsi
1128 2955 1419 3023 succedit;
1454 2971 1556 3026 per
1585 2972 1731 3026 quas
1762 2957 1964 3028 singu-

319 3045 430 3113 las,
461 3044 548 3099 vel
582 3045 841 3116 priorum
878 3061 1178 3116 responsa,
1212 3044 1377 3114 quasi
1435 3044 1723 3098 eruditius
1782 3049 1966 3098 retra-

317 3139 497 3203 ctare,
530 3133 615 3189 vel
649 3133 882 3205 singula
911 3133 1039 3190 loca
1065 3134 1330 3206 asperius
1359 3151 1391 3187 a
1421 3137 1622 3188 sancto
1648 3133 1757 3188 Job
1788 3133 1962 3201 dicta,

318 3240 516 3278 coram
543 3223 669 3295 ipso
700 3223 1003 3278 destruere
1033 3228 1296 3278 conatur.
1331 3223 1475 3276 Nam
1509 3227 1641 3294 post
1669 3223 1965 3293 praefatio-

317 3329 455 3366 nem
494 3312 788 3384 copiosam
814 3313 930 3383 (Job
960 3313 1303 3382 xxv-xxxn),
1340 3311 1396 3364 in
1428 3311 1622 3382 prima
1674 3310 1966 3367 locutione

314 3418 448 3468 sua,
481 3401 550 3456 de
578 3401 762 3456 sancti
784 3401 893 3456 Job
921 3401 1113 3461 verbis
1144 3401 1264 3455 hzec
1297 3401 1513 3472 posuit,
1537 3399 1618 3454 ita
1650 3400 1922 3472 inquiens
1948 3419 1961 3456 :

310 3491 544 3545 Mundus
574 3507 694 3545 sum
724 3506 840 3560 ego,
871 3496 924 3544 et
954 3491 1152 3560 absque
1210 3490 1406 3546 delicto
1448 3491 1856 3562 immac-ulalus,
1917 3499 1967 3546 et

309 3597 422 3635 non
453 3585 534 3634 est
566 3581 828 3650 iniquitas
859 3582 917 3634 in
948 3597 1054 3634 me.
1089 3582 1236 3651 Quia
1266 3581 1516 3651 querelas
1541 3583 1597 3634 in
1617 3597 1707 3635 me
1738 3584 1965 3652 reperit,

312 3669 443 3724 ideo
473 3669 777 3724 arbitratus
799 3672 878 3724 est
907 3685 991 3724 me
1017 3670 1307 3724 inimicum
1339 3671 1468 3724 sibi.
1505 3672 1689 3725 Posuit
1712 3673 1772 3725 in
1801 3687 1967 3727 nervo

305 3759 476 3830 pedes
503 3774 651 3814 meos
681 3775 701 3819 ;
732 3769 782 3813 et
811 3757 1100 3813 custodivit
1133 3775 1316 3813 omnes
1344 3761 1570 3814 semitas
1624 3775 1773 3815 meas
1827 3763 1962 3828 (Job.

312 3864 516 3913 xxxm,
547 3849 718 3916 9-11).
754 3849 814 3901 In
848 3847 1104 3902 secunda
1154 3846 1445 3904 locutione
1501 3849 1677 3904 verba
1724 3850 1828 3905 Job
1886 3851 1967 3906 ita

315 3937 534 4008 posuit,
570 3936 768 3991 dicens
802 3953 814 3990 :
848 3937 1030 3990 Justus
1053 3953 1193 4001 sum,
1217 3944 1266 3990 et
1322 3938 1458 3990 Deus
1513 3937 1774 3992 subvertit
1820 3939 1968 4006 judi-

312 4027 468 4081 cium
499 4042 698 4079 meum.
735 4029 798 4080 In
823 4026 1125 4096 judimmlo
1156 4027 1305 4080 enim
1333 4041 1438 4093 me,
1473 4027 1820 4082 mendacium
1848 4034 1967 4095 est;

314 4116 554 4170 violenta
584 4116 785 4185 sagitta
817 4131 938 4170 mea
969 4115 1168 4186 absque
1194 4114 1313 4169 ullo
1341 4119 1556 4186 peccato
1610 4116 1722 4182 (Job
1776 4135 1966 4185 xxxxv,

310 4209 370 4261 5.
406 4204 484 4270 0).
518 4205 715 4260 Tertia
743 4204 957 4259 locutio
991 4205 1117 4274 ejus
1149 4204 1229 4258 ita
1275 4203 1453 4273 halet,
1488 4205 1689 4260 eodem
1721 4205 1849 4260 Eliu
1880 4207 1967 4260 di-

310 4300 484 4350 cente
505 4295 576 4348 ad
608 4294 738 4349 Job.
764 4294 922 4348 Dixit
951 4295 1235 4360 enim,non
1255 4294 1360 4349 tibi
1384 4295 1566 4365 placet
1591 4295 1732 4366 quod
1751 4300 1966 4350 rectum

313 4386 417 4448 est,
451 4382 505 4436 i1
533 4386 762 4447 est,l)eo
793 4381 957 4449 dixit,
991 4381 1090 4448 ait,
1139 4382 1279 4450 Quid
1331 4383 1435 4438 tibi
1475 4384 1726 4454 prodest,
1767 4385 1817 4439 si
1871 4400 1966 4454 ego

324 4487 619 4544 peccavero
642 4470 756 4542 (Job
801 4487 969 4538 xxxv,
993 4471 1046 4540 3)
1077 4471 1104 4525 ?
1136 4471 1351 4534 Quarta
1377 4487 1509 4527 vero
1564 4471 1780 4528 locutio
1838 4473 1967 4529 Eliu

2068 1888 2374 1943 scientiam
2407 1887 2559 1958 quod
2593 1904 2661 1942 ex
2683 1885 2971 1958 jactantia
3000 1882 3272 1938 vanitatis
3330 1881 3521 1936 dicere
3578 1895 3712 1934 eum

2069 1977 2211 2033 satis
2235 1982 2496 2049 apparet,
2526 1993 2659 2031 cum
2682 1974 2988 2047 subjungit
3020 1991 3033 2028 :

2146 2090 2174 2117 ‹‹
2209 2067 2421 2122 Plenus
2453 2083 2584 2122 sum
2617 2064 2774 2120 enim
2807 2062 3198 2126 sermonibus,
3230 2064 3286 2115 et
3315 2061 3568 2114 coarctat
3602 2056 3722 2128 spi-

2074 2154 2224 2208 ritus
2256 2154 2405 2210 uteri
2438 2153 2571 2209 mei.
2617 2154 2700 2207 En
2758 2155 2956 2207 venter
3016 2165 3185 2204 meus
3245 2147 3413 2220 quasi
3461 2150 3724 2202 mustum

2075 2242 2783 2315 absquespiraculo,quod
2807 2238 3150 2311 lagunculas
3175 2254 3354 2294 novas
3387 2234 3721 2306 disrumpit.

2077 2334 2307 2404 Loquar
2362 2337 2419 2387 et
2475 2331 2774 2403 respirabo
2841 2327 3200 2402 paululum:
3261 2325 3520 2397 aperiam
3569 2322 3726 2378 labia

2080 2438 2230 2486 mea,
2281 2425 2337 2476 et
2385 2420 2769 2491 respondebo.
2803 2441 2831 2485 ι)
2881 2417 3059 2473 Juxta
3115 2431 3413 2488 anagogen
3459 2416 3722 2467 ventrem

2077 2527 2278 2576 suum,
2307 2514 2407 2564 aut
2436 2513 2689 2579 uterum,
2731 2509 3078 2581 καταχριστῷ
3121 2505 3313 2576 ipsam
3374 2500 3719 2557 memoriam

2078 2617 2248 2656 suam
2281 2599 2444 2667 dixit,
2479 2615 2544 2654 eo
2577 2598 2732 2670 quod
2764 2612 2910 2668 pene
2933 2610 3139 2652 omnes
3169 2608 3470 2649 sermones
3513 2589 3622 2645 Job
3671 2593 3731 2644 et

2077 2690 2397 2746 amicorum
2431 2689 2579 2758 ejus,
2631 2686 2976 2758 aliquandiu
3028 2681 3507 2754 disceptantium,
3566 2675 3728 2732 velut

2077 2780 2237 2834 cibos
2269 2779 2421 2832 intra
2447 2776 2826 2848 capacitatem
2879 2791 2996 2829 suae
3045 2772 3339 2828 memoria
3406 2781 3726 2838 congrega-

2073 2869 2239 2925 verit.

2146 2981 2174 3007 «
2209 2957 2333 3012 Non
2364 2955 2648 3028 accipiam
2681 2969 2987 3026 personam
3018 2951 3146 3019 viri,
3180 2955 3236 3004 et
3276 2953 3456 3002 Deum
3495 2941 3720 2999 homini

2075 3064 2190 3102 non
2223 3047 2487 3119 aequabo.
2523 3044 2728 3100 Nescio
2758 3045 2914 3098 enim
2947 3041 3209 3113 quandiu
3264 3035 3608 3103 subsistam,
3667 3038 3725 3087 et

2079 3136 2161 3192 sic
2192 3140 2323 3207 post
2354 3135 2649 3190 modicum
2682 3132 2849 3188 tollat
2881 3148 2973 3186 me
2995 3130 3178 3185 Iactor
3231 3144 3417 3182 meus.
3481 3147 3508 3173 ››
3564 3120 3723 3178 Justi

2072 3225 2281 3297 judicii
2314 3224 2668 3296 moi,inquit,
2703 3222 2992 3278 sententia
3023 3220 3144 3274 hmc
3165 3222 3346 3284 est,ut
3377 3231 3481 3269 nec
3498 3210 3722 3267 homini

2077 3331 2311 3388 parcam
2342 3330 2475 3368 vera
2505 3313 2751 3368 dicendo
2786 3329 2799 3366 :
2835 3327 2939 3366 nec
2988 3310 3103 3364 Deo
3162 3305 3439 3378 injuriam
3487 3301 3719 3364 faciam,

2077 3409 2143 3458 ut
2175 3403 2394 3474 injuste
2427 3401 2647 3473 aliquid
2681 3400 3026 3456 contendam
3059 3397 3284 3452 fecisse.

2640 3490 2876 3546 CAPUT
2916 3487 3159 3544 XXXIII.

2149 3606 2176 3631 «
2205 3581 2352 3636 Audi
2386 3581 2587 3653 igitur,
2615 3581 2740 3648 Job,
2774 3578 3008 3649 eloquia
3041 3593 3190 3641 mea,
3223 3578 3281 3630 et
3337 3589 3540 3629 omnes
3601 3587 3717 3625 ser-

2077 3687 2279 3726 mones
2311 3687 2471 3725 meos
2504 3669 2790 3725 ausculta.
2817 3670 2958 3723 Ecce
2979 3664 3179 3739 aperui
3203 3681 3269 3720 os
3292 3659 3724 3730 meum,loqua-

2075 3760 2548 3832 turlinguamea
2597 3761 2653 3814 in
2697 3760 2962 3814 faucibus
3021 3755 3189 3812 meis.
3246 3749 3511 3824 Simplici
3552 3748 3722 3804 corde

2077 3867 2205 3906 meo
2236 3865 2534 3904 sermones
2567 3848 2762 3917 mei,et
2794 3845 3141 3902 sententiam
3174 3841 3330 3897 labia
3353 3856 3482 3896 mea
3512 3855 3719 3911 puram

2075 3940 2410 4011 loquentur.
2445 3961 2471 3986 ››
2503 3940 2548 3992 Α
2579 3938 2826 3992 Domino
2860 3937 2942 3991 ita
2997 3931 3319 4005 despicitur
3375 3930 3523 3995 Eliu,
3584 3945 3721 3983 cum

2075 4031 2156 4086 ait
2186 4029 2256 4084 de
2286 4046 2350 4084 eo
2383 4028 2511 4100 (Job
2539 4045 2776 4095 xxxvm,
2803 4029 2881 4093 2),
2913 4027 3036 4096 quis
3067 4033 3147 4078 est
3195 4022 3294 4075 iste
3323 4020 3350 4073 ‘?
3407 4015 3721 4089 Indignum

2075 4119 2231 4174 enim
2262 4123 2386 4173 erat
2416 4123 2591 4188 atque
2620 4120 3040 4189 praeposterum
3073 4118 3138 4166 ut
3168 4109 3256 4163 vir
3286 4124 3556 4180 magnus,
3591 4112 3724 4161 Deo-

2077 4225 2188 4280 quc
2213 4205 2679 4280 placidus,eliam
2701 4207 2751 4262 si
2786 4205 3032 4261 uthomo
3057 4202 3114 4256 in
3129 4199 3326 4271 aliquo
3354 4196 3718 4269 deliquisset,

2077 4299 2148 4353 ab
2179 4297 2306 4368 ipso
2347 4296 2754 4368 corriperetur,
2789 4294 2890 4365 qui
2936 4293 3105 4364 longe
3163 4307 3198 4345 a
3256 4305 3388 4344 vera
3444 4287 3723 4361 religione

2076 4374 2249 4442 esset.
2287 4385 2396 4440 Sed
2425 4385 2474 4440 si
2505 4388 2696 4438 movet
2726 4383 2967 4438 forsitan
3022 4379 3380 4452 quempiam,
3435 4381 3571 4449 quia
3617 4377 3728 4431 iste

2077 4475 2205 4530 Eliu
2237 4473 2420 4529 multa
2447 4474 2516 4528 de
2547 4471 2860 4527 Salvatoris
2909 4470 3272 4541 temporibus
3330 4469 3531 4522 futura
3580 4483 3724 4538 prae-

317 4561 582 4617 continet
612 4560 764 4632 quod
801 4576 902 4632 pro
936 4559 1051 4613 Deo
1096 4558 1422 4626 locuturus,
1482 4562 1818 4632 operatione
1866 4580 1974 4619 sua
2004 4568 2051 4634 ι)
2081 4565 2380 4636 dixit,qua:
2414 4561 2859 4634 utprOphetiam
2892 4559 3286 4632 suscipiamus
3320 4575 3332 4611 :
3368 4557 3515 4612 sciat
3553 4555 3723 4627 quis-

323 4653 507 4706 Deum
524 4651 753 4721 justum
774 4649 1018 4720 probare
1035 4647 1486 4720 disponat,quod
1510 4666 1697 4721 usque
1720 4651 1776 4706 in
1793 4653 1966 4708 ﬁnem

323 4739 522 4812 quarti
545 4738 722 4809 hujus
741 4737 1026 4793 sermonis
1058 4736 1150 4793 sui
1180 4737 1334 4793 inter
1364 4738 1678 4810 prophetiae
1709 4757 1828 4796 sum
1851 4758 1971 4814 ωΥ-

323 4829 506 4885 steria
535 4827 900 4894 acerrime,et
933 4843 1067 4882 cum
1090 4843 1326 4882 summa
1355 4827 1637 4883 instantia
1665 4831 1969 4900 prosequi-

324 4924 443 4987 tur,
479 4923 534 4971 et
568 4933 682 4972 non
714 4915 946 4972 desistit
975 4917 1091 4987 (Job
1116 4933 1308 4987 xxxvx,
1340 4918 1576 4989 xxxvu),

402 5032 427 5056 ι(
462 5007 590 5063 Ideo
623 5006 836 5071 dicam,
869 5005 1062 5060 audite
1094 5022 1206 5076 me,
1240 5007 1547 5064 ostendam
1593 5008 1755 5063 vobis
1798 5008 1974 5063 etiam

319 5114 432 5169 ego
465 5112 652 5151 meam
685 5095 1054 5166 sapientiam.
1089 5096 1426 5168 Exspectavi
1457 5097 1613 5152 enim
1673 5114 1974 5153 sermones

319 5191 588 5253 vestros;
623 5185 816 5241 audivi
848 5184 1221 5256 prudentiam
1252 5189 1528 5254 vestram,
1564 5187 1747 5242 donec
1784 5187 1971 5243 disce-

323 5275 636 5350 ptaremini
669 5274 1043 5330 sermonibus
1096 5275 1386 5330 vestris.»
1446 5276 1731 5338 Quoniam
1783 5282 1977 5332 vestra

328 5365 477 5421 mihi
503 5364 632 5434 jam
666 5363 820 5417 facta
851 5363 1292 5419 estmanifesta.
1325 5363 1442 5419 Hoc
1469 5363 1723 5421 ironicos
1781 5366 1852 5421 ab
1913 5382 1977 5422 eo

328 5453 472 5518 dici,
508 5469 624 5508 non
653 5452 899 5507 dubium
933 5454 1042 5517 est,
1065 5458 1121 5507 et
1143 5451 1270 5508 ideo
1302 5453 1440 5526 quia
1471 5454 1746 5528 superius
1778 5455 1981 5511 risorie

331 5541 710 5618 prudentiam
757 5541 979 5600 dixerat
1037 5541 1360 5601 amicorum
1405 5544 1539 5616 Job,
1598 5544 1868 5619 sequitur
1922 5545 1981 5602 id

334 5634 538 5715 aperte
567 5630 788 5694 dicens.

2080 4654 2213 4728 quis
2244 4658 2352 4720 est,
2385 4669 2556 4724 quem
2588 4653 2695 4708 hoc
2744 4655 2955 4716 movet,
3017 4649 3116 4705 illa
3173 4665 3298 4720 qua:
3357 4645 3567 4718 spiritu
3625 4643 3725 4697 Dei

2081 4743 2358 4818 praedicta
2384 4747 2543 4807 sunt,
2576 4741 2951 4814 suscipienda
2989 4758 3022 4796 a
3080 4738 3250 4794 nobis
3303 4741 3361 4791 et
3414 4732 3723 4789 credenda.

2080 4839 2212 4889 Haec
2269 4848 2399 4888 vero
2453 4848 2578 4904 quae
2627 4829 3070 4886 elationecordis
3125 4828 3198 4883 ab
3259 4841 3325 4880 eo
3384 4823 3730 4894 deprompta

2081 4928 2240 4993 sunt,
2264 4921 2650 4990 reprobanda,
2685 4920 2964 4991 quoniam
3013 4919 3084 4973 de
3141 4915 3394 4990 propriis
3451 4913 3598 4983 suis,
3662 4921 3727 4970 ut

2083 5011 2356 5069 diabolus
2387 5009 2620 5065 locutus
2651 5013 2759 5076 est,
2781 5025 2896 5064 non
2928 5025 2996 5063 ex
3026 5012 3161 5063 Deo.

2085 5123 2112 5151 ‹‹
2148 5100 2402 5172 Spiritus
2435 5104 2511 5154 De
2558 5099 2697 5154 fecit
2753 5115 2866 5160 me,
2925 5103 2984 5152 et
3029 5096 3387 5169 spiraculum
3447 5094 3728 5167 Omnipo-

2086 5190 2264 5246 tentis
2293 5188 2600 5244 vivificavit
2631 5203 2741 5243 me.
2778 5209 2806 5237 ››
2840 5186 2911 5242 Ut
2940 5186 3037 5242 det
3068 5188 3476 5243 auctoritatem
3525 5201 3588 5241 se
3627 5201 3729 5241 au-

2087 5279 2306 5343 diendi,
2335 5278 2418 5334 ita
2443 5278 2674 5333 locutus
2693 5281 2801 5342 est,
2836 5277 3071 5348 quando
3091 5293 3207 5332 non
3230 5276 3417 5348 possit
3437 5292 3554 5332 non
3575 5279 3734 5331 recta

2089 5372 2145 5424 et
2177 5385 2312 5423 vera
2340 5368 2551 5435 dicere,
2586 5367 2636 5421 is
2695 5366 2796 5438 qui
2855 5365 3073 5439 Spiritu
3131 5365 3232 5421 Dei
3279 5366 3469 5422 factus
3544 5366 3622 5422 sit
3678 5369 3735 5421 et

2091 5456 2524 5529 Omnipotentis
2555 5454 2846 5528 spiraculo
2895 5455 3189 5513 animatus
3223 5473 3236 5512 :
3277 5456 3378 5512 ubi
3431 5454 3735 5511 Trinitatis

2089 5551 2272 5602 Deum
2303 5545 2628 5618 intelligere
2660 5545 2963 5602 debemus.
2996 5547 3058 5602 In
3089 5550 3204 5603 Deo
3258 5547 3417 5602 enim
3465 5544 3732 5601 nominat

2091 5636 2322 5717 Patrem
2355 5651 2370 5719 ς
2404 5636 2464 5693 in
2495 5634 2889 5712 omnipotente
2913 5635 3148 5716 Filium,
3175 5637 3236 5695 in
3284 5635 3496 5712 spiritu
3543 5632 3732 5710 Spiri-
