3980 6184
311 341 429 406 76⁸7

1808 331 2229 404 ΑΡΡΕΝΒΙΧ.

3599 335 3763 398 768⁷

308 484 436 535 tum
468 479 760 534 sanctum.
797 475 1102 532 Trinitatis
1134 475 1292 532 enim
1324 480 1477 532 Deus
1509 476 1726 532 creavit
1759 476 1958 532 omnia
1986 476 2042 544 Α
2072 475 2200 548 ipso
2232 473 2518 548 principio
2548 473 2774 542 mundi,
2811 476 2868 528 et
2897 471 3171 543 deinceps
3210 482 3442 542 semper
3485 467 3724 525 locutus

310 569 413 622 sed
446 565 681 638 quando
704 565 1006 621 hominem
1037 565 1438 638 fecit,propria
1468 569 1526 621 et
1543 564 1784 638 speciali
1817 581 1958 637 qua-

308 656 442 712 dam
474 655 900 727 significatione
932 655 1372 728 nominum,per
1402 655 1694 711 diversam
1717 671 1959 727 operum

309 744 808 816 nuncupationem
839 760 901 800 se
929 744 1112 799 voluit
1155 745 1577 815 demonstrare,
1610 743 1692 800 ita
1721 742 1961 814 legisla-

307 839 437 890 tore
476 833 704 888 dicente
736 837 830 889 :Et
859 835 1064 889 ereavit
1090 834 1232 888 Deus
1287 833 1584 904 hominem,
1631 833 1701 887 ad
1757 834 1961 904 imagi-

308 939 435 978 nem
464 923 564 977 Dei
589 923 795 977 creavit
824 938 992 977 eum:
1035 922 1343 978 masculum
1394 925 1446 977 et
1499 923 1768 993 feminam
1830 923 1962 992 fecit

310 1027 397 1068 eos
427 1011 592 1080 (Gen.
626 1011 789 1081 1,27).
836 1011 1134 1083 Itemque:
1186 1013 1251 1066 Et
1299 1013 1429 1082 fecit
1486 1012 1626 1067 Deus
1682 1011 1961 1067 hominem

309 1101 373 1156 de
405 1101 532 1156 limo
563 1105 743 1157 terrae.
774 1101 835 1155 Et
861 1102 1152 1172 inspiravit
1183 1102 1241 1155 in
1270 1102 1472 1170 faciem
1528 1103 1645 1172 ejus
1703 1102 1959 1172 spiracu-

311 1189 429 1243 lum
455 1190 600 1256 vitae,
632 1193 685 1244 et
708 1189 889 1258 factus
932 1191 1009 1244 est
1058 1188 1214 1244 homo
1271 1190 1331 1243 in
1387 1191 1637 1244 animam
1690 1191 1961 1245 viventem

312 1277 463 1345 (Gen.
497 1295 557 1348 ιι,
635 1277 700 1349 ):
759 1277 860 1333 ubi
917 1278 976 1331 in
1037 1277 1302 1346 faciente,
1362 1281 1419 1333 et
1471 1277 1814 1350 inspirante,
1870 1277 1959 1334 vel

312 1368 486 1422 etiam
518 1367 913 1436 benedicente,
950 1367 1075 1424 sine
1107 1366 1228 1422 ulla
1257 1367 1628 1439 discretione,
1658 1367 1747 1422 vel
1779 1367 1963 1424 disso-

309 1455 512 1511 nantia
540 1454 881 1523 voluntatis,
906 1459 1204 1528 operatam
1236 1455 1584 1511 Trinitatem
1616 1457 1830 1513 sentire
1859 1458 1958 1512 de-

307 1544 534 1600 bemus.
567 1548 694 1600 Non
729 1544 886 1601 enim
917 1547 1091 1600 refert
1108 1543 1352 1617 aliquid,
1387 1545 1478 1601 vel
1510 1546 1806 1602 diversum
1868 1545 1958 1600 in-

303 1632 567 1706 telligere
586 1633 748 1699 facit,
777 1633 1022 1689 verbum
1070 1636 1293 1702 creavit,
1327 1635 1624 1707 inspiravit
1682 1639 1739 1690 et
1799 1635 1955 1691 bene-

305 1722 628 1794 dixit(Gen.
661 1741 699 1794 1,
732 1725 844 1791 27;
878 1741 918 1778 II
954 1741 967 1792 ;
998 1725 1068 1791 7;
1106 1724 1143 1778 1‘
1173 1725 1265 1795 28)
1301 1741 1313 1780 :
1350 1724 1449 1779 ubi
1477 1725 1805 1781 secundum
1855 1742 1959 1781 na-

307 1815 456 1868 turae
475 1811 909 1884 unitatem,una
927 1817 1017 1869 est
1035 1812 1303 1869 voluntas
1327 1830 1591 1886 opusque
1623 1830 1957 1870 commune.

387 1923 406 1950 α
442 1900 499 1955 Si
528 1905 713 1973 potes,
749 1903 1036 1974 responde
1067 1902 1232 1972 mihi,
1295 1908 1352 1959 et
1403 1904 1684 1960 adversus
1744 1904 1950 1960 faciem

308 2006 498 2046 meam
531 1989 785 2046 consiste
818 2007 830 2046 :
865 2007 994 2048 ecce
1024 1996 1195 2048 etme
1223 1992 1377 2048 sicut
1404 1996 1462 2048 et
1508 1996 1564 2049 te
1587 1993 1721 2049 fecit
1774 1993 1949 2062 Deus,

306 2083 363 2135 et
392 2079 462 2135 de
492 2080 695 2136 eodem
728 2079 850 2136 luto
881 2097 985 2153 ego
1018 2098 1250 2154 quoque
1278 2082 1568 2138 formatus
1624 2099 1777 2138 sum.
1839 2084 1949 2141 Ve-

304 2171 639 2224 rumtamen
669 2169 1020 2226 miraculum
1060 2187 1258 2227 meum
1317 2188 1432 2227 non
1489 2176 1545 2228 te
1600 2176 1836 2242 terreat,
1896 2177 1952 2229 et

305 2257 638 2330 eloquentia
668 2275 798 2315 mea
827 2277 942 2315 non
995 2259 1071 2315 sit
1116 2261 1225 2315 tibi
1273 2261 1549 2334 gravis.»
1608 2261 1949 2322 Prolaturus

305 2347 482 2403 verba
512 2347 661 2419 ejus,
697 2349 1138 2421 responsionem
1164 2349 1444 2422 deposcit,
1466 2353 1530 2406 ut
1555 2352 1666 2407 sub
1718 2351 1949 2408 blandi-

306 2440 504 2492 mento
535 2438 791 2508 quodam
815 2441 871 2492 et
901 2437 1297 2495 consolatione
1327 2438 1607 2496 simulata
1655 2440 1950 2496 minarum

304 2529 584 2582 terrorem
617 2527 1044 2600 incuteret,quo
1075 2529 1452 2600 perturbatus
1479 2529 1588 2586 Job
1610 2529 1778 2586 facile
1800 2530 1951 2586 mul-

303 2615 550 2688 tiloquio
582 2615 770 2688 ipsius
800 2617 1046 2673 cederet.

379 2726 407 2754 «
440 2704 642 2760 Dixisti
667 2721 803 2777 ergo
834 2706 894 2761 in
925 2706 1168 2762 auribus
1200 2706 1367 2779 meis,
1399 2712 1458 2764 et
1493 2725 1694 2765 vocem
1749 2709 1953 2765 verbo-

309 2810 441 2850 rum
473 2798 709 2850 tuorum
742 2795 938 2852 audivi
969 2811 982 2852 :
1015 2795 1274 2853 Mundus
1305 2814 1438 2853 sum
1471 2815 1601 2872 ego,
1632 2803 1688 2855 et
1733 2800 1955 2870 absque

307 2882 519 2940 delicto
552 2884 991 2952 immaculatus,
1024 2891 1082 2942 et
1107 2903 1222 2942 non
1254 2891 1344 2942 est
1371 2887 1652 2960 iniquitas
1683 2888 1742 2943 in
1773 2904 1888 2944 me.
1925 2907 1954 2937 »

306 2973 469 3039 Quod
501 2989 636 3046 ergo
663 2972 793 3029 Eliu
824 2974 906 3030 ait
935 2975 1044 3031 Job
1079 2993 1093 3033 :
1129 2999 1157 3027 «
1208 2980 1328 3032 Hoc
1385 2981 1476 3033 est
1531 2993 1668 3050 ergo
1718 2977 1779 3033 in
1842 2992 1955 3050 quo

302 3079 420 3119 non
451 3077 514 3118 es
527 3063 912 3136 justificatus,
944 3084 972 3117 η
1010 3065 1066 3120 id
1103 3069 1210 3134 est,
1245 3083 1523 3123 accusare
1555 3067 1844 3123 debueras
1878 3071 1953 3134 te,

299 3169 416 3207 non
447 3142 732 3209 laudare:
757 3170 873 3209 non
904 3153 1052 3210 illud
1084 3155 1274 3212 dicere
1310 3175 1323 3213 :
1384 3179 1412 3206 ‹‹
1477 3157 1738 3213 mundus
1797 3173 1954 3223 sum,

2071 569 2160 622 est
2189 565 2341 621 Deus
2373 563 2734 628 hominibus,
2767 566 2824 618 et
2865 560 3046 618 semel
3096 558 3480 616 nihilominus
3527 557 3728 630 loqui-

2068 659 2183 720 tur,
2221 655 2318 709 sed
2351 653 2452 708 ubi
2487 653 2826 724 frequenter
2852 649 3013 722 loqui
3040 648 3260 704 dicitur
3285 648 3461 717 Deus,
3493 646 3582 702 vel
3631 645 3730 702 lex

2069 745 2194 814 ejus
2229 742 2558 815 multiplex,
2585 741 2674 797 vel
2719 739 3137 814 prophetarum
3191 743 3249 794 et
3305 737 3727 793 mandatorum

2069 833 2196 904 ejus
2243 832 2554 888 diversitas
2604 830 2915 887 indicatur.
2979 828 3086 884 Ubi
3145 843 3277 883 vero
3315 826 3492 883 semel
3557 825 3727 898 loqui

2069 922 2452 994 significatur,
2518 919 2777 976 stabilita
2827 936 2894 975 ac
2947 917 3187 974 deﬁnita
3234 917 3362 987 ejus
3431 915 3730 971 sententia

2069 1011 2530 1068 demonstratur.
2565 1009 2747 1081 Loqui
2773 1007 2927 1065 enim
2979 1007 3163 1062 Deum
3222 1005 3541 1061 efﬁcientia:
3592 1006 3727 1076 ejus

2070 1115 2161 1155 res
2193 1099 2564 1173 intelligitur.
2598 1097 2788 1154 Semel
2817 1095 3077 1168 loquitur
3125 1095 3300 1162 Deus,
3360 1099 3417 1150 et
3461 1095 3725 1150 secundo

2068 1187 2329 1260 idipsum
2365 1205 2482 1244 non
2513 1187 2739 1260 repetit,
2771 1186 2827 1242 id
2876 1189 2984 1252 est,
3034 1201 3151 1241 non
3207 1184 3486 1240 immutat
3545 1185 3723 1252 Deus,

2069 1277 2182 1333 nisi
2213 1281 2320 1333 hoc
2343 1277 2542 1350 ipsum
2571 1277 2696 1332 vitae
2729 1279 2940 1333 nostrae
2973 1274 3221 1331 mutatio
3261 1273 3674 1347 depoposcerit
3705 1291 3719 1327 :

2069 1365 2179 1423 hoc
2203 1367 2328 1423 loco
2360 1368 2431 1424 de
2462 1367 2692 1423 duobus
2711 1365 3064 1438 quibusdam
3095 1364 3527 1437 correptionum
3591 1379 3723 1436 gra-

2069 1455 2244 1512 dibus
2273 1457 2402 1513 Eliu
2436 1456 2733 1529 diligitenr
2781 1457 3030 1525 enarrat,
3077 1458 3135 1510 et
3189 1453 3332 1509 dicit
3387 1453 3547 1526 quod
3597 1468 3722 1508 eru-

2069 1545 2208 1601 ditio
2234 1545 2449 1616 divina,
2482 1545 2571 1602 vel
2608 1544 2911 1617 castigatio
2968 1544 3121 1600 circa
3178 1543 3502 1614 hominem,
3557 1545 3617 1597 et
3661 1543 3720 1596 in

2069 1635 2602 1692 noctisvisionibus
2632 1636 2766 1692 ﬁat:
2817 1636 3077 1706 itemque
3120 1633 3180 1688 in
3239 1631 3502 1701 lectulo;
3571 1631 3726 1687 unde

2070 1724 2194 1780 ait:
2255 1725 2670 1781 Contabescere
2743 1724 2920 1781 faciat
2993 1722 3315 1792 hominem,
3378 1721 3565 1778 donec
3648 1721 3721 1776 ad

2067 1813 2196 1870 vitm
2228 1813 2408 1885 hujus
2440 1811 3038 1886 extremaperveniat.
3090 1813 3159 1867 Et
3214 1828 3349 1868 cum
3405 1811 3479 1867 ab
3527 1810 3729 1883 aliquo

2069 1906 2270 1959 sancto
2299 1919 2403 1974 pro
2435 1919 2500 1959 eo
2533 1902 2706 1959 fuerit
2755 1902 3168 1972 interventum,
3229 1904 3296 1956 ut
3347 1899 3481 1956 fecit
3541 1899 3731 1955 Isaias

2061 2009 2164 2064 pro
2213 1992 2459 2048 Ezechia
2516 2008 2668 2064 rege,
2722 1990 3064 2047 restituatur
3142 1989 3405 2063 pristinae
3483 1989 3730 2046 sanitati

2057 2080 2154 2152 (ιν
2246 2084 2374 2152 Reg.
2434 2099 2526 2152 xx,
2631 2081 2708 2153 6).
2763 2081 2831 2136 Et
2923 2081 3005 2136 ait
3080 2080 3142 2136 in
3216 2079 3725 2152 subsequentibus

2058 2185 2222 2265 (vers.
2245 2172 2381 2244 29:),
2418 2171 2576 2265 quod
2607 2170 2812 2265 tribus
2827 2169 3055 2265 vicibus
3085 2169 3205 2265 haec
3235 2169 3388 2265 circa
3407 2168 3725 2265 hominem

2079 2265 2371 2332 operetur,
2418 2261 2476 2316 id
2527 2265 2636 2332 est,
2691 2259 2982 2316 evidenter
3059 2262 3116 2314 et
3182 2258 3584 2332 probabiliter,
3671 2265 3727 2316 et

2062 2351 2459 2406 conﬁrmativo
2499 2349 2698 2416 modo,
2753 2347 2841 2404 vel
2897 2351 3136 2421 propter
3189 2347 3502 2404 trinumeri
3587 2367 3723 2422 per-

2063 2438 2395 2508 fectionem,
2437 2439 2526 2496 vel
2585 2441 2820 2512 pr0pter
2873 2438 3054 2493 trium
3099 2437 3338 2494 testium
3385 2438 3717 2496 veritatem.

2063 2531 2184 2594 Quo
2215 2545 2425 2601 genere
2456 2529 2635 2586 etiam
2661 2526 3008 2601 patientiam
3048 2527 3170 2594 Dei,
3223 2526 3719 2601 clementiamque

2065 2618 2373 2690 signiﬁcat,
2397 2635 2526 2690 quae
2556 2635 2674 2674 non
2708 2616 2931 2685 statim,
2965 2617 3065 2672 sed
3100 2633 3204 2689 per
3231 2621 3449 2689 partes,
3509 2622 3568 2674 et
3619 2637 3723 2692 per

2063 2708 2218 2764 vices
2247 2707 2516 2779 castigat,
2549 2711 2606 2763 et
2633 2705 2826 2778 arguit
2852 2705 3294 2778 delinquentem
3316 2723 3328 2763 :
3352 2705 3452 2762 ubi
3497 2707 3552 2762 ei
3613 2725 3722 2765 nec

2065 2797 2368 2869 praceptis
2396 2797 2656 2853 veritatis
2672 2795 2992 2867 judicium,
3017 2812 3122 2852 nec
3150 2795 3380 2852 inutilis
3421 2797 3721 2867 remissio,

2065 2901 2171 2942 nec
2201 2885 2503 2957 injustitiae
2534 2885 2862 2958 imputatur
2890 2885 3194 2958 iniquitas.
3243 2893 3262 2912 ⁸

2138 2975 2710 3048 «Increpatquoque
2767 2990 2871 3046 per
2924 2973 3187 3030 dolorem
3241 2974 3302 3030 in
3369 2973 3609 3044 lectulo,
3656 2980 3714 3032 et

2067 3064 2266 3120 omnia
2295 3080 2430 3121 ossa
2470 3065 2600 3136 ejus
2657 3079 3015 3120 marcescere
3062 3063 3219 3118 facit.
3278 3063 3715 3121 Abominabilis

2070 3154 2123 3210 ei
2155 3154 2218 3210 ﬁt
2247 3154 2308 3209 in
2339 3153 2462 3209 vita
2491 3170 2599 3209 sua
2630 3152 2818 3226 panis,
2839 3157 2895 3208 et
2923 3153 3131 3209 animae
3155 3151 3315 3208 illius
3353 3151 3523 3209 cibus
3583 3157 3718 3210 ante

299 3240 426 3297 sine
449 3243 1233 3313 peccatoetimmaculatus:
1266 3245 1549 3318 iniquitas
1582 3263 1815 3319 quoque
1833 3263 1948 3302 non
1981 3227 2024 3296 C
2063 3243 2491 3300 desiderabilis.
2549 3244 2834 3299 Tabescet
2889 3258 3024 3299 caro
3081 3243 3230 3314 ejus,
3291 3245 3349 3298 et
3399 3259 3535 3298 ossa
3582 3260 3712 3316 quas

299 3333 389 3385 est
417 3330 474 3386 in
510 3347 623 3387 me.
650 3353 677 3381 »
707 3332 822 3388 Hoc
865 3337 973 3401 est,
996 3333 1263 3406 inquam,
1294 3335 1354 3390 in
1383 3352 1498 3408 quo
1532 3352 1648 3391 non
1678 3353 1741 3392 es
1765 3336 1942 3406 justi-

301 3419 676 3492 ficatus,quia
688 3421 1034 3492 justificatio
1055 3438 1159 3495 per
1180 3423 1572 3480 humilitatem
1600 3425 1941 3496 acquiritur.

299 3512 448 3564 Laus
493 3524 625 3564 vero
682 3509 951 3566 elationis
1035 3513 1582 3569 condemnationem
1667 3517 1943 3570 meretur.

302 3595 497 3651 Potuit
526 3597 764 3668 quidem
796 3603 861 3654 ut
875 3599 961 3654 vir
983 3600 1185 3671 justus
1218 3605 1275 3656 et
1304 3602 1376 3656 de
1407 3602 1625 3658 sanctis
1673 3603 1946 3674 operibus

301 3684 426 3739 suis
458 3685 571 3740 sibi
601 3687 748 3743 bene
777 3687 1068 3759 conscius,
1103 3691 1384 3746 audenter
1412 3691 1608 3763 aliqua
1638 3708 1766 3765 quae
1813 3710 1948 3749 vera

301 3777 461 3842 sunt,
492 3773 610 3831 Deo
641 3775 832 3832 dicere
866 3796 879 3834 :
914 3794 1030 3833 non
1061 3780 1252 3851 potuit
1279 3784 1476 3836 tamen
1527 3781 1649 3837 haec
1707 3799 1834 3853 quis
1893 3784 1945 3839 ei

305 3859 431 3918 Eliu
461 3863 606 3922 falso
638 3865 859 3937 objicit,
891 3866 1054 3924 velut
1088 3869 1409 3942 sacrilegus
1444 3871 1624 3942 loqui.
1686 3871 1946 3944 Denique

304 3949 423 4024 illa,
459 3970 587 4025 quae
619 3954 838 4011 dixisse
866 3956 977 4012 Job
1009 3957 1172 4026 dicit,
1204 3958 1286 4014 ita
1316 3958 1621 4031 inquiens:

381 4042 580 4107 «Quia
609 4044 880 4118 querelas
909 4046 968 4102 in
1027 4063 1119 4102 me
1167 4047 1399 4120 reperit,
1443 4047 1572 4104 ideo
1631 4049 1947 4107 arbitratus

302 4133 391 4186 est
441 4149 534 4189 me
588 4132 896 4191 inimicum
956 4135 1090 4192 sibi.
1144 4137 1348 4194 Posuit
1383 4137 1442 4193 in
1518 4155 1692 4195 nervo
1771 4140 1947 4210 pedes

305 4224 855 4281 meoszcustodivit
883 4242 1088 4282 omnes
1149 4227 1388 4284 semitas
1447 4244 1630 4284 meas.
1690 4228 1809 4284 Hoc
1860 4233 1948 4284 est

299 4322 436 4380 ergo
463 4310 524 4366 in
567 4328 682 4384 quo
717 4330 832 4369 non
890 4331 952 4370 es
993 4315 1374 4386 justiﬁcatus.
1431 4339 1461 4368 »
1521 4317 1649 4373 Non
1697 4317 1947 4391 legimus

300 4395 421 4453 haec
444 4398 553 4454 Job
579 4400 816 4470 dixisse,
850 4420 978 4476 quae
1006 4405 1208 4477 utique
1249 4422 1318 4462 ex
1349 4423 1524 4463 sensu
1577 4408 1727 4479 ejus,
1777 4407 1946 4480 quasi

301 4502 336 4541 a
390 4492 590 4545 sancto
623 4491 732 4546 Job
779 4491 955 4560 dicta,
1015 4495 1138 4551 suis
1197 4495 1292 4552 hic
1333 4497 1526 4553 verbis
1592 4499 1943 4570 composuit.

2051 3337 2205 3400 tecta
2234 3333 2486 3401 fuerant,
2547 3332 2958 3388 nudabuntur.
3015 3331 3529 3405 Appropinquabit
3592 3351 3716 3390 cor-

2049 3423 2308 3497 ruptioni
2342 3422 2540 3479 anima
2570 3423 2732 3494 ejus,
2767 3429 2820 3477 et
2875 3422 2995 3477 vita
3039 3420 3200 3478 illius
3249 3421 3594 3478 mortiferis.
3652 3424 3715 3479 Si

2053 3513 2228 3569 fuerit
2258 3529 2362 3586 pro
2392 3528 2457 3569 eo
2491 3510 2736 3584 angelus
2765 3511 3013 3584 loquens
3043 3526 3228 3566 unum
3261 3511 3333 3566 de
3387 3511 3710 3581 similibus,

2054 3605 2120 3657 ut
2147 3601 2457 3658 annuntiet
2487 3600 2744 3657 hominis
2776 3600 3106 3672 aequitatem
3141 3617 3156 3657 :
3191 3599 3568 3658 miserebitur
3583 3603 3711 3674 ejus

2054 3695 2111 3747 et
2141 3691 2293 3746 dicet
2323 3707 2337 3745 :
2374 3689 2580 3746 Libera
2609 3706 2766 3758 eum,
2803 3693 2869 3744 ut
2924 3707 3041 3746 non
3091 3689 3406 3746 descendat
3463 3691 3523 3746 in
3582 3709 3708 3748 cor-

2054 3780 2410 3852 ruptionem.
2442 3779 2642 3835 Inveni
2666 3779 2725 3834 in
2758 3794 2873 3850 quo
2935 3779 2987 3836 ei
3042 3778 3342 3851 propitier.
3374 3801 3402 3828 »
3459 3780 3590 3838 Sive
3645 3787 3710 3836 ut

2055 3869 2154 3925 alii
2185 3863 2492 3925 dixerunt:
2528 3867 2761 3924 Accessit
2789 3882 2964 3938 usque
2984 3867 3058 3923 ad
3087 3876 3321 3924 mortem
3348 3871 3543 3925 anima
3565 3871 3705 3942 ejus,

2053 3963 2107 4015 et
2177 3960 2362 4017 omnia
2408 3959 2524 4030 ejus
2579 3972 2911 4013 marcescere
2965 3958 3119 4029 facit.
3186 3956 3334 4013 Cum
3420 3975 3525 4031 per
3590 3959 3705 4015 hac

2055 4049 2252 4120 itaque
2282 4051 2576 4105 correctus
2597 4046 2774 4103 homo
2830 4050 3007 4118 atque
3056 4051 3465 4120 consumptus,
3529 4049 3700 4105 morti

2055 4143 2112 4194 et
2142 4137 2526 4195 infernalibus
2557 4135 2845 4193 ministris
2872 4137 3450 4209 appropinquaverit,
3483 4139 3531 4194 si
3563 4139 3704 4194 ﬂue-

2056 4228 2131 4283 rit
2147 4227 2438 4299 quispiam
2469 4229 2832 4294 sanctorum,
2863 4225 2963 4297 qui
2998 4241 3212 4281 nomen
3270 4227 3455 4282 sancti
3517 4226 3704 4299 angeli

2056 4315 2270 4372 habere
2300 4318 2594 4371 mereatur
2626 4333 2639 4370 :
2673 4313 2725 4370 is
2755 4330 2858 4386 pro
2888 4313 3253 4386 hujusmodi,
3288 4315 3389 4387 qui
3415 4331 3520 4387 pro
3566 4331 3704 4387 pec--

2057 4405 2208 4462 catis
2237 4404 2363 4461 suis
2395 4422 2430 4460 a
2457 4405 2573 4461 Deo
2601 4404 2682 4461 ita
2723 4403 3056 4476 corripitur,
3093 4403 3305 4476 poterit
3334 4405 3651 4477 impetrare
3683 4423 3696 4460 :

2057 4495 2109 4551 si
2140 4498 2335 4552 tamen
2369 4494 2438 4550 de
2467 4492 2672 4549 multis
2716 4491 2990 4566 operibus
3048 4491 3240 4559 bonis,
3298 4509 3427 4564 quae
3477 4492 3700 4565 operari

302 4576 462 4634 Unde
493 4579 650 4636 hunc
679 4582 876 4654 potius
925 4601 1042 4640 non
1087 4591 1241 4642 recte
1296 4587 1472 4642 verba
1501 4587 1691 4644 dicere
1723 4588 1946 4645 noveri-
1977 4604 2026 4671 D
2057 4584 2356 4652 debuerat,
2381 4581 2589 4639 saltem
2621 4598 2805 4638 unum
2854 4582 3074 4638 bonum
3134 4598 3283 4654 Opus
3340 4583 3487 4652 ejus,
3548 4581 3699 4654 quod

303 4685 460 4740 mus,
495 4686 673 4744 quam
705 4673 978 4730 eumdem
1010 4679 1283 4731 sanctum
1307 4675 1418 4731 Job
1475 4676 1691 4732 dixisse
1748 4678 1947 4733 creda-

301 4777 455 4818 IDUS.

367 4874 395 4902 ‹‹
429 4852 813 4928 Respondebo
845 4855 973 4927 tibi,
1037 4857 1176 4929 quia
1204 4857 1392 4929 major
1420 4856 1497 4913 sit
1546 4857 1700 4914 Deus
1752 4857 1942 4912 homi-

300 4958 392 4999 ne.
415 4943 712 5002 Adversus
740 4961 877 5002 eum
909 4947 1232 5016 contendis,
1267 4947 1422 5018 quod
1455 4964 1570 5002 non
1619 4947 1690 5002 ad
1747 4947 1946 5002 omnia

304 5031 480 5086 verba
509 5036 875 5106 responderit
928 5036 1055 5092 tibi.
1117 5035 1305 5094 Semel
1362 5035 1624 5104 loquitur
1680 5037 1832 5092 Deus
1887 5041 1945 5092 et

307 5120 564 5178 secundo
593 5123 854 5195 idipsum
905 5142 1020 5181 non
1078 5125 1305 5199 repetit.
1371 5129 1480 5183 Per
1533 5127 1830 5182 somnium
1882 5126 1942 5181 in

302 5210 526 5268 visione
556 5218 863 5283 nocturna,
887 5217 1124 5286 quando
1155 5216 1325 5272 irruit
1383 5233 1558 5289 sopor
1612 5232 1790 5289 super
1845 5233 1944 5272 no-

299 5298 510 5370 mines,
543 5306 599 5358 et
629 5303 930 5360 dormiunt
959 5305 1018 5360 in
1039 5304 1251 5362 lectulo
1281 5322 1293 5362 :
1345 5310 1487 5362 tunc
1536 5306 1721 5377 aperit
1770 5323 1941 5362 aures

295 5387 576 5461 virorum,
611 5397 667 5449 et
696 5395 969 5451 erudiens
1017 5411 1137 5461 eos,
1197 5395 1437 5452 instruit
1486 5394 1818 5469 disciplina,
1881 5399 1944 5451 ut

296 5483 517 5537 avertat
545 5481 846 5539 hominem
878 5484 951 5540 ab
982 5483 1075 5540 bis
1109 5501 1239 5556 quae
1270 5484 1428 5554 fecit,
1460 5489 1517 5541 et
1546 5484 1751 5542 liberet
1805 5499 1940 5540 eum

297 5569 370 5625 de
400 5571 696 5645 superbia,
728 5589 940 5631 eruens
999 5574 1258 5631 animam
1303 5576 1432 5647 ejus
1472 5592 1506 5632 a
1547 5573 1938 5647 corruptione,

293 5662 351 5717 et
365 5660 549 5721 vitam
577 5661 762 5739 illius,
791 5667 1004 5728 utnon
1031 5667 1294 5745 transeat
1328 5663 1391 5725 in
1450 5663 1734 5741 gladium.
1768 5686 1798 5719 »
1851 5664 1944 5745 Ab

2057 4677 2341 4746 tanquam
2373 4671 2728 4730 sacriﬁcium
2753 4688 2858 4744 pro
2889 4687 2953 4729 eo
2985 4670 3270 4743 placabile
3301 4671 3502 4728 offerat
3563 4671 3699 4736 Deo,

2052 4762 2299 4821 valuerit
2329 4762 2604 4819 invenire.
2628 4761 2934 4827 Exaudiet,
2966 4760 3181 4833 inquit,
3213 4765 3271 4817 et
3321 4760 3580 4831 jubebit,
3639 4764 3701 4816 ut

2053 4853 2366 4926 praedictus
2396 4853 2466 4908 ad
2491 4851 2915 4924 correptionem
2935 4849 3301 4906 infernarum
3334 4849 3698 4907 cruciatuum

2053 4961 2168 4999 non
2225 4943 2560 5011 descendat,
2620 4958 2686 4998 eo
2745 4941 2900 5014 quod
2974 4940 3064 4995 vir
3132 4956 3384 5013 magnus
3458 4941 3698 5012 quidam

2053 5033 2358 5101 exstiterit,
2407 5032 2577 5104 cujus
2635 5046 2835 5103 preces
2892 5029 3046 5086 Deus
3104 5045 3218 5085 non
3270 5028 3526 5101 potuerit
3585 5045 3701 5086 non

2053 5122 2274 5179 audire.
2309 5122 2376 5177 Et
2396 5121 2637 5194 angelus
2668 5119 2914 5192 quilibet
2945 5119 3016 5175 de
3046 5117 3188 5175 caelo
3220 5117 3506 5174 assistens
3567 5122 3696 5174 ante

2053 5212 2259 5268 faciem
2281 5210 2403 5283 Dei,
2435 5213 2626 5284 potest
2656 5226 2758 5282 pro
2791 5207 3055 5282 quolibet
3112 5212 3417 5280 peccatore
3475 5207 3536 5263 in
3595 5209 3696 5263 ila-

2052 5299 2217 5374 gellis
2273 5300 2722 5373 castigationum
2802 5298 2990 5371 posito
3071 5296 3474 5352 intercedere:
3552 5296 3696 5370 ipsis

2051 5391 2208 5446 enim
2234 5394 2322 5446 est
2380 5407 2520 5447 cura
2577 5390 2843 5461 injuncta
2898 5404 2934 5442 a
2978 5386 3114 5452 Deo,
3159 5384 3246 5441 vel
3295 5385 3574 5452 maxime,
3634 5389 3696 5440 ut

2049 5479 2296 5537 diversis
2351 5479 2710 5543 hominibus,
2769 5476 2858 5532 vel
2906 5473 3264 5541 nationibus,
3335 5473 3694 5532 delensionis

2049 5570 2168 5629 sive
2197 5568 2475 5626 custodiae
2505 5584 2624 5625 suae
2656 5581 2827 5640 opem
2853 5565 3057 5622 ferant.
3072 5565 3146 5620 De
3177 5563 3394 5636 quibus
3439 5567 3690 5637 Aposto-

2047 5660 2142 5745 lus
2174 5675 2189 5720 :
2216 5660 2405 5722 Nonne
2430 5672 2613 5721 omnes
2649 5663 2790 5737 sunt
2839 5653 3304 5716 administratorii
3354 5654 3584 5732 spiritus
3635 5657 3696 5720 in
