3980 6184
287 367 418 430 ’169

1315 363 1832 430 COMMENTAR.
1874 362 1958 427 IN
1999 363 2161 428 JOB.
2206 367 2376 431 CAP.
2423 369 2688 435 XXXIV.

3580 384 3703 446 770

294 503 673 563 ministerium
727 502 886 561 misst
912 517 932 560 :
981 499 1212 577 prepter
1271 517 1358 560 eos
1415 503 1512 575 qui
1566 498 1949 560 hareditatem
1977 499 2035 570 Α
2063 499 2224 567 dicit,
2258 507 2325 560 ut
2352 507 2578 564 taceat:
2638 507 3006 579 eloquentem
3065 514 3124 567 et
3176 515 3459 586 tanquam
3499 515 3698 574 minus

296 598 519 670 capient
571 596 768 652 saluti:
825 595 1003 667 (Hebr.
1060 612 1098 666 ι,
1167 593 1305 667 14)?
1362 591 1704 666 Exemplum
1750 595 1946 647 autem

296 702 500 743 rerum
556 684 956 757 praesentium,
1016 685 1088 741 de
1143 684 1358 757 quibus
1416 701 1572 740 nunc
1623 682 1946 756 loquimur,

293 776 359 832 in
392 773 710 848 Scripturis
766 772 1079 830 dominicis
1136 775 1478 842 retinemus,
1534 774 1636 829 ubi
1668 773 1944 845 legimus,

293 864 360 920 in
390 864 613 920 somnis
643 861 914 918 homines
947 862 1128 918 fuisse
1157 868 1476 934 correptos,
1532 868 1598 918 ut
1638 861 1944 917 Nabucho-

295 955 553 1010 donosor
608 969 804 1026 regem
858 951 1352 1024 superbissimum
1411 954 1571 1021 (Dan.
1633 952 1854 1020 1v,15),
1887 955 1944 1006 et

297 1044 513 1108 Laban,
548 1042 648 1114 qui
679 1040 938 1114 parentis
990 1042 1082 1097 sui
1113 1043 1288 1098 Jacob
1334 1041 1638 1097 interitum
1669 1040 1940 1113 dispone-

293 1133 398 1189 bat
449 1132 602 1204 (Gen.
659 1149 811 1198 xxxx,
869 1131 984 1202 34),
1042 1135 1100 1187 et
1155 1131 1488 1187 Abimelech
1549 1147 1770 1202 regem,
1837 1129 1939 1207 qui

292 1223 485 1278 sancti
507 1221 756 1277 Abrahae
782 1220 1024 1276 domum
1055 1220 1454 1276 contaminare
1487 1220 1749 1277 tentabat
1783 1219 1936 1291 (Gen.

292 1329 387 1378 xx,
419 1311 496 1382 3),
527 1315 585 1367 et
614 1327 852 1366 uxorem
888 1309 1070 1379 Pilati,
1113 1326 1240 1381 qua
1287 1310 1370 1367 ait
1422 1311 1491 1366 ad
1544 1326 1678 1365 eum
1730 1309 1801 1364 de
1831 1313 1940 1363 Do-

291 1402 457 1458 mino
489 1405 687 1456 nostro
715 1400 855 1455 Jesu
885 1399 1112 1456 Christo
1138 1415 1151 1456 :
1183 1400 1336 1456 Nihil
1365 1400 1464 1455 tibi
1522 1403 1571 1454 et
1613 1401 1760 1471 justo
1809 1398 1941 1454 illi:

287 1495 470 1546 multa
495 1492 640 1546 enim
665 1505 827 1562 passa
875 1505 994 1544 sum
1052 1504 1150 1560 per
1203 1489 1472 1545 somnium
1534 1495 1770 1560 prapter
1810 1505 1942 1543 eum

294 1579 506 1652 (Matth.
541 1596 711 1649 xxvu,
746 1579 854 1649 19).
889 1579 955 1632 Et
1007 1577 1160 1649 Magi
1191 1578 1252 1633 in
1310 1577 1620 1650 Evangelio
1684 1576 1744 1632 in
1778 1593 1934 1632 som-

294 1669 393 1724 nis
420 1667 723 1737 admoniti,
753 1683 858 1740 per
885 1666 1062 1722 aliam
1091 1665 1246 1722 viam
1278 1667 1657 1739 egrediuntur
1708 1668 1932 1735 (Matth.

291 1774 356 1828 ιι,
389 1759 496 1829 42).
532 1755 758 1812 Fideles
815 1756 991 1812 etiam
1047 1757 1155 1812 viri
1203 1773 1238 1811 a
1291 1762 1408 1812 Deo
1465 1755 1525 1811 in
1576 1755 1803 1812 somnis
1846 1755 1937 1811 in-

285 1849 624 1914 struuntur,
657 1850 724 1901 ut
767 1845 948 1901 Jaeob
1007 1844 1340 1917 patriarcha
1397 1845 1550 1916 (Gen.
1610 1862 1786 1914 xxxn,
1820 1845 1932 1917 24),
1965 1880 2014 1946 Β

282 1939 344 1993 et
373 1935 519 1992 alios
549 1934 801 2008 legimus
833 1934 1160 1991 inﬁrmatos
1217 1951 1346 1990 esse
1397 1938 1633 2006 propter
1673 1939 1932 2006 peccata,

281 2027 359 2082 de
388 2025 605 2097 quibus
635 2023 804 2079 illum
835 2023 1219 2096 paralyticum
1263 2023 1445 2079 fuisse
1497 2023 1803 2090 discimus,
1837 2024 1932 2080 cui

283 2115 369 2171 ait
399 2113 1122 2170 Dominuszltemittuntur
1177 2114 1287 2168 tibi
1338 2120 1534 2183 pacata
1588 2117 1683 2168 tua
1720 2112 1928 2182 (Matth.

283 2222 365 2270 1x,
394 2204 473 2276 2).
509 2203 783 2276 Legimus
813 2207 870 2258 et
897 2206 1132 2258 sanctos
1187 2218 1373 2274 agros
1427 2201 1629 2271 fuisse,
1691 2205 1756 2256 ut
1784 2203 1932 2257 Tro-

285 2293 558 2366 phimum
588 2298 646 2348 et
674 2291 1138 2364 Epaphroditum
1169 2291 1213 2363 (I
1246 2291 1379 2346 Tim.
1415 2308 1490 2357 iv,
1538 2292 1644 2358 20;
1679 2289 1927 2362 Philipp.

285 2399 353 2446 ιι,
385 2382 475 2451 27)
508 2398 522 2438 :
553 2397 702 2452 quos
755 2381 957 2451 utique
983 2379 1141 2435 velut
1187 2380 1384 2451 justos
1412 2378 1517 2435 tali
1550 2379 1933 2451 castigatione

285 2470 652 2526 examinatos
682 2470 915 2525 credere
944 2469 1266 2524 debemus:
1325 2485 1440 2524 non
1499 2474 1564 2524 ut
1601 2473 1932 2540 peccatores

286 2559 652 2615 infirmitatis
680 2559 918 2615 verbere
950 2557 1291 2630 ﬂagellatos.
1325 2558 1641 2630 Sequitur:

364 2670 389 2699 ι
422 2649 780 2720 Consumpta
809 2653 898 2704 est
938 2664 1070 2704 caro
1101 2648 1228 2718 ejus
1279 2664 1312 2702 a
1359 2646 1697 2719 suppliciis:
1744 2663 1931 2703 rever-

280 2742 446 2794 tatur
473 2739 544 2793 ad
579 2738 702 2793 dies
733 2737 1136 2792 adolescentia
1165 2753 1306 2793 sua.
1341 2758 1369 2786 »
1401 2736 1654 2808 Recepit,
1712 2736 1928 2808 inquit,

279 2826 444 2882 mala
474 2843 576 2898 pro
607 2825 834 2882 meritis
864 2825 1008 2890 suis,
1043 2828 1100 2880 et
1129 2824 1550 2897 suppliciorum
1604 2829 1778 2897 atque
1810 2843 1930 2898 pm-

281 2933 498 2972 narum
531 2931 872 2970 mensuram
901 2931 914 2968 :
949 2914 1247 2970 sufﬁciant
1276 2914 1397 2969 hac
1429 2915 1480 2971 ei
1500 2916 1741 2970 verbera
1761 2915 1933 2971 casti-

280 3004 560 3078 gationis,
590 3005 807 3076 quibus
836 3009 1139 3060 revocatus
1169 3007 1258 3058 est
1295 3005 1366 3058 ad
1417 3003 1884 3060 emendationem
1913 3023 1927 3062 :

280 3107 443 3150 nunc
474 3092 840 3165 indulgentia
897 3092 1102 3148 divina
1146 3091 1378 3164 pietatis
1434 3092 1505 3147 ad
1553 3092 1678 3148 dies
1735 3093 1929 3150 adole-

2061 591 2376 659 eruditum,
2409 593 2496 650 vel
2527 594 2929 668 impatientem
2948 599 3118 670 jubet
3145 605 3209 657 ut
3237 602 3424 661 sileat.

2618 687 2850 744 CAPUT
2890 689 3129 745 XXXIV.

2129 793 2158 820 «
2190 774 2584 830 Pronuntians
2639 776 2840 848 itaque
2893 777 3042 845 Eliu,
3103 779 3278 836 etiam
3317 781 3437 838 hac
3469 783 3700 844 locutus

2055 865 2163 915 est.
2202 883 2229 910 »
2261 862 2414 925 Quas
2445 865 2796 920 sententiam
2856 865 2981 922 Eliu
3044 870 3421 940 pronuntiare
3463 873 3697 944 dicitur,

2053 954 2112 1005 et
2141 957 2457 1022 prasentes
2487 955 2707 1010 amicos
2736 956 2922 1012 sancti
2952 956 3062 1014 Job
3114 958 3185 1014 ad
3243 959 3602 1018 audiendum
3635 980 3697 1020 se

2054 1038 2408 1098 cohortatur.

2132 1149 2159 1181 α
2189 1131 2420 1199 Audite,
2445 1137 2758 1204 sapientes,
2791 1135 2968 1190 verba
3016 1153 3166 1204 mea,
3223 1143 3278 1193 et
3334 1139 3548 1196 eruditi
3593 1159 3698 1196 au-

2053 1217 2300 1276 scultate
2327 1237 2440 1277 me.
2489 1221 2662 1278 Auris
2710 1223 2865 1278 enim
2915 1225 3091 1282 verba
3137 1229 3362 1298 probat,
3407 1234 3464 1286 et
3493 1235 3699 1304 guttur

2051 1323 2214 1364 escas
2270 1313 2479 1381 gustus
2537 1312 2841 1383 dijudicat.
2874 1336 2902 1363 »
2953 1316 3458 1380 Quemadmodum
3491 1318 3694 1392 igitur,

2049 1397 2260 1469 inquit,
2293 1415 2326 1454 a
2355 1401 2622 1457 faucibus
2673 1402 2940 1458 ciborum
2997 1421 3172 1476 sapor
3219 1405 3602 1479 dignoscitur,
3637 1415 3694 1465 et

2049 1487 2286 1558 idcirco,
2322 1489 2403 1545 ait
2434 1490 2559 1546 Eliu
2587 1507 2602 1546 :

2128 1597 2155 1628 α
2182 1576 2478 1634 Judicium
2509 1577 2796 1650 eligamus
2828 1582 3021 1650 nobis,
3064 1588 3121 1639 et
3170 1588 3321 1640 inter
3361 1603 3466 1642 nos
3494 1587 3695 1644 videa-

2048 1682 2183 1722 mus
2213 1667 2354 1738 quid
2385 1668 2464 1724 sit
2521 1668 2753 1725 melius.
2781 1692 2810 1720 »
2840 1671 2900 1726 Id
2946 1677 3054 1742 est,
3088 1672 3252 1744 prius
3279 1674 3690 1746 discutiamus,

2048 1759 2361 1827 antequam
2394 1757 2694 1814 hominem
2727 1760 3208 1817 condemnemus.

2125 1864 2148 1894 ι
2182 1846 2329 1910 Quia
2348 1846 2492 1902 dixit
2528 1847 2638 1903 Job
2667 1864 2679 1904 :
2705 1849 2907 1918 justus
2938 1866 3092 1905 sum.
3127 1873 3156 1901 »
3201 1852 3327 1908 Non
3359 1869 3692 1912 sermonem

2045 1933 2200 1990 hunc
2228 1935 2339 1991 Job
2361 1935 2524 2002 dixit,
2559 1937 2659 1992 sed
2692 1937 2834 1992 dum
2866 1938 3111 1996 virtutes
3149 1941 3518 2012 justitiarum
3550 1961 3688 2001 sua-

2045 2039 2175 2078 rum
2195 2029 2361 2080 notas
2383 2024 2784 2095 fecit,justum
2824 2026 3025 2097 procul
3057 2029 3234 2085 dubio
3267 2047 3328 2086 se
3370 2048 3498 2088 esse
3531 2051 3698 2090 mon-

2042 2113 2239 2182 travit,
2263 2129 2438 2184 quem
2459 2117 2517 2168 et
2537 2113 2823 2170 Dominus
2845 2115 3078 2186 justum
3103 2119 3229 2188 jam
3262 2119 3503 2176 dixerat.
3526 2124 3690 2186 Quod

2041 2201 2136 2258 hic
2167 2202 2382 2258 dicitur
2408 2221 2420 2257 :

2118 2314 2146 2342 «
2178 2293 2244 2346 Et
2274 2291 2428 2348 Deus
2477 2293 2764 2349 subvertit
2813 2294 3108 2366 judicium
3170 2313 3388 2352 meum.
3438 2301 3500 2354 In
3535 2300 3692 2371 judi-

2043 2381 2227 2436 cando
2257 2381 2412 2436 enim
2445 2398 2560 2450 me,
2612 2383 2982 2440 mendacium
3040 2390 3147 2456 est,
3208 2392 3266 2441 et
3315 2386 3566 2444 violenta
3595 2407 3688 2445 sa-

2041 2469 2187 2540 gitta
2217 2486 2348 2525 mea
2379 2470 2602 2542 absque
2633 2471 2750 2526 ullo
2804 2478 3059 2543 peccato.
3095 2497 3122 2525 »
3183 2475 3466 2531 Similiter
3493 2483 3550 2532 et
3579 2478 3689 2535 hoc

2039 2558 2235 2629 ipsum
2268 2576 2381 2615 non
2415 2559 2687 2632 legimus,
2722 2563 2822 2618 sed
2855 2562 3140 2635 scriptum
3198 2569 3506 2622 tenemus:
3545 2568 3687 2626 Vivit

2042 2649 2199 2718 Deus,
2229 2649 2328 2720 qui
2381 2649 2610 2705 abstulit
2653 2651 2936 2721 judicium
2988 2669 3173 2708 meum
3228 2655 3373 2725 (Job.
3434 2673 3578 2724 xxn,
3608 2658 3687 2728 2).

2042 2738 2387 2793 Subvertere
2414 2745 2610 2793 autem
2629 2740 2945 2808 judicium,
2968 2742 3038 2796 ad
3060 2741 3430 2813 iniquitatem
3454 2747 3693 2818 respicit

2033 2825 2396 2896 judicantis:
2457 2827 2774 2883 abstulisse
2804 2844 2936 2884 vero
2986 2829 3304 2898 judicium,
3337 2831 3395 2886 id
3442 2837 3550 2895 est,
3584 2851 3688 2903 pro

2039 2920 2300 2985 tempore
2326 2913 2645 2978 distulisse,
2674 2917 2743 2969 ad
2773 2916 3268 2988 dispensationem
3294 2919 3442 2988 justi
3465 2921 3689 2989 judicia

2041 3002 2306 3074 pertinet.
2349 3005 2416 3058 Et
2460 3005 2851 3073 multiplicauit
2905 3006 3135 3060 uulnera
3180 3022 3304 3061 mea
3357 3009 3526 3062 etiam
3572 3011 3690 3065 sine

2040 3108 2205 3146 causa
2257 3091 2371 3162 (Job
2433 3109 2510 3162 1x,
2574 3094 2680 3158 17).
2739 3093 2985 3149 Proinde
3043 3093 3150 3149 hoc
3205 3093 3330 3150 loco
3388 3105 3686 3154 asserente

281 3181 544 3239 scientia
574 3186 912 3246 revertatur,
941 3180 1000 3236 id
1028 3186 1136 3253 est,
1165 3185 1243 3237 Slt
1283 3181 1496 3236 iterum
1544 3197 1724 3238 sanus
1753 3187 1929 3254 atque
1968 3248 2002 3255 _
2041 3179 2192 3246 Elin,
2218 3181 2311 3235 hic
2340 3197 2468 3236 esse
2499 3197 2710 3236 sensus
2767 3183 3022 3248 videtur,
3081 3193 3239 3255 quod
3297 3200 3432 3240 cum
3463 3186 3572 3242 Job
3605 3188 3688 3243 ita

279 3271 620 3327 incolumis.

363 3383 393 3409 ‹‹
437 3360 852 3432 Deprecahitur
896 3359 1106 3429 Deum,
1163 3363 1220 3415 et
1267 3358 1569 3431 placabilis
1615 3359 1667 3414 ei
1714 3351 1935 3428 erit,'et

282 3449 505 3504 videbit
535 3449 740 3505 faciem
773 3450 899 3518 ejus
955 3448 1014 3504 in
1065 3448 1278 3520 jubilo,
1341 3453 1399 3504 et
1453 3449 1655 3504 reddet
1707 3449 1931 3505 homini

274 3538 580 3609 justitiam
611 3554 801 3594 suam.
840 3562 860 3587 ι
894 3538 1055 3603 Quod
1089 3537 1320 3593 interim
1355 3538 1526 3593 corde
1557 3538 1624 3592 fit
1663 3554 1796 3593 cum
1829 3556 1934 3610 per

277 3627 470 3683 Deum
525 3629 744 3684 bonum
811 3627 1175 3684 conscientia
1242 3627 1630 3699 possideatur.
1700 3627 1933 3685 Videbit

277 3722 483 3772 autem
517 3717 616 3773 Dei
673 3718 898 3784 faciem,
960 3717 1283 3788 propitium
1342 3717 1455 3772 sibi
1512 3717 1739 3773 vultum
1768 3717 1928 3775 illius

275 3806 562 3875 sentiens,
595 3806 932 3862 redditurus
963 3805 1014 3862 ei
1071 3805 1250 3877 digna
1308 3805 1708 3862 satisfactione
1748 3807 1926 3879 justi-

273 3895 450 3950 tiam.

353 4011 384 4034 ιι
415 3983 702 4056 Respiciet
730 3983 1025 4050 homines,
1081 3987 1140 4039 et
1171 3983 1354 4038 dicet:
1415 3983 1673 4054 Peccavi,
1706 3992 1762 4040 et
1797 4001 1928 4042 vere

272 4071 527 4144 deliqui,
559 4077 616 4128 et
645 4077 710 4128 ut
773 4089 933 4128 eram
985 4073 1198 4144 dignus
1259 4087 1374 4128 non
1406 4071 1616 4143 recepi.
1651 4094 1680 4122 »
1714 4073 1926 4146 Magna

272 4178 373 4218 res
402 4168 510 4229 est,
555 4162 790 4233 Deoque
843 4161 1166 4234 plurimum
1226 4160 1602 4233 acceptabilis
1633 4166 1698 4217 ut
1748 4162 1923 4220 homo

271 4267 506 4308 errores
537 4267 674 4307 suos
730 4251 993 4306 conﬁteri
1053 4268 1169 4306 non
1208 4251 1552 4307 erubescat:
1596 4252 1923 4322 prasertim

271 4341 325 4397 si
360 4357 462 4411 pro
493 4340 576 4396 eis
606 4357 668 4396 se
701 4339 987 4412 intelligat
1016 4341 1312 4412 castigari,
1345 4346 1402 4396 et
1426 4341 1506 4396 ita
1536 4357 1597 4397 se
1627 4341 1924 4411 humiliet,

272 4435 342 4486 ut
379 4429 665 4501 quidquid
698 4429 1098 4501 castigationis
1129 4429 1498 4497 sustinuerit,
1554 4446 1658 4502 pro
1697 4432 1923 4488 meritis

272 4519 404 4576 suis
435 4536 641 4590 parum
675 4535 736 4575 se
761 4535 1003 4590 passum
1028 4518 1386 4590 pronuntiet.

1960 3248 2003 3316 C
2042 3269 2270 3336 dixerit,
2325 3268 2528 3324 fefellit
2557 3270 2736 3328 Deum
2767 3271 3058 3341 judicium
3101 3248 3338 3338 -meum,
3397 3291 3512 3330 non
3538 3282 3690 3332 recte

2043 3361 2100 3413 et
2127 3375 2259 3413 vere
2281 3357 2586 3427 judicavit,
2613 3363 2670 3414 et
2698 3357 2827 3413 ideo
2859 3375 2997 3430 erga
3027 3377 3118 3416 me
3139 3362 3443 3418 mendacio
3473 3363 3684 3435 agitur.

2043 3448 2177 3512 Qua
2208 3452 2407 3502 autem
2464 3446 2697 3502 locutus
2754 3452 2845 3503 est
2897 3448 3030 3513 Job,
3089 3449 3278 3521 magis
3328 3451 3580 3522 incaute,
3633 3457 3691 3507 et

2043 3552 2405 3606 prasumens
2446 3536 2517 3590 de
2538 3536 2776 3606 justitia
2804 3537 2907 3592 Dei
2956 3537 3174 3594 dixisse
3223 3539 3545 3596 credendus
3576 3547 3685 3596 est.

2041 3625 2288 3681 Proinde
2309 3626 2472 3695 juste
2521 3625 2571 3679 ei
2629 3631 2688 3680 et
2735 3625 2944 3682 merito
3003 3627 3158 3682 Deus
3216 3627 3333 3683 ait:
3366 3630 3554 3698 Utique
3590 3632 3689 3700 qui

2039 3715 2224 3784 arguit
2258 3715 2423 3768 Deum
2477 3713 2631 3768 debet
2678 3714 3003 3785 respondere
3049 3717 3103 3770 ei
3160 3717 3296 3786 (Job.
3330 3734 3519 3785 xxx1x,
3551 3719 3684 3788 32);

2039 3801 2100 3858 in
2131 3803 2348 3874 quibus
2378 3802 2583 3874 utique
2611 3802 2802 3858 verbis
2835 3803 2936 3859 Dei
2968 3804 3323 3876 increpatur.
3379 3806 3498 3862 Hoc
3537 3823 3688 3863 reso-

2039 3897 2160 3960 nat,
2195 3892 2351 3963 quod
2381 3891 2588 3947 beatus
2615 3892 2722 3946 Job
2754 3908 2867 3947 non
2901 3898 3056 3949 recte
3087 3893 3286 3964 aliqua
3327 3894 3404 3949 sit
3434 3896 3686 3962 locutus,

2039 3983 2140 4038 sed
2175 3980 2275 4052 qui
2306 3981 2524 4052 optime
2545 3986 2799 4052 noverat,
2854 3982 3008 4053 quod
3040 3983 3193 4038 bona
3221 3981 3281 4037 in
3332 3999 3398 4038 eo
3429 3982 3686 4054 plurima

2036 4075 2252 4136 essent,
2287 4070 2443 4126 unde
2497 4075 2554 4125 et
2606 4069 2690 4124 illi
2745 4070 3062 4141 placuerat,
3121 4071 3388 4126 concedit
3441 4087 3509 4126 ea
3556 4088 3684 4141 qua

2036 4159 2460 4214 immoderatus
2481 4175 2616 4214 eum
2641 4159 2802 4229 loqui
2827 4159 2885 4212 in
2918 4159 3171 4214 summis
3202 4159 3493 4231 angustiis
3521 4159 3685 4216 dolor

2037 4248 2345 4320 compulit.

2112 4362 2133 4386 ι
2169 4337 2310 4402 Quis
2341 4340 2431 4392 est
2486 4335 2571 4390 vir
2600 4340 2666 4390 ut
2708 4339 2796 4390 est
2852 4334 2985 4402 Job,
3018 4335 3116 4407 qui
3175 4335 3324 4392 bibit
3354 4338 3684 4394 subsanna-

2035 4426 2254 4482 tionem
2279 4425 2447 4497 quasi
2469 4440 2706 4496 aquam,
2731 4424 2830 4494 qui
2858 4424 3126 4496 graditur
3145 4442 3277 4481 cum
3302 4428 3682 4499 operantibus

2034 4515 2425 4587 iniquitatem,
2461 4518 2518 4569 et
2547 4512 2812 4568 ambulat
2832 4529 2966 4568 cum
2998 4514 3138 4569 viris
3171 4515 3371 4587 impiis
3392 4517 3421 4570 εἰ
3453 4539 3482 4565 ››
3502 4517 3682 4584 Cuius

354 4631 375 4655 α
413 4608 702 4663 Liberavit
732 4609 991 4663 animum
1025 4624 1192 4662 suam
1251 4623 1323 4662 ne
1380 4613 1643 4680 pergeret
1674 4610 1731 4665 in
1773 4611 1921 4668 inte-
1953 4617 2003 4682 D
2032 4603 2256 4660 viscera
2285 4610 2568 4674 tanquam
2622 4619 2786 4672 aqua
2833 4602 3194 4658 abundantia
3238 4619 3463 4660 veneno
3503 4605 3681 4674 hujus

271 4697 479 4760 ritum,
529 4696 626 4752 sed
652 4697 852 4752 vivens
884 4696 1072 4751 lucem
1102 4696 1341 4750 videret.
1376 4700 1514 4752 Ecce
1572 4697 1692 4752 hac
1723 4699 1922 4755 omnia

267 4789 551 4855 operatur
580 4785 733 4840 Deus
765 4785 954 4840 tribus
1005 4783 1232 4839 vicibus
1280 4800 1383 4854 per
1409 4785 1694 4857 singulos,
1730 4791 1794 4841 ut
1825 4805 1918 4844 re-

265 4878 436 4928 vocet
473 4873 700 4930 animas
739 4889 940 4929 eorum
983 4890 1016 4928 a
1065 4872 1456 4944 corruptione,
1517 4878 1575 4928 et
1627 4873 1920 4932 illuminet

267 4961 403 5015 luce
428 4961 768 5016 viventium.
804 4983 830 5010 ››
865 4961 925 5016 Id
957 4965 1064 5026 est,
1127 4958 1444 5032 agnitionis
1496 4959 1596 5014 Dei
1639 4961 1829 5017 lucem
1861 4969 1919 5018 et

265 5049 564 5104 immensa
594 5049 877 5105 beneficia
908 5048 1282 5105 illuminatus
1305 5054 1664 5121 agnosceret.

342 5161 370 5187 ‹‹
403 5138 668 5206 Attende,
709 5139 842 5204 Job,
873 5143 931 5193 et
987 5138 1124 5194 audi
1177 5153 1290 5202 me,
1323 5142 1404 5192 .et
1468 5142 1595 5191 tace
1625 5138 1767 5192 dum
1811 5154 1916 5209 ego

264 5227 496 5296 loquor.
529 5227 586 5282 Si
618 5232 816 5282 autem
864 5227 1064 5296 habes,
1109 5226 1252 5298 quid
1299 5225 1596 5296 loquaris:
1630 5227 1917 5298 responde

265 5315 438 5370 mihi.
498 5321 774 5388 Loquere,
834 5316 961 5372 volo
1016 5315 1172 5371 enim
1230 5319 1286 5370 te
1345 5330 1624 5386 apparere
1657 5315 1914 5385 justum.

266 5405 432 5468 Quod
466 5405 512 5460 si
547 5422 661 5460 non
695 5405 896 5470 habes,
927 5405 1063 5460 audi
1097 5420 1225 5460 me:
1291 5407 1435 5468 tace,
1491 5408 1547 5458 et
1605 5404 1820 5458 docebo
1862 5409 1919 5459 te

269 5493 641 5564 sapientiam.
679 5517 702 5544 ι
739 5493 913 5557 Quasi
945 5493 1052 5548 hac
1083 5493 1304 5548 ratione
1336 5492 1462 5548 Eliu
1497 5498 1766 5547 sanctum
1805 5492 1917 5547 Job

269 5582 610 5648 convicerit,
644 5583 724 5638 ait
779 5581 908 5639 illi:
967 5582 1112 5637 Audi
1162 5599 1268 5650 me,
1329 5582 1388 5637 id
1446 5587 1556 5647 est,
1589 5580 1821 5636 docenti
1862 5585 1919 5636 te

268 5672 555 5735 obediens
581 5678 726 5741 esto,
759 5677 816 5728 et
846 5671 1036 5746 prabe
1093 5687 1466 5729 consensum.
1525 5669 1688 5737 Quod
1722 5673 1918 5728 autem

2033 4691 2322 4766 passionis
2354 4691 2595 4762 impleta
2625 4695 2784 4746 sunt.

2097 4806 2124 4831 ‹.
2170 4781 2324 4837 Dixit
2353 4780 2510 4836 enim
2541 4797 2553 4834 :
2589 4779 2714 4836 Non
2747 4779 3000 4852 placebit
3023 4780 3110 4835 vir
3133 4781 3272 4849 Deo,
3303 4781 3476 4836 etiam
3506 4779 3554 4836 si
3589 4799 3683 4837 cu-

2029 4869 2276 4926 currerit
2305 4886 2440 4925 cum
2471 4885 2557 4925 eo.
2596 4891 2625 4918 »
2680 4869 2968 4924 lnvidiose
3019 4869 3091 4924 de
3144 4885 3211 4924 eo
3271 4874 3539 4925 sanctum
3569 4870 3680 4926 Job

2026 4959 2289 5015 locutum
2345 4959 2528 5014 fuisse
2584 4957 2888 5022 mentitur,
2949 4958 3091 5030 quia
3149 4958 3385 5013 beatum
3415 4959 3525 5014 Job
3556 4963 3678 5014 tam

2030 5047 2346 5104 infeliciter
2384 5046 2651 5119 sapuisse
2683 5063 2797 5102 non
2839 5047 3158 5114 credimus,
3190 5046 3292 5102 sed
3326 5061 3430 5103 nec
3459 5046 3672 5103 alicubi

2029 5153 2165 5192 eum
2205 5136 2313 5191 hoc
2344 5135 2561 5190 dixisse
2592 5134 2994 5190 meminimus.

2101 5247 2128 5274 ‹‹
2166 5225 2322 5290 Ideo,
2349 5224 2456 5278 viri
2488 5222 2729 5285 cordati,
2762 5223 2959 5279 audite
2984 5239 3114 5278 me:
3148 5223 3305 5280 absit
3335 5242 3372 5280 a
3417 5229 3530 5281 Deo
3561 5225 3674 5280 im-

2029 5313 2237 5385 pietas,
2270 5312 2428 5368 etab
2483 5311 2894 5382 Omnipotente
2951 5311 3256 5384 iniquitas.
3319 5313 3478 5386 Opus
3515 5316 3673 5371 enim

2027 5400 2287 5456 hominis
2326 5400 2527 5456 reddet
2548 5401 2620 5465 ei,
2654 5405 2712 5455 et
2733 5401 2902 5472 juxta
2932 5399 3054 5456 vias
3086 5401 3451 5474 singulorum
3507 5404 3674 5460 resti-

2027 5495 2152 5545 tuet
2179 5490 2282 5547 eis.
2310 5494 2454 5544 Vere
2475 5487 2628 5543 enim
2653 5488 2808 5544 Deus
2831 5505 2944 5544 non
2995 5490 3409 5547 condemnabit
3433 5492 3672 5559 frustra,

2031 5595 2134 5635 nec
2157 5579 2529 5650 omnipotens
2551 5578 2845 5634 subvertet
2876 5578 3191 5648 judicium.
3217 5601 3246 5630 »
3275 5579 3472 5646 Quasi,
3505 5596 3672 5652 expo-

2029 5669 2144 5728 sita
2174 5667 2474 5740 impietate
2501 5666 2689 5724 sancti
2715 5667 2852 5739 Job,
2873 5673 2931 5724 et
2977 5668 3037 5725 in
3091 5667 3282 5725 medic
3298 5669 3667 5727 audientium
