3980 6184
373 361 485 425 7Ἱί
1873 356 2290 421 APPENDIX.
3639 357 3728 424 7'12

375 495 604 570 prolata
632 490 694 549 in
743 492 1025 550 invidiam
1051 493 1182 560 Job,
1240 491 1408 565 quasi
1439 492 1623 567 impia
1652 492 1729 550 sit
1771 491 2024 551 locutus.
2055 501 2110 567 Α
2139 509 2367 567 pugnas
2397 495 2453 549 et
2483 490 2797 549 seditiones
2819 487 3049 563 agebat.
3075 487 3190 547 Hos
3215 485 3397 561 igitur
3425 491 3484 544 ut
3510 486 3733 550 infidele8

446 609 473 636 ‹‹
510 586 694 650 Quem
753 583 1058 639 constituit
1111 582 1293 638 alium
1354 599 1533 655 super
1605 588 1861 639 terram:
1925 588 2027 639 aut
2147 588 2204 640 et
2229 583 2439 656 impios
2461 583 2741 638 Dominus
2763 578 3727 650 noncognoscet:quibusqueetiam

376 689 551 745 quem
585 670 784 744 posuit
813 688 992 742 super
1020 671 1222 726 orbem
1255 688 1429 742 quem
1481 672 1802 728 fabricatus
1830 673 1965 727 est?
2001 695 2022 722 ι
2147 674 2460 730 manifeste
2491 673 2754 729 dieturus
2784 675 2911 727 est:
2947 670 3064 725 Non
3121 670 3251 724 novi
3298 685 3426 723 vos:
3461 669 3731 728 disceditea

377 764 438 818 Id
493 766 601 832 est,
657 761 948 830 numquid
1007 759 1188 814 alium
1244 757 1529 815 rectorem
1591 761 1805 833 posuit,
1863 761 2031 832 quia
2148 781 2253 830 me,
2278 779 2463 818 omnes
2514 765 2610 833 qui
2668 760 2980 832 operamini
3037 759 3393 830 iniquitatem
3446 759 3629 829 (Matth.
3655 779 3730 830 vn,

375 850 912 921 Creatorisjustitia
944 849 1319 921 discreparet.
1356 851 1484 920 Ipse
1527 866 1663 922 ergo
1708 867 1885 921 quam
1918 868 2026 922 po-
2144 854 2257 922 23).
2292 851 2570 922 Sequitur
2601 849 2826 904 dicente
2861 847 2985 902 bliu
3020 848 3090 902 de
3121 846 3238 918 his,
3292 847 3363 900 de
3414 847 3603 918 quibus
3628 849 3736 906 dicit

372 945 506 996 tens
537 940 830 1006 Conditor,
861 943 981 994 tam
1025 938 1156 1010 pius
1187 943 1278 994 est
1321 939 1674 1009 moderator,
1707 939 1846 1012 quia
1877 956 2024 1012 opus
2149 941 2422 1013 superius
2451 957 2464 994 :

375 1045 552 1086 suum
584 1027 851 1101 agnoscit
879 1033 936 1083 et
970 1027 1186 1098 diligit.
2217 1054 2245 1080 «
2277 1030 2483 1086 Subito
2515 1029 2859 1092 morientur,
2895 1031 2952 1082 et
2982 1027 3042 1081 in
3074 1025 3270 1080 media
3296 1029 3477 1080 nocte.
3505 1045 3530 1076 ι
3566 1027 3734 1083 Secun-

453 1143 473 1167 ι
509 1119 568 1173 Si
599 1117 872 1172 direxerit
900 1118 971 1172 ad
1004 1133 1140 1172 eum
1182 1134 1282 1172 cor
1307 1134 1508 1183 suum,
1555 1118 1830 1190 spiritum
1862 1119 2022 1175 illius
2147 1121 2289 1175 dum
2318 1135 2560 1175 sensum
2591 1117 2854 1190 Apostoli
2886 1121 2994 1187 est,
3043 1115 3143 1188 qui
3199 1114 3284 1169 ait
3340 1115 3492 1170 istud
3532 1115 3592 1169 de
3635 1116 3736 1172 ﬁliis

375 1212 434 1263 et
468 1208 669 1262 flatum
693 1207 763 1261 ad
795 1223 856 1261 se
885 1206 1096 1261 trahet.
1132 1207 1368 1262 Deﬁciet
1413 1207 1605 1263 omnis
1655 1224 1787 1264 caro
1822 1209 2022 1280 simul,
2143 1209 2544 1266 tenebrarum.
2581 1213 2722 1262 Cum
2751 1206 2908 1262 enim
2961 1204 3169 1260 dixerit
3227 1221 3341 1275 pax
3387 1209 3442 1258 et
3485 1204 3736 1270 securitas,

372 1302 431 1353 et
463 1297 636 1352 homo
669 1296 726 1352 in
758 1295 1013 1351 cinerem
1074 1300 1411 1351 revertetur.
1446 1317 1474 1344 »
1509 1297 1572 1351 Id
1621 1301 1730 1367 est,
1775 1298 2018 1353 mundi:
2141 1304 2284 1354 tunc
2311 1299 2649 1370 repentinus
2681 1296 2763 1352 eis
2795 1293 3163 1366 superveniet
3214 1292 3484 1348 interitus
3541 1296 3579 1362 (I
3609 1295 3734 1350 Thes.

376 1404 514 1442 nam
546 1385 595 1442 si
629 1374 827 1441 oninia
861 1403 985 1456 quae
1022 1386 1077 1438 in
1109 1402 1175 1441 eo
1207 1385 1466 1456 quotidie
1488 1391 1791 1458 geruntur,
1820 1404 2024 1443 secun-
2144 1405 2200 1454 v,
2233 1389 2308 1460 3).
2342 1388 2588 1443 Mediam
2619 1403 2752 1442 vero
2786 1391 3017 1440 noctem
3049 1383 3271 1438 dictam
3322 1383 3448 1438 ideo
3495 1383 3728 1450 existimo,

376 1476 518 1530 dum
551 1475 813 1546 regulam
839 1475 1087 1544 justitiaa
1119 1491 1238 1528 suae
1255 1473 1502 1528 voluerit
1535 1474 1771 1543 intueri,
1795 1475 2027 1532 deﬁciet
2143 1495 2209 1534 eo
2242 1478 2398 1550 quod
2431 1478 2490 1531 in
2523 1475 2810 1548 profunda
2839 1473 3030 1530 cordis
3077 1471 3340 1528 caecitate
3387 1472 3573 1544 positi,
3613 1473 3735 1544 spiri-

375 1580 442 1619 ac
476 1563 726 1636 peribit;
769 1563 872 1618 sed
931 1579 1064 1617 cum
1119 1561 1333 1633 pietate
1390 1562 1586 1635 potius
1642 1565 1930 1634 gubernat
1961 1583 2026 1620 ac
2144 1568 2382 1622 tualiter
2412 1566 2761 1621 moriantur.

375 1653 647 1709 sustinet.
709 1653 853 1708 Nam
913 1651 962 1707 si
1021 1650 1390 1722 iniquitatem
1449 1652 1857 1720 observaverit,
1890 1655 2025 1725 quis
2217 1678 2244 1707 «
2275 1656 2696 1712 Turbabuntur
2746 1651 2970 1726 populi,
3005 1656 3062 1708 et
3091 1650 3552 1724 pertransibunt,
3603 1655 3648 1706 et
3671 1669 3740 1707 au-

378 1741 1100 1812 sustinebit(Psat.cxx1x,
1125 1740 1227 1811 3)?
1259 1741 1540 1812 Spiritum
1573 1743 1718 1798 dixit
1739 1743 2022 1813 animam,
2143 1746 2330 1800 ferent
2357 1744 2678 1800 violentum
2710 1743 2933 1814 absque
2992 1758 3196 1796 manu.
3253 1739 3419 1796 Oculi
3475 1741 3615 1796 enim
3645 1741 3736 1810 ejus

377 1847 506 1901 quae
534 1829 790 1884 viviﬁcat
818 1829 1140 1896 hominem,
1171 1834 1228 1884 et
1262 1829 1489 1901 ﬂatum,
1521 1833 1711 1904 ipsam
1763 1850 2021 1904 praesen-
2055 1879 2101 1907 η
2147 1852 2324 1907 super
2381 1834 2501 1888 vias
2557 1833 2904 1889 hominum:
2940 1836 2997 1886 et
3053 1845 3263 1886 omnes
3311 1845 3542 1901 gressus
3583 1845 3734 1884 eorum

382 1879 504 1901 ’1⁷⁷⁷⁷
550 1879 789 1884 ”“’“’“⁷””⁷
818 1879 1140 1896 ““““““”““““““⁷
1175 1879 1228 1884 ⁷⁷
1262 1879 1489 1901 -”’“““’“’
1521 1879 1711 1904 ”Γ““’““’“⁶⁶
1764 1879 1986 1904 ι’-ννυνη
2147 1879 2314 1907 "‘“rv‘
2392 1879 2501 1888 ""‘"'
2558 1879 2865 1889 “ν⁸⁸⁶“”“““”
2892 1879 2904 1886 ⁷
2943 1879 2995 1886 ν’
3057 1879 3261 1886 ⁷““”’“’”
3311 1879 3540 1901 Ο“⁷””“”“
3588 1879 3734 1884 ⁷⁷⁷⁷⁷*

377 1923 495 1973 tem
525 1917 724 1989 vitam,
753 1935 879 1989 qua
919 1919 1260 1990 corporibus
1301 1921 1517 1976 nostris
1559 1938 1662 1991 per
1692 1921 2022 1978 anhelitum
2055 1879 2102 1946 B
2144 1925 2493 1981 considerat.
2527 1945 2554 1973 »
2592 1921 2927 1977 Secundum
2962 1918 3384 1974 Psalmistam:
3419 1920 3551 1974 Cum
3569 1918 3736 1982 viderit,

375 2023 444 2062 ex
464 2007 572 2064 hoc
603 2024 734 2063 aere
767 2007 1155 2063 ministratur.
1189 2009 1319 2064 Hac
1351 2026 1487 2080 ergo
1521 2011 1650 2065 Eliu
1681 2011 1826 2066 dicit
1854 2013 1926 2066 ad
1960 2028 2022 2067 se
2146 2013 2357 2086 inquit,
2381 2015 2560 2084 justus
2591 2011 2892 2066 vindictam
2919 2010 3246 2080 impiorum,
3279 2007 3595 2080 exemplum
3621 2007 3735 2062 vide-

374 2096 604 2152 trahere
635 2097 842 2163 Deum,
865 2114 1000 2152 cum
1033 2099 1223 2153 aufert
1254 2099 1594 2155 hominibus
1617 2100 1816 2168 vitam,
1843 2119 2022 2172 quam
2142 2104 2275 2159 licet
2305 2109 2675 2176 peccatorum
2738 2098 3044 2155 hominum
3104 2098 3545 2170 pertimescens,
3586 2110 3738 2150 manus

374 2187 459 2242 eis
484 2187 736 2242 creando
769 2186 1076 2242 tribuerat.
1130 2188 1386 2243 Possunt
1431 2206 1534 2260 per
1580 2189 1854 2261 spiritum
1890 2207 2022 2262 pro-
2140 2210 2267 2248 suas
2298 2193 2504 2247 levabit
2537 2193 2598 2245 in
2627 2191 2903 2260 sanguine
2928 2190 3234 2259 peccatoris
3283 2187 3457 2259 (Psat.
3515 2202 3626 2256 Lvu,
3655 2187 3732 2251 11).

375 2274 584 2346 phetiae
617 2275 737 2330 haec
791 2275 918 2332 loca
972 2275 1053 2331 ita
1099 2277 1281 2332 videri
1334 2277 1608 2349 ﬁgurata,
1669 2284 1732 2333 ut
1762 2295 1917 2333 nunc
1963 2279 2023 2333 in
2145 2285 2258 2337 Hoc
2290 2281 2470 2351 igitur
2500 2281 2668 2334 modo
2701 2278 3100 2334 turbabuntur
3130 2275 3358 2348 populi,
3400 2291 3510 2346 qua
3555 2279 3732 2346 pertur-

375 2364 605 2420 Christo
636 2364 1062 2436 compleantur,
1095 2367 1328 2435 quando
1360 2367 1796 2437 dispensatione
1827 2369 2023 2424 carnis
2140 2371 2376 2428 batione
2411 2374 2628 2425 terram
2659 2366 3000 2422 sensibilem
3032 2365 3292 2436 legimus
3347 2364 3729 2420 conturbatam:

375 2458 714 2525 assumptis,
751 2453 917 2508 Pater
945 2455 1219 2508 eumdem
1254 2453 1463 2508 Filium
1495 2470 1690 2524 suum,
1716 2473 1817 2527 per
1844 2473 2020 2528 quem
2142 2461 2294 2518 sicut
2321 2459 2606 2531 propheta
2636 2457 2716 2511 ait
2746 2458 2816 2510 ad
2875 2456 3059 2510 Deum
3091 2471 3104 2509 :
3171 2454 3520 2510 Commovisti
3557 2458 3729 2518 terram,

374 2543 576 2598 omnia
605 2542 740 2598 fecit
769 2543 946 2613 (Joan.
981 2560 1020 2609 ι,
1053 2543 1128 2613 3),
1163 2543 1233 2597 ad
1267 2542 1424 2598 hunc
1474 2546 1761 2600 mundum
1813 2562 1880 2600 ex
1913 2562 2022 2601 suo
2140 2554 2191 2606 et
2245 2549 2594 2604 conturbasti
2649 2563 2809 2602 eam:
2866 2561 3012 2600 sane
3065 2546 3426 2600 contritiones
3481 2543 3586 2613 ejus
3633 2540 3729 2612 quia

371 2631 696 2686 cruciatum
729 2631 902 2686 corde
960 2631 1171 2686 direxit
1225 2632 1395 2702 (Psat.
1451 2650 1603 2700 κων,
1648 2635 1726 2704 2),
1761 2638 1825 2688 ut
1855 2634 2022 2706 spiri-
2139 2642 2286 2693 mota
2315 2640 2396 2693 est
2425 2635 2603 2705 (Psat.
2638 2652 2748 2700 er,
2783 2635 2857 2706 4).
2892 2633 2986 2689 Sic
3043 2633 3204 2688 enim
3265 2632 3430 2705 quasi
3484 2629 3602 2686 boni
3643 2628 3730 2682 via-

371 2725 500 2775 tum
531 2721 661 2790 ejus
692 2723 748 2774 et
777 2720 984 2775 flatum
1016 2720 1087 2774 ad
1117 2737 1181 2774 se
1229 2721 1507 2786 traheret,
1556 2722 1613 2776 id
1664 2727 1774 2790 est,
1821 2729 1886 2778 ut
1915 2740 2019 2778 au-
2139 2731 2294 2782 tores
2320 2726 2679 2781 adfuturum
2711 2723 2993 2778 saeculum
3024 2722 3486 2793 pertransibunt,
3506 2718 3592 2774 ubi
3611 2717 3732 2772 locus

369 2811 544 2866 ferret
573 2810 645 2865 ab
706 2825 793 2876 eo,
851 2825 953 2880 per
1008 2808 1400 2867 humilitatem
1463 2811 1674 2879 crucis,
1719 2812 2017 2884 spiritum,
2141 2833 2257 2871 non
2287 2815 2399 2870 erit
2427 2811 2847 2884 impio:aliter
2876 2811 3106 2866 nullum
3158 2811 3402 2866 habebit
3430 2806 3726 2878 adjutorium

373 2899 430 2955 id
462 2903 571 2966 est,
605 2898 940 2970 superbiam
975 2899 1219 2970 spiritus
1253 2901 1607 2957 mundialis:
1641 2901 1846 2956 ﬂatum
1878 2919 2020 2973 quo-
2139 2903 2452 2973 violentus,
2487 2918 2602 2972 quo
2659 2901 2891 2956 defendi
2955 2899 3043 2955 vel
3093 2901 3222 2956 erui
3275 2899 3458 2972 possit
3501 2915 3531 2952 a
3557 2900 3731 2968 pertra-

373 3004 485 3061 que
514 2987 796 3043 tumentis
826 2986 1064 3058 eloquii,
1098 3005 1212 3060 quo
1249 2989 1534 3046 anhelans
1565 2991 1928 3063 gloriabatur
1959 2991 2018 3046 in
2139 2992 2414 3048 hentibus
2445 3007 2578 3046 eum
2611 2991 2682 3045 ad
2713 2988 3073 3061 supplicium
3103 2990 3338 3045 mortis.

373 3077 745 3133 sermonibus
777 3076 922 3132 suis.
953 3077 1044 3132 Sic
1081 3093 1312 3149 quoque
1344 3079 1517 3135 homo
1547 3080 1605 3134 in
1657 3097 1719 3135 se
1752 3095 2024 3152 represso
2211 3106 2239 3134 ‹‹
2273 3083 2398 3136 Non
2431 3085 2570 3136 sunt
2600 3079 2873 3148 tenebrae,
2907 3082 2963 3133 et
2993 3095 3106 3133 non
3160 3082 3254 3133 est
3299 3077 3502 3133 umbra
3531 3071 3727 3128 mortis:

372 3171 603 3221 tumore
631 3165 943 3221 deﬁxeret:
979 3182 1044 3220 ac
1075 3171 1370 3224 revertens
1399 3167 1456 3222 in
1491 3169 1776 3240 seipsum,
1810 3186 1875 3224 co
1902 3185 2026 3240 gno
2138 3176 2201 3226 ut
2227 3169 2623 3225 abscondatur
2672 3166 2750 3221 ibi
2803 3164 2902 3236 qui
2953 3169 3278 3236 operantur
3320 3163 3675 3234 iniquitatem.
3711 3178 3725 3199 -

373 3257 556 3310 sceret
586 3270 648 3308 se
677 3257 891 3308 terram
923 3271 1052 3310 esse
1081 3260 1138 3310 et
1195 3256 1448 3311 cinerem
1475 3273 1488 3311 :
1546 3259 1647 3312 ubi
1688 3259 2015 3313 secundum
2057 3247 2099 3312 C
2142 3262 2270 3316 Sive
2302 3263 2367 3313 ut
2397 3257 2492 3312 alii
2525 3257 2796 3312 dixerunt
2823 3256 2878 3307 in
2914 3254 3029 3308 {ine
3059 3253 3247 3323 hujus
3291 3250 3569 3316 versiculi,
3599 3251 3646 3300 ut
3672 3244 3730 3296 la-

374 3342 656 3400 moralem
686 3341 1156 3416 intelligentiam,
1189 3344 1332 3400 illud
1356 3347 1428 3402 de
1449 3346 1677 3418 psalmo
1700 3349 2018 3403 sentimus:
2134 3350 2312 3404 titent
2343 3349 2443 3419 qui
2475 3347 2699 3401 faciunt
2728 3343 3122 3414 iniquitatem.
3156 3343 3323 3405 Quod
3356 3346 3642 3408 utrumque
3665 3348 3730 3386 se-

373 3435 438 3487 Et
469 3435 681 3504 auferes
709 3433 969 3504 spiritum
996 3450 1202 3504 eorum,
1236 3439 1286 3489 et
1316 3435 1589 3505 deﬁcient,
1623 3444 1673 3491 et
1731 3439 1789 3491 in
1819 3445 2028 3491 terram
2141 3439 2400 3494 eundum
2432 3436 2578 3490 illud
2613 3433 2938 3490 Psalmistze
2970 3448 3219 3486 sensum
3252 3436 3359 3499 est,
3389 3430 3467 3484 ita
3495 3422 3728 3481 dicentis:

372 3539 533 3577 suam
561 3526 943 3578 convertentur
966 3523 1138 3592 (Psat.
1173 3541 1290 3595 c111,
1320 3525 1431 3596 29).
1458 3529 1664 3580 Postea
1687 3541 1823 3596 ergo
1847 3542 2024 3597 quam
2142 3530 2255 3596 Quo
2282 3529 2371 3581 ibo
2405 3543 2436 3579 ιι
2491 3525 2697 3595 spiritu
2751 3526 2866 3592 tuo,
2921 3529 2971 3575 et
3011 3537 3041 3574 τι
3101 3522 3249 3589 facie
3299 3525 3392 3574 tua
3443 3532 3537 3588 quo
3562 3513 3729 3583 fugiam

378 3611 447 3663 de
479 3609 691 3664 virtute
748 3611 847 3666 Dei
905 3617 962 3666 et
1010 3611 1246 3680 justitia
1304 3612 1596 3684 praedictis
1646 3612 1878 3669 locutus
1915 3619 2030 3681 est,
2140 3617 2602 3687 (Psat.cxxxvm,
2633 3611 2738 3678 '7)?

374 3697 504 3753 Elin
533 3715 594 3752 se
625 3716 862 3754 rursum
893 3700 963 3754 ad
995 3700 1104 3755 Job
1137 3707 1500 3770 convertens,
1535 3702 1712 3757 dicit:
2217 3729 2237 3754 α
2275 3705 2472 3774 Neque
2504 3701 2659 3756 enim
2692 3699 2846 3753 ultra
2876 3698 2934 3752 in
2965 3697 3226 3753 hominis
3258 3699 3531 3769 potestate
3570 3693 3659 3752 est,
3683 3690 3727 3774 ut

447 3811 475 3837 «
508 3786 562 3842 Si
620 3786 804 3842 habes
835 3805 969 3860 ergo
1001 3789 1387 3860 intellectum,
1424 3791 1562 3847 audi
1595 3793 1749 3863 quod
1781 3791 2017 3859 dicitur,
2140 3793 2335 3850 veniat
2364 3773 2435 3847 ad
2467 3797 2646 3846 Deum
2680 3789 2738 3842 in
2765 3787 3078 3858 judicium.
3114 3809 3141 3834 »
3176 3787 3239 3841 Id
3271 3791 3380 3851 est,
3436 3784 3480 3839 si
3513 3773 3730 3836 habuerit

377 3881 434 3933 et
463 3875 735 3933 ausculta
762 3893 963 3932 vocem
995 3877 1214 3950 eloquii
1247 3880 1382 3934 mei.
1416 3881 1714 3950 Numquid
1768 3882 1867 3952 qui
1902 3899 2018 3936 non
2141 3885 2200 3940 in
2235 3887 2519 3955 potestate
2549 3886 2614 3935 ut
2643 3877 2857 3945 veniat,
2890 3881 3083 3948 potest
3138 3875 3353 3930 habere
3411 3878 3470 3928 ut
3522 3884 3619 3924 non
3658 3878 3725 3916 ve-

374 3971 534 4022 amat
556 3964 875 4036 judicium,
906 3967 1104 4023 sanari
1144 3969 1386 4039 potest?
1415 3973 1481 4023 Et
1510 3970 1744 4040 quando
1791 3976 1850 4024 tu
1883 3987 2018 4025 eum
2146 3976 2286 4030 niat.

374 4056 475 4126 qui
515 4057 719 4126 justus
767 4059 874 4125 est,
934 4056 1227 4112 intantum
1285 4059 1692 4113 condemnas?
1739 4059 1845 4122 Qui
1878 4059 2022 4114 dicit
2216 4088 2242 4113 ‹‹
2273 4063 2542 4118 Conteret
2572 4055 2812 4123 multos,
2871 4060 2930 4110 et
2986 4052 3461 4119 innumerabiles,
3517 4053 3568 4103 et
3610 4047 3726 4098 stare

371 4143 492 4215 regi
524 4148 834 4220 apostata:
895 4145 996 4216 qui
1052 4151 1220 4202 vocat
1285 4148 1462 4203 duces
1504 4147 1736 4219 impios.
1768 4171 1795 4196 »
1831 4149 2014 4202 Mani-
2143 4153 2312 4209 faciet
2341 4150 2488 4206 alios
2519 4164 2620 4219 pro
2651 4146 2757 4201 eis.
2790 4165 2815 4196 υ
2859 4144 2932 4199 Ut
2964 4145 3034 4200 de
3090 4143 3217 4199 Heli
3267 4141 3549 4199 sacerdote
3585 4138 3632 4189 et
3653 4133 3726 4182 Sa-

370 4233 588 4288 festum
619 4237 728 4303 est,
762 4234 972 4305 inquit,
1006 4236 1143 4305 quia
1174 4235 1225 4291 is
1279 4236 1380 4308 qui
1429 4237 1592 4307 juste
1625 4242 1680 4292 et
1737 4243 1889 4292 recte
1922 4238 2018 4308 ju-
2144 4241 2357 4308 muele,
2387 4236 2526 4293 Saul
2558 4241 2614 4291 et
2665 4235 2862 4301 David,
2915 4233 3252 4290 Judaaorum
3311 4228 3512 4304 populo
3553 4228 3600 4280 et
3623 4233 3728 4292 3811‘

370 4321 566 4377 dicare
597 4339 714 4377 non
745 4322 934 4396 diligit
962 4340 974 4378 :
1005 4340 1193 4396 neque
1224 4342 1430 4381 sanare
1461 4343 1494 4380 a
1548 4326 1706 4381 vitiis
1737 4327 2021 4393 animam,
2143 4332 2314 4387 tium.

374 4426 563 4483 neque
619 4411 907 4484 corrigere
965 4430 1321 4486 quemquam
1381 4420 1570 4486 potest
1625 4421 1679 4471 et
1729 4417 2033 4487 quomodo
2224 4417 2449 4473 «Novit
2477 4415 2634 4471 enim
2667 4429 2842 4485 opera
2900 4428 3124 4477 eorum,
3186 4416 3244 4466 et
3297 4408 3499 4464 idcirco
3536 4393 3726 4455 inducet

369 4506 434 4554 tu
467 4503 704 4556 sanator
733 4517 795 4557 es
843 4500 1194 4574 languorum
1245 4509 1604 4573 nostrorum,
1667 4506 1766 4576 qui
1801 4505 2022 4578 iniqui-
2145 4515 2396 4578 noctem,
2429 4510 2485 4561 et
2513 4507 2906 4559 conterentur.
2931 4499 3106 4564 Quasi
3140 4500 3352 4572 impios
3375 4488 3723 4578 pert'ussitft)s

367 4593 518 4645 tates
548 4594 754 4646 notare
785 4592 1091 4661 praesumis
1111 4593 1139 4646 ?
1319 4648 1340 4656 ,
1907 4570 1922 4578 ’

2148 4600 2203 4654 in
2235 4596 2360 4652 loco
2382 4570 2734 4648 'videntium.
2772 4611 2798 4642 ιι
2831 4589 2950 4645 Sub
2980 4587 3072 4643 his
3132 4570 3360 4659 quoque
3414 4578 3586 4676 verbis
3626 4570 3720 4676 Eliu

442 4702 469 4728 ‹‹
505 4679 612 4744 Qui
645 4697 760 4735 non
791 4681 1007 4752 accipit
1039 4698 1318 4752 personas
1349 4682 1724 4754 principium,
1789 4700 1892 4738 nec
1925 4700 2034 4738 co-
2063 4661 2108 4676 υ
2145 4685 2509 4759 signiﬁcasse
2561 4680 2753 4753 potuit
2811 4679 2884 4733 ob
2943 4677 3151 4732 merita
3203 4694 3312 4732 sua
3357 4661 3722 4759 δυάδος-θοῷ

370 4767 569 4840 gnovit
597 4773 937 4840 tyrannum,
971 4771 1114 4826 dum
1147 4753 1495 4844 disceptaret
1542 4753 1758 4827 contra
1803 4789 2020 4844 paupe-
2142 4753 2506 4831 inﬁdelitatis
2538 4769 2930 4835 excmcandos,
2963 4771 3029 4821 ut
3075 4769 3444 4822 conterantur
3491 4753 3722 4844 etilli-If}?

369 4835 513 4911 rem.
547 4878 574 4906 »
609 4835 768 4930 qus
797 4835 953 4914 enim
986 4876 1270 4916 manuum
1309 4835 1456 4931 -ejus
1507 4865 1643 4916 sunt
1676 4835 1952 4916 universi.
1986 4881 2012 4912 υ
2151 4866 2388 4931 nentur,
2408 4861 2561 4916 sicut
2593 4857 2876 4929 Propheta
2903 4861 2960 4910 et
2992 4853 3432 4927 Apostolusait:
3466 4835 3720 4902 Deditilli!

371 4945 707 5001 Secundum
735 4948 1014 5018 mysticos
1046 4930 1400 5016 intellectus,
1438 4950 1733 5022 principes
1791 4949 1987 5005 istiJu
2018 4981 2046 4992 -
2152 4957 2292 5010 Deus
2352 4930 2610 5022 spirit-um
2673 4946 3104 5017 compunctionis
3169 4948 3294 5013 (Isa.
3348 4958 3419 5008 vr,
3478 4939 3540 4999 9;
3601 4930 3718 4982 Rom-

369 5032 650 5100 daeorum,
681 5035 891 5090 Scriba:
915 5045 969 5092 et
1000 5038 1299 5107 Pharisaei,
1321 5045 1378 5094 et
1403 5040 1738 5094 sacerdotes
1772 5028 2044 5110 possunt
2150 5062 2230 5111 x1,
2264 5044 2340 5102 8).

366 5097 656 5192 intelligi:
687 5139 836 5193 quos
867 5124 925 5180 in
957 5127 1264 5200 Evangelio
1287 5097 1562 5200 increpat
1592 5097 1830 5200 (Matth.
1867 5145 2041 5215 XXIII,
2285 5097 2393 5194 Qui
2451 5127 2621 5199 quasi
2653 5126 2724 5180 de
2764 5124 3058 5180 industria
3119 5120 3468 5180 recesserunt
3493 5111 3557 5165 ab
3583 5097 3721 5215 60:3

369 5210 434 5264 13
464 5209 657 5281 δείῖίῖι)·
688 5216 1024 5285 Τγταοοιιω
1075 5196 1208 5274 νεξΡο
1267 5196 1541 5273 θιιῐῐιάέῐῑι
1601 5196 1888 5290 Ρορυιιιτῐι
1921 5196 2041 5272 ι]οῙ
2153 5236 2358 5278 omnes
2377 5196 2500 5273 vias
2520 5217 2646 5288 ejus
2679 5213 3001 5286 intelligere
3032 5212 3359 5274 noluerunt,
3390 5210 3447 5261 ut
3476 5196 3716 5290 pervenlrf

365 5299 648 5365 deorum,
681 5317 795 5356 non
827 5303 901 5358 ab
954 5321 1014 5360 re
1073 5321 1202 5362 esse
1262 5308 1615 5373 sentiamus,
1679 5307 1782 5378 qui
1839 5313 2044 5362 contra
2155 5313 2410 5367 facerent
2457 5307 2529 5361 ad
2563 5321 2695 5361 eum
2732 5303 3045 5358 clamorem
3069 5303 3316 5374 egeni,et
3336 5294 3541 5352 audiret
3563 5285 3714 5380 vocet“

367 5391 574 5443 castum
607 5395 945 5449 sanctorum
1006 5395 1292 5466 Ecclesiae,
1354 5376 1712 5467 pauperem,
1745 5396 2040 5452 humilem
2155 5414 2500 5474 pauperum.
2536 5418 2563 5443 ››
2597 5394 2814 5447 Omnes
2844 5393 3000 5446 enim
3041 5397 3360 5462 peccatores
3390 5376 3713 5474 etiuip‘ii‘cfi"

365 5477 604 5550 spiritu,
637 5481 956 5539 contritum
988 5486 1182 5555 corde,
1248 5464 1568 5556 rejiciendo
1625 5485 1800 5540 hodie
1851 5485 2047 5541 disce'
2153 5464 2511 5546 traindilum
2545 5485 2654 5538 sibi
2690 5483 2907 5536 bonum
2945 5487 3162 5535 natura:
3191 5481 3397 5552 agunt:
3442 5467 3572 5523 sicut
3595 5464 3713 5556 Attii:

366 5571 528 5640 ptat:
563 5569 718 5640 quod
741 5568 932 5627 facere
959 5577 1016 5628 et
1045 5542 1750 5646 temporeuapostolorum
1789 5591 1903 5630 non
1937 5576 2037 5630 de-
2155 5578 2339 5636 stolus
2363 5575 2475 5632 ait:
2513 5574 2617 5642 Qui
2659 5587 2786 5626 cum
2836 5572 3209 5641 cognovissent
3260 5569 3438 5626 Deum.
3490 5566 3578 5608 "0"
3603 5542 3709 5646 "(id

362 5655 618 5732 sinebat,
648 5660 888 5742 quando
944 5679 1048 5736 per
1115 5640 1323 5722 omnes
1375 5640 1649 5719 civitates
1707 5669 1916 5724 contra
1944 5662 2044 5722 eos
2153 5671 2326 5727 Deum
2353 5640 2799 5737 gloriﬁcaverunt
2829 5640 3000 5733 (Rom.
3059 5679 3095 5729 ι,
3146 5660 3255 5733 21).
3310 5652 3402 5711 Ubi
3444 5647 3606 5702 autem
3639 5640 3712 5681 σο·
