3980 6184
409 359 528 420 775

1897 363 2038 426 APF

2153 366 2321 429 'DIX.
3629 371 3717 434 ἨΒ

491 516 520 546 ‹‹
551 492 800 552 Proinde
843 493 894 552 si
924 493 1270 567 peccaveris,
1304 493 1445 568 quid
1475 493 1525 552 ei
1557 495 1841 553 nocebis?
1887 497 1957 554 Et
2006 498 2056 556 si
2083 501 2140 568 Α
2169 501 2340 559 corde
2379 500 2731 572 canentium,
2783 505 2841 559 et
2870 501 3094 559 faciunt
3141 515 3297 559 more
3321 497 3596 578 viatorum,
3621 507 3728 578 quia

411 583 810 658 multiplicatae
859 585 1077 641 fuerint
1122 585 1461 658 iniquitates
1509 604 1649 654 suae,
1697 586 1834 659 quid
1879 588 2055 646 facies

409 679 614 731 contra
642 674 820 730 eum?
854 696 882 724 »
913 675 1075 741 Quod
1105 675 1186 730 ita
1214 676 1428 732 dixisse
1475 675 1619 730 mihi
1658 677 1904 746 videtur,
1939 695 2053 733 non

2164 591 2276 663 ipsi
2307 595 2371 646 ut
2418 591 2664 649 viatores
2712 596 2768 648 et
2810 591 3101 667 peregrini
3147 596 3443 648 transeunt
3483 610 3570 665 per
3608 594 3726 654 hunc

2164 682 2473 753 mundum,
2505 681 2605 753 qui
2655 686 2720 736 ut
2749 682 2820 737 ad
2870 681 3228 737 destinatum
3277 681 3384 736 sibi
3423 681 3594 738 locum
3633 685 3730 742 sine

410 765 592 833 enim,
624 768 680 820 te
711 769 1003 837 peccante,
1037 770 1149 822 Deo
1172 765 1373 820 damni
1395 765 1617 838 aliquid
1642 766 1919 822 infertur:
1953 772 2056 822 aut
2162 768 2360 826 labore
2415 770 2777 842 perveniant,
2839 771 3063 828 cantico
3123 769 3504 842 fatigationem
3552 772 3730 830 itineris

409 856 458 911 si
491 871 594 926 pro
635 853 1014 910 multitudine
1061 859 1426 927 peccatorum
1472 860 1704 910 tuorum
1762 855 1964 913 ulcisci
1996 862 2053 912 te

406 943 675 1010 voluerit,
707 943 994 1015 numquid
1026 943 1244 1015 poteris
1275 943 1326 998 ei
1358 945 1646 999 contraire
1670 945 1696 998 ?

481 1055 509 1082 «
540 1036 718 1088 Porro
750 1031 798 1087 si
821 1033 984 1104 juste
1013 1032 1220 1104 egeris,
1269 1033 1412 1104 quid
1463 1033 1729 1105 donabis,
1762 1038 1863 1089 aut
1907 1035 2048 1107 quid

408 1121 480 1177 de
510 1137 689 1176 manu
720 1126 823 1177 tua
852 1121 1182 1193 accipiet?»
1208 1121 1351 1176 Hinc
1382 1121 1560 1177 David
1585 1122 1744 1190 dicit,
1771 1124 2049 1196 quoniam

406 1211 694 1266 bonorum
725 1227 986 1266 meorum
1018 1227 1133 1266 non
1165 1227 1298 1284 eges
1329 1211 1509 1280 (Psal.
1542 1229 1632 1278 xv,
1665 1211 1741 1283 2).

479 1323 507 1349 «
541 1298 773 1354 Homini
813 1299 913 1370 qui
965 1299 1180 1355 similis
1227 1299 1314 1354 tui
1364 1305 1471 1367 est,
1508 1300 1736 1356 nocebit
1777 1301 2050 1373 impietas

405 1392 526 1454 tua,
559 1391 617 1443 et
643 1386 830 1443 ﬁlium
862 1387 1119 1443 hominis
1169 1389 1469 1460 adjuvabit
1505 1388 1738 1460 justitia
1769 1394 1890 1446 tUa.
1924 1413 1953 1440 »
1985 1391 2047 1446 Id

405 1482 512 1544 est,
545 1475 770 1532 homini
814 1493 1021 1533 nocere
1067 1478 1277 1549 poterit
1325 1477 1598 1550 impietas
1631 1483 1750 1545 tua,
1803 1478 1854 1534 si
1898 1480 2050 1536 male

403 1570 668 1638 agentem
698 1570 755 1622 te
778 1565 1088 1622 aemulatus
1120 1565 1313 1622 fuerit:
1339 1568 1838 1637 quemadmodum
1862 1568 2048 1625 {ilium

401 1655 660 1712 hominis
704 1655 942 1727 justitia
992 1659 1094 1710 tua
1137 1654 1438 1726 adjuvabit
1492 1655 1540 1711 si
1571 1655 1694 1712 vias
1722 1662 1876 1726 tuas,
1911 1675 2046 1714 cum

401 1751 556 1801 recte
583 1744 828 1811 incedis,
859 1744 1142 1800 imitetur.

474 1857 503 1885 «
532 1837 776 1906 Pr0pter
821 1833 1259 1889 multitudinem
1305 1833 1794 1891 calumniatorum
1827 1836 2042 1893 clama-
2078 1873 2126 1939 Β

401 1923 570 1989 bunt,
615 1927 674 1978 et
720 1921 1026 1995 ejulabunt
1075 1927 1310 1996 propter
1353 1925 1473 1980 vim
1517 1924 1741 1980 brachii
1770 1930 2044 1998 tyranno-

400 2028 554 2068 rum.
591 2035 613 2063 ι
648 2012 765 2067 Sub
811 2013 920 2068 bac
971 2013 1250 2084 qualitate
1303 2013 1715 2086 disputationis
1747 2033 1885 2086 suae,
1918 2017 2044 2072 Eliu

401 2106 673 2158 sanctum
700 2101 810 2157 Job
841 2101 1055 2157 talibus
1077 2102 1390 2159 admiscet:
1425 2103 1626 2174 eisque
1653 2104 1907 2161 similem
1946 2107 2044 2176 ju-

400 2190 575 2260 dicat,
615 2192 757 2246 dum
789 2189 1240 2248 calumniatores
1266 2199 1324 2247 et
1351 2196 1648 2265 tyrannos,
1682 2193 1916 2266 iniquos
1943 2195 2044 2250 ho-

400 2279 591 2335 mines
639 2280 926 2350 nominat,
976 2297 1229 2352 quorum
1277 2281 1611 2348 calumniis,
1663 2288 1718 2338 et
1763 2285 2041 2355 potentia,

399 2363 595 2439 homo,
629 2374 684 2425 et
729 2370 887 2425 ﬁlius
929 2370 1187 2425 hominis
1235 2371 1498 2443 Oppressi
1528 2371 1940 2443 ingemiscunt.
1973 2374 2043 2428 Et

399 2458 572 2515 modo
603 2458 986 2530 spiritualiter
1015 2459 1172 2513 hunc
1197 2459 1515 2528 hominem,
1548 2465 1604 2514 et
1636 2459 1822 2515 filium
1847 2461 2040 2516 homi-

399 2549 513 2615 nis,
549 2546 829 2620 populum
863 2551 1132 2602 sanctum
1171 2563 1283 2601 non
1317 2547 1568 2603 absurde
1599 2548 1907 2614 sentimus,
1940 2550 2042 2621 qui

398 2642 634 2710 propter
677 2637 964 2691 unitatem
1003 2635 1184 2690 totius
1238 2635 1495 2707 corporis
1543 2636 1830 2702 Ecclesiae,
1865 2637 2040 2694 homo

399 2742 554 2782 unus
583 2725 817 2792 dicitur,
865 2724 1018 2780 sicut
1061 2724 1376 2795 Apostolus
1418 2725 1493 2779 ait
1522 2727 1567 2796 (ι
1604 2727 1736 2782 Tim.
1771 2745 1834 2795 11,
1863 2728 1940 2799 5),
1985 2732 2043 2783 et

397 2815 722 2873 secundum
751 2813 1126 2870 Psalmistam
1157 2814 1304 2883 ﬁlius
1335 2815 1576 2870 hominis
1606 2815 1928 2887 appelatur,
1962 2816 2042 2872 ita

397 2906 724 2960 dicentem:
787 2904 909 2957 Fiat
961 2918 1160 2958 manus
1217 2913 1312 2958 tua
1367 2920 1529 2976 super
1573 2906 1752 2960 virum
1800 2905 2041 2962 dextera:

397 2998 527 3060 tuae,
575 3001 626 3048 et
671 3007 833 3062 super
878 2991 1056 3060 ﬁlium
1103 2992 1343 3046 hominis
1373 3009 1529 3064 quem
1567 2985 1909 3063 conﬁrmasti
1938 2995 2042 3050 tibi

396 3083 571 3153 (Psal.
604 3098 790 3150 Lxx1x,
817 3080 923 3150 16).
952 3080 1148 3136 Potest
1176 3080 1284 3136 hoc
1316 3086 1372 3136 et
1400 3083 1471 3137 de
1503 3081 1898 3139 invisibilibus
1927 3083 2039 3138 iui-

395 3169 567 3225 micis
616 3167 762 3223 dici:
819 3168 918 3240 qui
971 3168 1195 3224 occulta
1237 3169 1680 3242 impugnatione
1735 3173 2032 3241 vitiorum,

393 3243 704 3315 mentibus.
732 3257 1146 3313 dominantur:
1208 3263 1445 3330 propter
1492 3261 1646 3330 quod
1678 3261 1879 3316 ﬁdeles
1909 3264 2035 3332 eju-
2066 3244 2108 3310 C

390 3347 580 3405 lautes
611 3345 672 3402 in
702 3346 960 3403 oratione
1005 3347 1076 3403 ad
1118 3351 1300 3402 Deum
1355 3347 1589 3404 dicunt:
1621 3349 1790 3418 Eripe
1837 3367 1926 3406 me
1970 3351 2038 3406 de

393 3438 638 3492 inimicis
667 3440 822 3504 meis,
855 3439 996 3492 Deus
1016 3453 1167 3491 meus
1197 3436 1368 3506 (Psal.
1403 3455 1556 3507 Lvm,
1588 3440 1664 3509 2).

469 3547 498 3574 ‹‹
530 3527 600 3580 Et
629 3542 744 3580 non
776 3523 938 3579 dixit.
969 3545 996 3576 ι)
1029 3525 1270 3589 Quando
1302 3525 1503 3596 utique
1528 3527 1866 3599 afﬂigebant
1897 3545 2037 3600 prae-

391 3611 600 3677 dictos,
652 3629 800 3683 quos
845 3611 956 3667 sibi
990 3628 1092 3684 per
1119 3611 1384 3684 iniquam
1417 3615 1899 3683 dominationem,
1925 3623 2034 3674 Deo

389 3699 784 3771 permittente,
818 3701 1172 3772 subegerunt
1199 3719 1211 3756 :
1244 3702 1325 3758 ita
1354 3707 1419 3757 ut
1439 3701 1498 3757 hi
1530 3704 1639 3758 sub
1661 3709 1822 3760 tanta
1846 3723 2038 3764 neces-

391 3789 562 3865 sitate
605 3804 1014 3861 pressurarum
1067 3791 1240 3861 positi
1285 3790 1590 3862 ejularent,
1623 3798 1679 3849 et
1717 3795 2038 3853 clamarent

391 3879 464 3934 ad
495 3883 714 3946 Deum;
747 3877 829 3932 illi
875 3895 992 3933 non
1045 3878 1419 3935 intenderunt
1468 3881 1684 3948 animo,
1719 3900 1906 3956 neque
1945 3885 2032 3940 in-

390 3967 708 4024 tenderunt
735 3967 794 4022 in
825 3967 1057 4038 cmlum,
1089 3973 1154 4023 ut
1185 3974 1456 4040 saperent
1488 3972 1640 4042 quod
1674 3972 1789 4027 Deo
1833 3975 2034 4029 condi-

389 4056 500 4114 tori
556 4073 664 4113 suo
693 4057 815 4112 haec
845 4058 1045 4113 omnia
1101 4057 1497 4130 displicerent.
1549 4059 1674 4115 Non
1726 4061 1891 4130 dixit,
1945 4064 2032 4118 in-

386 4161 589 4216 quam,
612 4146 767 4218 apud
785 4147 1164 4219 semetipsam
1188 4147 1324 4202 talia
1343 4147 1660 4204 multitudo
1692 4148 2032 4223 iniquorum

391 4234 510 4289 sive
541 4234 894 4290 daemonum.

460 4344 489 4372 «
522 4321 736 4378 Ubiest
757 4323 911 4379 Deus
930 4325 1029 4395 qui
1081 4325 1214 4379 fecit
1243 4325 1375 4380 me?
1418 4325 1518 4398 qui
1561 4327 1723 4383 dedit
1773 4330 2036 4386 carmina

385 4411 447 4466 in
479 4416 666 4466 nocte.
703 4433 732 4461 »
768 4415 884 4467 Hoc
916 4413 996 4468 ait
1028 4411 1176 4469 Eliu.
1215 4413 1359 4469 Cum
1392 4431 1527 4487 ergo
1551 4417 1749 4486 justos
1794 4424 1851 4474 et
1883 4425 2033 4474 recte

382 4499 643 4556 viventes
673 4517 707 4556 a
736 4516 914 4572 supra
943 4500 1113 4556 dictis
1173 4503 1322 4558 Deus
1382 4503 1652 4559 tribulari
1698 4507 2029 4577 permittat:

2161 858 2539 915 consolantur
2569 877 2634 914 ac
2664 859 2991 916 sublevant.
3023 861 3093 916 Et
3127 861 3298 931 juxta
3327 859 3576 932 mysticos
3601 862 3732 919 intel-

2159 947 2366 1016 lectus,
2400 953 2650 1015 noctem,
2685 953 2970 1006 secretum
3019 949 3313 1021 quoddam
3344 966 3407 1004 ac
3435 949 3616 1005 divina:
3641 952 3730 1008 dis-

2159 1037 2478 1109 putationis
2510 1041 2798 1094 remotum
2857 1038 3155 1094 silentium
3189 1037 3587 1107 intelligamus,
3613 1041 3729 1111 quod

2160 1126 2292 1182 aliis
2324 1127 2576 1194 smoulis,
2629 1127 2783 1183 sicut
2842 1126 3154 1200 Apostolus
3184 1127 3303 1182 ait:
3351 1126 3464 1182 Non
3504 1128 3599 1198 fuit
3620 1143 3730 1184 reve-

2159 1218 2337 1271 latum
2365 1218 2501 1287 ﬁliis
2544 1216 2827 1272 hominum
2875 1217 3094 1288 (Coloss.
3147 1235 3186 1288 ι,
3235 1218 3348 1286 26).
3399 1216 3523 1280 Quae
3566 1233 3655 1272 uox
3675 1218 3729 1272 sit

2159 1305 2220 1360 in
2252 1310 2506 1378 quatuor
2532 1305 2764 1378 vigilias
2786 1303 3120 1372 distributa,
3142 1311 3206 1361 ut
3228 1323 3262 1362 a
3284 1305 3553 1378 principio
3575 1306 3728 1361 mundi

2158 1412 2347 1466 usque
2377 1396 2448 1450 ad
2479 1395 2778 1451 Christum
2818 1396 3133 1452 Dominum
3185 1400 3446 1450 nostrum
3491 1395 3621 1451 hanc
3655 1412 3730 1451 no—

2159 1489 2308 1540 ctem
2331 1484 2699 1554 dicamus,ut
2720 1485 2795 1541 sit
2811 1484 3002 1556 prima
3016 1483 3218 1556 vigilia
3243 1484 3430 1540 noctis
3451 1483 3625 1555 hujus,
3643 1483 3729 1555 ipse

2155 1573 2339 1633 Adam
2371 1573 2618 1645 primus,
2651 1578 2708 1628 et
2746 1578 2910 1645 pater
2937 1572 3283 1628 hominum:
3320 1589 3421 1645 per
3463 1573 3610 1644 cujus
3635 1588 3729 1626 con-

2157 1662 2439 1718 ditionem
2466 1661 2695 1734 evigilet
2724 1662 2958 1718 animus
2989 1661 3313 1728 humanus,
3337 1665 3401 1717 ut
3417 1661 3593 1717 credat
3617 1677 3732 1716 crea-

2155 1756 2340 1806 torem
2373 1751 2637 1806 omnium
2687 1767 2884 1806 rerum
2934 1751 3141 1806 Deum.
3195 1751 3460 1807 Secunda
3488 1766 3606 1805 vero
3629 1749 3732 1821 vigi-

2154 1839 2232 1895 lia
2260 1839 2339 1896 sit
2359 1845 2618 1911 tempore
2644 1840 2780 1909 Noe,
2806 1857 2922 1912 quo
2948 1840 3327 1913 naufragium
3349 1839 3541 1895 mundi
3568 1840 3731 1894 factum

2155 1929 2252 1997 sit,
2284 1932 2349 1984 ut
2375 1928 2646 2001 evigilent
2676 1929 2966 1999 homines,
3001 1945 3073 1984 ne
3105 1934 3163 1984 et
3195 1930 3307 2001 ipsi
3341 1929 3618 1985 intereant.
3636 1929 3733 1983 Ter-

2155 2019 2236 2074 tia
2265 2022 2456 2074 autem
2489 2017 2684 2089 vigilia
2732 2017 2918 2072 sancti
2971 2017 3219 2072 Abrahae
3279 2015 3615 2089 temporibus
3660 2015 3732 2069 ha-

2154 2107 2379 2174 beatur,
2405 2124 2506 2178 per
2545 2123 2720 2178 quem
2760 2111 3075 2179 cognoscat
3105 2106 3389 2174 mundus,
3418 2105 3732 2178 quemadmo-

2155 2198 2295 2252 dum
2327 2197 2404 2251 sit
2433 2195 2546 2251 fide
2577 2195 2908 2262 vivendum,
2941 2198 2999 2251 et
3032 2195 3150 2252 Deo
3191 2195 3548 2268 placendum.
3569 2194 3733 2258 Quarta

2152 2303 2286 2342 vero
2316 2284 2517 2358 vigilia
2546 2285 2624 2340 sit
2679 2285 2831 2340 circa
2882 2290 3149 2357 tempora
3202 2285 3612 2359 prOphetarum,
3659 2281 3730 2352 qui

2153 2391 2375 2431 aurorae
2407 2377 2463 2429 et
2501 2373 2712 2428 lumini
2760 2373 2872 2430 diei
2915 2374 3445 2446 appropinquantis
3488 2371 3732 2429 viciniores

2154 2465 2408 2532 fuerunt,
2441 2462 2661 2534 quique
2682 2461 2740 2517 in
2765 2462 2961 2535 ipsum
2993 2462 3298 2519 Christ-um
3331 2462 3629 2536 proximum
3651 2459 3731 2515 sibi

2153 2552 2305 2607 diem
2334 2567 2480 2624 pene
2504 2551 2744 2606 electam
2772 2557 3002 2607 noctem
3027 2552 3162 2607 fidei
3196 2551 3730 2608 oculisintendebant.

2151 2641 2215 2696 In
2247 2641 2355 2696 hac
2385 2640 2567 2713 igitur
2597 2645 2762 2695 nocte
2793 2657 2896 2712 per
2924 2640 3163 2711 singula
3196 2647 3460 2714 tempora
3484 2639 3730 2712 pradicto-

2151 2746 2303 2800 rum,
2323 2729 2445 2785 sive
2469 2729 2809 2801 prOphetiis,
2830 2730 2948 2785 sive
2971 2730 3514 2802 signiﬁcationibus,
3538 2731 3598 2784 de
3617 2727 3732 2782 Chri-

2149 2824 2238 2874 sto
2259 2819 2390 2873 laeta
2409 2816 2739 2890 gaudioque
2756 2816 2926 2888 plena
2941 2819 3335 2888 praenuntiata
3353 2823 3504 2874 sunt.
3524 2819 3733 2886 Itemque

2150 2909 2222 2963 ad
2251 2905 2413 2962 illam
2445 2906 2941 2978 comparationem
3000 2906 3226 2963 futuras
3255 2907 3599 2963 revelationis
3624 2903 3732 2958 ﬁlio-

2150 3013 2281 3052 rum
2312 2996 2435 3063 Dei,
2490 2995 2589 3050 ubi
2621 2995 2867 3067 gloriam
2899 2996 3095 3050 aeterni
3128 2996 3296 3052 illius
3327 2998 3437 3052 diei
3467 2991 3732 3068 percepturi

2150 3090 2310 3154 sunt;
2360 3087 2416 3140 et
2461 3085 2521 3139 in
2553 3101 2614 3140 re
2643 3084 2773 3155 ipsa
2824 3085 3252 3141 beatitudinem
3284 3084 3623 3158 possessuri:
3651 3096 3732 3136 nos

2149 3181 2234 3231 est
2268 3191 2523 3247 praesens
2555 3173 2675 3228 haec
2723 3173 2858 3240 vita,
2893 3174 2986 3228 cui
3036 3173 3265 3230 fructus
3297 3175 3388 3230 sui
3419 3175 3473 3228 in
3520 3175 3729 3228 futurum

2148 3262 2472 3320 absconditi
2511 3268 2672 3329 sunt,
2707 3267 2763 3318 et
2792 3263 2919 3318 ideo
2952 3262 3144 3318 adhuc
3197 3281 3309 3320 nox
3338 3269 3442 3331 est,
3473 3263 3595 3333 quia
3621 3275 3729 3314 non-

2147 3355 2288 3409 dum
2318 3351 2478 3407 vides
2511 3352 2664 3424 quod
2697 3367 2915 3423 speras.
2949 3352 3200 3408 Proinde
3247 3354 3304 3408 in
3337 3353 3441 3408 hac
3478 3357 3622 3406 nocte
3656 3365 3727 3401 ex-

2148 3440 2547 3513 spectationis,
2581 3440 2782 3511 hymni
2813 3445 2870 3495 et
2899 3440 3125 3495 cantica
3155 3444 3571 3513 Scripturarum
3613 3435 3731 3490 dicta

2147 3535 2285 3585 sunt
2315 3529 2502 3597 nobis,
2552 3529 2734 3584 donec
2793 3529 3062 3584 discussa
3115 3535 3284 3586 nocte
3340 3529 3470 3585 ﬁdei
3521 3527 3583 3584 ad
3614 3524 3727 3580 diem

2146 3624 2372 3674 aeterna
2401 3618 2722 3673 mansionis
2754 3617 3184 3689 perveniamus.

2221 3730 2249 3758 «
2278 3707 2384 3772 Qui
2425 3707 2593 3762 docet
2634 3724 2742 3761 nos
2774 3723 2951 3778 super
2988 3708 3265 3776 jumenta
3295 3712 3475 3774 terrm,
3521 3709 3571 3762 et
3597 3715 3732 3772 super

2143 3795 2407 3852 volucres
2439 3794 2565 3850 coeli
2599 3796 2792 3851 erudit
2823 3813 2948 3850 nos.
2985 3818 3012 3844 ››
3074 3797 3251 3854 Docet
3285 3797 3343 3852 in
3375 3792 3728 3852 communibus

2145 3886 2484 3952 eruditum,
2535 3883 2980 3940 subtilioribus:
3042 3886 3210 3941 docet
3266 3903 3380 3943 non
3438 3884 3609 3942 solum
3656 3892 3730 3951 per

2145 3979 2366 4030 naturae
2398 3975 2571 4041 dona,
2605 3975 2705 4029 sed
2737 3977 2913 4029 etiam
2947 3991 3050 4045 per
3068 3974 3267 4044 gratiae
3291 3990 3541 4030 munera.
3563 3973 3729 4027 Secun-

2145 4066 2284 4119 dum
2308 4063 2595 4137 tropicum
2631 4080 2762 4120 vero
2785 4061 3168 4129 intellectum,
3198 4065 3486 4136 jumenta,
3512 4059 3728 4116 homines

2145 4153 2406 4209 carnales
2439 4152 2783 4224 plerumque
2815 4151 3245 4224 intelliguntur,
3280 4154 3379 4225 qui
3399 4151 3538 4226 gulae
3554 4153 3603 4204 et
3627 4161 3728 4199 ven-

2143 4243 2238 4313 tri,
2271 4247 2328 4296 et
2356 4240 2596 4296 luxuriae
2629 4241 2811 4295 dediti
2859 4246 3017 4296 sunt.
3066 4241 3180 4295 Alii
3215 4248 3405 4298 autem
3445 4235 3729 4295 volatilibus

2144 4334 2579 4402 comparantur,
2621 4330 2740 4385 sive
2772 4333 3010 4401 propter
3050 4329 3343 4386 levitatem
3379 4343 3611 4391 morum,
3637 4322 3727 4378 sive

2145 4424 2380 4493 propter
2431 4419 2794 4490 superbiam,
2841 4436 2957 4490 qua
2985 4424 3288 4475 tumentes
3310 4419 3472 4491 quasi
3503 4418 3555 4472 in
3583 4413 3727 4470 altum

2145 4509 2460 4564 elevantur.
2495 4507 2655 4564 Unde
2685 4506 2825 4562 dicit
2845 4505 3192 4579 Apostolus:
3237 4507 3370 4565 Noli
3394 4509 3555 4562 altum
3579 4510 3728 4570 sapere

383 4589 844 4646 consolationem
889 4594 1086 4646 tamen
1128 4591 1213 4647 eis
1260 4591 1318 4646 in
1370 4599 1536 4648 nocte
1584 4593 2028 4651 tribulationum
2063 4608 2110 4672 D
2141 4599 2312 4669 (Rom.
2343 4615 2422 4663 x1,
2454 4597 2566 4668 20).
2598 4596 2668 4650 Et
2696 4595 2980 4651 Dominus
3013 4596 3070 4650 in
3100 4595 3406 4669 Evangelio
3430 4613 3442 4650 :
3467 4593 3591 4662 Quia
3615 4582 3723 4657 quod

379 4679 664 4736 concedit.
695 4678 820 4735 Nox
847 4680 1004 4734 enim
1052 4681 1180 4752 ipsa
1205 4680 1505 4736 tribulatio
1538 4681 1902 4755 intelligitur,
1942 4703 2040 4740 se-.

381 4771 644 4826 cundum
677 4769 821 4826 illud
852 4769 1178 4826 Psalmistae
1203 4789 1215 4826 :
1243 4772 1499 4827 Probasii
1526 4788 1618 4828 cor
1645 4789 1849 4843 meum,
1870 4780 1922 4830 et
1947 4777 2030 4831 vi-

378 4860 564 4916 sitain
593 4875 687 4916 me
717 4860 778 4914 in
805 4864 964 4916 nocte
1005 4859 1173 4929 (Psal.
1223 4870 1340 4928 xvt,
1370 4861 1446 4927 3);
1496 4860 1647 4916 sicut
1695 4866 1751 4916 et
1779 4879 2032 4934 prospe-

379 4947 522 5004 ritas
552 4947 869 5020 aliquando
901 4950 1024 5005 dies
1075 4948 1306 5019 dicitur,
1339 4949 1616 5020 quoniam
1652 4951 1751 5021 qui
1796 4952 1853 5005 in
1896 4969 2030 5023 pro-

377 5036 569 5106 speris
611 5042 718 5104 est,
779 5038 948 5108 quasi
1000 5039 1256 5110 quadam
1315 5038 1588 5094 felicitate
1639 5039 2025 5096 illuminatur.

376 5123 541 5181 Unde
569 5125 650 5180 ait
671 5124 730 5181 in
763 5126 1029 5182 Psalmo:
1056 5133 1166 5183 Per
1184 5127 1331 5184 diem
1349 5127 1430 5183 sol
1457 5145 1571 5182 non
1601 5137 1732 5183 uret
1761 5139 1833 5198 te,
1856 5147 2027 5200 neque

381 5212 522 5268 [una
577 5229 678 5284 per
723 5222 936 5269 noctem
983 5216 1152 5286 (Psal.
1204 5232 1331 5287 cxx,
1383 5217 1461 5286 6).
1515 5217 1784 5283 Tantam,
1837 5218 2028 5290 inquit

376 5299 526 5369 Eliu,
572 5302 941 5358 tolerantiam
985 5304 1135 5376 justi
1182 5304 1449 5359 homines
1499 5323 1533 5360 a
1562 5305 1678 5361 Deo
1711 5307 2022 5380 accipiunt.

374 5396 440 5448 ut
468 5392 648 5447 etiam
679 5393 738 5446 in
783 5398 951 5448 nocte
979 5392 1396 5461 tribulationis,
1447 5395 1799 5466 hymnorum
1851 5397 2025 5468 spiri-

368 5480 617 5538 tualium
662 5482 906 5538 canticis
955 5482 1336 5539 delectentur.
1385 5483 1690 5539 Canticum
1757 5504 1893 5558 ergo
1948 5488 2019 5542 ad

2141 4691 2221 4743 est
2265 4689 2326 4741 in
2368 4685 2684 4743 hominibus
2731 4686 2928 4745 altum.
2960 4685 3300 4741 abominatio
3336 4689 3414 4740 est
3453 4689 3571 4737 ante
3593 4678 3728 4732 Deum

2141 4777 2293 4847 (Luc.
2326 4793 2443 4846 xvr,
2476 4777 2585 4846 15).
2617 4775 2762 4829 Nam
2795 4774 2854 4828 in
2885 4773 3078 4829 Graeco
3111 4775 3397 4847 superbus
3429 4760 3724 4841 ὑπερηφανῆς

2141 4865 2375 4928 dicitur,
2409 4865 2670 4935 quodest
2688 4879 2850 4934 super
2869 4880 3158 4934 apparens,
3189 4869 3254 4918 ut
3282 4862 3486 4920 elatam
3515 4858 3721 4913 mentem

2140 4953 2398 5009 hominis
2427 4952 2834 5022 tumidumque
2863 4952 3175 5024 signiticet.

2217 5064 2238 5092 α
2274 5043 2358 5098 Ibi
2389 5041 2726 5097 clamabunt
2756 5046 2812 5096 et
2841 5058 2957 5095 non
2988 5043 3273 5110 exaudiet,
3311 5044 3533 5112 propter
3557 5043 3721 5102 super-

2140 5133 2294 5188 biam
2329 5131 2675 5187 malorum.»
2707 5131 2866 5193 Quod
2895 5130 3060 5197 dixit,
3094 5131 3171 5185 ibi
3191 5129 3536 5190 clamabunt,
3562 5122 3720 5176 fortas-

2138 5221 2218 5277 sis
2265 5221 2596 5291 signiﬁcare
2650 5218 2836 5275 voluit
2888 5219 3081 5274 locum
3140 5233 3457 5292 poenarum,
3513 5210 3598 5266 ubi
3632 5218 3716 5260 n00

2135 5309 2480 5365 exaudiendi
2536 5315 2674 5365 sunt
2732 5313 3083 5381 peccatores,
3144 5313 3374 5382 propter
3431 5295 3716 5372 superbiam

2136 5399 2420 5454 malorum
2449 5417 2461 5454 ι
2496 5399 2615 5455 sive
2649 5404 2712 5452 ut
2753 5397 2848 5453 alii
2906 5398 3197 5465 dixerunt,
3247 5398 3312 5451 ab
3342 5392 3554 5460 iniuriis
3579 5382 3716 5438 malo'

2132 5506 2276 5555 rum,
2335 5488 2473 5558 quia
2504 5487 2642 5542 mali
2675 5487 2844 5541 bonis
2875 5492 2931 5540 et
2978 5486 3151 5556 justis
3185 5476 3562 5540 iusectationls
3593 5471 3712 5538 iniu”

373 5570 822 5628 exsultationem
855 5573 1047 5630 cordis
1074 5571 1164 5629 vel
1194 5572 1450 5628 maxime
1471 5572 1742 5644 pertinet.
1775 5574 2023 5631 Proinde
2132 5578 2250 5633 rias
2282 5577 2537 5648 irrogare
2565 5592 2680 5630 non
2712 5575 3015 5629 desinunt.

376 5661 502 5730 haec
531 5659 840 5730 exsultatio
889 5663 961 5721 de
1008 5679 1114 5737 spe
1160 5662 1348 5722 futuri
1391 5663 1590 5735 gaudii
1643 5663 1906 5723 nascitur
1962 5665 2022 5722 in

2204 5666 2390 5725 «Non
2449 5681 2584 5738 ergo
2625 5665 2844 5723 frustra
2893 5664 3056 5725 audit
3103 5669 3272 5735 Deus,
3305 5665 3361 5720 et
3405 5653 3712 5724 omnipoten-
