3980 6184
223 383 351 453 ’1⁸27

1295 388 1814 454 COMMENTAR.
1862 383 2122 449 INJOB
2169 388 2342 450 CAP.
2389 389 2658 454 XXXVI.

3521 389 3637 458 778

223 540 442 605 causas
463 523 832 598 singulorum
854 521 1196 590 intuebitur.
1226 546 1246 574 ι
1283 528 1402 580 Hoc
1433 524 1535 592 ait,
1568 521 1722 595 quod
1752 536 1881 594 peo-
1907 521 1964 589 Α
1995 525 2356 596 paupertatis
2381 539 2394 582 :
2424 524 2707 583 indicabit
2735 525 2820 584 eis
2849 543 3026 600 opera
3055 544 3277 598 eorum,
3333 533 3392 588 et
3415 526 3634 588 scelera

222 618 455 671 catores
473 614 856 687 persistentes
875 615 932 670 in
953 614 1123 670 malis
1149 614 1294 681 suis,
1318 631 1434 670 non
1465 613 1664 669 audiat
1685 611 1840 667 Deus
1863 627 1875 665 :

223 705 510 775 quoniam
543 703 669 758 sine
700 720 876 759 causa
908 703 1110 774 utique
1153 704 1224 758 ad
1275 718 1410 758 eum
1465 701 1743 767 clament,
1778 700 1877 772 qui

224 809 345 848 non
378 797 679 848 merentur
705 791 917 847 audiri.

303 906 331 931 ‹‹
364 882 553 937 Etiam
585 897 718 936 cum
767 880 1001 948 dixeris,
1053 897 1165 936 non
1217 879 1581 935 considerat:
1609 877 1879 949 judicare

222 987 427 1026 coram
459 969 577 1036 iilo,
611 974 668 1024 et
696 973 968 1040 exspecta
1007 985 1164 1024 eum.
1201 991 1227 1017 »
1259 968 1500 1032 Quando
1535 967 1715 1032 vides,
1749 964 1876 1031 Job,

224 1060 373 1132 quia
391 1075 508 1114 non
530 1059 732 1114 statim
756 1058 909 1114 Deus
941 1058 1132 1114 reddit
1161 1058 1566 1130 peccatoribus
1599 1074 1725 1128 quae
1758 1071 1879 1110 me-

221 1153 452 1215 rentur,
485 1147 604 1203 noli
638 1146 1125 1219 pusillanimitate
1176 1148 1388 1219 frangi,
1423 1152 1486 1202 ut
1518 1147 1574 1201 in
1603 1143 1877 1217 blasphe-

223 1239 410 1294 miam
441 1253 737 1308 erumpas,
767 1240 825 1291 et
853 1236 1014 1291 dicas
1044 1236 1227 1291 Deum
1263 1236 1572 1307 injustum,
1619 1235 1737 1291 sive
1768 1233 1879 1287 ini-

223 1343 415 1400 quum
442 1344 454 1382 :
489 1327 590 1381 sed
614 1325 884 1397 judicare
913 1341 1048 1380 cum
1079 1341 1146 1380 eo
1177 1326 1376 1394 debes,
1409 1325 1467 1379 id
1499 1329 1609 1391 est,
1636 1321 1878 1395 judiciis

219 1417 358 1487 ejus
407 1415 754 1484 consentire,
806 1431 922 1469 non
976 1419 1180 1469 contra
1238 1431 1373 1470 eum
1409 1418 1879 1486 praesumptuoso

212 1505 449 1578 judicis
480 1510 575 1560 tuo
606 1504 665 1559 in
701 1505 829 1574 ejus
859 1503 1137 1576 injuriam
1170 1503 1458 1576 prosilire.

307 1616 338 1646 α
371 1595 534 1650 Nunc
566 1594 718 1649 enim
751 1610 867 1648 non
900 1593 1076 1649 infert
1101 1593 1356 1649 furorem
1383 1609 1598 1649 suum:
1653 1609 1758 1649 nec
1786 1589 1878 1647 ul-

225 1684 480 1742 ciscitur
532 1682 722 1739 scelus
779 1681 966 1738 valde.
1031 1705 1060 1732 »
1117 1683 1401 1747 Quoniam
1458 1683 1638 1755 igitur
1677 1680 1883 1738 statuit

229 1774 415 1843 diem,
444 1774 500 1827 in
525 1788 638 1844 quo
677 1771 903 1843 judicet
931 1772 1003 1826 de
1033 1771 1170 1827 orbe
1226 1776 1539 1843 terrarum,
1570 1770 1786 1826 idcirco
1819 1769 1880 1824 in

228 1861 346 1917 hoc
372 1867 630 1933 tempore
646 1861 960 1961 vindictam
977 1860 1219 1931 justitiae
1240 1877 1360 1916 suae
1382 1877 1499 1961 non
1531 1859 1880 1958 generaliter
1914 1895 1963 1961 Β

227 1955 477 2008 exercet.
525 1951 595 2006 Et
646 1949 755 2005 hoc
805 1954 994 2005 totum
1043 1950 1104 2004 in
1154 1949 1660 2022 exprobrationem
1692 1947 1880 2006 sancti

226 2041 342 2098 Job
373 2041 654 2112 loquitur,
689 2055 865 2110 quem
896 2037 1054 2094 velut
1096 2055 1263 2094 reum
1311 2038 1628 2096 criminum
1677 2041 1736 2095 in
1767 2039 1877 2095 hoc

227 2131 456 2187 malum
482 2145 808 2201 pmnarum,
838 2127 938 2184 Dei
960 2129 1251 2184 sententia
1281 2145 1384 2200 pro
1412 2133 1576 2200 parte
1607 2131 1882 2187 condem-

228 2219 531 2276 nat.Unde
556 2219 781 2286 scribit,
808 2218 901 2273 cui
933 2221 1154 2272 restent
1199 2217 1472 2288 plurima,
1521 2234 1651 2290 quas
1691 2219 1882 2276 adhuc

228 2310 312 2366 sit
341 2309 722 2381 postmodum
757 2312 1120 2378 recepturus.

314 2423 334 2447 ι
368 2399 515 2469 Ergo
546 2397 656 2452 Job
702 2396 920 2451 frustra
969 2395 1154 2466 aperit
1205 2411 1271 2450 os
1319 2411 1515 2464 suum,
1566 2400 1624 2452 et
1662 2397 1884 2470 absque

227 2487 477 2545 scientia
501 2487 676 2541 verba
708 2483 1078 2556 multiplicat.
1112 2505 1140 2534 »
1175 2484 1353 2540 Juxta
1384 2484 1504 2540 haec
1550 2485 1884 2542 convictum

229 2581 503 2633 sanctum
533 2575 641 2630 Job
673 2573 800 2629 Elin
831 2573 1166 2638 arbitratur,
1193 2577 1250 2630 et
1279 2575 1535 2645 quadam
1570 2575 1882 2632 verborum

229 2665 457 2720 ratione
487 2662 851 2718 conclusum.

797 2751 1034 2808 CAPUT
1075 2749 1312 2808 XXXVI.

307 2867 335 2893 ‹‹
356 2843 591 2898 Addens
613 2857 846 2914 quoque
864 2841 991 2897 Eliu
1015 2841 1136 2896 haec
1159 2840 1391 2898 locutus
1411 2845 1518 2898 est.
1542 2843 1774 2900 Sustine
1791 2861 1883 2899 me

229 2931 543 3006 paululum
565 2935 622 2986 et
652 2931 920 2986 indicabo
953 2929 1080 2986 tibi.
1110 2930 1319 2986 Adhuc
1337 2931 1493 2986 enim
1517 2931 1702 2988 habeo
1725 2935 1880 3004 quod

230 3037 342 3094 pro
369 3025 480 3076 Deo
503 3019 729 3092 loquar.
758 3042 785 3068 ››
822 3019 878 3074 ld
913 3024 1023 3088 est,
1058 3036 1159 3092 pro
1201 3020 1442 3091 justitia
1461 3025 1519 3076 et
1546 3037 1726 3077 causa
1755 3022 1879 3078 Dei.

309 3132 336 3160 ι(
397 3110 673 3186 Repetam
732 3107 1034 3163 scientiam
1094 3125 1286 3163 meam
1357 3125 1390 3162 a
1451 3108 1758 3180 principio,
1827 3116 1884 3166 et

230 3204 600 3271 operatorem
659 3213 857 3252 meum
917 3197 1172 3268 probabo
1219 3197 1474 3268 justum.
1534 3197 1679 3254 Vere
1724 3199 1880 3256 enim

1991 629 2217 681 eorum,
2245 616 2384 687 quia
2402 615 2636 672 violenti
2660 617 2916 672 fuerunt.
2955 640 2982 665 »
3015 617 3082 672 Hi
3114 617 3294 690 igitur
3320 620 3379 674 in
3411 620 3631 676 catenis

1987 701 2257 774 fortibus,
2291 704 2558 760 videlicet
2579 705 2798 775 judicis
2843 705 2966 775 Dei,
2998 712 3053 762 et
3083 710 3442 779 paupertatis
3475 710 3628 764 funi-

1989 791 2100 846 bus
2126 792 2477 865 colligantur
2501 813 2514 852 :
2538 796 2592 850 id
2616 799 2724 861 est,
2747 806 2914 868 opem
2948 797 3127 851 divini
3151 796 3350 852 auxilii
3383 814 3498 852 non
3530 798 3628 853 ha-

1989 881 2212 953 bentes,
2245 882 2430 955 poenis
2456 884 2878 956 temporalibus
2917 887 3086 957 quasi
3137 885 3386 942 vinculis
3417 886 3630 942 astrin-

1989 975 2220 1043 gentur,
2252 974 2446 1030 omnis
2476 973 2556 1028 rei
2584 974 2744 1029 bona:
2777 977 2980 1047 in0pes
3009 975 3195 1031 effecti
3228 993 3330 1048 pro
3353 975 3631 1047 qualitate

1990 1061 2356 1118 meritorum.

2062 1193 2088 1218 α
2124 1169 2418 1226 Revelabit
2465 1189 2698 1245 quoque
2727 1189 2927 1229 aurem
2960 1186 3184 1240 eorum,
3228 1178 3293 1229 ut
3322 1172 3627 1245 corripiat:

1988 1262 2046 1313 et
2075 1258 2364 1330 loquetur,
2399 1265 2463 1316 ut
2492 1267 2853 1317 revertantur
2882 1263 2954 1317 ab
2984 1263 3312 1336 iniquitate.
3337 1285 3365 1314 »
3395 1265 3628 1326 Aurem,

1988 1347 2200 1420 inquit,
2234 1349 2425 1406 cordis
2457 1351 2528 1406 ad
2561 1351 2948 1406 obediendum
2981 1351 3092 1407 sibi
3143 1353 3296 1408 Deus
3327 1370 3430 1425 per
3457 1350 3629 1409 casti-

1989 1438 2254 1509 gationes
2287 1441 2343 1494 et
2373 1445 2627 1496 secretas
2658 1440 3070 1512 inspirationes
3096 1442 3332 1514 aperiet.

2065 1567 2093 1594 «
2122 1546 2178 1600 Si
2211 1546 2524 1602 audierunt
2553 1551 2610 1602 et
2638 1547 3089 1618 observaverint,
3113 1549 3484 1621 complebunt
3507 1551 3632 1607 dies

1990 1651 2129 1691 suos
2161 1635 2219 1690 in
2249 1636 2422 1703 bono,
2455 1641 2513 1692 et
2544 1653 2729 1692 annos
2785 1653 2924 1692 suos
2982 1637 3040 1692 in
3101 1636 3304 1709 gloria.
3333 1661 3355 1689 ι
3391 1639 3508 1695 Hoc
3547 1644 3636 1695 est

1991 1725 2146 1797 quod
2202 1725 2477 1782 Salomon
2521 1726 2652 1782 ait:
2703 1727 2960 1783 Memoria
3003 1727 3143 1799 justi
3199 1743 3326 1783 cum
3378 1728 3635 1786 laudibus

1980 1815 2176 1884 (Prov.
2210 1832 2266 1881 x,
2291 1816 2368 1886 7).

2069 1927 2091 1953 ι
2129 1903 2187 1960 Si
2221 1908 2416 1960 autem
2448 1920 2564 1960 non
2617 1905 2926 1974 audierint,
2977 1906 3340 1977 transibunt,
3391 1925 3493 1980 per
3521 1908 3639 1982 gla-

1995 1992 2159 2048 dium
2190 1997 2246 2048 et
2275 1998 2696 2050 consumentur
2727 1995 2786 2050 in
2837 1993 3107 2050 stultitia.
3141 2017 3170 2046 »
3218 1997 3278 2051 Id
3325 2001 3432 2064 est,
3476 1997 3524 2053 si
3559 1999 3642 2053 in-

1996 2087 2257 2139 struente
2309 2089 2442 2148 Deo,
2467 2084 2565 2156 qui
2589 2083 2753 2139 docet
2775 2083 3074 2140 hominem
3091 2084 3417 2152 scientiam,
3437 2085 3638 2141 audire

1997 2172 2478 2245 contempserint,
2512 2189 2615 2245 per
2642 2172 2928 2244 gladium,
2960 2173 3018 2228 id
3051 2178 3161 2240 est,
3193 2191 3296 2246 per
3310 2174 3460 2230 hanc
3483 2191 3638 2230 mor-

1993 2261 2280 2319 talitatem
2310 2262 2380 2318 de
2408 2261 2518 2316 hoc
2543 2261 2755 2318 saeculo
2787 2263 3186 2334 praeteribunt,
3231 2267 3294 2317 ut
3353 2263 3412 2318 in
3446 2262 3640 2320 stulti-

1993 2352 2097 2418 tia,
2134 2352 2191 2406 id
2223 2355 2330 2415 est,
2364 2351 2421 2405 in
2453 2349 2571 2406 illis
2619 2350 2785 2417 locis,
2830 2351 2930 2406 ubi
2981 2351 3144 2406 stulti
3175 2351 3636 2423 deputabuntur,

1996 2440 2096 2513 qui
2117 2440 2320 2496 dicunt
2339 2440 2397 2494 in
2425 2440 2596 2494 corde
2617 2457 2745 2507 suo,
2778 2441 2900 2496 Non
2928 2449 3004 2496 est
3025 2441 3164 2496 Deus
3185 2441 3353 2514 (Psal.
3387 2457 3510 2509 xm,
3544 2441 3626 2514 4),

1995 2528 2226 2586 aeternis
2255 2529 2612 2586 cruciatibus
2642 2534 3088 2586 consumantur.

2065 2635 2448 2693 Simulatores
2476 2640 2532 2692 et
2560 2636 2754 2692 callidi
2787 2640 3103 2708 provocant
3133 2637 3278 2692 iram
3304 2638 3422 2705 Dei,
3453 2655 3638 2709 neque

1993 2727 2334 2784 clamabunt
2379 2742 2514 2780 cum
2559 2725 2694 2781 victi
2745 2726 2981 2781 fuerint.
3041 2748 3061 2775 ι
3113 2726 3308 2797 Ipsum
3366 2732 3634 2782 sanctum

1989 2816 2099 2874 Job
2133 2815 2391 2888 apertius
2419 2814 2479 2869 in
2512 2815 2619 2870 hoc
2647 2815 2876 2869 videtur
2908 2813 3032 2869 Eliu
3081 2815 3250 2886 quasi
3298 2831 3366 2869 ex
3397 2814 3636 2884 obliquo

1993 2909 2312 2978 percutere,
2345 2904 2499 2974 quod
2546 2907 2602 2958 et
2649 2903 2773 2974 ipse
2818 2898 2987 2974 quasi
3045 2902 3252 2957 callide
3283 2907 3338 2957 et
3370 2902 3638 2972 nequiter

1993 2998 2226 3066 ageret:
2277 2993 2469 3048 virum
2512 3007 2744 3062 quoque
2791 2989 3090 3062 egregium
3140 2989 3466 3045 simularet.
3498 2989 3634 3054 Qui-

1992 3099 2105 3154 que
2135 3081 2308 3136 etiam
2344 3096 2477 3134 cum
2506 3084 2660 3135 esset
2687 3079 2917 3134 vinctus
2951 3078 3131 3150 plagae
3180 3079 3360 3150 hujus
3409 3095 3638 3150 compe-

1992 3171 2186 3238 dibus,
2220 3168 2474 3224 clamare
2505 3169 2576 3223 ad
2610 3173 2812 3231 Deum,
2843 3172 2899 3222 et
2928 3167 3193 3223 invocare
3221 3183 3378 3234 eum,
3405 3172 3524 3222 uta
3554 3166 3638 3222 la-

229 3255 460 3358 absque
490 3285 793 3342 mendacio
825 3255 1113 3341 sermonis
1160 3255 1292 3351 mei,
1325 3292 1383 3342 et
1413 3287 1667 3358 perfecta
1695 3289 1880 3346 scien-
1913 3263 1957 3332 Ο
1996 3259 2162 3332 queis
2206 3256 2553 3358 ,Ρωθδιῖδυῗ
2609 3256 2867 3358 “litim”
2923 3255 3342 3358 “PSOIVe‘ieturi
3395 3256 3640 3358 {ninqu

228 3375 319 3430 tia
342 3373 679 3445 probabitur
709 3375 836 3430 tibi.
870 3396 897 3424 »
916 3375 986 3428 Et
1010 3373 1068 3429 in
1093 3374 1202 3429 hoc
1232 3380 1440 3446 quarto
1463 3392 1732 3432 sermone
1753 3395 1880 3449 suo,

231 3466 308 3520 de
339 3461 619 3535 singulari
645 3463 884 3534 justitia
913 3463 1165 3533 Domini,
1219 3465 1574 3534 profundum
1611 3466 1880 3534 nimium,

230 3561 291 3610 et
324 3551 559 3624 copioso
590 3569 859 3608 sermone
891 3553 1267 3623 prosequitur
1294 3570 1306 3607 :
1342 3553 1437 3608 ubi
1464 3553 1650 3608 multa
1673 3572 1886 3610 arcana

233 3644 298 3698 in
321 3644 569 3697 obscuro
600 3647 1104 3696 sacramentorum
1139 3643 1457 3712 recondita,
1492 3648 1545 3698 et
1594 3643 1763 3716 longe
1795 3659 1884 3700 re-

233 3736 402 3786 mota
432 3731 707 3802 mysteria
738 3729 928 3785 dicere
961 3730 1208 3784 videtur.

320 3844 340 3869 ι
374 3820 526 3874 Deus
558 3825 823 3890 potentes
855 3836 970 3874 non
1017 3819 1233 3888 abjicit,
1268 3837 1401 3874 cum
1433 3825 1489 3874 et
1518 3821 1644 3892 ipse
1674 3822 1755 3877 sis
1787 3840 1887 3894 po-

235 3916 409 3966 tens:
445 3908 544 3963 sed
576 3924 690 3962 non
719 3907 905 3963 salvat
934 3907 1166 3977 impios.
1205 3909 1330 3962 Haec
1360 3913 1450 3963 est
1484 3910 1730 3979 justitiaa
1762 3913 1890 3982 ejus

240 3997 642 4062 immensitas,
670 4002 726 4052 et
758 4001 980 4051 naturae
1013 3998 1173 4051 bona:
1204 3995 1497 4062 voluntas,
1533 4002 1596 4052 ut
1626 3998 1768 4053 nulli
1801 4000 1890 4054 in-

240 4087 463 4152 videat,
489 4086 623 4156 quia
678 4101 850 4140 nemo
900 4085 973 4151 ei,
1027 4085 1294 4156 quamvis
1325 4091 1530 4158 potens
1561 4087 1658 4156 sit,
1705 4094 1896 4159 potest

243 4174 562 4247 coaequari.

321 4287 348 4312 ‹‹
388 4262 765 4334 Etjudicium
796 4262 1151 4334 pauperibus
1202 4262 1424 4318 tribuit.
1456 4287 1475 4311 ι
1522 4265 1696 4320 Juxta
1719 4266 1896 4336 justi-

244 4353 341 4408 tiaa
365 4351 656 4423 aquitatis
678 4368 795 4405 suae
815 4356 1095 4406 tenorem.
1127 4352 1374 4406 Sanctos
1415 4359 1612 4408 autem
1647 4359 1702 4409 et
1732 4354 1897 4410 inno-

1994 3351 2246 3414 curaret,
2281 3345 2438 3416 quod
2474 3346 2677 3416 utique
2710 3345 3118 3416 desperatione
3149 3345 3267 3400 sive
3299 3348 3641 3416 contemptu

1992 3439 2227 3494 faceret.
2253 3435 2333 3490 De
2380 3435 2600 3490 caeteris
2652 3450 2883 3504 quoque
2932 3433 3336 3505 peccatoribus
3367 3432 3642 3488 similiter

1995 3529 2103 3582 hoc
2134 3526 2327 3594 ipsum
2350 3528 2542 3594 potest
2568 3521 2940 3594 intelligi,qui
2964 3539 3096 3576 cum
3129 3523 3392 3578 venerint
3421 3522 3479 3576 in
3505 3539 3636 3592 pro-

1995 3615 2245 3671 fundum
2276 3612 2587 3676 malorum,
2620 3616 2994 3667 contemnant
3042 3612 3221 3682 (Prov.
3273 3628 3429 3675 xvm,
3463 3610 3553 3681 3):
3589 3615 3646 3664 et

1997 3705 2068 3760 de
2097 3703 2338 3767 Judaeis,
2369 3707 2426 3757 et
2451 3702 2523 3755 de
2547 3701 2858 3765 haereticis,
2895 3699 2994 3772 qui
3021 3701 3153 3755 ficta
3172 3701 3448 3771 dogmata
3471 3698 3646 3770 quasi

2000 3789 2262 3846 veritatis
2293 3788 2574 3844 velamine
2604 3788 2950 3860 aperientes,
2973 3788 3030 3842 in
3057 3790 3242 3843 noctis
3273 3788 3517 3860 perfidia
3548 3789 3646 3842 ob-

2000 3880 2216 3936 stinato
2274 3882 2334 3933 et
2389 3877 2658 3932 obturato
2715 3879 2884 3932 corde
2944 3877 3283 3949 persistunt.

2073 4008 2101 4034 ‹‹
2134 3984 2410 4039 Morietur
2438 3983 2496 4036 in
2541 3987 2888 4054 tempestate
2933 3983 3130 4037 anima
3177 3999 3399 4047 eorum,
3447 3987 3502 4036 et
3531 3981 3648 4035 vita

2002 4088 2204 4128 eorum
2239 4071 2389 4126 inter
2435 4069 2823 4124 effeminatos.
2863 4093 2883 4118 ι
2939 4070 3194 4124 Vitiosos
3241 4075 3298 4123 et
3351 4069 3493 4122 vitia
3524 4085 3652 4122 esse

2004 4160 2360 4217 noverimus.
2391 4176 2516 4230 qua:
2549 4159 2701 4212 sicut
2730 4159 2802 4212 de
2832 4158 3148 4212 virtutibus
3179 4157 3359 4210 animi
3411 4155 3558 4210 nihil
3593 4157 3648 4210 in

2007 4266 2067 4304 se
2098 4248 2336 4311 habent,
2369 4247 2658 4318 quietum,
2690 4246 2874 4313 virile,
2911 4253 2967 4299 et
2995 4245 3168 4316 frugi,
3192 4245 3291 4299 sed
3323 4251 3510 4299 totum
3535 4250 3656 4298 tur-

2008 4338 2340 4400 bulentum,
2375 4335 2687 4389 remissum
2721 4340 2777 4389 et
2810 4334 3048 4405 fragile:
3096 4335 3175 4389 ita
3207 4350 3442 4389 necesse
3473 4340 3562 4388 est
3592 4338 3656 4388 ut

247 4422 451 4496 centes
481 4441 634 4496 viros
689 4439 996 4496 consuevit
1048 4441 1346 4512 Scriptura
1378 4441 1574 4496 divina
1616 4459 1902 4515 pauperes
2007 4427 2170 4515 Ῡθίυῒ(
2212 4428 2562 4495 tempestate
2609 4422 2866 4515 θηίωειξη
2919 4440 3151 4515 δθῐηΡξπ
3200 4423 3325 4515 εμίε
3367 4422 3656 4515 illecebris

249 4529 569 4602 appellare.
1176 4510 1189 4512 ⁷
1616 4510 1632 4513 ’
1734 4510 1751 4515 “
2010 4513 2745 4602 inquietent,portumque
2773 4510 3055 4602 virtutum
3089 4512 3385 4602 hominem
3433 4529 3546 4602 non
3582 4511 3661 4565 si-

330 4599 520 4674 ;Non
551 4618 774 4674 auferet
828 4635 862 4672 a
905 4617 1069 4687 justo
1127 4615 1328 4672 oculos
1380 4635 1538 4674 suos.
1598 4641 1626 4668 »ι
1679 4624 1796 4675 Hoc
1826 4621 1984 4696 aitD
2015 4600 2640 4696 nant_§PPreh°"df3P9s
2673 4605 2731 4654 et
2789 4601 2852 4654 ﬁt
2911 4599 3313 4696 igtifutalib‘f‘s
3362 4599 3662 4696 Πιξθίηῗυδν

254 4713 316 4764 et
345 4708 552 4762 beatus
584 4707 800 4762 David:
854 4686 1010 4762 oculi
1060 4707 1280 4762 Domini
1325 4723 1488 4777 super
1529 4709 1702 4778 justas
1733 4710 1882 4780 (Psul

2019 4692 2174 4765 quod
2192 4691 2467 4746 Salomon
2491 4688 2572 4743 ait
2599 4691 2786 4760 (Prov.
2817 4705 2977 4752 χχιιι,
3008 4690 3122 4758 34),
3157 4694 3221 4742 ut
3243 4691 3437 4757 jaceat
3467 4686 3665 4741 anima

256 4813 468 4859 xxxm,
502 4797 612 4866 t6),
645 4801 752 4850 etc.
1531 4777 1536 4778 ί
1741 4777 1748 4780 ’
2019 4788 2301 4852 tanquam
2335 4779 2392 4832 in
2437 4779 2609 4832 corde
2658 4778 2857 4841 maris,
2911 4785 2970 4832 et
3018 4778 3175 4832 velut
3221 4777 3579 4846 gubernator
3609 4777 3668 4827 in

335 4908 363 4934 α
401 4885 467 4938 Et
499 4865 684 4956 reges,
711 4884 772 4938 in
795 4883 942 4939 solio
967 4881 1210 4938 collocat
1230 4883 1287 4938 in
1313 4891 1681 4955 perpetuum,
1705 4891 1763 4940 et
1795 4886 1876 4940 illi

2021 4885 2236 4940 magna
2265 4873 2629 4939 tempestate.
2665 4866 2764 4922 Vel
2799 4865 2966 4921 aliter
3015 4871 3337 4936 tempestas
3385 4865 3670 4918 adventus

260 4975 593 5045 eriguntur.
622 4996 650 5022 ››
674 4973 775 5028 Hic
803 4988 966 5043 reges
1002 4989 1117 5027 non
1142 4972 1332 5026 solum
1356 4973 1547 5028 saeculi
1581 4974 1779 5044 hujus,
1812 4992 1882 5030 δας

2025 4957 2402 5028 acjudicium
2437 4955 2534 5010 Dei
2567 4961 2674 5021 est,
2735 4956 2805 5010 de
2863 4971 2977 5025 quo
3031 4955 3192 5019 dicit,
3256 4955 3320 5008 in
3377 4955 3674 5008 circumitu

261 5069 323 5118 et
342 5043 608 5117 Ecclesiae
642 5077 804 5134 reges
837 5067 894 5117 et
929 5061 1209 5133 propositi
1254 5061 1501 5133 intelligi
1547 5069 1814 5134 possunt.
1850 5064 1882 5117 E

2025 5049 2141 5115 eius
2173 5049 2466 5115 tempestas
2497 5045 2683 5099 valida
2712 5045 2885 5110 (Psul.
2922 5061 3072 5110 xux,
3107 5043 3183 5114 3).

265 5149 597 5204 secundum
619 5150 874 5221 tropicos
905 5149 1260 5219 intellectus,
1297 5167 1481 5221 reges,
1515 5152 1691 5206 animi
1729 5152 1918 5208 homi-
2108 5175 2135 5205 σι
2161 5153 2379 5223 Eripiet
2427 5152 2498 5206 de
2547 5151 2820 5220 angustia
2871 5167 2980 5204 sua
3030 5165 3367 5221 pauperem.
3404 5173 3430 5198 ››
3471 5150 3683 5220 Paupe-

268 5255 414 5294 num
449 5244 608 5302 sunt,
641 5239 740 5310 qui
774 5238 1116 5309 corporibus
1168 5244 1324 5293 recte
1350 5239 1750 5304 dominantur,
1786 5240 1921 5311 qui-
2031 5258 2152 5296 rem
2187 5240 2545 5295 Salvatorem
2579 5246 2846 5294 nostrum
2878 5237 3290 5310 intelligimus,
3317 5239 3414 5310 qui
3451 5243 3687 5311 propter

270 5329 386 5382 bus
420 5327 475 5380 in
507 5327 733 5398 psalmo
763 5326 1012 5381 dicitur:
1049 5328 1110 5381 Et
1148 5344 1313 5389 nunc,
1371 5344 1537 5398 reges,
1593 5330 1922 5399 intelligite,‘
2034 5346 2376 5400 nospauper
2401 5331 2586 5382 tactus
2612 5329 2774 5389 esttl,
2822 5330 2943 5382 Cor.
2981 5344 3103 5392 νιιι,
3127 5328 3206 5397 9),
3252 5327 3348 5398 qui
3387 5328 3443 5381 in
3477 5329 3683 5382 diebus

271 5415 598 5485 erudimini,
674 5417 771 5488 qui
832 5416 1105 5485 judiratis
1181 5425 1385 5472 terram
1457 5418 1628 5487 (Psal.
1691 5435 1751 5481 ιι,
1815 5420 1923 5487 10).
2035 5418 2228 5474 carnis
2276 5434 2414 5480 suae,
2468 5432 2666 5487 preces
2697 5433 2763 5470 ac
2797 5415 3255 5488 supplicationes
3293 5417 3441 5471 Patri
3475 5414 3688 5470 obtulit
3757 5413 3762 5416 ’

277 5505 364 5558 Ita
400 5504 452 5557 hi
489 5520 651 5575 reges
681 5504 1041 5575 eriguntura
1075 5509 1207 5572 Deo,
1242 5511 1302 5559 ut
1333 5506 1570 5560 sedeant
1604 5522 1738 5560 cum
1772 5509 1927 5577 prin-
2035 5507 2220 5575 (Hebr.
2251 5523 2301 5573 v,
2327 5506 2382 5575 7)
2417 5510 2478 5559 ut
2513 5510 2708 5575 posset
2738 5523 2770 5558 a
2815 5511 3000 5560 morte
3049 5505 3273 5561 salvum
3326 5505 3511 5558 facere
3547 5519 3684 5573 pau-

274 5591 532 5664 οίρίδυεο
1850 5579 1860 5592 ’
2039 5612 2258 5669 perem,
2292 5599 2563 5650 sanctum
2590 5594 2871 5666 populum
2895 5595 2992 5649 Dei
3025 5595 3305 5650 humilem
3332 5592 3564 5665 spiritu.
3592 5589 3693 5642 Vel

355 5706 381 5732 ‹‹
417 5681 486 5736 Et
513 5681 560 5736 si
595 5681 808 5737 fuerint
837 5681 897 5736 in
929 5681 1174 5748 catenis,
1215 5687 1270 5738 et
1326 5684 1658 5740 vinciantur
1687 5682 1931 5740 funibus
2043 5701 2359 5758 pauperem
2392 5682 2717 5759 quemlibet
2742 5685 3041 5757 justorum
3101 5687 3266 5738 eruet
3313 5682 3385 5736 de
3417 5675 3693 5750 angustia

569 5807 833 5868 PATBOL.
879 5807 1093 5871 XXVI.
3336 5806 3414 5864 2⁵
